{"host":"SteinPartDos","time":1609796427,"event":{"mods":["BaseMod","Colored Map","Minty Spire (QoL Compilation)","StSLib"],"gold_per_floor":[118,130,130,49,65,92,92,125,148,177,196,221,239,252,252,352,352,371,371,388,200,213,242,152,152,175,190,220,233,267,279,279,374,374,386,386,386,386,164,191,191,222,222,222,256,272,284,284,284,284,284,284,6,38,38],"floor_reached":56,"playtime":2772,"items_purged":["Strike_G","Strike_G","Strike_G+1"],"score":1586,"play_id":"8a3f43ee-fee9-4723-a70c-745f690dac7b","local_time":"20210104164027","is_ascension_mode":true,"campfire_choices":[{"data":"Well Laid Plans","floor":15,"key":"SMITH"},{"data":"Dash","floor":25,"key":"SMITH"},{"data":"Neutralize","floor":32,"key":"SMITH"},{"data":"Adrenaline","floor":41,"key":"SMITH"},{"data":"Footwork","floor":44,"key":"SMITH"},{"floor":49,"key":"RECALL"},{"data":"Dash","floor":52,"key":"SMITH"}],"circlet_count":0,"master_deck":["Defend_G","Defend_G","Defend_G","Defend_G","Defend_G","Survivor","Neutralize+1","Flying Knee","Poisoned Stab","Infinite Blades","Well Laid Plans+1","Adrenaline+1","Deadly Poison+1","Backflip+1","Dodge and Roll+1","Backstab","Crippling Poison+1","Night Terror+1","Backflip+1","Dash+1","Noxious Fumes","Footwork+1","Corpse Explosion+1","Catalyst+1","Catalyst+1","PiercingWail+1","Footwork+1","Dash+1","Doppelganger+1","Prepared+1","Secret Technique+1","Blind+1","Discovery+1","Escape Plan+1","Blur+1"],"relics":["Ring of the Snake","NeowsBlessing","Mango","Toxic Egg 2","Bottled Flame","Omamori","Boot","Blood Vial","SlaversCollar","Necronomicon","Orichalcum","Bronze Scales","Lantern","TungstenRod","Runic Pyramid","Meat on the Bone","Girya","InkBottle","Vajra"],"acts_visited":["Exordium","TheCity","TheBeyond","TheEnding"],"potions_floor_usage":[6,12,31,33,55,55],"damage_taken":[{"damage":0,"enemies":"2 Louse","floor":1,"turns":1},{"damage":0,"enemies":"Cultist","floor":2,"turns":1},{"damage":0,"enemies":"Jaw Worm","floor":5,"turns":1},{"damage":16,"enemies":"Gremlin Nob","floor":6,"turns":5},{"damage":14,"enemies":"3 Sentries","floor":8,"turns":9},{"damage":8,"enemies":"Lagavulin","floor":10,"turns":7},{"damage":1,"enemies":"Exordium Wildlife","floor":11,"turns":3},{"damage":18,"enemies":"Gremlin Nob","floor":12,"turns":5},{"damage":0,"enemies":"2 Fungi Beasts","floor":13,"turns":3},{"damage":0,"enemies":"Exordium Thugs","floor":14,"turns":5},{"damage":0,"enemies":"The Guardian","floor":16,"turns":9},{"damage":6,"enemies":"Shell Parasite","floor":18,"turns":5},{"damage":1,"enemies":"3 Byrds","floor":20,"turns":4},{"damage":9,"enemies":"Snake Plant","floor":22,"turns":4},{"damage":0,"enemies":"Book of Stabbing","floor":23,"turns":6},{"damage":1,"enemies":"Cultist and Chosen","floor":27,"turns":5},{"damage":17,"enemies":"Slavers","floor":28,"turns":5},{"damage":0,"enemies":"Snecko","floor":29,"turns":5},{"damage":1,"enemies":"Gremlin Leader","floor":30,"turns":5},{"damage":1,"enemies":"Chosen and Byrds","floor":31,"turns":4},{"damage":13,"enemies":"Collector","floor":33,"turns":8},{"damage":2,"enemies":"3 Darklings","floor":35,"turns":3},{"damage":0,"enemies":"Reptomancer","floor":40,"turns":5},{"damage":8,"enemies":"Nemesis","floor":42,"turns":5},{"damage":0,"enemies":"Giant Head","floor":45,"turns":4},{"damage":0,"enemies":"3 Shapes","floor":46,"turns":4},{"damage":0,"enemies":"Sphere and 2 Shapes","floor":47,"turns":3},{"damage":0,"enemies":"Donu and Deca","floor":50,"turns":7},{"damage":0,"enemies":"Shield and Spear","floor":54,"turns":5},{"damage":19,"enemies":"The Heart","floor":55,"turns":4}],"seed_played":"4355976059487712095","potions_obtained":[{"floor":1,"key":"SpeedPotion"},{"floor":2,"key":"Block Potion"},{"floor":6,"key":"Fire Potion"},{"floor":11,"key":"FairyPotion"},{"floor":27,"key":"ColorlessPotion"},{"floor":29,"key":"Strength Potion"},{"floor":31,"key":"SneckoOil"},{"floor":42,"key":"AttackPotion"},{"floor":46,"key":"Poison Potion"},{"floor":47,"key":"Poison Potion"}],"is_trial":false,"path_per_floor":["M","M","?","$","M","E","T","E","T","E","M","E","M","M","R","B",null,"M","?","M","$","M","E","?","R","T","M","E","M","E","M","R","B",null,"M","?","?","?","$","E","R","E","T","R","E","M","M","?","R","B",null,"R","$","E","B",null],"character_chosen":"THE_SILENT","items_purchased":["Infinite Blades","Dash","Noxious Fumes","PiercingWail+1","Footwork","Escape Plan+1","GamblersBrew"],"campfire_rested":0,"item_purchase_floors":[4,21,21,39,39,53,53],"current_hp_per_floor":[70,70,70,70,70,68,68,54,54,46,45,27,29,31,31,33,84,78,62,63,63,56,58,58,58,58,59,44,46,47,48,48,37,84,82,80,80,80,80,80,80,72,72,72,74,76,78,69,69,71,80,80,80,80,61],"gold":38,"neow_bonus":"THREE_ENEMY_KILL","is_daily":false,"chose_seed":false,"campfire_upgraded":6,"win_rate":0.0,"timestamp":1609796427,"path_taken":["M","M","?","?","M","E","?","E","T","E","M","E","M","M","R","BOSS","M","?","M","$","M","E","?","R","T","M","E","?","E","M","R","BOSS","M","?","?","?","$","E","R","E","T","R","E","M","?","?","R","BOSS","R","$","E","BOSS"],"items_purchased_type":["Card","Card","Card","Card","Card","Card","Potion"],"build_version":"2020-12-18","purchased_purges":3,"victory":true,"max_hp_per_floor":[70,70,70,70,70,84,84,84,84,84,84,84,84,84,84,84,84,84,84,84,84,84,84,84,84,84,84,84,84,84,84,84,84,84,84,80,80,80,80,80,80,80,80,80,80,80,80,80,80,80,80,80,80,80,80],"card_choices":[{"not_picked":["Calculated Gamble","Sucker Punch"],"picked":"Flying Knee","floor":1},{"not_picked":["Endless Agony","Acrobatics"],"picked":"Poisoned Stab","floor":2},{"not_picked":["Acrobatics","Caltrops"],"picked":"Well Laid Plans","floor":5},{"not_picked":["Skewer","Underhanded Strike"],"picked":"Adrenaline","floor":6},{"not_picked":["Dagger Throw","Bane"],"picked":"Deadly Poison+1","floor":8},{"not_picked":["Underhanded Strike","Blade Dance+1"],"picked":"Backflip+1","floor":10},{"not_picked":["Endless Agony","Bane"],"picked":"Dodge and Roll+1","floor":11},{"not_picked":["Quick Slash","Bane","Expertise+1"],"picked":"SKIP","floor":12},{"not_picked":["Quick Slash","Finisher"],"picked":"Backstab","floor":13},{"not_picked":["Backflip+1","Eviscerate"],"picked":"Crippling Poison+1","floor":14},{"not_picked":["Venomology+1","Bullet Time+1"],"picked":"Night Terror+1","floor":16},{"not_picked":["Endless Agony","Bane","Reflex+1"],"picked":"SKIP","floor":18},{"not_picked":["Blade Dance+1","Expertise+1"],"picked":"Backflip+1","floor":20},{"not_picked":["Bane","Reflex+1"],"picked":"Footwork+1","floor":22},{"not_picked":["Deadly Poison+1","Heel Hook","Acrobatics+1"],"picked":"SKIP","floor":23},{"not_picked":["Distraction+1","Flying Knee+1","Slice+1"],"picked":"SKIP","floor":27},{"not_picked":["Unload","Reflex+1","Infinite Blades"],"picked":"SKIP","floor":28},{"not_picked":["Skewer+1","Sucker Punch+1","Dagger Throw"],"picked":"SKIP","floor":29},{"not_picked":["Noxious Fumes","Tactician+1","Poisoned Stab"],"picked":"SKIP","floor":30},{"not_picked":["Quick Slash","Underhanded Strike","Backflip+1"],"picked":"SKIP","floor":31},{"not_picked":["Venomology+1","Die Die Die"],"picked":"Corpse Explosion+1","floor":33},{"not_picked":["Quick Slash+1","Calculated Gamble+1"],"picked":"Catalyst+1","floor":35},{"not_picked":["Riddle With Holes","Deadly Poison+1"],"picked":"Dash","floor":40},{"not_picked":["Deadly Poison+1","Bane+1","Finisher"],"picked":"SKIP","floor":42},{"not_picked":["Eviscerate","Outmaneuver+1","Noxious Fumes+1"],"picked":"SKIP","floor":45},{"not_picked":["Underhanded Strike","Backflip+1"],"picked":"Doppelganger+1","floor":46},{"not_picked":["Underhanded Strike+1","Bane"],"picked":"Prepared+1","floor":47},{"not_picked":["Blind+1","Chrysalis+1"],"picked":"Secret Technique+1","floor":48},{"not_picked":["HandOfGreed","Mayhem"],"picked":"Blind+1","floor":48},{"not_picked":["Transmutation+1","Deep Breath+1"],"picked":"Discovery+1","floor":48},{"not_picked":["Deadly Poison+1","Poisoned Stab+1"],"picked":"Blur+1","floor":54}],"player_experience":9978,"relics_obtained":[{"floor":6,"key":"Mango"},{"floor":7,"key":"Toxic Egg 2"},{"floor":8,"key":"Bottled Flame"},{"floor":9,"key":"Omamori"},{"floor":10,"key":"Boot"},{"floor":12,"key":"Blood Vial"},{"floor":19,"key":"Necronomicon"},{"floor":23,"key":"Orichalcum"},{"floor":26,"key":"Bronze Scales"},{"floor":28,"key":"Lantern"},{"floor":30,"key":"TungstenRod"},{"floor":40,"key":"Meat on the Bone"},{"floor":42,"key":"Girya"},{"floor":45,"key":"InkBottle"},{"floor":54,"key":"Vajra"}],"event_choices":[{"cards_removed":["Strike_G"],"damage_healed":0,"gold_gain":0,"player_choice":"Card Removal","damage_taken":0,"max_hp_gain":0,"max_hp_loss":0,"event_name":"Wheel of Change","floor":3,"gold_loss":0},{"damage_healed":0,"gold_gain":0,"player_choice":"Obtained Book","damage_taken":16,"max_hp_gain":0,"max_hp_loss":0,"event_name":"Cursed Tome","floor":19,"gold_loss":0},{"cards_removed":["Strike_G"],"damage_healed":0,"gold_gain":0,"player_choice":"Upgrade and Remove","damage_taken":0,"max_hp_gain":0,"max_hp_loss":0,"event_name":"Designer","floor":24,"gold_loss":90,"cards_upgraded":["Strike_G"]},{"damage_healed":0,"gold_gain":0,"player_choice":"Max HP","damage_taken":0,"max_hp_gain":0,"max_hp_loss":4,"event_name":"Winding Halls","floor":36,"gold_loss":0},{"damage_healed":0,"gold_gain":0,"player_choice":"Ignored","damage_taken":0,"max_hp_gain":0,"max_hp_loss":0,"event_name":"Tomb of Lord Red Mask","floor":37,"gold_loss":0},{"damage_healed":0,"gold_gain":0,"player_choice":"Copied","damage_taken":0,"max_hp_gain":0,"max_hp_loss":0,"event_name":"Duplicator","floor":38,"gold_loss":0,"cards_obtained":["Catalyst"]},{"damage_healed":0,"gold_gain":0,"player_choice":"Memory 3","damage_taken":10,"max_hp_gain":0,"max_hp_loss":0,"event_name":"SensoryStone","floor":48,"gold_loss":0}],"is_beta":true,"boss_relics":[{"not_picked":["Velvet Choker","SacredBark"],"picked":"SlaversCollar"},{"not_picked":["WristBlade","HoveringKite"],"picked":"Runic Pyramid"}],"items_purged_floors":[21,39,53],"is_endless":false,"potions_floor_spawned":[1,2,6,11,27,29,31,42,46,47,54],"ascension_level":1}}