{"host":"ylxam20yo7j5dy26","time":1609768278,"event":{"mods":["ATMod(°¢èªMod)","Act Like it!","BaseMod","Conspire","Downfall","Gensokyo","Infinite Spire","Minty Spire (QoL Compilation)","Quick Restart","Replay The Spire","StSLib","UnlockEverythingMod","vexMod","¡¾ÒÅÎï¿¨ÅÆ¡¿REMEMod"],"gold_per_floor":[119,119,130,140,157,182,182,210,210,223,240,240,240,15,15,119,119,133,383,401,401,401,434,434,446,446,446,446,469,469,311,311,414,414,433,433,27,46,66,116,116,147,147,147,207,227,227,285,285,285],"floor_reached":51,"playtime":5679,"items_purged":["Replay:AllIn","Decay"],"score":755,"play_id":"d28f5b31-a871-46e2-9cfb-e1696dedbfb4","local_time":"20210104215118","is_ascension_mode":false,"campfire_choices":[{"data":"AT_EmpoweredMortalDraw","floor":7.0,"key":"SMITH"},{"data":"Perseverance","floor":15.0,"key":"SMITH"},{"data":"AT_RealColorLess","floor":24.0,"key":"SMITH"},{"data":"AT_OneInchPunch","floor":27.0,"key":"SMITH"},{"data":"1","floor":30.0,"key":"LIFT"},{"data":"2","floor":32.0,"key":"LIFT"},{"data":"3","floor":41.0,"key":"LIFT"},{"data":"Eruption","floor":49,"key":"SMITH"}],"circlet_count":0,"master_deck":["Strike_P","Strike_P","Strike_P","Defend_P","Defend_P","Defend_P","Eruption+1","Vigilance","AT_EmpoweredMortalDraw+1","ClearTheMind","Replay:AtTheReady","Perseverance+1","Meditate","Eruption","Ragnarok","AT_OneInchPunch+1","AT_RealColorLess+1","Wallop+1","Replay:SS_forest_2","Pot Of Greed","Pot Of Greed","Gensokyo:RustyChest","Replay:SS_hec_2","Crescendo+1","AT_OneInchPunch","Pot Of Greed","expansioncontent:LastStand+1","Replay:Battleflow"],"relics":["AT_ATBox","REME_ComplimentaryCards","SacredBark","Replay:PocketPolymizer","Blood Vial","MealTicket","Quantum Egg","HandDrill","REME_LowDesire","ReplayTheSpireMod:TigerMarble","Pet Ghost","Gensokyo:ConquerorOfFear","Bag of Preparation","Grinning Jar","Girya","Toy Ornithopter","Melange","Ring of Chaos","ReplayTheSpireMod:Ring of Collecting","infinitespire:PuzzleCube","Pen Nib","vexMod:RetaliationKit","Garlic","ReplayTheSpireMod:Ring of Challenge","Replay:Wax Seal","TungstenRod","AT_TrinityForce","Omamori"],"acts_visited":["Exordium","Gensokyo:Gensokyoer","TheBeyond"],"potions_floor_usage":[50],"damage_taken":[{"damage":4.0,"enemies":"Jaw Worm","floor":1.0,"turns":5.0},{"damage":0.0,"enemies":"Cultist","floor":3.0,"turns":4.0},{"damage":0.0,"enemies":"Small Slimes","floor":4.0,"turns":3.0},{"damage":5.0,"enemies":"Looter","floor":5.0,"turns":4.0},{"damage":30.0,"enemies":"3 Sentries","floor":6.0,"turns":15.0},{"damage":6.0,"enemies":"Gremlin Nob","floor":8.0,"turns":3.0},{"damage":5.0,"enemies":"3 Louse","floor":10.0,"turns":2.0},{"damage":0.0,"enemies":"2 Fungi Beasts","floor":11.0,"turns":3.0},{"damage":39.0,"enemies":"Slime Boss","floor":16.0,"turns":13.0},{"damage":5.0,"enemies":"Gensokyo:AngelMirror","floor":18.0,"turns":3.0},{"damage":0.0,"enemies":"Gensokyo:3_Dogs","floor":20.0,"turns":1.0},{"damage":10.0,"enemies":"Gensokyo:Tenshi","floor":23.0,"turns":4.0},{"damage":12.0,"enemies":"Gensokyo:Slime_Group","floor":25.0,"turns":3.0},{"damage":57.0,"enemies":"Gensokyo:Eiki","floor":33.0,"turns":8.0},{"damage":0.0,"enemies":"3 Shapes","floor":35.0,"turns":1.0},{"damage":0.0,"enemies":"3 Darklings","floor":38.0,"turns":3.0},{"damage":20.0,"enemies":"Spire Growth","floor":39.0,"turns":5.0},{"damage":7.0,"enemies":"Mind Bloom Boss Battle","floor":40.0,"turns":6.0},{"damage":30.0,"enemies":"Giant Head","floor":42.0,"turns":6.0},{"damage":0.0,"enemies":"Transient","floor":45.0,"turns":5.0},{"damage":4,"enemies":"4 Shapes","floor":46,"turns":3},{"damage":1,"enemies":"Maw","floor":48,"turns":3},{"damage":25,"enemies":"infinitespire:MassOfShapes","floor":50,"turns":5}],"seed_played":"4979288595156788603","potions_obtained":[{"floor":2.0,"key":"DistilledChaos"},{"floor":2.0,"key":"Fire Potion"},{"floor":2.0,"key":"Fruit Juice"},{"floor":3.0,"key":"Cursed Concoction"},{"floor":4.0,"key":"ColorlessPotion"},{"floor":23.0,"key":"GamblersBrew"},{"floor":33.0,"key":"LifebloodPotion"},{"floor":35.0,"key":"Dexterity Potion"},{"floor":45.0,"key":"Explosive Potion"}],"is_trial":false,"path_per_floor":["M","?","M","M","M","E","R","E","T","M","M","?","?","$","R","B",null,"M","?","M","?","?","E","R","M","T","R","?","T","R","COS","R","B",null,"M","?","$","M","M","?","R","E","T","AVR","M","M","T","M","R","B",null],"character_chosen":"WATCHER","items_purchased":["HandDrill","infinitespire:PuzzleCube","Pen Nib"],"campfire_rested":0,"item_purchase_floors":[14,37,37],"current_hp_per_floor":[68,68,68,68,63,33,33,27,27,34,36,41,41,56,56,19,87,82,82,82,82,82,72,72,62,62,62,62,62,62,62,62,7,76,76,76,76,76,56,51,51,37,37,37,39,37,37,52,52,34],"gold":285,"neow_bonus":"BOSS_RELIC","is_daily":false,"chose_seed":false,"campfire_upgraded":5,"win_rate":0.0,"timestamp":1609768278,"path_taken":["M","?","M","M","M","E","R","E","T","?","M","?","?","$","R","BOSS","M","?","M","?","?","E","R","?","T","R","?","?","R","COS","R","BOSS","M","?","$","M","M","?","R","E","T","AVR","M","M","?","?","R","BOSS"],"items_purchased_type":["Relic","Relic","Relic"],"build_version":"2020-12-22","purchased_purges":2,"victory":true,"max_hp_per_floor":[72,72,72,72,72,72,72,72,72,82,82,87,87,87,87,87,87,87,82,82,82,82,82,82,82,82,82,76,76,76,76,76,76,76,76,76,76,76,76,76,76,76,76,76,76,76,76,76,76,76],"card_choices":[{"not_picked":["BowlingBash","EmptyFist","Protect"],"picked":"SKIP","floor":1.0},{"not_picked":["ForeignInfluence","Evaluate"],"picked":"ClearTheMind","floor":3.0},{"not_picked":["Prostrate","EmptyBody"],"picked":"Replay:AtTheReady","floor":4.0},{"not_picked":["FlurryOfBlows","FollowUp"],"picked":"Perseverance","floor":5.0},{"not_picked":["Replay:AtTheReady","TalkToTheHand"],"picked":"Meditate","floor":6.0},{"not_picked":["EmptyFist","WaveOfTheHand","Fasting2"],"picked":"SKIP","floor":8.0},{"not_picked":["Indignation","PathToVictory","ClearTheMind"],"picked":"SKIP","floor":10.0},{"not_picked":["Replay:DivineShield","SashWhip","AT_DivineConfetti"],"picked":"SKIP","floor":11.0},{"not_picked":["Blasphemy","Replay:AllIn"],"picked":"Ragnarok","floor":16.0},{"not_picked":["Nirvana","Consecrate","Replay:Cycle","REME_MagicPocketWatch"],"picked":"SKIP","floor":18.0},{"not_picked":["TalkToTheHand+1","Nirvana","ReplayTheSpireMod:Private Reserves"],"picked":"AT_OneInchPunch","floor":20.0},{"not_picked":["WheelKick","AT_ChampionKick","AT_BreakingExtremeWeapon"],"picked":"Wallop+1","floor":23.0},{"not_picked":["Evaluate","CutThroughFate+1","WheelKick+1"],"picked":"Replay:SS_forest_2","floor":25.0},{"not_picked":["Wish","Ragnarok","AT_MachinaRedman"],"picked":"Replay:SS_hec_2","floor":33.0},{"not_picked":["CrushJoints+1","Tantrum","Consecrate","Dramatic Entrance"],"picked":"SKIP","floor":35.0},{"not_picked":["FollowUp","Replay:ManipulateFuture+1","JustLucky+1","Survey Options+1"],"picked":"SKIP","floor":38.0},{"not_picked":["EmptyBody","WaveOfTheHand+1","AT_FamilyPortrait"],"picked":"Crescendo+1","floor":39.0},{"not_picked":["Weave","Replay:BluntJabs+1","ReplayTheSpireMod:Uncanny Aura"],"picked":"AT_OneInchPunch","floor":40.0},{"not_picked":["Replay:AtTheReady+1","FollowUp","SashWhip+1","Specialist"],"picked":"SKIP","floor":42.0},{"not_picked":["Blasphemy","Consecrate","Replay:BluntJabs+1","Blind"],"picked":"SKIP","floor":45.0},{"not_picked":["CrushJoints","Replay:BluntJabs+1","SandsOfTime"],"picked":"expansioncontent:LastStand+1","floor":46},{"not_picked":["Indignation","ReachHeaven","expansioncontent:QuickStudy"],"picked":"Replay:Battleflow","floor":48}],"player_experience":30050,"relics_obtained":[{"floor":6.0,"key":"Replay:PocketPolymizer"},{"floor":8.0,"key":"Blood Vial"},{"floor":9.0,"key":"MealTicket"},{"floor":13.0,"key":"Quantum Egg"},{"floor":17.0,"key":"ReplayTheSpireMod:TigerMarble"},{"floor":17.0,"key":"Pet Ghost"},{"floor":23.0,"key":"Gensokyo:ConquerorOfFear"},{"floor":23.0,"key":"Bag of Preparation"},{"floor":26.0,"key":"Grinning Jar"},{"floor":29.0,"key":"Toy Ornithopter"},{"floor":36.0,"key":"ReplayTheSpireMod:Ring of Collecting"},{"floor":40.0,"key":"vexMod:RetaliationKit"},{"floor":42.0,"key":"Garlic"},{"floor":43.0,"key":"ReplayTheSpireMod:Ring of Challenge"},{"floor":43.0,"key":"Replay:Wax Seal"},{"floor":47,"key":"Omamori"}],"event_choices":[{"damage_healed":0.0,"max_hp_gain":0.0,"max_hp_loss":0.0,"gold_gain":0.0,"event_name":"Lab","player_choice":"Got Potions","floor":2.0,"gold_loss":0.0,"damage_taken":0.0},{"damage_healed":0.0,"max_hp_gain":5.0,"max_hp_loss":0.0,"gold_gain":0.0,"event_name":"Big Fish","player_choice":"Donut","floor":12.0,"gold_loss":0.0,"damage_taken":0.0},{"damage_healed":0.0,"max_hp_gain":0.0,"max_hp_loss":0.0,"gold_gain":0.0,"event_name":"MindBloom","player_choice":"Fight","floor":40.0,"gold_loss":0.0,"damage_taken":0.0}],"is_beta":false,"boss_relics":[{"not_picked":["Cursed Key","vexMod:TanglingVine"],"picked":"REME_LowDesire"},{"not_picked":["conspire:SeveredTorchhead","conspire:SlowCooker"],"picked":"Ring of Chaos"}],"items_purged_floors":[14,37],"is_endless":false,"potions_floor_spawned":[3,4,5,23,33,35,45],"ascension_level":0}}