{"host":"474oh00kq6ni8dn3","time":1609757036,"event":{"mods":["AchievementEnabler","Aspiration","Bartender","BaseMod","Bestiary","Clockwork Mod","Colored Map","Colored Powertips","Conspire","Custom Start","Defuse TimeMaze Blight","Downfall","GifTheSpireLib","Googly Eyes","GungeonMod","Halation","Hubris","Infinite Spire","Jedi Mod","Minty Spire (QoL Compilation)","Permanent Neow","Quick Restart","Random Character Button","Replay The Spire","Shop Mod","StSLib","Stuff the Spire","The Construct","The Factory","The Jungle","Trackpad","Unceasing Turn Reminder","thorton","vexMod"],"gold_per_floor":[129,179,215,215,254,335,335,388,388,388,445,36,116,154,154,277,277,297,62,106,106,148,148,148,200,227,227,227],"floor_reached":27,"playtime":1958,"items_purged":["Defend_G"],"score":274,"play_id":"c9a1d71b-f2a3-4ec1-8f18-d08f569d85f4","local_time":"20210104104356","is_ascension_mode":true,"campfire_choices":[{"data":"Dash","floor":7.0,"key":"SMITH"},{"data":"Neutralize","floor":15.0,"key":"SMITH"},{"data":"Backflip","floor":24,"key":"SMITH"}],"circlet_count":0,"master_deck":["Strike_G","Strike_G","Strike_G","Strike_G","Defend_G","Defend_G","Defend_G","Defend_G","Survivor","Neutralize+1","HandOfGreed+1","Backflip+1","Backflip","Dodge and Roll","Dash+1","Dagger Spray","Flying Knee","Glass Knife","StuffTheSpire:BumpUp","Malaise","Noxious Fumes","Prepared","Quick Slash"],"relics":["Ring of the Snake","MealTicket","trackpad:ChainingVapors","Gremlin Horn","StuffTheSpire:PointBlank","halation:Pancakes","jedi:angrymask","Bottled Lightning","aspiration:RandomNobGenerator","BargainBundle","hubris:Icosahedron","jedi:gremlinknob","halation:PromiseList"],"acts_visited":["Exordium","Exordium"],"potions_floor_usage":[27],"damage_taken":[{"damage":0.0,"enemies":"Cultist","floor":1.0,"turns":3.0},{"damage":2.0,"enemies":"Small Slimes","floor":2.0,"turns":5.0},{"damage":2.0,"enemies":"Jaw Worm","floor":3.0,"turns":4.0},{"damage":2.0,"enemies":"Looter","floor":5.0,"turns":4.0},{"damage":5.0,"enemies":"3 Sentries","floor":6.0,"turns":17.0},{"damage":13.0,"enemies":"Gremlin Nob","floor":8.0,"turns":4.0},{"damage":22.0,"enemies":"Lagavulin","floor":11.0,"turns":9.0},{"damage":1.0,"enemies":"3 Sentries","floor":13.0,"turns":12.0},{"damage":0.0,"enemies":"2 Fungi Beasts","floor":14.0,"turns":2.0},{"damage":6.0,"enemies":"Slime Boss","floor":16.0,"turns":8.0},{"damage":0.0,"enemies":"theJungle:GiantWrat","floor":18.0,"turns":5.0},{"damage":7.0,"enemies":"theJungle:5_Spyders","floor":20.0,"turns":8.0},{"damage":23,"enemies":"theJungle:2_Flameangoes","floor":22,"turns":7},{"damage":19,"enemies":"theJungle:MamaSnecko","floor":25,"turns":7},{"damage":25,"enemies":"theJungle:Cassacara","floor":27,"turns":5}],"seed_played":"4612361654276470248","potions_obtained":[{"floor":1.0,"key":"Dexterity Potion"},{"floor":5.0,"key":"ColorlessPotion"},{"floor":11.0,"key":"Guardian:BlockOnCardUsePotion"},{"floor":13.0,"key":"AttackPotion"},{"floor":14.0,"key":"LiquidMemories"},{"floor":20.0,"key":"Strength Potion"}],"is_trial":false,"path_per_floor":["M","M","M","?","M","E","R","E","T","?","E","$","E","M","R","B",null,"M","$","M","?","M","?","R","E","T","E"],"character_chosen":"THE_SILENT","items_purchased":["halation:Pancakes","jedi:angrymask","BargainBundle","StuffTheSpire:BumpUp","Malaise","Noxious Fumes","Prepared","Quick Slash"],"campfire_rested":0,"item_purchase_floors":[12,12,19,19,19,19,19,19],"current_hp_per_floor":[49,47,45,45,43,38,38,25,25,25,3,57,56,56,56,50,70,70,70,63,63,40,40,40,21,21,0,0],"gold":227,"neow_bonus":"RANDOM_COLORLESS_2","is_daily":false,"chose_seed":false,"campfire_upgraded":3,"win_rate":0.0,"timestamp":1609757036,"path_taken":["M","M","M","?","M","E","R","E","T","?","E","$","E","?","R","BOSS","M","$","M","?","M","?","R","E","T","E"],"items_purchased_type":["Relic","Relic","Relic","Card","Card","Card","Card","Card"],"build_version":"2020-12-22","purchased_purges":1,"victory":false,"max_hp_per_floor":[70,70,70,70,70,70,70,70,70,70,70,70,70,70,70,70,70,70,70,70,70,70,70,70,70,70,70,70],"card_choices":[{"not_picked":["Transmutation","ReplayUltimateDefense"],"picked":"HandOfGreed","floor":0.0},{"not_picked":["StuffTheSpire:Fury","Deflect"],"picked":"Backflip","floor":1.0},{"not_picked":["Backflip","ReplayTheSpireMod:Shiv Toss","StuffTheSpire:Injection"],"picked":"SKIP","floor":2.0},{"not_picked":["ReplayTheSpireMod:Shiv Toss","StuffTheSpire:Injection"],"picked":"Backflip","floor":2.0},{"not_picked":["Backflip","jedi:pocketpoison"],"picked":"Dodge and Roll","floor":3.0},{"not_picked":["StuffTheSpire:ClusterCrunch","Deadly Poison"],"picked":"Dash","floor":5.0},{"not_picked":["aspiration:Lunge","StuffTheSpire:Injection","ReplayTheSpireMod:Necrosis"],"picked":"SKIP","floor":6.0},{"not_picked":["aspiration:Lunge","StuffTheSpire:Injection","ReplayTheSpireMod:Necrosis"],"picked":"SKIP","floor":6.0},{"not_picked":["Hidden Blade","hubris:SlightOfHand"],"picked":"Dagger Spray","floor":8.0},{"not_picked":["Acrobatics","Envenom","Blade Dance"],"picked":"SKIP","floor":11.0},{"not_picked":["Deflect","hubris:SlightOfHand","Flying Knee"],"picked":"SKIP","floor":13.0},{"not_picked":["StuffTheSpire:Shiver","Toxin Wave"],"picked":"Flying Knee","floor":14.0},{"not_picked":["A Thousand Cuts","Atom Bomb"],"picked":"Glass Knife","floor":16.0},{"not_picked":["Bouncing Flask+1","StuffTheSpire:Incursion","jedi:unstablefumes"],"picked":"SKIP","floor":18.0},{"not_picked":["Sucker Punch","Flying Knee","Underhanded Strike+1"],"picked":"SKIP","floor":20.0},{"not_picked":["Poison Darts","Masterful Stab","Flying Knee"],"picked":"SKIP","floor":22},{"not_picked":["Prepared","Deadly Poison+1","Poisoned Stab"],"picked":"SKIP","floor":25}],"player_experience":67087,"relics_obtained":[{"floor":6.0,"key":"MealTicket"},{"floor":8.0,"key":"trackpad:ChainingVapors"},{"floor":9.0,"key":"Gremlin Horn"},{"floor":11.0,"key":"StuffTheSpire:PointBlank"},{"floor":13.0,"key":"Bottled Lightning"},{"floor":25,"key":"jedi:gremlinknob"},{"floor":26,"key":"halation:PromiseList"}],"event_choices":[{"cards_removed":["Strike_G"],"damage_healed":0.0,"max_hp_gain":0.0,"max_hp_loss":0.0,"gold_gain":0.0,"event_name":"Purifier","player_choice":"Purged","floor":10.0,"gold_loss":0.0,"damage_taken":0.0}],"is_beta":false,"boss_relics":[{"not_picked":["Cursed Key","hubris:RunicObelisk"],"picked":"aspiration:RandomNobGenerator"}],"items_purged_floors":[19],"is_endless":false,"potions_floor_spawned":[1,5,11,13,14,20],"killed_by":"theJungle:Cassacara","ascension_level":1}}