{"host":"97feeoqujgl2pi7v","time":1609754559,"event":{"mods":["AchievementEnabler","Act Like it!","Aspiration","Bard","BaseMod","Better Third Choice","Colored Map","Colored Powertips","Conspire","DeckTracker","Downfall","Duelist Mod","Gensokyo","GifTheSpireLib","Gremlin Mod","Halation","Hallownest","Hermit","Hubris","Infinite Spire","Jorbs\u0027s Wanderer Trilogy","Koishi","Mad Scientist","Marisa（霧雨　魔理沙）","Minty Spire (QoL Compilation)","Rare Cards Sparkle","Reimu（博丽灵梦）","Replay The Spire","Robot Space Explorer","Shop Mod","StSLib","Td1madao Mod","The Administrix","The Animator","The Blackbeard","The Bladedancer","The Bug Knight","The Construct","The Cursed","The Disciple","The Dragon Tamer","The Marked","The Mystic","The Necromancer","The Runesmith","The Saiyan","The Senshi","The Servant 0.9.4","TheBandit","Yuri Mod"],"gold_per_floor":[369,369,107,118,118,118,144,158,158,158,158,174,184,194,194,292,292,309,309,320,26,36,65,65,85,111,111,111,111,26,26,26,133,133,158,185,208,234,234,234,284,329,354,354,387,432,470,153,153,153,153,153,2,31,31,31],"floor_reached":55,"playtime":7504,"items_purged":["theDuelist:SummoningCurse"],"score":792,"play_id":"b4f02ecd-2273-4c71-8b7e-c79f8b1da1ce","local_time":"20210104050239","is_ascension_mode":false,"campfire_choices":[{"floor":6.0,"key":"RECALL"},{"floor":15.0,"key":"REST"},{"floor":24.0,"key":"REST"},{"floor":27.0,"key":"REST"},{"floor":32.0,"key":"REST"},{"data":"infinitespire:Punishment","floor":40,"key":"SMITH"},{"floor":44,"key":"REST"},{"data":"Infinite Blades","floor":52,"key":"SMITH"}],"circlet_count":0,"master_deck":["Strike_G","Strike_G","Strike_G","Strike_G","Strike_G","Defend_G","Defend_G","Defend_G","Defend_G","Defend_G","Survivor","Neutralize","Blade Dance","Infinite Blades+1","Dash","Footwork","Footwork","Poisoned Stab","Bane","Backflip","Masterful Stab","Corpse Explosion","Endless Agony","Backflip","Bouncing Flask","Footwork","Acrobatics","Dagger Throw","ReplayTheSpireMod:From All Sides","ReplayTheSpireMod:From All Sides","Violence","hubris:Sniper+1","Deflect","conspire:PoisonWeapons","infinitespire:Punishment+1","hubris:Fate","Quick Slash","expansioncontent:ChargeUp","Envenom","Concentrate+1","Setup","Slice","Backflip+1","Hidden Blade","Blade Dance+1","Poisoned Stab+1","Dagger Spray","Cloak And Dagger","Infinite Blades","ReplayTheSpireMod:Speed Training","PiercingWail"],"relics":["Ring of the Snake","Oddly Smooth Stone","InkBottle","Lantern","conspire:Flyswatter","Ring of Misfortune","ReplayTheSpireMod:Ring of Exchange","WingedGreaves","Bag of Preparation","aspiration:MobileForge","MutagenicStrength","aspiration:FrozenJewel","infinitespire:EvilPickle","hubris:EmptyBottle","Boot","Gambling Chip","ClockworkSouvenir","hubris:Teleporter","Tea:ReiMu","theSenshi:SailorFukuRelic","MerchantsRug","infinitespire:Satchel","Ornamental Fan","halation:PapillonHeart","Gremlin Food"],"acts_visited":["Exordium","TheCity","TheBeyond","TheEnding"],"potions_floor_usage":[38,42,42,42,42,42,46,50,54,55,55,55],"damage_taken":[{"damage":0.0,"enemies":"2 Louse","floor":1.0,"turns":2.0},{"damage":0.0,"enemies":"Jaw Worm","floor":4.0,"turns":3.0},{"damage":13.0,"enemies":"Lagavulin","floor":7.0,"turns":8.0},{"damage":0.0,"enemies":"Small Slimes","floor":8.0,"turns":3.0},{"damage":0.0,"enemies":"3 Louse","floor":12.0,"turns":3.0},{"damage":0.0,"enemies":"Gremlin Gang","floor":13.0,"turns":5.0},{"damage":9.0,"enemies":"2 Fungi Beasts","floor":14.0,"turns":3.0},{"damage":0.0,"enemies":"The Guardian","floor":16.0,"turns":10.0},{"damage":0.0,"enemies":"Chosen","floor":18.0,"turns":5.0},{"damage":2.0,"enemies":"Shell Parasite","floor":20.0,"turns":6.0},{"damage":26.0,"enemies":"Shelled Parasite and Fungi","floor":22.0,"turns":6.0},{"damage":16.0,"enemies":"Book of Stabbing","floor":23.0,"turns":7.0},{"damage":16.0,"enemies":"Centurion and Healer","floor":25.0,"turns":3.0},{"damage":0.0,"enemies":"Pondfish","floor":33.0,"turns":5.0},{"damage":0.0,"enemies":"3 Shapes","floor":35.0,"turns":2.0},{"damage":2,"enemies":"3 Darklings","floor":36,"turns":8},{"damage":17,"enemies":"4 Shapes","floor":38,"turns":3},{"damage":0,"enemies":"Mind Bloom Boss Battle","floor":41,"turns":3},{"damage":10,"enemies":"Nemesis","floor":42,"turns":4},{"damage":5,"enemies":"Transient","floor":45,"turns":5},{"damage":0,"enemies":"Jaw Worm Horde","floor":46,"turns":3},{"damage":0,"enemies":"Maw","floor":47,"turns":5},{"damage":23,"enemies":"Replay:Hell Engine","floor":50,"turns":6},{"damage":31,"enemies":"Shield and Spear","floor":54,"turns":6},{"damage":32,"enemies":"The Heart","floor":55,"turns":2}],"seed_played":"-2189573290563615976","potions_obtained":[{"floor":12.0,"key":"Strength Potion"},{"floor":13.0,"key":"SkillPotion"},{"floor":14.0,"key":"Block Potion"},{"floor":20.0,"key":"Ancient Potion"},{"floor":22.0,"key":"Strength Potion"},{"floor":25.0,"key":"SteroidPotion"},{"floor":33.0,"key":"Guardian:BlockOnCardUsePotion"},{"floor":38,"key":"AttackPotion"},{"floor":41,"key":"Dexterity Potion"},{"floor":45,"key":"Adrenaline Potion"},{"floor":46,"key":"ZuzhouPotion:ReiMu"},{"floor":54,"key":"Elixir"}],"is_trial":false,"path_per_floor":["M","?","$","M","?","R","E","M","T","T","?","M","M","M","R","B",null,"M","?","M","$","M","E","R","M","T","R","AVR","?","?","?","R","B",null,"M","M","T","M","AVR","R","?","E","T","R","M","M","M","$","R_BF","B",null,"R","$","E","B"],"character_chosen":"THE_SILENT","items_purchased":["Infinite Blades","Oddly Smooth Stone","Dash","BargainBundle","Bouncing Flask","Footwork","Acrobatics","Dagger Throw","ReplayTheSpireMod:From All Sides","Poison Potion","GrandPatriotsElixir:ReiMu","Violence","MerchantsRug","infinitespire:Satchel","Ornamental Fan","Cloak And Dagger","Infinite Blades","ReplayTheSpireMod:Speed Training"],"campfire_rested":5,"item_purchase_floors":[3,3,3,21,21,21,21,21,21,21,21,21,48,48,48,48,53,53],"current_hp_per_floor":[63,63,63,63,63,63,50,50,50,50,50,50,50,41,59,59,63,63,63,61,61,35,19,37,21,21,39,39,39,39,39,57,57,63,63,61,61,44,44,44,44,34,34,52,47,47,47,47,47,24,60,60,60,29,0,0],"gold":31,"neow_bonus":"TWO_FIFTY_GOLD","is_daily":false,"chose_seed":false,"campfire_upgraded":2,"win_rate":0.0,"timestamp":1609754559,"path_taken":["M","?","$","M","?","R","E","M","T","?","?","M","M","M","R","BOSS","M","?","M","$","M","E","R","?","T","R","AVR","?","?","?","R","BOSS","M","M","?","M","AVR","R","?","E","T","R","M","M","M","$","R_BF","BOSS","R","$","E","BOSS"],"items_purchased_type":["Card","Relic","Card","Relic","Card","Card","Card","Card","Card","Potion","Potion","Card","Relic","Relic","Relic","Card","Card","Card"],"build_version":"2020-12-22","purchased_purges":1,"victory":false,"max_hp_per_floor":[63,63,63,63,63,63,63,63,63,63,63,63,63,63,63,63,63,63,63,63,63,63,63,63,63,63,63,63,63,63,63,63,63,63,63,63,63,63,63,63,63,63,63,63,63,63,63,63,60,60,60,60,60,60,60,60],"card_choices":[{"not_picked":["Acrobatics","Underhanded Strike"],"picked":"Blade Dance","floor":1.0},{"not_picked":["Hidden Blade","Poisoned Stab"],"picked":"Footwork","floor":4.0},{"not_picked":["Dagger Throw","Well Laid Plans"],"picked":"Footwork","floor":7.0},{"not_picked":["Backflip","Hidden Blade"],"picked":"Poisoned Stab","floor":8.0},{"not_picked":["Acrobatics","Fluid Movement"],"picked":"Bane","floor":12.0},{"not_picked":["Distraction","Choke"],"picked":"Backflip","floor":13.0},{"not_picked":["Prepared","hubris:SlightOfHand"],"picked":"Masterful Stab","floor":14.0},{"not_picked":["Night Terror","Storm of Steel"],"picked":"Corpse Explosion","floor":16.0},{"not_picked":["Poisoned Stab","hubris:Counter"],"picked":"Endless Agony","floor":18.0},{"not_picked":["hubris:SlightOfHand","Underhanded Strike"],"picked":"Backflip","floor":20.0},{"not_picked":["Backstab","Toxin Wave"],"picked":"hubris:Sniper+1","floor":22.0},{"not_picked":["Bane","Quick Slash+1"],"picked":"Deflect","floor":23.0},{"not_picked":["Dodge and Roll","Finisher+1"],"picked":"conspire:PoisonWeapons","floor":25.0},{"not_picked":["Wraith Form v2","Glass Knife"],"picked":"Envenom","floor":33.0},{"not_picked":["Outmaneuver+1","Acrobatics+1"],"picked":"Concentrate+1","floor":35.0},{"not_picked":["Dodge and Roll","Acrobatics+1"],"picked":"Setup","floor":36},{"not_picked":["Quick Slash","Well Laid Plans"],"picked":"Slice","floor":38},{"not_picked":["ReplayTheSpireMod:Exploit Weakness","Deadly Poison"],"picked":"Backflip+1","floor":41},{"not_picked":["Backflip+1","Leg Sweep+1"],"picked":"Hidden Blade","floor":42},{"not_picked":["Backflip","conspire:PoisonWeapons"],"picked":"Blade Dance+1","floor":45},{"not_picked":["Catalyst+1","Reflex"],"picked":"Poisoned Stab+1","floor":46},{"not_picked":["hubris:Counter","Sucker Punch"],"picked":"Dagger Spray","floor":47},{"not_picked":["Underhanded Strike+1","Dagger Spray+1"],"picked":"PiercingWail","floor":54}],"player_experience":408245,"relics_obtained":[{"floor":5.0,"key":"InkBottle"},{"floor":7.0,"key":"Lantern"},{"floor":10.0,"key":"conspire:Flyswatter"},{"floor":11.0,"key":"Ring of Misfortune"},{"floor":11.0,"key":"ReplayTheSpireMod:Ring of Exchange"},{"floor":23.0,"key":"WingedGreaves"},{"floor":26.0,"key":"Bag of Preparation"},{"floor":37,"key":"Boot"},{"floor":41,"key":"hubris:Teleporter"},{"floor":42,"key":"Tea:ReiMu"},{"floor":43,"key":"theSenshi:SailorFukuRelic"},{"floor":54,"key":"Gremlin Food"}],"event_choices":[{"damage_healed":0.0,"max_hp_gain":0.0,"max_hp_loss":0.0,"gold_gain":0.0,"event_name":"Transmorgrifier","player_choice":"Ignored","floor":19.0,"gold_loss":0.0,"damage_taken":0.0},{"damage_healed":0.0,"max_hp_gain":0.0,"max_hp_loss":0.0,"gold_gain":0.0,"event_name":"Drug Dealer","player_choice":"Inject Mutagens","floor":29.0,"gold_loss":0.0,"damage_taken":0.0,"relics_obtained":["MutagenicStrength"]},{"damage_healed":0.0,"max_hp_gain":0.0,"max_hp_loss":0.0,"gold_gain":0.0,"event_name":"Addict","player_choice":"Obtained Relic","floor":30.0,"gold_loss":85.0,"damage_taken":0.0,"relics_obtained":["aspiration:FrozenJewel"]},{"damage_healed":0.0,"max_hp_gain":0.0,"max_hp_loss":0.0,"gold_gain":0.0,"event_name":"Match and Keep!","player_choice":"2 cards matched","floor":31.0,"gold_loss":0.0,"damage_taken":0.0,"cards_obtained":["Quick Slash","expansioncontent:ChargeUp"]},{"damage_healed":0.0,"max_hp_gain":0.0,"max_hp_loss":0.0,"gold_gain":0.0,"event_name":"Match and Keep!","player_choice":"2 cards matched","floor":31.0,"gold_loss":0.0,"damage_taken":0.0,"cards_obtained":["Quick Slash","expansioncontent:ChargeUp"]},{"damage_healed":0,"gold_gain":0,"player_choice":"Fight","damage_taken":0,"max_hp_gain":0,"max_hp_loss":0,"event_name":"MindBloom","floor":41,"gold_loss":0}],"is_beta":false,"boss_relics":[{"not_picked":["Velvet Choker","Kintsugi"],"picked":"aspiration:Nostalgia"},{"not_picked":["halation:Diary","aspiration:PoetsPen_weak"],"picked":"hubris:EmptyBottle"}],"items_purged_floors":[39],"is_endless":false,"potions_floor_spawned":[12,13,14,20,22,25,33,38,41,45,46,54],"killed_by":"The Heart","ascension_level":0}}