{"host":"vuriy6uyozwp3u0s","time":1609753797,"event":{"mods":["BaseMod","BetterRewards","Hermit","Minty Spire (QoL Compilation)","Permanent Neow","Quick Restart","StSLib","The Wild Card"],"gold_per_floor":[119,119,136,211,229,264,264,294,294,294,469,469,485,269,269,269,269],"floor_reached":16,"playtime":727,"items_purged":[],"score":98,"play_id":"3b9e4f1a-cc0d-46da-acef-fdf9658c187a","local_time":"20210104184957","is_ascension_mode":false,"campfire_choices":[{"floor":7,"key":"REST"},{"data":"hermit:CursedWeapon","floor":10,"key":"SMITH"},{"floor":15,"key":"REST"}],"circlet_count":0,"master_deck":["hermit:Strike_Hermit","hermit:Strike_Hermit","hermit:Strike_Hermit","hermit:Strike_Hermit","hermit:Defend_Hermit","hermit:Defend_Hermit","hermit:Defend_Hermit","hermit:Snapshot+1","hermit:Covet","hermit:TrackingShot","hermit:CursedWeapon+1","hermit:Headshot","hermit:Misfire","Doubt","hermit:CalledShot","hermit:BigShot","Dark Shackles","hermit:Shortfuse","hermit:Maintenance"],"relics":["hermit:Momento","Boot","Ornamental Fan"],"acts_visited":["Exordium"],"potions_floor_usage":[16,16],"damage_taken":[{"damage":0,"enemies":"2 Louse","floor":1,"turns":2},{"damage":5,"enemies":"Cultist","floor":3,"turns":4},{"damage":5,"enemies":"Jaw Worm","floor":5,"turns":4},{"damage":20,"enemies":"Gremlin Nob","floor":6,"turns":4},{"damage":16,"enemies":"2 Fungi Beasts","floor":13,"turns":3},{"damage":71,"enemies":"Slime Boss","floor":16,"turns":7}],"seed_played":"-1468119951620807249","potions_obtained":[{"floor":2,"key":"DuplicationPotion"},{"floor":5,"key":"SpeedPotion"},{"floor":13,"key":"BlessingOfTheForge"}],"is_trial":false,"path_per_floor":["M","?","M","?","M","E","R","?","T","R","?","?","M","$","R","B"],"character_chosen":"HERMIT","items_purchased":["Dark Shackles","hermit:Shortfuse","hermit:Maintenance"],"campfire_rested":2,"item_purchase_floors":[14,14,14],"current_hp_per_floor":[75,75,70,59,54,34,56,56,56,56,56,56,40,40,62,0,0],"gold":269,"neow_bonus":"UPGRADE_CARD","is_daily":false,"chose_seed":false,"campfire_upgraded":1,"win_rate":0.0,"timestamp":1609753797,"path_taken":["M","?","?","?","M","E","R","?","T","R","?","?","?","?","R","BOSS"],"items_purchased_type":["Card","Card","Card"],"build_version":"2020-12-22","purchased_purges":0,"victory":false,"max_hp_per_floor":[75,75,75,75,75,75,75,75,75,75,75,75,75,75,75,75,75],"card_choices":[{"not_picked":["hermit:Ricochet","hermit:HighCaliber"],"picked":"hermit:TrackingShot","floor":1},{"not_picked":["hermit:GhostlyPresence","hermit:HoleUp"],"picked":"hermit:CursedWeapon","floor":3},{"not_picked":["hermit:HoleUp","hermit:Desperado"],"picked":"hermit:Headshot","floor":5},{"not_picked":["hermit:PistolWhip","hermit:Determination"],"picked":"hermit:Misfire","floor":6},{"not_picked":["hermit:SprayPray","hermit:TrackingShot"],"picked":"hermit:BigShot","floor":13}],"player_experience":58074,"relics_obtained":[{"floor":6,"key":"Boot"},{"floor":9,"key":"Ornamental Fan"}],"event_choices":[{"damage_healed":0,"gold_gain":0,"player_choice":"Got Potions","damage_taken":0,"max_hp_gain":0,"max_hp_loss":0,"event_name":"Lab","floor":2,"gold_loss":0},{"damage_healed":0,"gold_gain":75,"player_choice":"Gather Gold","damage_taken":11,"max_hp_gain":0,"max_hp_loss":0,"event_name":"World of Goop","floor":4,"gold_loss":0},{"damage_healed":0,"gold_gain":30,"player_choice":"Searched \u00272\u0027 times","damage_taken":0,"max_hp_gain":0,"max_hp_loss":0,"event_name":"Dead Adventurer","floor":8,"gold_loss":0},{"damage_healed":0,"gold_gain":175,"player_choice":"AGREE","damage_taken":0,"max_hp_gain":0,"max_hp_loss":0,"event_name":"Liars Game","floor":11,"gold_loss":0,"cards_obtained":["Doubt"]},{"damage_healed":0,"gold_gain":0,"cards_transformed":["hermit:Defend_Hermit"],"player_choice":"Transformed","damage_taken":0,"max_hp_gain":0,"max_hp_loss":0,"event_name":"Transmorgrifier","floor":12,"gold_loss":0,"cards_obtained":["hermit:CalledShot"]}],"is_beta":false,"boss_relics":[],"items_purged_floors":[],"is_endless":false,"potions_floor_spawned":[5,13],"killed_by":"Slime Boss","ascension_level":0}}