{"host":"kmigwsj5rrfnig2m","time":1609771614,"event":{"mods":["BaseMod","Minty Spire (QoL Compilation)","Replay The Spire","StSLib"],"gold_per_floor":[116,136,136,236,248,248,280,52,52,52,52,87,102,137,102,116,116,216,216,232,232,258,287,302,302,329,184,184,217,217,217,229,255,255,351,351,369,154,172,185,197,197,197,230,230,230,262,27,27,27,27,27,27,27,27,62,62,62],"floor_reached":57,"playtime":2877,"items_purged":["Strike_R","Strike_R","Delirium","Strike_R"],"score":718,"play_id":"e729675e-f7bb-41f4-9d6a-686a93bbee37","local_time":"20210104094654","is_ascension_mode":true,"campfire_choices":[{"data":"ReplayTheSpireMod:Muscle Training","floor":6,"key":"SMITH"},{"data":"Armaments","floor":17,"key":"SMITH"},{"data":"Limit Break","floor":25,"key":"SMITH"},{"data":"True Grit","floor":31,"key":"SMITH"},{"data":"Replay:Many Hands","floor":34,"key":"SMITH"},{"floor":42,"key":"RECALL"},{"data":"Replay:Undeath\u0027s Touch","floor":46,"key":"SMITH"},{"data":"Deep Breath","floor":51,"key":"SMITH"},{"data":"Replay:Undeath\u0027s Touch","floor":54,"key":"SMITH"}],"circlet_count":0,"master_deck":["Strike_R+1","Defend_R","Defend_R","Defend_R","Defend_R","Bash+1","ReplayTheSpireMod:Muscle Training+1","True Grit+1","Cleave","Limit Break+1","Headbutt","Shrug It Off","Armaments+1","Replay:Many Hands+1","Replay:Undeath\u0027s Touch+1","Replay:Undeath\u0027s Touch+1","Battle Trance+1","True Grit+1","Double Tap","Bludgeon","Trip","Burning Pact+1","True Grit+1","Deep Breath+1"],"relics":["Burning Blood","Boot","Gambling Chip","Chemical X","Darkstone Periapt","Oddly Smooth Stone","Whetstone","Busted Crown","Replay:Towering Pillar of Hats","Juzu Bracelet","Red Mask","Kunai","Meat on the Bone","Replay:Bottled Snecko","ReplayTheSpireMod:Ring of Addiction","White Beast Statue","Toy Ornithopter","Ancient Tea Set","Coffee Dripper","Strawberry","Golden Egg","Replay:Kaleidoscope"],"acts_visited":["Exordium","TheCity","TheBeyond","TheEnding"],"potions_floor_usage":[18,23,32,33,33,40,44,56,56],"damage_taken":[{"damage":6,"enemies":"2 Louse","floor":1,"turns":4},{"damage":17,"enemies":"Small Slimes","floor":2,"turns":5},{"damage":2,"enemies":"Cultist","floor":5,"turns":6},{"damage":20,"enemies":"Replay:BlueRogue","floor":7,"turns":7},{"damage":39,"enemies":"Lagavulin","floor":12,"turns":8},{"damage":4,"enemies":"2 Fungi Beasts","floor":13,"turns":5},{"damage":8,"enemies":"Replay:BlueRogue","floor":14,"turns":6},{"damage":1,"enemies":"Large Slime","floor":16,"turns":4},{"damage":6,"enemies":"Slime Boss","floor":18,"turns":17},{"damage":15,"enemies":"2 Thieves","floor":20,"turns":4},{"damage":23,"enemies":"Masked Bandits","floor":23,"turns":4},{"damage":14,"enemies":"Spheric Guardian","floor":24,"turns":4},{"damage":11,"enemies":"Slavers","floor":26,"turns":4},{"damage":0,"enemies":"Book of Stabbing","floor":29,"turns":3},{"damage":0,"enemies":"Snecko","floor":32,"turns":3},{"damage":1,"enemies":"Gremlin Leader","floor":33,"turns":4},{"damage":1,"enemies":"Champ","floor":35,"turns":7},{"damage":19,"enemies":"3 Darklings","floor":37,"turns":6},{"damage":0,"enemies":"Orb Walker","floor":39,"turns":2},{"damage":0,"enemies":"Sphere and 2 Shapes","floor":40,"turns":2},{"damage":0,"enemies":"3 Darklings","floor":41,"turns":6},{"damage":0,"enemies":"Giant Head","floor":44,"turns":5},{"damage":0,"enemies":"Nemesis","floor":47,"turns":1},{"damage":11,"enemies":"Replay:Hell Engine","floor":52,"turns":6},{"damage":12,"enemies":"Shield and Spear","floor":56,"turns":6},{"damage":73,"enemies":"The Heart","floor":57,"turns":3}],"seed_played":"1238194792193309675","potions_obtained":[{"floor":5,"key":"Languid Potion"},{"floor":14,"key":"SpeedPotion"},{"floor":16,"key":"ColorlessPotion"},{"floor":18,"key":"GamblersBrew"},{"floor":23,"key":"Adrenaline Potion"},{"floor":30,"key":"LiquidMemories"},{"floor":30,"key":"Adrenaline Potion"},{"floor":32,"key":"FearPotion"},{"floor":33,"key":"ColorlessPotion"},{"floor":35,"key":"Adrenaline Potion"},{"floor":37,"key":"Adrenaline Potion"},{"floor":40,"key":"LifebloodPotion"},{"floor":41,"key":"Energy Potion"},{"floor":44,"key":"SteroidPotion"},{"floor":56,"key":"Death Potion"}],"is_trial":false,"path_per_floor":["M","M","?","?","M","R","E","$","PTL","PTL","T","E","M","E","?","M","R","B",null,"M","?","T","?","M","R","E","$","T","E","?","R","M","E","R","B",null,"M","$","M","M","M","R","?","E","T","R","E","$","?","?","R","B",null,"R","$","E","B"],"character_chosen":"IRONCLAD","items_purchased":["Chemical X","True Grit","Trip","Burning Pact","True Grit"],"campfire_rested":0,"item_purchase_floors":[8,27,38,48,48],"current_hp_per_floor":[80,69,69,69,73,73,59,59,59,59,59,26,28,26,46,51,51,51,80,71,71,71,54,46,46,41,41,41,47,53,53,64,79,79,84,86,71,71,77,82,82,82,78,83,83,83,83,81,81,71,71,66,79,77,77,71,0,0],"gold":62,"neow_bonus":"RANDOM_COMMON_RELIC","is_daily":false,"chose_seed":false,"campfire_upgraded":8,"win_rate":0.0,"timestamp":1609771614,"path_taken":["M","M","?","?","?","R","E","$","PTL","PTL","T","E","M","E","?","M","R","BOSS","M","?","?","?","M","R","E","$","T","E","?","R","M","E","R","BOSS","M","$","M","M","M","R","?","E","T","R","E","$","?","?","R","BOSS","R","$","E","BOSS"],"items_purchased_type":["Relic","Card","Card","Card","Card"],"build_version":"2020-12-22","purchased_purges":4,"victory":false,"max_hp_per_floor":[80,80,80,80,80,80,80,80,80,80,80,80,80,80,80,80,80,80,80,80,80,80,80,80,80,80,80,80,80,86,86,86,86,86,86,86,84,84,84,82,82,82,78,83,83,83,83,81,81,81,79,79,79,77,77,77,77,77],"card_choices":[{"not_picked":["Sword Boomerang","Body Slam"],"picked":"ReplayTheSpireMod:Muscle Training","floor":1},{"not_picked":["Evolve","Wild Strike"],"picked":"True Grit","floor":2},{"not_picked":["Sever Soul","Combust","Anger"],"picked":"SKIP","floor":5},{"not_picked":["True Grit","Feel No Pain"],"picked":"Cleave","floor":7},{"not_picked":["Twin Strike","Infernal Blade"],"picked":"Limit Break","floor":12},{"not_picked":["Flex","Intimidate"],"picked":"Headbutt","floor":13},{"not_picked":["Clash","Armaments"],"picked":"Shrug It Off","floor":14},{"not_picked":["Clash","ReplayTheSpireMod:Corrosion Curse"],"picked":"Armaments","floor":16},{"not_picked":["Immolate","Berserk"],"picked":"Replay:Many Hands","floor":18},{"not_picked":[],"picked":"Replay:Undeath\u0027s Touch","floor":20},{"not_picked":[],"picked":"Replay:Undeath\u0027s Touch","floor":23},{"not_picked":[],"picked":"Battle Trance+1","floor":24},{"not_picked":["Armaments+1"],"picked":"SKIP","floor":26},{"not_picked":["ReplayTheSpireMod:Strike From Hell"],"picked":"SKIP","floor":29},{"not_picked":[],"picked":"Double Tap","floor":32},{"not_picked":["Flex"],"picked":"SKIP","floor":33},{"not_picked":[],"picked":"Bludgeon","floor":35},{"not_picked":["Headbutt+1"],"picked":"SKIP","floor":37},{"not_picked":["Seeing Red"],"picked":"SKIP","floor":39},{"not_picked":["Clash+1"],"picked":"SKIP","floor":40},{"not_picked":["Headbutt"],"picked":"SKIP","floor":41},{"not_picked":["Warcry+1"],"picked":"SKIP","floor":44},{"not_picked":["Fire Breathing"],"picked":"SKIP","floor":47},{"not_picked":[],"picked":"Deep Breath","floor":50},{"not_picked":["Sword Boomerang"],"picked":"SKIP","floor":56}],"player_experience":125802,"relics_obtained":[{"floor":7,"key":"Gambling Chip"},{"floor":11,"key":"Darkstone Periapt"},{"floor":12,"key":"Oddly Smooth Stone"},{"floor":14,"key":"Whetstone"},{"floor":22,"key":"Juzu Bracelet"},{"floor":23,"key":"Red Mask"},{"floor":26,"key":"Kunai"},{"floor":28,"key":"Meat on the Bone"},{"floor":29,"key":"Replay:Bottled Snecko"},{"floor":30,"key":"ReplayTheSpireMod:Ring of Addiction"},{"floor":30,"key":"White Beast Statue"},{"floor":30,"key":"Toy Ornithopter"},{"floor":33,"key":"Ancient Tea Set"},{"floor":44,"key":"Strawberry"},{"floor":47,"key":"Golden Egg"},{"floor":56,"key":"Replay:Kaleidoscope"}],"event_choices":[{"damage_healed":0,"gold_gain":0,"player_choice":"Grow","damage_taken":0,"max_hp_gain":0,"max_hp_loss":0,"event_name":"Living Wall","floor":3,"gold_loss":0,"cards_upgraded":["True Grit"]},{"damage_healed":0,"gold_gain":100,"player_choice":"Gold","damage_taken":0,"max_hp_gain":0,"max_hp_loss":0,"event_name":"Wheel of Change","floor":4,"gold_loss":0},{"damage_healed":20,"gold_gain":0,"player_choice":"Healed","damage_taken":0,"max_hp_gain":0,"max_hp_loss":0,"event_name":"The Cleric","floor":15,"gold_loss":35},{"damage_healed":0,"gold_gain":0,"player_choice":"Fought Bandits","damage_taken":0,"max_hp_gain":0,"max_hp_loss":0,"event_name":"Masked Bandits","floor":23,"gold_loss":0},{"damage_healed":0,"gold_gain":0,"player_choice":"Max HP","damage_taken":0,"max_hp_gain":0,"max_hp_loss":4,"event_name":"Winding Halls","floor":43,"gold_loss":0},{"cards_removed":["Strike_R"],"damage_healed":0,"gold_gain":0,"player_choice":"Purged","damage_taken":0,"max_hp_gain":0,"max_hp_loss":0,"event_name":"Purifier","floor":49,"gold_loss":0},{"damage_healed":0,"gold_gain":0,"player_choice":"Memory 3","damage_taken":10,"max_hp_gain":0,"max_hp_loss":0,"event_name":"SensoryStone","floor":50,"gold_loss":0}],"is_beta":false,"boss_relics":[{"not_picked":["Snecko Eye","Pandora\u0027s Box"],"picked":"Busted Crown"},{"not_picked":["Cursed Key","ChewingGum"],"picked":"Coffee Dripper"}],"items_purged_floors":[8,27,38,48],"is_endless":false,"potions_floor_spawned":[5,14,16,18,23,26,32,33,35,37,39,40,41,44,47,56],"killed_by":"The Heart","ascension_level":1}}