{"host":"851hhqouejqwzba1","time":1609754434,"event":{"mods":["BaseMod","Minty Spire (QoL Compilation)","Permanent Neow","Shop Mod","StSLib","óô»ðÖ¸ÄÏ"],"gold_per_floor":[119,119,119,45,56,84,14,14,14],"floor_reached":8,"playtime":300,"items_purged":[],"score":57,"play_id":"1caf85e0-bc44-41f8-8f16-1719b957f620","local_time":"20210104180034","is_ascension_mode":true,"campfire_choices":[],"circlet_count":0,"master_deck":["Strike_G","Strike_G","Strike_G","Strike_G","Defend_G","Defend_G","Defend_G","Defend_G","Defend_G","Survivor","Neutralize","Accuracy","Leg Sweep","Accuracy","Backstab","Sucker Punch","Infinite Blades"],"relics":["Black Star","Oddly Smooth Stone","Regal Pillow","Smiling Mask"],"acts_visited":["Exordium"],"potions_floor_usage":[6],"damage_taken":[{"damage":0.0,"enemies":"Jaw Worm","floor":1.0,"turns":5.0},{"damage":6.0,"enemies":"Small Slimes","floor":5.0,"turns":7.0},{"damage":43,"enemies":"Gremlin Nob","floor":6,"turns":9},{"damage":6,"enemies":"3 Sentries","floor":8,"turns":5}],"seed_played":"6238327840556246868","potions_obtained":[{"floor":1.0,"key":"Block Potion"}],"is_trial":false,"path_per_floor":["M","?","?","$","M","E","R","E"],"character_chosen":"THE_SILENT","items_purchased":["Accuracy","Infinite Blades"],"campfire_rested":0,"item_purchase_floors":[4,7],"current_hp_per_floor":[70,63,63,63,57,14,14,8,8],"gold":14,"neow_bonus":"BOSS_RELIC","is_daily":false,"chose_seed":false,"campfire_upgraded":0,"win_rate":0.0,"timestamp":1609754434,"path_taken":["M","?","?","$","M","E","R","E"],"items_purchased_type":["Card","Card"],"build_version":"2020-12-22","purchased_purges":0,"victory":false,"max_hp_per_floor":[70,70,70,70,70,70,70,70,70],"card_choices":[{"not_picked":["Backstab","Dagger Throw"],"picked":"Accuracy","floor":1.0},{"not_picked":["Dodge and Roll","Leg Sweep"],"picked":"Backstab","floor":5.0},{"not_picked":["Acrobatics","Poisoned Stab"],"picked":"Sucker Punch","floor":6}],"player_experience":301249,"relics_obtained":[{"floor":6,"key":"Regal Pillow"},{"floor":6,"key":"Smiling Mask"}],"event_choices":[{"damage_healed":0.0,"max_hp_gain":0.0,"max_hp_loss":0.0,"gold_gain":0.0,"event_name":"Scrap Ooze","player_choice":"Success","floor":2.0,"gold_loss":0.0,"damage_taken":7.0,"relics_obtained":["Oddly Smooth Stone"]},{"damage_healed":0.0,"max_hp_gain":0.0,"max_hp_loss":0.0,"gold_gain":0.0,"cards_transformed":["Strike_G"],"event_name":"Living Wall","player_choice":"Change","floor":3.0,"gold_loss":0.0,"damage_taken":0.0,"cards_obtained":["Leg Sweep"]}],"is_beta":false,"boss_relics":[],"items_purged_floors":[],"is_endless":false,"potions_floor_spawned":[1],"killed_by":"3 Sentries","ascension_level":1}}