{"host":"69rply1jf2d1wbmp","time":1609739502,"event":{"mods":["BaseMod","Minty Spire (QoL Compilation)","Quick Restart"],"gold_per_floor":[111,130,38,38,3,31,51,51,51,51,67,83,14,26,26,128,128,138,63,78,90,114,144,144,144,144],"floor_reached":25,"playtime":917,"items_purged":["Strike_G"],"score":223,"play_id":"89c0a59d-871e-4bd2-9cdf-df0c55523ced","local_time":"20210104005142","is_ascension_mode":false,"campfire_choices":[{"data":"Noxious Fumes","floor":8,"key":"SMITH"},{"data":"Bouncing Flask","floor":15,"key":"SMITH"},{"floor":24,"key":"REST"}],"circlet_count":0,"master_deck":["Strike_G","Strike_G","Strike_G","Defend_G","Defend_G","Defend_G","Defend_G","Survivor","Neutralize","Noxious Fumes+1","Deflect","Deflect","Bane","Bane","Deadly Poison","Bouncing Flask+1","Catalyst","Backflip","Decay","Die Die Die"],"relics":["Ring of the Snake","Question Card","Tough Bandages","Ninja Scroll","Cursed Key","Bag of Marbles","TungstenRod"],"acts_visited":["Exordium","TheCity"],"potions_floor_usage":[23,23,23],"damage_taken":[{"damage":0,"enemies":"2 Louse","floor":1,"turns":3},{"damage":0,"enemies":"Small Slimes","floor":2,"turns":3},{"damage":16,"enemies":"3 Sentries","floor":6,"turns":8},{"damage":2,"enemies":"Cultist","floor":7,"turns":4},{"damage":0,"enemies":"Exordium Thugs","floor":11,"turns":5},{"damage":3,"enemies":"Red Slaver","floor":12,"turns":4},{"damage":2,"enemies":"3 Louse","floor":14,"turns":3},{"damage":44,"enemies":"Slime Boss","floor":16,"turns":10},{"damage":14,"enemies":"2 Thieves","floor":18,"turns":4},{"damage":0,"enemies":"Chosen","floor":20,"turns":4},{"damage":6,"enemies":"Centurion and Healer","floor":21,"turns":6},{"damage":23,"enemies":"Gremlin Leader","floor":23,"turns":6},{"damage":38,"enemies":"Slavers","floor":25,"turns":4}],"seed_played":"8989144384505060431","potions_obtained":[{"floor":1,"key":"DistilledChaos"},{"floor":2,"key":"SkillPotion"},{"floor":7,"key":"LiquidMemories"},{"floor":16,"key":"PowerPotion"},{"floor":20,"key":"PowerPotion"}],"is_trial":false,"path_per_floor":["M","M","$","?","?","E","M","R","T","?","M","M","$","M","R","B",null,"M","$","M","M","T","E","R","E"],"character_chosen":"THE_SILENT","items_purchased":["Noxious Fumes","Deflect","Bouncing Flask"],"campfire_rested":1,"item_purchase_floors":[3,3,13],"current_hp_per_floor":[63,63,63,51,63,47,45,45,45,63,63,60,60,58,58,14,63,49,49,49,43,43,20,38,0,0],"gold":144,"neow_bonus":"REMOVE_TWO","is_daily":false,"chose_seed":false,"campfire_upgraded":2,"win_rate":0.0,"timestamp":1609739502,"path_taken":["M","M","$","?","?","E","M","R","T","?","M","M","$","M","R","BOSS","M","$","?","M","?","E","R","E"],"items_purchased_type":["Card","Card","Card"],"build_version":"2020-12-22","purchased_purges":1,"victory":false,"max_hp_per_floor":[63,63,63,63,63,63,63,63,63,63,63,63,63,63,63,63,63,63,63,63,63,63,63,63,63,63],"card_choices":[{"not_picked":["Endless Agony","Quick Slash","Escape Plan"],"picked":"SKIP","floor":1},{"not_picked":["Masterful Stab","Underhanded Strike","Distraction"],"picked":"SKIP","floor":2},{"not_picked":["Dagger Throw","Finisher","Expertise"],"picked":"Deflect","floor":6},{"not_picked":["Outmaneuver","Infinite Blades","Concentrate"],"picked":"Bane","floor":7},{"not_picked":["All Out Attack","Dagger Throw","Flechettes"],"picked":"Bane","floor":11},{"not_picked":["After Image","All Out Attack","Backstab"],"picked":"Deadly Poison","floor":12},{"not_picked":["Acrobatics","Finisher","Outmaneuver","Dash"],"picked":"SKIP","floor":14},{"not_picked":["Prepared+1","Sucker Punch","Endless Agony+1","Reflex"],"picked":"SKIP","floor":18},{"not_picked":["Blade Dance+1","Flying Knee+1","Heel Hook"],"picked":"Catalyst","floor":20},{"not_picked":["Underhanded Strike","PiercingWail","Reflex"],"picked":"Backflip","floor":21},{"not_picked":["Sucker Punch+1","Prepared","Flying Knee+1"],"picked":"Die Die Die","floor":23}],"player_experience":415834,"relics_obtained":[{"floor":6,"key":"Tough Bandages"},{"floor":9,"key":"Ninja Scroll"},{"floor":22,"key":"Bag of Marbles"},{"floor":23,"key":"TungstenRod"}],"event_choices":[{"damage_healed":0,"gold_gain":0,"player_choice":"Success","damage_taken":12,"relics_obtained":["Question Card"],"max_hp_gain":0,"max_hp_loss":0,"event_name":"Scrap Ooze","floor":4,"gold_loss":0},{"damage_healed":15,"gold_gain":0,"player_choice":"Healed","damage_taken":0,"max_hp_gain":0,"max_hp_loss":0,"event_name":"The Cleric","floor":5,"gold_loss":35},{"damage_healed":18,"gold_gain":0,"player_choice":"Full Heal","damage_taken":0,"max_hp_gain":0,"max_hp_loss":0,"event_name":"Wheel of Change","floor":10,"gold_loss":0}],"is_beta":false,"boss_relics":[{"not_picked":["Snecko Eye","Busted Crown"],"picked":"Cursed Key"}],"items_purged_floors":[19],"is_endless":false,"potions_floor_spawned":[1,2,7,12,16,20,21],"killed_by":"Slavers","ascension_level":0}}