{"host":"Timothy","time":1609743369,"event":{"mods":["AchievementEnabler","BaseMod","Bestiary","Highlight Path","Minty Spire (QoL Compilation)","Quick Restart","Slay-I"],"gold_per_floor":[116,47,64,10,285,285,16,26,104,104,115,115,149,159,159,259,259,277,294,304,315,315,346,346,346],"floor_reached":24,"playtime":1827,"items_purged":["Regret"],"score":218,"play_id":"f84aa80b-fae9-442a-9594-14f6052ccc94","local_time":"20210103225609","is_ascension_mode":false,"campfire_choices":[{"data":"Fusion","floor":6.0,"key":"SMITH"},{"data":"Fusion","floor":10.0,"key":"SMITH"},{"data":"Reinforced Body","floor":12.0,"key":"SMITH"},{"data":"Coolheaded","floor":15.0,"key":"SMITH"}],"circlet_count":0,"master_deck":["Strike_B","Strike_B","Strike_B","Strike_B","Defend_B","Defend_B","Defend_B","Defend_B","Zap","Dualcast","Reinforced Body+1","Fusion+1","Fusion+1","Cold Snap","Cold Snap","Coolheaded+1","Chill","Glacier","Echo Form","Capacitor","Defragment","Self Repair+1"],"relics":["Sozu","Runic Capacitor","Ornamental Fan","DataDisk","Philosopher\u0027s Stone","Frozen Egg 2"],"acts_visited":["Exordium","TheCity"],"potions_floor_usage":[],"damage_taken":[{"damage":0.0,"enemies":"Cultist","floor":1.0,"turns":3.0},{"damage":4.0,"enemies":"Jaw Worm","floor":3.0,"turns":5.0},{"damage":0.0,"enemies":"2 Louse","floor":8.0,"turns":3.0},{"damage":6.0,"enemies":"Red Slaver","floor":11.0,"turns":4.0},{"damage":10.0,"enemies":"Lagavulin","floor":13.0,"turns":10.0},{"damage":0.0,"enemies":"Large Slime","floor":14.0,"turns":8.0},{"damage":10.0,"enemies":"The Guardian","floor":16.0,"turns":24.0},{"damage":18.0,"enemies":"3 Byrds","floor":18.0,"turns":8.0},{"damage":3.0,"enemies":"Spheric Guardian","floor":19.0,"turns":7.0},{"damage":28.0,"enemies":"Chosen and Byrds","floor":20.0,"turns":11.0},{"damage":11,"enemies":"3 Cultists","floor":21,"turns":9},{"damage":4,"enemies":"Book of Stabbing","floor":23,"turns":11},{"damage":18,"enemies":"Snake Plant","floor":24,"turns":2}],"seed_played":"-6169366544141867178","potions_obtained":[],"is_trial":false,"path_per_floor":["M","$","M","$","?","R","$","M","T","R","M","R","E","M","R","B",null,"M","M","M","M","?","E","M"],"character_chosen":"DEFECT","items_purchased":["Fusion","Cold Snap","Runic Capacitor","Cold Snap"],"campfire_rested":0,"item_purchase_floors":[2,4,7,7],"current_hp_per_floor":[75,75,71,71,71,71,71,71,71,71,65,65,55,55,55,45,75,57,54,26,15,15,11,0,0],"gold":346,"neow_bonus":"BOSS_RELIC","is_daily":false,"chose_seed":false,"campfire_upgraded":4,"win_rate":0.0,"timestamp":1609743369,"path_taken":["M","?","M","$","?","R","$","M","T","R","?","R","E","M","R","BOSS","M","M","M","M","?","E","M"],"items_purchased_type":["Card","Card","Relic","Card"],"build_version":"2020-12-18","purchased_purges":1,"victory":false,"max_hp_per_floor":[75,75,75,75,75,75,75,75,75,75,75,75,75,75,75,75,75,75,75,75,75,75,75,75,75],"card_choices":[{"not_picked":["Rebound","Recycle"],"picked":"Reinforced Body","floor":1.0},{"not_picked":["Beam Cell","Steam Power"],"picked":"Fusion","floor":3.0},{"not_picked":["Storm","FTL"],"picked":"Coolheaded","floor":8.0},{"not_picked":["Streamline","Aggregate"],"picked":"Chill","floor":11.0},{"not_picked":["Sweeping Beam","Chill","Hello World"],"picked":"SKIP","floor":13.0},{"not_picked":["Steam Power","Gash"],"picked":"Glacier","floor":14.0},{"not_picked":["Machine Learning","Multi-Cast"],"picked":"Echo Form","floor":16.0},{"not_picked":["Go for the Eyes","Conserve Battery","Sweeping Beam+1"],"picked":"SKIP","floor":18.0},{"not_picked":["Sweeping Beam","Steam"],"picked":"Capacitor","floor":19.0},{"not_picked":["Loop","Gash"],"picked":"Defragment","floor":20.0},{"not_picked":["Beam Cell","Cold Snap","Gash+1"],"picked":"SKIP","floor":21},{"not_picked":["Streamline","Gash+1"],"picked":"Self Repair+1","floor":23}],"player_experience":728709,"relics_obtained":[{"floor":9.0,"key":"Ornamental Fan"},{"floor":13.0,"key":"DataDisk"},{"floor":23,"key":"Frozen Egg 2"}],"event_choices":[{"damage_healed":0.0,"max_hp_gain":0.0,"max_hp_loss":0.0,"gold_gain":275.0,"event_name":"Golden Shrine","player_choice":"Desecrate","floor":5.0,"gold_loss":0.0,"damage_taken":0.0,"cards_obtained":["Regret"]},{"damage_healed":0,"gold_gain":0,"player_choice":"Got Potions","damage_taken":0,"max_hp_gain":0,"max_hp_loss":0,"event_name":"Lab","floor":22,"gold_loss":0}],"is_beta":true,"boss_relics":[{"not_picked":["Astrolabe","SacredBark"],"picked":"Philosopher\u0027s Stone"}],"items_purged_floors":[7],"is_endless":false,"potions_floor_spawned":[1,3,13,21,23],"killed_by":"Snake Plant","ascension_level":0}}