{"host":"27tk4xseidcli2mr","time":1609784557,"event":{"mods":["2.2 Compatiblity","AchievementEnabler","Aspiration","BaseMod","Better Third Choice","Conspire","Custom Start","Downfall","Hubris","Infinite Spire","Jorbs\u0027s Wanderer Trilogy","Minty Spire (QoL Compilation)","Replay The Spire","StSLib","SuperFastMode","[IsaacMod]????"],"gold_per_floor":[119,194,33,33,8,38,51,51,51,71,71,71,102,116,134,409,409,512,512,523,523,523,543,557,557,557],"floor_reached":25,"playtime":723,"items_purged":["Strike_P","Regret"],"score":313,"play_id":"e4142568-6061-4b9e-a05e-451336623b51","local_time":"20210104192237","is_ascension_mode":true,"campfire_choices":[{"floor":12.0,"key":"REST"},{"data":"Fasting2","floor":17.0,"key":"SMITH"}],"circlet_count":0,"master_deck":["Strike_P","Strike_P","Strike_P","Defend_P","Defend_P","Defend_P","Defend_P","Eruption","Vigilance","EmptyFist","Fasting2+1","Replay:BluntJabs","Consecrate","Consecrate","PathToVictory","Replay:BluntJabs","FlyingSleeves","Replay:ManipulateFuture","PathToVictory","Fasting2"],"relics":["PureWater","HushsDoor","SteamSale","Replay:Rubber Ducky","Gremlin Horn","ReplayTheSpireMod:Lightbulb","aspiration:RunicSpoon","GuppysTail","hubris:Towel","Runic Pyramid","ReplayFunnel"],"acts_visited":["Exordium","TheCity"],"potions_floor_usage":[23,24,24],"damage_taken":[{"damage":7.0,"enemies":"2 Louse","floor":1.0,"turns":4.0},{"damage":34.0,"enemies":"3 Sentries","floor":6.0,"turns":6.0},{"damage":0.0,"enemies":"Cultist","floor":7.0,"turns":4.0},{"damage":0.0,"enemies":"Small Slimes","floor":10.0,"turns":1.0},{"damage":6.0,"enemies":"Lagavulin","floor":13.0,"turns":5.0},{"damage":0.0,"enemies":"Looter","floor":14.0,"turns":3.0},{"damage":0.0,"enemies":"2 Fungi Beasts","floor":15.0,"turns":2.0},{"damage":2.0,"enemies":"Slime Boss","floor":18.0,"turns":5.0},{"damage":24.0,"enemies":"Chosen","floor":20.0,"turns":5.0},{"damage":6,"enemies":"Shell Parasite","floor":23,"turns":2},{"damage":13,"enemies":"Chosen and Byrds","floor":24,"turns":6},{"damage":36,"enemies":"Nightmare","floor":25,"turns":5}],"seed_played":"-8901702703973520323","potions_obtained":[{"floor":6.0,"key":"CultistPotion"},{"floor":13.0,"key":"hexamod:EctoCoolerPotion"},{"floor":14.0,"key":"Block Potion"},{"floor":15.0,"key":"DistilledChaos"}],"is_trial":false,"path_per_floor":["M","?","$","?","$","E","M","PTL","PTL","M","T","R","E","M","M","?","R","B",null,"M","?","AVR","M","M","NM"],"character_chosen":"WATCHER","items_purchased":["Replay:Rubber Ducky","Fasting2","Replay:BluntJabs","Consecrate","GuppysTail"],"campfire_rested":1,"item_purchase_floors":[3,3,3,5,19],"current_hp_per_floor":[72,65,65,50,50,16,16,16,16,16,16,39,33,33,33,33,33,31,69,45,45,45,39,26,0,0],"gold":557,"neow_bonus":"TEN_PERCENT_HP_BONUS","is_daily":false,"chose_seed":false,"campfire_upgraded":1,"win_rate":0.0,"timestamp":1609784557,"path_taken":["M","?","$","?","$","E","?","PTL","PTL","M","T","R","E","M","M","?","R","BOSS","M","?","AVR","M","?","NM"],"items_purchased_type":["Relic","Card","Card","Card","Relic"],"build_version":"2020-12-22","purchased_purges":2,"victory":false,"max_hp_per_floor":[79,79,79,79,79,79,79,79,79,79,79,79,79,79,79,79,79,79,69,69,69,69,69,69,69,69],"card_choices":[{"not_picked":["Bomb","SashWhip"],"picked":"EmptyFist","floor":1.0},{"not_picked":["Omniscience","Crescendo"],"picked":"Consecrate","floor":6.0},{"not_picked":["CrushJoints","Replay:BluntJabs"],"picked":"PathToVictory","floor":7.0},{"not_picked":["Wireheading","WindmillStrike","Vengeance"],"picked":"SKIP","floor":10.0},{"not_picked":["WaveOfTheHand","Replay:AllIn"],"picked":"Replay:BluntJabs","floor":13.0},{"not_picked":["Replay:Anticipation","EmptyFist"],"picked":"FlyingSleeves","floor":14.0},{"not_picked":["Indignation","FlyingSleeves"],"picked":"Replay:ManipulateFuture","floor":15.0},{"not_picked":["Swivel","Protect"],"picked":"PathToVictory","floor":20.0},{"not_picked":["JustLucky","Weave"],"picked":"Fasting2","floor":23},{"not_picked":["Halt","CutThroughFate","Replay:AtTheReady"],"picked":"SKIP","floor":24}],"player_experience":1266005,"relics_obtained":[{"floor":6.0,"key":"Gremlin Horn"},{"floor":13.0,"key":"ReplayTheSpireMod:Lightbulb"}],"event_choices":[{"damage_healed":0.0,"max_hp_gain":0.0,"max_hp_loss":0.0,"gold_gain":75.0,"event_name":"FaceTrader","player_choice":"Touch","floor":2.0,"gold_loss":0.0,"damage_taken":7.0},{"damage_healed":0.0,"max_hp_gain":0.0,"max_hp_loss":0.0,"gold_gain":275.0,"event_name":"Golden Shrine","player_choice":"Desecrate","floor":16.0,"gold_loss":0.0,"damage_taken":0.0,"cards_obtained":["Regret"]}],"is_beta":false,"boss_relics":[{"not_picked":["Philosopher\u0027s Stone","conspire:SeveredTorchhead"],"picked":"aspiration:RunicSpoon"},{"not_picked":[]}],"items_purged_floors":[3,22],"is_endless":false,"potions_floor_spawned":[6,13,14,15,18,20],"killed_by":"Nightmare","ascension_level":4}}