{"host":"873t0y8ybyo38pfq","time":1609798346,"event":{"mods":["BaseMod","Bestiary","Colored Map","Colored Powertips","Highlight Path","Minty Spire (QoL Compilation)","Quick Restart","RNG Fix","Rare Cards Sparkle","Relic Stats","StSLib"],"gold_per_floor":[361,326,340,353,2,2,2,17,17,17,17,17,17,32,32,110,110,123,123,123],"floor_reached":19,"playtime":1749,"items_purged":["Strike_B"],"score":314,"play_id":"7ad6001b-e235-4fe9-81e7-d2cd7e2a0886","local_time":"20210104171226","is_ascension_mode":true,"campfire_choices":[{"data":"Zap","floor":6,"key":"SMITH"},{"floor":11,"key":"REST"},{"data":"Go for the Eyes","floor":15,"key":"SMITH"}],"circlet_count":0,"master_deck":["AscendersBane","Strike_B+1","Strike_B","Defend_B","Defend_B","Defend_B+1","Defend_B","Zap+1","Dualcast","Ball Lightning","Go for the Eyes+1","Cold Snap","Undo","Reboot","Self Repair","Seek","Redo"],"relics":["Cracked Core","Matryoshka","Omamori","The Courier","StoneCalendar","Black Star"],"acts_visited":["Exordium","TheCity"],"potions_floor_usage":[8,16,18],"damage_taken":[{"damage":3,"enemies":"Small Slimes","floor":1,"turns":2},{"damage":0,"enemies":"Cultist","floor":3,"turns":2},{"damage":7,"enemies":"2 Louse","floor":4,"turns":3},{"damage":1,"enemies":"Exordium Thugs","floor":8,"turns":4},{"damage":0,"enemies":"2 Fungi Beasts","floor":14,"turns":2},{"damage":13,"enemies":"Slime Boss","floor":16,"turns":7},{"damage":12,"enemies":"Spheric Guardian","floor":18,"turns":7},{"damage":68,"enemies":"Masked Bandits","floor":19,"turns":3}],"seed_played":"8887247415433671138","potions_obtained":[{"floor":1,"key":"FearPotion"},{"floor":14,"key":"DistilledChaos"},{"floor":16,"key":"Fruit Juice"}],"is_trial":false,"path_per_floor":["M","?","M","M","$","R","?","M","T","?","R","$","?","M","R","B",null,"M","?"],"character_chosen":"DEFECT","items_purchased":["Matryoshka"],"campfire_rested":1,"item_purchase_floors":[5],"current_hp_per_floor":[43,60,60,53,53,53,32,31,31,20,41,41,41,41,41,35,62,62,0,0],"gold":123,"neow_bonus":"TWO_FIFTY_GOLD","is_daily":false,"chose_seed":false,"campfire_upgraded":2,"win_rate":0.0,"timestamp":1609798346,"path_taken":["M","?","M","M","$","R","?","?","T","?","R","$","?","M","R","BOSS","M","?"],"items_purchased_type":["Relic"],"build_version":"2020-12-22","purchased_purges":1,"victory":false,"max_hp_per_floor":[71,71,71,71,71,71,71,71,71,71,71,71,71,71,71,71,71,76,76,76],"relic_stats":{"counters":[8,30],"StoneCalendar":[40],"Black Star":0,"obtain_stats":[{"Matryoshka":5,"StoneCalendar":10,"The Courier":9,"Omamori":9,"Black Star":17,"Cracked Core":0},{"Matryoshka":3,"StoneCalendar":4,"The Courier":4,"Omamori":4,"Black Star":6,"Cracked Core":0},{"Matryoshka":7,"StoneCalendar":11,"The Courier":11,"Omamori":11,"Black Star":20,"Cracked Core":0}]},"card_choices":[{"not_picked":["Streamline","Steam"],"picked":"Ball Lightning","floor":1},{"not_picked":["Hologram","Coolheaded"],"picked":"Go for the Eyes","floor":3},{"not_picked":["Turbo","Rebound"],"picked":"Cold Snap","floor":4},{"not_picked":["Sweeping Beam","Reinforced Body"],"picked":"Undo","floor":8},{"not_picked":["Fusion","Storm"],"picked":"Self Repair","floor":14},{"not_picked":["Machine Learning","Thunder Strike"],"picked":"Seek","floor":16},{"not_picked":["BootSequence","Gash"],"picked":"Redo","floor":18}],"player_experience":1510121,"relics_obtained":[{"floor":9,"key":"Omamori"},{"floor":9,"key":"The Courier"}],"event_choices":[{"damage_healed":17,"gold_gain":0,"player_choice":"Healed","damage_taken":0,"max_hp_gain":0,"max_hp_loss":0,"event_name":"The Cleric","floor":2,"gold_loss":35},{"damage_healed":0,"gold_gain":0,"player_choice":"Entered Light","damage_taken":21,"max_hp_gain":0,"max_hp_loss":0,"event_name":"Shining Light","floor":7,"gold_loss":0,"cards_upgraded":["Defend_B","Strike_B"]},{"damage_healed":0,"gold_gain":0,"player_choice":"Success","damage_taken":11,"relics_obtained":["StoneCalendar"],"max_hp_gain":0,"max_hp_loss":0,"event_name":"Scrap Ooze","floor":10,"gold_loss":0},{"damage_healed":0,"gold_gain":0,"cards_transformed":["Strike_B"],"player_choice":"Change","damage_taken":0,"max_hp_gain":0,"max_hp_loss":0,"event_name":"Living Wall","floor":13,"gold_loss":0,"cards_obtained":["Reboot"]},{"damage_healed":0,"gold_gain":0,"player_choice":"Fought Bandits","damage_taken":0,"max_hp_gain":0,"max_hp_loss":0,"event_name":"Masked Bandits","floor":19,"gold_loss":0}],"is_beta":false,"boss_relics":[{"not_picked":["Tiny House","Pandora\u0027s Box"],"picked":"Black Star"}],"items_purged_floors":[5],"is_endless":false,"potions_floor_spawned":[1,14,16],"killed_by":"Masked Bandits","ascension_level":20}}