{"host":"sav7uxregyirlf69","time":1609728806,"event":{"mods":["AchievementEnabler","BaseMod","Colored Map","DeckTracker","Keyboard Shortcuts","Minty Spire (QoL Compilation)","READ ME - Guardian Mod","StSLib","SuperFastMode"],"gold_per_floor":[118,118,137,152,152,152,164,164,215,215,242,16,44,44,44,44,44],"floor_reached":16,"playtime":275,"items_purged":["Strike_B"],"score":200,"play_id":"77aa2b1d-6d7b-4b2e-99c2-1aa08f94d16f","local_time":"20210104115326","is_ascension_mode":true,"campfire_choices":[{"data":"Zap","floor":6.0,"key":"SMITH"},{"data":"Streamline","floor":8.0,"key":"SMITH"},{"data":"Beam Cell","floor":15.0,"key":"SMITH"}],"circlet_count":0,"master_deck":["AscendersBane","Strike_B","Strike_B","Defend_B","Defend_B","Defend_B","Zap+1","Dualcast","All For One","Stack","Beam Cell+1","Gash","Auto Shields","Streamline+1","Gash","Glacier","Capacitor","Compile Driver"],"relics":["Cracked Core","DataDisk","MawBank","White Beast Statue"],"acts_visited":["Exordium"],"potions_floor_usage":[16],"damage_taken":[{"damage":5.0,"enemies":"2 Louse","floor":1.0,"turns":3.0},{"damage":6.0,"enemies":"Cultist","floor":3.0,"turns":3.0},{"damage":7.0,"enemies":"Small Slimes","floor":4.0,"turns":3.0},{"damage":7.0,"enemies":"2 Fungi Beasts","floor":7.0,"turns":4.0},{"damage":16.0,"enemies":"Lots of Slimes","floor":11.0,"turns":3.0},{"damage":7.0,"enemies":"3 Sentries","floor":13.0,"turns":8.0},{"damage":23,"enemies":"Slime Boss","floor":16,"turns":6}],"seed_played":"7817579711571303628","potions_obtained":[{"floor":4.0,"key":"Ancient Potion"},{"floor":13.0,"key":"PowerPotion"}],"is_trial":false,"path_per_floor":["M","?","M","M","?","R","M","R","T","?","M","$","E","?","R","B"],"character_chosen":"DEFECT","items_purchased":["Glacier","Capacitor"],"campfire_rested":0,"item_purchase_floors":[12,12],"current_hp_per_floor":[59,59,53,46,51,51,44,44,44,44,28,28,21,21,21,0,0],"gold":44,"neow_bonus":"TRANSFORM_TWO_CARDS","is_daily":false,"chose_seed":false,"campfire_upgraded":3,"win_rate":0.0,"timestamp":1609728806,"path_taken":["M","?","?","M","?","R","M","R","T","?","?","$","E","?","R","BOSS"],"items_purchased_type":["Card","Card"],"build_version":"2020-12-22","purchased_purges":1,"victory":false,"max_hp_per_floor":[64,64,64,64,69,69,69,69,69,69,69,69,69,69,69,69,69],"card_choices":[{"not_picked":["Sweeping Beam","Barrage"],"picked":"Beam Cell","floor":1.0},{"not_picked":["Melter","Redo"],"picked":"Gash","floor":3.0},{"not_picked":["Redo","Cold Snap"],"picked":"Auto Shields","floor":4.0},{"not_picked":["Capacitor","Compile Driver"],"picked":"Streamline","floor":7.0},{"not_picked":["Conserve Battery","Stack"],"picked":"Gash","floor":11.0},{"not_picked":["Barrage","Seek"],"picked":"Compile Driver","floor":13.0}],"player_experience":1130504,"relics_obtained":[{"floor":9.0,"key":"DataDisk"},{"floor":13.0,"key":"White Beast Statue"}],"event_choices":[{"damage_healed":0.0,"max_hp_gain":0.0,"max_hp_loss":0.0,"gold_gain":0.0,"event_name":"Match and Keep!","player_choice":"0 cards matched","floor":2.0,"gold_loss":0.0,"damage_taken":0.0,"cards_obtained":[]},{"damage_healed":0.0,"max_hp_gain":5.0,"max_hp_loss":0.0,"gold_gain":0.0,"event_name":"Big Fish","player_choice":"Donut","floor":5.0,"gold_loss":0.0,"damage_taken":0.0},{"damage_healed":0.0,"max_hp_gain":0.0,"max_hp_loss":0.0,"gold_gain":0.0,"event_name":"WeMeetAgain","player_choice":"Gave Potion","floor":10.0,"gold_loss":0.0,"damage_taken":0.0,"relics_obtained":["MawBank"]},{"damage_healed":0.0,"max_hp_gain":0.0,"max_hp_loss":0.0,"gold_gain":0.0,"event_name":"Liars Game","player_choice":"Ignored","floor":14.0,"gold_loss":0.0,"damage_taken":0.0}],"is_beta":false,"boss_relics":[],"items_purged_floors":[12],"is_endless":false,"potions_floor_spawned":[4,13],"killed_by":"Slime Boss","ascension_level":20}}