{"host":"es89jqq87guwhc1m","time":1609768752,"event":{"mods":["BaseMod","Colored Map","DeckTracker","Lobotomy","Minty Spire (QoL Compilation)","StSLib","SuperFastMode"],"gold_per_floor":[119,119,119,144,162,162,201,214,240,271,7,22,22,47,47,177,177,201,224,224,224,124,124,143,158,158,158,171,192,292,45,45,175,175,194,194,194,260,279,320,320,41,90,111,444,454,486,504,504,504,504],"floor_reached":50,"playtime":4405,"items_purged":["Scorched","LongBird","Alriune"],"score":664,"play_id":"83a4c9fd-261d-44fc-ac19-2bedba963d7c","local_time":"20210104225912","is_ascension_mode":false,"campfire_choices":[{"data":"Infernal Blade","floor":6.0,"key":"SMITH"},{"data":"Armaments","floor":13.0,"key":"SMITH"},{"data":"Dark Embrace","floor":15.0,"key":"SMITH"},{"data":"Offering","floor":23.0,"key":"SMITH"},{"floor":32.0,"key":"REST"},{"data":"Rupture","floor":41.0,"key":"SMITH"},{"floor":49,"key":"RECALL"}],"circlet_count":0,"master_deck":["Strike_R","Strike_R","Strike_R","Defend_R","Defend_R","Defend_R","Bash","Headbutt","QueenBee","WallGazer","Demon Form","Seeing Red","Wellcheers","True Grit","Sword Boomerang","Heavy Blade","Reckless Charge","Dark Embrace+1","Armaments+1","ShyLook","Offering+1","Second Wind","CENSORED","Burning Pact","Necronomicurse","Rupture+1","Offering+1","Flame Barrier+1","MHz","RedShoes","Reaper","Sentinel+1","Finesse","Good Instincts","Evolve+1","Burning Pact","Funeral"],"relics":["Burning Blood","CogitoBucket","CultistMask","Bag of Marbles","Oddly Smooth Stone","Orichalcum","Orrery","AdjustmentMirror","Philosopher\u0027s Stone","Necronomicon","Kunai","Pantograph","Runic Cube","AtMidnight","BehaviorAdjustment","Charon\u0027s Ashes","Blood Vial","DollysMirror","Red Skull","Ancient Tea Set"],"acts_visited":["Exordium","TheCity","TheBeyond"],"potions_floor_usage":[],"damage_taken":[{"damage":8.0,"enemies":"Jaw Worm","floor":1.0,"turns":3.0},{"damage":0.0,"enemies":"Small Slimes","floor":4.0,"turns":2.0},{"damage":0.0,"enemies":"Cultist","floor":5.0,"turns":2.0},{"damage":20.0,"enemies":"Lagavulin","floor":7.0,"turns":7.0},{"damage":7.0,"enemies":"Looter","floor":8.0,"turns":2.0},{"damage":11.0,"enemies":"3 Sentries","floor":10.0,"turns":3.0},{"damage":8.0,"enemies":"3 Louse","floor":12.0,"turns":4.0},{"damage":6.0,"enemies":"Blue Slaver","floor":14.0,"turns":2.0},{"damage":2.0,"enemies":"Hexaghost","floor":16.0,"turns":7.0},{"damage":14.0,"enemies":"Chosen","floor":18.0,"turns":3.0},{"damage":14.0,"enemies":"3 Byrds","floor":19.0,"turns":3.0},{"damage":43.0,"enemies":"Snake Plant","floor":24.0,"turns":5.0},{"damage":26.0,"enemies":"Cultist and Chosen","floor":25.0,"turns":5.0},{"damage":8.0,"enemies":"Chosen and Byrds","floor":28.0,"turns":6.0},{"damage":17.0,"enemies":"Snake Plant","floor":29.0,"turns":4.0},{"damage":67.0,"enemies":"Automaton","floor":33.0,"turns":9.0},{"damage":44.0,"enemies":"3 Shapes","floor":35.0,"turns":6.0},{"damage":54.0,"enemies":"2 Orb Walkers","floor":38.0,"turns":3.0},{"damage":20.0,"enemies":"3 Darklings","floor":39.0,"turns":2.0},{"damage":39.0,"enemies":"Reptomancer","floor":40.0,"turns":3.0},{"damage":12.0,"enemies":"Spire Growth","floor":44.0,"turns":3.0},{"damage":53.0,"enemies":"Maw","floor":46.0,"turns":7.0},{"damage":41.0,"enemies":"Nemesis","floor":47.0,"turns":4.0},{"damage":59,"enemies":"Jaw Worm Horde","floor":48,"turns":5},{"damage":88,"enemies":"Donu and Deca","floor":50,"turns":3}],"seed_played":"-5979224050581843543","potions_obtained":[{"floor":7.0,"key":"LiquidBronze"},{"floor":14.0,"key":"LiquidBronze"},{"floor":16.0,"key":"DistilledChaos"},{"floor":24.0,"key":"SpeedPotion"},{"floor":28.0,"key":"DuplicationPotion"},{"floor":29.0,"key":"AttackPotion"},{"floor":44.0,"key":"FearPotion"},{"floor":46.0,"key":"SneckoOil"}],"is_trial":false,"path_per_floor":["M","?","?","M","M","R","E","M","T","E","$","M","R","M","R","B",null,"M","M","?","?","$","R","M","M","T","?","M","M","?","$","R","B",null,"M","T","?","?","M","E","R","$","T","M","?","M","E","M","R","B"],"character_chosen":"IRONCLAD","items_purchased":["Orrery","Armaments","Pantograph","DollysMirror"],"campfire_rested":1,"item_purchase_floors":[11,11,31,42],"current_hp_per_floor":[78,58,58,64,70,70,56,55,55,50,50,48,48,48,48,52,80,72,69,53,53,53,53,28,15,15,15,15,12,12,12,36,66,80,75,75,65,80,80,68,68,68,68,77,77,78,71,60,60,0,0],"gold":504,"neow_bonus":"","is_daily":false,"chose_seed":false,"campfire_upgraded":5,"win_rate":0.0,"timestamp":1609768752,"path_taken":["M","?","?","M","M","R","E","M","T","E","$","?","R","M","R","BOSS","M","M","?","?","$","R","M","M","T","?","M","?","?","?","R","BOSS","M","?","?","?","M","E","R","$","T","M","?","M","E","?","R","BOSS"],"items_purchased_type":["Relic","Card","Relic","Relic"],"build_version":"2020-12-22","purchased_purges":3,"victory":false,"max_hp_per_floor":[80,80,80,80,80,80,80,80,80,80,80,80,80,80,80,80,80,80,80,80,80,80,80,80,80,80,80,80,80,80,80,80,80,80,80,80,80,80,80,80,80,80,80,80,80,80,80,80,80,80,80],"card_choices":[{"not_picked":["MHz","FairyFestival"],"picked":"LongBird","floor":1.0},{"not_picked":["Armaments","Pommel Strike"],"picked":"Headbutt","floor":1.0},{"not_picked":["Yin","MHz"],"picked":"QueenBee","floor":4.0},{"not_picked":["Shrug It Off","Cleave"],"picked":"Infernal Blade","floor":4.0},{"not_picked":["UniverseFragment","ShyLook"],"picked":"WallGazer","floor":5.0},{"not_picked":["Pommel Strike","Havoc"],"picked":"Demon Form","floor":5.0},{"not_picked":["Murderer","MHz"],"picked":"Scorched","floor":7.0},{"not_picked":["Perfected Strike","Dropkick"],"picked":"Seeing Red","floor":7.0},{"not_picked":["Iron Wave","Pommel Strike","Clothesline"],"picked":"SKIP","floor":8.0},{"not_picked":["Scarecrow","MHz"],"picked":"Wellcheers","floor":10.0},{"not_picked":["Body Slam","Entrench"],"picked":"True Grit","floor":10.0},{"not_picked":["Pommel Strike","Dark Embrace"],"picked":"Sword Boomerang","floor":11.0},{"not_picked":["Dark Embrace","Shockwave"],"picked":"Heavy Blade","floor":11.0},{"not_picked":["Twin Strike","Fiend Fire"],"picked":"Reckless Charge","floor":11.0},{"not_picked":["True Grit","Blood for Blood"],"picked":"Dark Embrace","floor":11.0},{"not_picked":["Searing Blow","Clash","Pommel Strike"],"picked":"SKIP","floor":12.0},{"not_picked":["Searing Blow","Clash","Pommel Strike"],"picked":"SKIP","floor":12.0},{"not_picked":["CherryBlossoms","BeautyBeast"],"picked":"ShyLook","floor":14.0},{"not_picked":["Sword Boomerang","Wild Strike","Dark Embrace"],"picked":"SKIP","floor":14.0},{"not_picked":["Demon Form","Bludgeon"],"picked":"Offering","floor":16.0},{"not_picked":["Murderer","FairyFestival"],"picked":"Alriune","floor":16.0},{"not_picked":["Flex","Headbutt+1"],"picked":"Second Wind","floor":18.0},{"not_picked":["LaLuna","Bloodbath"],"picked":"CENSORED","floor":18.0},{"not_picked":["Havoc","Heavy Blade+1"],"picked":"Burning Pact","floor":19.0},{"not_picked":["Spot Weakness+1","Perfected Strike"],"picked":"Rupture","floor":24.0},{"not_picked":["Anger","Heavy Blade+1"],"picked":"Offering","floor":25.0},{"not_picked":["Headbutt+1","Clash"],"picked":"Flame Barrier+1","floor":28.0},{"not_picked":["FieryBird","Laetitia"],"picked":"MHz","floor":28.0},{"not_picked":["Perfected Strike+1","Havoc","Sword Boomerang"],"picked":"SKIP","floor":29.0},{"not_picked":["FairyFestival","CherryBlossoms"],"picked":"RedShoes","floor":33.0},{"not_picked":["Impervious","Demon Form"],"picked":"Reaper","floor":33.0},{"not_picked":["Pommel Strike+1","Cleave"],"picked":"Sentinel+1","floor":35.0},{"not_picked":["PanicButton","Deep Breath"],"picked":"Finesse","floor":37.0},{"not_picked":["Mayhem","Dramatic Entrance"],"picked":"Good Instincts","floor":37.0},{"not_picked":["Wild Strike+1","Shrug It Off+1"],"picked":"Evolve+1","floor":38.0},{"not_picked":["Headbutt+1","Clash+1","Pommel Strike"],"picked":"SKIP","floor":39.0},{"not_picked":["Havoc+1","Double Tap","Flame Barrier+1"],"picked":"SKIP","floor":40.0},{"not_picked":["NakedNest","Yin"],"picked":"Funeral","floor":44.0},{"not_picked":["Iron Wave","Searing Blow","Pommel Strike+1"],"picked":"SKIP","floor":44.0},{"not_picked":["Disarm","Heavy Blade+1","Sword Boomerang"],"picked":"SKIP","floor":46.0},{"not_picked":["Limit Break","Body Slam+1","Entrench+1"],"picked":"SKIP","floor":47.0},{"not_picked":["Heavy Blade","Clothesline+1","Headbutt+1"],"picked":"SKIP","floor":48}],"player_experience":1614667,"relics_obtained":[{"floor":7.0,"key":"Bag of Marbles"},{"floor":9.0,"key":"Oddly Smooth Stone"},{"floor":10.0,"key":"Orichalcum"},{"floor":20.0,"key":"Necronomicon"},{"floor":26.0,"key":"Kunai"},{"floor":35.0,"key":"AtMidnight"},{"floor":38.0,"key":"Charon\u0027s Ashes"},{"floor":40.0,"key":"Blood Vial"},{"floor":43.0,"key":"Red Skull"},{"floor":47.0,"key":"Ancient Tea Set"}],"event_choices":[{"damage_healed":0.0,"max_hp_gain":0.0,"max_hp_loss":0.0,"gold_gain":0.0,"event_name":"Golden Idol","player_choice":"Take Damage","floor":2.0,"gold_loss":0.0,"damage_taken":20.0,"relics_obtained":["Golden Idol"]},{"damage_healed":0.0,"max_hp_gain":0.0,"max_hp_loss":0.0,"gold_gain":0.0,"event_name":"FaceTrader","player_choice":"Trade","floor":3.0,"gold_loss":0.0,"damage_taken":0.0,"relics_obtained":["CultistMask"]},{"damage_healed":0.0,"max_hp_gain":0.0,"max_hp_loss":0.0,"gold_gain":0.0,"event_name":"Cursed Tome","player_choice":"Obtained Book","floor":20.0,"gold_loss":0.0,"damage_taken":16.0},{"damage_healed":0.0,"max_hp_gain":0.0,"max_hp_loss":0.0,"gold_gain":0.0,"event_name":"The Library","player_choice":"Read","floor":21.0,"gold_loss":0.0,"damage_taken":0.0,"cards_obtained":["Warcry"]},{"damage_healed":0.0,"max_hp_gain":0.0,"max_hp_loss":0.0,"gold_gain":0.0,"event_name":"Accursed Blacksmith","player_choice":"Forge","floor":27.0,"gold_loss":0.0,"damage_taken":0.0,"cards_upgraded":["Offering"]},{"damage_healed":0.0,"max_hp_gain":0.0,"max_hp_loss":0.0,"gold_gain":100.0,"event_name":"Golden Shrine","player_choice":"Pray","floor":30.0,"gold_loss":0.0,"damage_taken":0.0},{"damage_healed":0.0,"max_hp_gain":0.0,"max_hp_loss":0.0,"gold_gain":0.0,"event_name":"SensoryStone","player_choice":"Memory 3","floor":37.0,"gold_loss":0.0,"damage_taken":10.0},{"damage_healed":0.0,"max_hp_gain":0.0,"max_hp_loss":0.0,"gold_gain":0.0,"event_name":"Mysterious Sphere","player_choice":"Fight","floor":38.0,"gold_loss":0.0,"damage_taken":0.0},{"damage_healed":0.0,"max_hp_gain":0.0,"max_hp_loss":0.0,"gold_gain":333.0,"event_name":"The Moai Head","player_choice":"Gave Idol","floor":45.0,"relics_lost":["Golden Idol"],"gold_loss":0.0,"damage_taken":0.0}],"is_beta":false,"boss_relics":[{"not_picked":["Black Star","Busted Crown"],"picked":"Philosopher\u0027s Stone"},{"not_picked":["Black Blood","Empty Cage"],"picked":"Runic Cube"}],"items_purged_floors":[11,22,42],"is_endless":false,"potions_floor_spawned":[7,14,16,24,28,29,44,46,47,48],"killed_by":"Donu and Deca","ascension_level":0}}