{"host":"Plmjuhv","time":1609764477,"event":{"mods":["AchievementEnabler","BaseMod","Colored Map","Downfall","Googly Eyes","Minty Spire (QoL Compilation)","Relic Stats","StSLib"],"gold_per_floor":[99,111,122,142,159,159,159,159,69,169,186,261,261,261,279,374,374,374,391,409,129,149,149,217,217,227,227,227,5,5,25,41,144,144,144,154,170,189,185,215,215,215,226,244,258,270,270,135,152,152],"floor_reached":51,"playtime":5025,"items_purged":["Guardian:Defend_Guardian","Guardian:Strike_Guardian","Guardian:Defend_Guardian","Guardian:MultiBeam"],"score":700,"play_id":"dcee4822-c61d-4ce2-a09b-075df5b4f7ad","local_time":"20210104234757","is_ascension_mode":false,"campfire_choices":[{"data":"Guardian:TwinSlam","floor":1,"key":"SMITH"},{"data":"Guardian:ChargeUp","floor":13,"key":"SMITH"},{"data":"Guardian:ShieldCharger","floor":18,"key":"SMITH"},{"data":"Guardian:Planning","floor":23,"key":"SMITH"},{"data":"Guardian:RevengeProtocol","floor":27,"key":"SMITH"},{"data":"expansioncontent:DarkVoid","floor":30,"key":"SMITH"},{"data":"Guardian:ConstructionForm","floor":35,"key":"SMITH"},{"data":"Guardian:PrismaticBarrier","floor":47,"key":"SMITH"}],"circlet_count":0,"master_deck":["Guardian:CurlUp","Guardian:TwinSlam+1","Guardian:ChargeUp+1","Guardian:FloatingOrbs","Guardian:ShieldCharger+1","Guardian:FastForward","Guardian:Planning+1","Guardian:RevengeProtocol+1","Guardian:PrismaticBeam+1","expansioncontent:DarkVoid+1","RitualDagger+1","Guardian:ShieldSpikes+1","expansioncontent:Collect","Guardian:BronzeArmor+1","Guardian:ConstructionForm+1","Guardian:PrismaticBarrier+1","Guardian:Clone","Guardian:TemporalStrike+1","Guardian:CrystalBeam","Guardian:EvasiveProtocol+1","Guardian:Gem_Green","Guardian:Gem_Lightblue","expansioncontent:BronzeBeam+1","Guardian:Gem_Crimson","Guardian:Repulse+1","Guardian:RollAttack+1","Guardian:EvasiveProtocol+1","Guardian:TimeCapacitor","Guardian:Gem_Purple"],"relics":["Guardian:ModeShifter","HornCleat","Toy Ornithopter","InkBottle","Bag of Preparation","Snecko Eye","Darkstone Periapt","Pandora\u0027s Box","Membership Card","Whetstone","Pen Nib","Kunai","Lantern"],"acts_visited":["Exordium","TheCity","TheBeyond"],"potions_floor_usage":[16,16,28,29,33,33,40,50,50],"damage_taken":[{"damage":0,"enemies":"Jaw Worm","floor":2,"turns":3},{"damage":0,"enemies":"Small Slimes","floor":3,"turns":3},{"damage":3,"enemies":"Cultist","floor":4,"turns":3},{"damage":8,"enemies":"Exordium Wildlife","floor":5,"turns":4},{"damage":0,"enemies":"downfall:FleeingMerchant","floor":9,"turns":4},{"damage":22,"enemies":"downfall:LadyInBlue","floor":10,"turns":11},{"damage":4,"enemies":"Blue Slaver","floor":11,"turns":3},{"damage":0,"enemies":"Large Slime","floor":15,"turns":5},{"damage":13,"enemies":"downfall:Silent","floor":16,"turns":9},{"damage":6,"enemies":"Shell Parasite","floor":19,"turns":4},{"damage":7,"enemies":"Cultist and Chosen","floor":20,"turns":6},{"damage":0,"enemies":"downfall:FleeingMerchant","floor":21,"turns":4},{"damage":12,"enemies":"Centurion and Healer","floor":22,"turns":6},{"damage":0,"enemies":"Snecko","floor":26,"turns":5},{"damage":0,"enemies":"downfall:FleeingMerchant","floor":29,"turns":4},{"damage":0,"enemies":"3 Cultists","floor":31,"turns":5},{"damage":0,"enemies":"Centurion and Healer","floor":32,"turns":3},{"damage":22,"enemies":"downfall:Watcher","floor":33,"turns":7},{"damage":10,"enemies":"Orb Walker","floor":36,"turns":5},{"damage":0,"enemies":"3 Darklings","floor":37,"turns":4},{"damage":0,"enemies":"Maw","floor":38,"turns":6},{"damage":0,"enemies":"downfall:FleeingMerchant","floor":39,"turns":1},{"damage":0,"enemies":"Giant Head","floor":40,"turns":8},{"damage":18,"enemies":"Transient","floor":43,"turns":5},{"damage":5,"enemies":"4 Shapes","floor":44,"turns":3},{"damage":0,"enemies":"Maw","floor":45,"turns":6},{"damage":10,"enemies":"3 Darklings","floor":46,"turns":4},{"damage":0,"enemies":"Transient","floor":49,"turns":5},{"damage":30,"enemies":"downfall:Ironclad","floor":50,"turns":11}],"seed_played":"1068074419434525765","potions_obtained":[{"floor":2,"key":"champ:CounterPotion"},{"floor":5,"key":"Dexterity Potion"},{"floor":10,"key":"Guardian:AcceleratePotion"},{"floor":11,"key":"FairyPotion"},{"floor":19,"key":"SteroidPotion"},{"floor":25,"key":"CultistPotion"},{"floor":28,"key":"Fruit Juice"},{"floor":28,"key":"champ:CounterPotion"},{"floor":31,"key":"LiquidMemories"},{"floor":38,"key":"DistilledChaos"},{"floor":40,"key":"Regen Potion"},{"floor":45,"key":"Explosive Potion"}],"is_trial":false,"path_per_floor":["R","M","M","M","M","?","T","?","$","?","M","T","R","?","M","B",null,"R","M","M","$","M","R","T","?","M","R","?","$","R","M","M","B",null,"R","M","M","M","$","E","T","?","M","M","M","M","R","$","M","B",null],"character_chosen":"GUARDIAN","items_purchased":["Guardian:Gem_Blue","expansioncontent:DarkVoid","expansioncontent:Collect","Membership Card","expansioncontent:BronzeBeam","Whetstone","Guardian:TimeCapacitor","Lantern","Regen Potion"],"campfire_rested":0,"item_purchase_floors":[21,21,29,39,39,39,48,48,48],"current_hp_per_floor":[88,88,88,85,77,77,77,82,82,60,56,56,56,44,44,41,93,93,87,80,80,68,68,68,68,68,68,78,83,83,83,83,71,98,98,88,88,88,88,93,93,93,75,70,70,60,60,60,60,94],"gold":152,"neow_bonus":"TEN_PERCENT_HP_BONUS","is_daily":false,"chose_seed":false,"campfire_upgraded":8,"win_rate":0.0,"timestamp":1609764477,"path_taken":["R","M","M","M","M","?","T","?","$","?","?","?","R","?","M","BOSS","R","M","M","$","M","R","T","?","M","R","?","$","R","M","M","BOSS","R","M","?","M","$","E","T","?","M","?","M","M","R","$","M","BOSS"],"items_purchased_type":["Card","Card","Card","Relic","Card","Relic","Card","Relic","Potion"],"build_version":"2020-12-18","purchased_purges":4,"victory":true,"max_hp_per_floor":[88,88,88,88,88,88,88,93,93,93,93,93,93,93,93,93,93,93,93,93,93,93,93,93,93,93,93,98,98,98,98,98,98,98,98,98,98,98,98,98,98,98,98,98,98,98,98,98,98,98],"relic_stats":{"Darkstone Periapt":0,"counters":[29,147],"Snecko Eye":[196,190,181,195],"Pandora\u0027s Box":["Guardian:ConstructionForm","Guardian:PrismaticBarrier","Guardian:Clone","Guardian:TemporalStrike","Guardian:CrystalBeam"],"Pen Nib":[6],"Bag of Preparation":[44],"Whetstone":["Guardian:TemporalStrike","expansioncontent:BronzeBeam"],"Kunai":[12],"obtain_stats":[{"Darkstone Periapt":24,"Lantern":48,"Guardian:ModeShifter":0,"Pen Nib":40,"Bag of Preparation":14,"Whetstone":39,"downfall:BrokenWingStatue":6,"HornCleat":7,"Snecko Eye":17,"Pandora\u0027s Box":34,"Membership Card":39,"Kunai":41,"Toy Ornithopter":10,"InkBottle":12},{"Darkstone Periapt":13,"Lantern":27,"Guardian:ModeShifter":0,"Pen Nib":23,"Bag of Preparation":7,"Whetstone":22,"downfall:BrokenWingStatue":4,"HornCleat":4,"Snecko Eye":9,"Pandora\u0027s Box":18,"Membership Card":22,"Kunai":23,"Toy Ornithopter":6,"InkBottle":7},{"Darkstone Periapt":65,"Lantern":131,"Guardian:ModeShifter":0,"Pen Nib":113,"Bag of Preparation":31,"Whetstone":105,"downfall:BrokenWingStatue":13,"HornCleat":13,"Snecko Eye":45,"Pandora\u0027s Box":89,"Membership Card":105,"Kunai":113,"Toy Ornithopter":28,"InkBottle":31}],"Toy Ornithopter":45,"InkBottle":[50]},"card_choices":[{"not_picked":["Guardian:ShieldSpikes","Guardian:CrystalBeam"],"picked":"Guardian:ChargeUp","floor":2},{"not_picked":["Guardian:TimeBomb","Guardian:RollAttack"],"picked":"Guardian:Gem_Cyan","floor":3},{"not_picked":["Guardian:Incinerate","Guardian:PolyBeam"],"picked":"Guardian:Gem_Red","floor":4},{"not_picked":["Guardian:PiercingHide","Guardian:Emergency"],"picked":"Guardian:FloatingOrbs","floor":5},{"not_picked":["Guardian:ChargeCore","Guardian:GuardianWhirl"],"picked":"Guardian:ShieldCharger","floor":9},{"not_picked":["Guardian:EvasiveProtocol","Guardian:PrismaticBeam"],"picked":"Guardian:MultiBeam","floor":10},{"not_picked":["Guardian:ChargeUp","Guardian:BronzeOrb"],"picked":"Guardian:FastForward","floor":11},{"not_picked":["Guardian:Emergency","Guardian:BronzeOrb"],"picked":"Guardian:Planning","floor":15},{"not_picked":["Guardian:HyperBeam_Guardian","Guardian:BaubleBeam"],"picked":"Guardian:RevengeProtocol","floor":16},{"not_picked":["Guardian:RefractedBeam","Guardian:WalkerClaw"],"picked":"Guardian:Gem_Fragmented","floor":19},{"not_picked":["Guardian:TemporalStrike","Guardian:Emergency"],"picked":"Guardian:PrismaticBeam+1","floor":20},{"not_picked":["Guardian:FloatingOrbs+1","Guardian:Suspension"],"picked":"Guardian:Gem_Blue","floor":21},{"not_picked":["Guardian:ChargeCore","Guardian:TemporalStrike"],"picked":"Guardian:Gem_Lightblue","floor":22},{"not_picked":["Guardian:Suspension","Guardian:Emergency"],"picked":"Guardian:ShieldSpikes+1","floor":26},{"not_picked":["Guardian:VentSteam","Guardian:Incinerate"],"picked":"Guardian:Gem_Cyan","floor":29},{"not_picked":["Guardian:ChargeCore","Guardian:RefractedBeam","Guardian:TemporalShield"],"picked":"SKIP","floor":31},{"not_picked":["Guardian:GuardianWhirl","Guardian:ArmoredProtocol"],"picked":"Guardian:BronzeArmor+1","floor":32},{"not_picked":["Guardian:TimeSifter","Guardian:SphericShield"],"picked":"Guardian:Gem_Synthetic","floor":33},{"not_picked":["Guardian:Planning+1","Guardian:ShieldSpikes"],"picked":"Guardian:Gem_Red","floor":36},{"not_picked":["Guardian:Gem_Fragmented","Guardian:Recover+1"],"picked":"Guardian:EvasiveProtocol+1","floor":37},{"not_picked":["Guardian:Gem_Cyan","Guardian:TemporalShield+1"],"picked":"Guardian:Gem_Green","floor":38},{"not_picked":["Guardian:RefractedBeam","Guardian:Reroute+1"],"picked":"Guardian:Gem_Lightblue","floor":39},{"not_picked":["Guardian:Recover","Guardian:PrimingBeam+1"],"picked":"Guardian:Gem_Green","floor":40},{"not_picked":["Guardian:Suspension","Guardian:ShieldCharger+1"],"picked":"Guardian:Repulse+1","floor":43},{"not_picked":["Guardian:Gem_Lightblue","Guardian:SentryBeam"],"picked":"Guardian:RollAttack+1","floor":44},{"not_picked":["Guardian:RollAttack","Guardian:ExploitGems"],"picked":"Guardian:Gem_Purple","floor":45},{"not_picked":["Guardian:VentSteam+1","Guardian:Repulse"],"picked":"Guardian:EvasiveProtocol+1","floor":46},{"not_picked":["Guardian:Suspension+1","Guardian:WalkerClaw+1"],"picked":"Guardian:Gem_Purple","floor":49}],"player_experience":312925,"relics_obtained":[{"floor":7,"key":"HornCleat"},{"floor":10,"key":"Toy Ornithopter"},{"floor":12,"key":"InkBottle"},{"floor":24,"key":"Darkstone Periapt"},{"floor":40,"key":"Pen Nib"},{"floor":41,"key":"Kunai"}],"event_choices":[{"damage_healed":0,"gold_gain":0,"player_choice":"Donut","damage_taken":0,"max_hp_gain":5,"max_hp_loss":0,"event_name":"Big Fish","floor":8,"gold_loss":0},{"damage_healed":0,"gold_gain":0,"player_choice":"Success","damage_taken":12,"relics_obtained":["Bag of Preparation"],"max_hp_gain":0,"max_hp_loss":0,"event_name":"Scrap Ooze","floor":14,"gold_loss":0},{"damage_healed":0,"gold_gain":0,"player_choice":"Got Potions","damage_taken":0,"max_hp_gain":0,"max_hp_loss":0,"event_name":"Lab","floor":28,"gold_loss":0}],"is_beta":true,"boss_relics":[{"not_picked":["Sozu","SlaversCollar"],"picked":"Snecko Eye"},{"not_picked":["Velvet Choker","Guardian:ModeShifterPlus"],"picked":"Pandora\u0027s Box"}],"items_purged_floors":[9,21,29,39],"is_endless":false,"potions_floor_spawned":[2,5,11,15,19,31,32,38,40,45,49],"ascension_level":0}}