{"host":"qm4rv4rkpk76sbxu","time":1609757700,"event":{"mods":["BaseMod","Bestiary","Block Reminder","Filter the Spire","Keyboard Shortcuts","Minty Spire (QoL Compilation)","MonsterHotkey","Potion Indicator Mod","Quick Restart","Relic Stats","Slay-I","StSLib","ojb\u0027s Better Paths Mod"],"gold_per_floor":[119,119,135,149,163,163,191,208,208,208,240,240,240,258,258,334,334,347,52,52,67,77,77,77,77],"floor_reached":24,"playtime":1236,"items_purged":["Strike_G"],"score":416,"play_id":"f6732524-287b-483d-b96f-66bd4297745b","local_time":"20210104115500","is_ascension_mode":true,"campfire_choices":[{"data":"Skewer","floor":6.0,"key":"SMITH"},{"floor":10.0,"key":"REST"},{"data":"Calculated Gamble","floor":15.0,"key":"SMITH"},{"floor":23.0,"key":"REST"}],"circlet_count":0,"master_deck":["AscendersBane","Strike_G","Strike_G","Defend_G","Defend_G","Defend_G","Defend_G","Defend_G","Survivor","Neutralize","Underhanded Strike","Skewer+1","Well Laid Plans","Calculated Gamble+1","Backflip","Calculated Gamble","Deadly Poison","Catalyst","All Out Attack","Corpse Explosion","Catalyst","Decay","Underhanded Strike","Footwork"],"relics":["Ring of the Snake","StoneCalendar","Orichalcum","The Specimen","Letter Opener","HornCleat","Snecko Eye","Strange Spoon"],"acts_visited":["Exordium","TheCity"],"potions_floor_usage":[24],"damage_taken":[{"damage":0.0,"enemies":"2 Louse","floor":1.0,"turns":3.0},{"damage":0.0,"enemies":"Cultist","floor":3.0,"turns":3.0},{"damage":1.0,"enemies":"Small Slimes","floor":4.0,"turns":3.0},{"damage":5.0,"enemies":"Blue Slaver","floor":5.0,"turns":6.0},{"damage":8.0,"enemies":"3 Sentries","floor":7.0,"turns":7.0},{"damage":4.0,"enemies":"Exordium Thugs","floor":8.0,"turns":5.0},{"damage":7.0,"enemies":"Lagavulin","floor":11.0,"turns":7.0},{"damage":3.0,"enemies":"Gremlin Gang","floor":14.0,"turns":3.0},{"damage":7.0,"enemies":"The Guardian","floor":16.0,"turns":9.0},{"damage":28.0,"enemies":"Spheric Guardian","floor":18.0,"turns":6.0},{"damage":0.0,"enemies":"3 Byrds","floor":21.0,"turns":2.0},{"damage":13.0,"enemies":"Sentry and Sphere","floor":22.0,"turns":4.0},{"damage":40,"enemies":"Slavers","floor":24,"turns":3}],"seed_played":"-7874183127904164481","potions_obtained":[{"floor":1.0,"key":"ColorlessPotion"},{"floor":3.0,"key":"Ancient Potion"},{"floor":14.0,"key":"SkillPotion"},{"floor":21.0,"key":"AttackPotion"}],"is_trial":false,"path_per_floor":["M","?","M","M","M","R","E","M","T","R","E","T","?","M","R","B",null,"M","$","?","M","M","R","E"],"character_chosen":"THE_SILENT","items_purchased":["Strange Spoon","AttackPotion"],"campfire_rested":2,"item_purchase_floors":[19,19],"current_hp_per_floor":[44,44,44,43,38,38,30,26,26,45,38,38,38,35,35,28,57,29,29,29,29,16,35,0,0],"gold":77,"neow_bonus":"ONE_RARE_RELIC","is_daily":false,"chose_seed":false,"campfire_upgraded":2,"win_rate":0.0,"timestamp":1609757700,"path_taken":["M","?","M","M","?","R","E","M","T","R","E","?","?","M","R","BOSS","M","$","?","M","M","R","E"],"items_purchased_type":["Relic","Potion"],"build_version":"2020-12-22","purchased_purges":1,"victory":false,"max_hp_per_floor":[66,66,66,66,66,66,66,66,66,66,66,66,66,66,66,66,66,66,66,66,66,66,66,66,66],"relic_stats":{"Strange Spoon":[1],"counters":[13,61],"Snecko Eye":[25,26,27,49],"StoneCalendar":[111],"Letter Opener":[55],"Orichalcum":[60],"obtain_stats":[{"Strange Spoon":19,"HornCleat":12,"The Specimen":9,"Snecko Eye":17,"StoneCalendar":0,"Letter Opener":11,"Orichalcum":7,"Ring of the Snake":0},{"Strange Spoon":10,"HornCleat":7,"The Specimen":6,"Snecko Eye":9,"StoneCalendar":0,"Letter Opener":7,"Orichalcum":5,"Ring of the Snake":0},{"Strange Spoon":52,"HornCleat":34,"The Specimen":27,"Snecko Eye":46,"StoneCalendar":0,"Letter Opener":34,"Orichalcum":22,"Ring of the Snake":0}],"Ring of the Snake":[26]},"card_choices":[{"not_picked":["Heel Hook","Outmaneuver"],"picked":"Underhanded Strike","floor":1.0},{"not_picked":["Slice","Dagger Spray"],"picked":"Skewer","floor":3.0},{"not_picked":["Prepared","Deflect"],"picked":"Well Laid Plans","floor":4.0},{"not_picked":["Deadly Poison","Eviscerate"],"picked":"Calculated Gamble","floor":5.0},{"not_picked":["Escape Plan","Doppelganger"],"picked":"Backflip","floor":7.0},{"not_picked":["Prepared","Quick Slash"],"picked":"Calculated Gamble","floor":8.0},{"not_picked":["Calculated Gamble","Infinite Blades"],"picked":"Deadly Poison","floor":11.0},{"not_picked":["Quick Slash","Dagger Throw"],"picked":"All Out Attack","floor":14.0},{"not_picked":["Tools of the Trade","Glass Knife"],"picked":"Corpse Explosion","floor":16.0},{"not_picked":["Deadly Poison","Deflect+1"],"picked":"Catalyst","floor":18.0},{"not_picked":["Calculated Gamble+1","Flying Knee"],"picked":"Underhanded Strike","floor":21.0},{"not_picked":["Deadly Poison+1","Bane"],"picked":"Footwork","floor":22.0}],"player_experience":1199571,"relics_obtained":[{"floor":7.0,"key":"Orichalcum"},{"floor":9.0,"key":"The Specimen"},{"floor":11.0,"key":"Letter Opener"},{"floor":12.0,"key":"HornCleat"}],"event_choices":[{"cards_removed":["Strike_G"],"damage_healed":0.0,"max_hp_gain":0.0,"max_hp_loss":0.0,"gold_gain":0.0,"event_name":"Purifier","player_choice":"Purged","floor":2.0,"gold_loss":0.0,"damage_taken":0.0},{"damage_healed":0.0,"max_hp_gain":0.0,"max_hp_loss":0.0,"gold_gain":0.0,"cards_transformed":["Strike_G"],"event_name":"Living Wall","player_choice":"Change","floor":13.0,"gold_loss":0.0,"damage_taken":0.0,"cards_obtained":["Catalyst"]},{"damage_healed":0.0,"max_hp_gain":0.0,"max_hp_loss":0.0,"gold_gain":0.0,"event_name":"Forgotten Altar","player_choice":"Smashed Altar","floor":20.0,"gold_loss":0.0,"damage_taken":0.0,"cards_obtained":["Decay"]}],"is_beta":false,"boss_relics":[{"not_picked":["Sozu","Velvet Choker"],"picked":"Snecko Eye"}],"items_purged_floors":[19],"is_endless":false,"potions_floor_spawned":[1,3,14,21],"killed_by":"Slavers","ascension_level":20}}