{"host":"hnrafgucdht3qvsp","time":1609726430,"event":{"mods":["BaseMod","Colored Map","Minty Spire (QoL Compilation)","Relic Stats","StSLib"],"gold_per_floor":[119,119,130,147,165,165,196,208,208,52,52,87,87,104,104,205,205,216,236,255,274,274,274,304,323,323,334,365,365,393,405,405,503,503,516,516,567,583,583,617,667,667,735,761,779,789,789,789,789,789],"floor_reached":51,"playtime":4284,"items_purged":["Strike_G"],"score":960,"play_id":"b695a33e-aa9a-432d-aaa8-33fe783e51e3","local_time":"20210103211350","is_ascension_mode":true,"campfire_choices":[{"data":"Terror","floor":6,"key":"SMITH"},{"data":"Well Laid Plans","floor":15,"key":"SMITH"},{"data":"Accuracy","floor":23,"key":"SMITH"},{"data":"Accuracy","floor":32,"key":"SMITH"},{"data":"Finisher","floor":42,"key":"SMITH"},{"data":"Burst","floor":47,"key":"SMITH"},{"data":"Accuracy","floor":49,"key":"SMITH"}],"circlet_count":0,"master_deck":["Strike_G+1","Strike_G+1","Strike_G+1","Defend_G+1","Defend_G+1","Defend_G+1","Defend_G+1","Survivor","Neutralize","Blade Dance","Terror+1","Blade Dance+1","Blade Dance","Finisher","Leg Sweep","Well Laid Plans+1","Backflip","After Image","Accuracy+1","After Image","Accuracy+1","Infinite Blades","Footwork+1","Concentrate","Accuracy+1","Burst+1","Finisher+1","Doppelganger","Blade Dance"],"relics":["Ring of the Snake","Ornamental Fan","Eternal Feather","Blood Vial","Sozu","Bottled Lightning","Meat on the Bone","Prayer Wheel","PreservedInsect","Black Star","Pocketwatch","Snake Skull","Dead Branch","Torii","Bag of Preparation","Bag of Marbles"],"acts_visited":["Exordium","TheCity","TheBeyond"],"potions_floor_usage":[],"damage_taken":[{"damage":0,"enemies":"Jaw Worm","floor":1,"turns":3},{"damage":0,"enemies":"Cultist","floor":3,"turns":2},{"damage":0,"enemies":"Small Slimes","floor":4,"turns":2},{"damage":0,"enemies":"2 Fungi Beasts","floor":5,"turns":3},{"damage":18,"enemies":"3 Sentries","floor":7,"turns":7},{"damage":0,"enemies":"3 Louse","floor":8,"turns":3},{"damage":0,"enemies":"Lagavulin","floor":12,"turns":2},{"damage":0,"enemies":"Large Slime","floor":14,"turns":3},{"damage":7,"enemies":"The Guardian","floor":16,"turns":8},{"damage":6,"enemies":"3 Byrds","floor":18,"turns":5},{"damage":1,"enemies":"2 Thieves","floor":19,"turns":5},{"damage":29,"enemies":"Chosen and Byrds","floor":20,"turns":5},{"damage":15,"enemies":"Cultist and Chosen","floor":21,"turns":7},{"damage":2,"enemies":"Slavers","floor":24,"turns":5},{"damage":1,"enemies":"Centurion and Healer","floor":25,"turns":3},{"damage":4,"enemies":"Sentry and Sphere","floor":27,"turns":4},{"damage":8,"enemies":"Book of Stabbing","floor":28,"turns":4},{"damage":17,"enemies":"Slavers","floor":30,"turns":6},{"damage":9,"enemies":"Snake Plant","floor":31,"turns":4},{"damage":46,"enemies":"Champ","floor":33,"turns":6},{"damage":13,"enemies":"3 Darklings","floor":35,"turns":6},{"damage":27,"enemies":"2 Orb Walkers","floor":37,"turns":4},{"damage":0,"enemies":"3 Shapes","floor":38,"turns":3},{"damage":5,"enemies":"Nemesis","floor":40,"turns":5},{"damage":8,"enemies":"Mind Bloom Boss Battle","floor":41,"turns":5},{"damage":9,"enemies":"Giant Head","floor":44,"turns":4},{"damage":6,"enemies":"Sphere and 2 Shapes","floor":45,"turns":4},{"damage":19,"enemies":"Writhing Mass","floor":46,"turns":3},{"damage":1,"enemies":"Donu and Deca","floor":50,"turns":5}],"seed_played":"11121480661578105","potions_obtained":[{"floor":3,"key":"Strength Potion"},{"floor":7,"key":"EssenceOfSteel"},{"floor":8,"key":"SteroidPotion"}],"is_trial":false,"path_per_floor":["M","?","M","M","M","R","E","M","T","$","?","E","?","M","R","B",null,"M","M","M","M","?","R","E","M","T","M","E","?","E","M","R","B",null,"M","?","?","M","?","E","?","R","T","E","M","M","R","?","R","B",null],"character_chosen":"THE_SILENT","items_purchased":["Well Laid Plans"],"campfire_rested":0,"item_purchase_floors":[10],"current_hp_per_floor":[63,63,63,63,63,63,45,45,45,45,45,45,50,52,61,56,68,62,63,36,23,23,35,35,36,36,46,40,40,37,42,57,25,68,55,55,42,44,44,41,35,50,50,43,39,34,49,49,64,64],"gold":789,"neow_bonus":"TRANSFORM_TWO_CARDS","is_daily":false,"chose_seed":false,"campfire_upgraded":7,"win_rate":0.0,"timestamp":1609726430,"path_taken":["M","?","M","?","M","R","E","M","T","$","?","E","?","M","R","BOSS","M","M","M","M","?","R","E","M","T","M","E","?","E","M","R","BOSS","M","?","?","M","?","E","?","R","T","E","M","M","R","?","R","BOSS"],"items_purchased_type":["Card"],"build_version":"2020-12-22","purchased_purges":1,"victory":true,"max_hp_per_floor":[63,63,63,63,63,63,63,63,63,63,63,63,68,68,68,68,68,68,68,68,68,68,68,68,68,68,68,68,68,68,68,68,68,68,68,65,65,65,65,65,65,65,65,65,65,65,65,65,65,65],"relic_stats":{"Torii":5,"counters":[29,126],"Dead Branch":[59],"Eternal Feather":81,"PreservedInsect":172,"Snake Skull":[0],"Bag of Preparation":[6],"Blood Vial":39,"Sozu":7,"Ornamental Fan":[360],"Prayer Wheel":5,"Black Star":2,"obtain_stats":[{"Torii":41,"Dead Branch":40,"Eternal Feather":9,"PreservedInsect":30,"Snake Skull":40,"Bag of Preparation":44,"Blood Vial":12,"Sozu":17,"Ornamental Fan":7,"Prayer Wheel":28,"Black Star":34,"Bag of Marbles":44,"Bottled Lightning":24,"Ring of the Snake":0,"Meat on the Bone":26,"Pocketwatch":37},{"Torii":25,"Dead Branch":24,"Eternal Feather":6,"PreservedInsect":18,"Snake Skull":24,"Bag of Preparation":26,"Blood Vial":7,"Sozu":9,"Ornamental Fan":5,"Prayer Wheel":17,"Black Star":20,"Bag of Marbles":26,"Bottled Lightning":14,"Ring of the Snake":0,"Meat on the Bone":15,"Pocketwatch":22},{"Torii":110,"Dead Branch":105,"Eternal Feather":20,"PreservedInsect":77,"Snake Skull":105,"Bag of Preparation":114,"Blood Vial":22,"Sozu":33,"Ornamental Fan":17,"Prayer Wheel":71,"Black Star":87,"Bag of Marbles":114,"Bottled Lightning":60,"Ring of the Snake":0,"Meat on the Bone":63,"Pocketwatch":97}],"Ring of the Snake":[58],"Meat on the Bone":72,"Pocketwatch":[9]},"card_choices":[{"not_picked":["Dagger Spray","Setup"],"picked":"Blade Dance","floor":1},{"not_picked":["Backstab","All Out Attack","Terror"],"picked":"SKIP","floor":3},{"not_picked":["Caltrops","Bane"],"picked":"Cloak And Dagger","floor":4},{"not_picked":["Backflip","Dagger Spray"],"picked":"Blade Dance","floor":5},{"not_picked":["PiercingWail","Grand Finale"],"picked":"Finisher","floor":7},{"not_picked":["Acrobatics","Flying Knee"],"picked":"Leg Sweep","floor":8},{"not_picked":["Slice","Dodge and Roll"],"picked":"PiercingWail","floor":12},{"not_picked":["Deflect","Underhanded Strike"],"picked":"Backflip","floor":14},{"not_picked":["Bullet Time","Unload"],"picked":"After Image","floor":16},{"not_picked":["Flying Knee","Well Laid Plans"],"picked":"Accuracy","floor":18},{"not_picked":["Acrobatics","Bane","Prepared"],"picked":"SKIP","floor":19},{"not_picked":["PiercingWail","Quick Slash+1","Sucker Punch"],"picked":"SKIP","floor":20},{"not_picked":["Flying Knee","Underhanded Strike"],"picked":"After Image","floor":21},{"not_picked":["Poisoned Stab","A Thousand Cuts"],"picked":"Accuracy","floor":24},{"not_picked":["Underhanded Strike+1","Blade Dance"],"picked":"Infinite Blades","floor":25},{"not_picked":["Caltrops","Dash","PiercingWail"],"picked":"SKIP","floor":27},{"not_picked":["Infinite Blades","Burst"],"picked":"Footwork+1","floor":28},{"not_picked":["Leg Sweep","Sucker Punch","Distraction"],"picked":"SKIP","floor":30},{"not_picked":["PiercingWail","Terror"],"picked":"Accuracy","floor":31},{"not_picked":["Outmaneuver","Concentrate","Masterful Stab+1"],"picked":"SKIP","floor":31},{"not_picked":["Corpse Explosion","Bullet Time"],"picked":"Burst","floor":33},{"not_picked":["Deflect","Riddle With Holes+1"],"picked":"Finisher","floor":35},{"not_picked":["Distraction+1","Terror+1","Outmaneuver"],"picked":"SKIP","floor":35},{"not_picked":["Well Laid Plans+1","Quick Slash+1","Backflip+1"],"picked":"SKIP","floor":38},{"not_picked":["Acrobatics","Setup","PiercingWail+1"],"picked":"SKIP","floor":38},{"not_picked":["Sucker Punch","Outmaneuver","Expertise"],"picked":"SKIP","floor":40},{"not_picked":["Setup+1","Prepared+1"],"picked":"Doppelganger","floor":44},{"not_picked":["PiercingWail","Backflip","Blur+1"],"picked":"SKIP","floor":45},{"not_picked":["Outmaneuver+1","Poisoned Stab","PiercingWail+1"],"picked":"SKIP","floor":45},{"not_picked":["Deflect","Riddle With Holes"],"picked":"Blade Dance","floor":46},{"not_picked":["Backflip","Corpse Explosion","Dagger Throw"],"picked":"SKIP","floor":46}],"player_experience":388667,"relics_obtained":[{"floor":7,"key":"Ornamental Fan"},{"floor":9,"key":"Eternal Feather"},{"floor":12,"key":"Blood Vial"},{"floor":24,"key":"Bottled Lightning"},{"floor":26,"key":"Meat on the Bone"},{"floor":28,"key":"Prayer Wheel"},{"floor":30,"key":"PreservedInsect"},{"floor":37,"key":"Pocketwatch"},{"floor":40,"key":"Snake Skull"},{"floor":40,"key":"Dead Branch"},{"floor":41,"key":"Torii"},{"floor":44,"key":"Bag of Preparation"},{"floor":44,"key":"Bag of Marbles"}],"event_choices":[{"damage_healed":0,"gold_gain":0,"player_choice":"Upgraded","damage_taken":0,"max_hp_gain":0,"max_hp_loss":0,"event_name":"Upgrade Shrine","floor":2,"gold_loss":0,"cards_upgraded":["Blade Dance"]},{"damage_healed":0,"gold_gain":0,"player_choice":"Ignored","damage_taken":0,"max_hp_gain":0,"max_hp_loss":0,"event_name":"Liars Game","floor":11,"gold_loss":0},{"damage_healed":0,"gold_gain":0,"player_choice":"Donut","damage_taken":0,"max_hp_gain":5,"max_hp_loss":0,"event_name":"Big Fish","floor":13,"gold_loss":0},{"damage_healed":0,"gold_gain":0,"player_choice":"Simplicity","damage_taken":0,"max_hp_gain":0,"max_hp_loss":0,"event_name":"Back to Basics","floor":22,"gold_loss":0,"cards_upgraded":["Strike_G","Strike_G","Strike_G","Defend_G","Defend_G","Defend_G","Defend_G"]},{"damage_healed":0,"gold_gain":0,"cards_transformed":["Cloak And Dagger","PiercingWail"],"player_choice":"Became Test Subject","damage_taken":0,"max_hp_gain":0,"max_hp_loss":0,"event_name":"Drug Dealer","floor":29,"gold_loss":0,"cards_obtained":["Concentrate","Underhanded Strike"]},{"damage_healed":0,"gold_gain":0,"player_choice":"Max HP","damage_taken":0,"max_hp_gain":0,"max_hp_loss":3,"event_name":"Winding Halls","floor":36,"gold_loss":0},{"damage_healed":0,"gold_gain":0,"player_choice":"Fight","damage_taken":0,"max_hp_gain":0,"max_hp_loss":0,"event_name":"Mysterious Sphere","floor":37,"gold_loss":0},{"cards_removed":["Underhanded Strike"],"damage_healed":0,"gold_gain":0,"player_choice":"Removed Attack","damage_taken":0,"max_hp_gain":0,"max_hp_loss":0,"event_name":"Falling","floor":39,"gold_loss":0},{"damage_healed":0,"gold_gain":0,"player_choice":"Fight","damage_taken":0,"max_hp_gain":0,"max_hp_loss":0,"event_name":"MindBloom","floor":41,"gold_loss":0},{"damage_healed":0,"gold_gain":0,"player_choice":"Memory 1","damage_taken":0,"max_hp_gain":0,"max_hp_loss":0,"event_name":"SensoryStone","floor":48,"gold_loss":0}],"is_beta":false,"boss_relics":[{"not_picked":["Fusion Hammer","Astrolabe"],"picked":"Sozu"},{"not_picked":["Pandora\u0027s Box","Calling Bell"],"picked":"Black Star"}],"items_purged_floors":[10],"is_endless":false,"potions_floor_spawned":[3,7,8,14,20,21,24,33,35,38,46],"ascension_level":4}}