{"host":"armnliea5o2aqs4b","time":1609722852,"event":{"mods":["BaseMod","Hubris","Infinite Spire","Minty Spire (QoL Compilation)","Quick Restart","StSLib"],"gold_per_floor":[116,128,128,53,128,155,155,181,250,250,250,264,284,312,312,410,410,429,344,444,137,157,157,184,195,195,195,208,208,133,133,133,238,238,249,269,269,269,280,280,280,36,60,60,60,60,60,78,78,78],"floor_reached":51,"playtime":804,"items_purged":["Strike_R","Strike_R"],"score":1241,"play_id":"b2321797-a08f-489d-a14a-95bf47b6e7ad","local_time":"20210104121412","is_ascension_mode":true,"campfire_choices":[{"data":"infinitespire:OneForAll","floor":7,"key":"SMITH"},{"data":"hubris:InfiniteBlow+48","floor":11,"key":"SMITH"},{"data":"hubris:InfiniteBlow+49","floor":15,"key":"SMITH"},{"data":"hubris:InfiniteBlow+50","floor":23,"key":"SMITH"},{"data":"hubris:InfiniteBlow+51","floor":27,"key":"SMITH"},{"data":"hubris:InfiniteBlow+52","floor":29,"key":"SMITH"},{"data":"hubris:InfiniteBlow+53","floor":32,"key":"SMITH"},{"data":"hubris:InfiniteBlow+54","floor":40,"key":"SMITH"},{"data":"hubris:InfiniteBlow+55","floor":46,"key":"SMITH"},{"data":"hubris:InfiniteBlow+56","floor":49,"key":"SMITH"}],"circlet_count":0,"master_deck":["Strike_R+1","Strike_R+1","Defend_R","Defend_R","Defend_R","Defend_R","hubris:InfiniteBlow+57","infinitespire:OneForAll+1","Limit Break","Demon Form","Flex","Double Tap"],"relics":["Burning Blood","NeowsBlessing","Red Skull","hubris:TenFootPole","infinitespire:Eraser","Torii","hubris:HollowSoul","Ancient Tea Set","Chemical X","Whetstone","Matryoshka","Bag of Marbles","Bottled Lightning","hubris:CrackedHourglass","hubris:Towel","Pear","Lizard Tail","ClockworkSouvenir","hubris:SlimyHat","hubris:Icosahedron"],"acts_visited":["Exordium","TheCity","TheBeyond"],"potions_floor_usage":[22,24,24,36,36],"damage_taken":[{"damage":0,"enemies":"Small Slimes","floor":1,"turns":1},{"damage":0,"enemies":"2 Louse","floor":2,"turns":1},{"damage":0,"enemies":"Lagavulin","floor":6,"turns":1},{"damage":30,"enemies":"3 Sentries","floor":8,"turns":6},{"damage":0,"enemies":"Cultist","floor":12,"turns":1},{"damage":0,"enemies":"Looter","floor":13,"turns":1},{"damage":16,"enemies":"Gremlin Nob","floor":14,"turns":3},{"damage":0,"enemies":"Slime Boss","floor":16,"turns":2},{"damage":0,"enemies":"Spheric Guardian","floor":18,"turns":2},{"damage":13,"enemies":"3 Byrds","floor":22,"turns":7},{"damage":61,"enemies":"Slavers","floor":24,"turns":4},{"damage":0,"enemies":"Snake Plant","floor":25,"turns":2},{"damage":21,"enemies":"Centurion and Healer","floor":28,"turns":3},{"damage":0,"enemies":"Collector","floor":33,"turns":2},{"damage":8,"enemies":"3 Shapes","floor":35,"turns":3},{"damage":49,"enemies":"3 Darklings","floor":36,"turns":7},{"damage":0,"enemies":"Writhing Mass","floor":39,"turns":1},{"damage":58,"enemies":"4 Shapes","floor":48,"turns":3},{"damage":16,"enemies":"Donu and Deca","floor":50,"turns":3}],"seed_played":"2198275123612790266","potions_obtained":[{"floor":1,"key":"SneckoOil"},{"floor":6,"key":"PowerPotion"},{"floor":12,"key":"Explosive Potion"},{"floor":25,"key":"PowerPotion"},{"floor":28,"key":"LiquidBronze"},{"floor":39,"key":"BlessingOfTheForge"}],"is_trial":false,"path_per_floor":["M","M","?","$","?","E","R","E","T","?","R","M","M","E","R","B",null,"M","?","?","$","M","R","E","M","T","R","M","R","?","?","R","B",null,"M","M","?","?","M","R","T","$","T","$","AVR","R","?","M","R","B",null],"character_chosen":"IRONCLAD","items_purchased":["Chemical X","Whetstone","ClockworkSouvenir"],"campfire_rested":0,"item_purchase_floors":[21,21,42],"current_hp_per_floor":[78,80,61,61,50,56,56,32,32,32,32,38,44,34,34,40,70,76,76,76,76,69,69,14,40,40,40,25,25,25,25,25,31,68,66,23,23,70,70,70,80,80,80,80,80,80,80,28,28,18],"gold":78,"neow_bonus":"THREE_ENEMY_KILL","is_daily":false,"chose_seed":false,"campfire_upgraded":10,"win_rate":0.0,"timestamp":1609722852,"path_taken":["M","M","?","$","?","E","R","E","T","?","R","?","M","E","R","BOSS","M","?","?","$","?","R","E","M","T","R","M","R","?","?","R","BOSS","M","M","?","?","M","R","?","$","T","?","AVR","R","?","M","R","BOSS"],"items_purchased_type":["Relic","Relic","Relic"],"build_version":"2020-12-22","purchased_purges":2,"victory":true,"max_hp_per_floor":[80,80,80,80,80,80,80,80,80,80,80,80,80,80,80,80,80,80,80,80,80,80,80,80,80,80,80,80,80,80,80,80,80,80,80,80,80,70,70,70,80,80,80,80,80,80,80,80,80,80],"card_choices":[{"not_picked":["hubris:ReadiedAction","Twin Strike","Iron Wave"],"picked":"SKIP","floor":1},{"not_picked":["Sword Boomerang","Perfected Strike","Pommel Strike"],"picked":"SKIP","floor":2},{"not_picked":["infinitespire:Gouge","infinitespire:FinalStrike"],"picked":"hubris:InfiniteBlow+48","floor":3},{"not_picked":["Headbutt","Perfected Strike"],"picked":"infinitespire:OneForAll","floor":6},{"not_picked":["Barricade","Headbutt"],"picked":"Limit Break","floor":8},{"not_picked":["Armaments","Thunderclap","Pommel Strike"],"picked":"SKIP","floor":12},{"not_picked":["Flex","Sword Boomerang"],"picked":"Demon Form","floor":13},{"not_picked":["Headbutt","Sword Boomerang"],"picked":"Flex","floor":14},{"not_picked":["Shrug It Off","Pommel Strike","Infernal Blade"],"picked":"SKIP","floor":18},{"not_picked":["Pummel","infinitespire:OneForAll","Flex+1"],"picked":"SKIP","floor":22},{"not_picked":["Anger+1","Cleave+1","Evolve"],"picked":"SKIP","floor":24},{"not_picked":["Sword Boomerang","Clothesline","Combust"],"picked":"SKIP","floor":25},{"not_picked":["Armaments","Pommel Strike","Perfected Strike+1"],"picked":"SKIP","floor":28},{"not_picked":["Bludgeon","Barricade"],"picked":"Double Tap","floor":33},{"not_picked":["Reckless Charge+1","Fire Breathing","Inflame"],"picked":"SKIP","floor":35},{"not_picked":["Rampage+1","Rupture+1","Uppercut"],"picked":"SKIP","floor":36},{"not_picked":["Blood for Blood+1","Cleave","Warcry"],"picked":"SKIP","floor":39},{"not_picked":["Intimidate","Wild Strike+1","Flex+1"],"picked":"SKIP","floor":48}],"player_experience":173887,"relics_obtained":[{"floor":6,"key":"Red Skull"},{"floor":8,"key":"hubris:TenFootPole"},{"floor":9,"key":"infinitespire:Eraser"},{"floor":14,"key":"Torii"},{"floor":24,"key":"Matryoshka"},{"floor":26,"key":"Bag of Marbles"},{"floor":26,"key":"Bottled Lightning"},{"floor":41,"key":"Pear"},{"floor":41,"key":"Lizard Tail"},{"floor":43,"key":"hubris:SlimyHat"}],"event_choices":[{"damage_healed":0,"gold_gain":75,"player_choice":"Gather Gold","damage_taken":11,"max_hp_gain":0,"max_hp_loss":0,"event_name":"World of Goop","floor":5,"gold_loss":0},{"cards_removed":["Bash"],"damage_healed":0,"gold_gain":0,"player_choice":"Offered Basic","damage_taken":0,"max_hp_gain":0,"max_hp_loss":0,"event_name":"Bonfire Elementals","floor":10,"gold_loss":0},{"damage_healed":0,"gold_gain":0,"player_choice":"Obtained Relic","damage_taken":0,"relics_obtained":["Ancient Tea Set"],"max_hp_gain":0,"max_hp_loss":0,"event_name":"Addict","floor":19,"gold_loss":85},{"damage_healed":0,"gold_gain":100,"player_choice":"Pray","damage_taken":0,"max_hp_gain":0,"max_hp_loss":0,"event_name":"Golden Shrine","floor":20,"gold_loss":0},{"cards_removed":["Strike_R"],"damage_healed":0,"gold_gain":0,"player_choice":"Gave Gold","damage_taken":0,"max_hp_gain":0,"max_hp_loss":0,"event_name":"Beggar","floor":30,"gold_loss":75},{"damage_healed":0,"gold_gain":0,"player_choice":"Ignored","damage_taken":0,"max_hp_gain":0,"max_hp_loss":0,"event_name":"Ghosts","floor":31,"gold_loss":0},{"damage_healed":70,"gold_gain":0,"player_choice":"Heal","damage_taken":0,"max_hp_gain":0,"max_hp_loss":10,"event_name":"The Moai Head","floor":38,"gold_loss":0}],"is_beta":false,"boss_relics":[{"not_picked":["SlaversCollar","hubris:TerracottaHorce"],"picked":"hubris:HollowSoul"},{"not_picked":["Cursed Key","Runic Dome"],"picked":"hubris:CrackedHourglass"}],"items_purged_floors":[4,42],"is_endless":false,"potions_floor_spawned":[1,6,12,16,18,25,28,39],"ascension_level":8}}