{"host":"2no1vwhhkhf0ohz3","time":1609766826,"event":{"mods":["AchievementEnabler","BaseMod","Colored Map","DeckTracker","Keyboard Shortcuts","Minty Spire (QoL Compilation)","Relic Stats","SuperFastMode"],"gold_per_floor":[116,126,141,141,316,316,296,114,187,200,200,212,228,242,242,339,339,352,368,368,216,216,247,247,273,343,343,371,388,388,406,406,503,503,516,567,617,617,634,634,667,684,684,684,695,710,932,932,932,932,932],"floor_reached":50,"playtime":917,"items_purged":["Doubt"],"score":814,"play_id":"b5bbe574-b59e-4b97-b172-8cc752e22aa1","local_time":"20210104222706","is_ascension_mode":true,"campfire_choices":[{"data":"Bash","floor":6.0,"key":"SMITH"},{"data":"Whirlwind","floor":11.0,"key":"SMITH"},{"data":"Perfected Strike","floor":15.0,"key":"SMITH"},{"data":"Pommel Strike","floor":24.0,"key":"SMITH"},{"floor":27.0,"key":"REST"},{"data":"Demon Form","floor":30.0,"key":"SMITH"},{"floor":32.0,"key":"REST"},{"data":"Shrug It Off","floor":40.0,"key":"SMITH"},{"data":"Shockwave","floor":44.0,"key":"SMITH"},{"data":"Perfected Strike","floor":49.0,"key":"SMITH"}],"circlet_count":0,"master_deck":["Strike_R","Strike_R","Strike_R","Strike_R","Strike_R","Defend_R","Defend_R","Defend_R","Defend_R","Bash+1","Hemokinesis","Twin Strike","Pommel Strike+1","Spot Weakness","Whirlwind+1","Shrug It Off","Dual Wield+1","Perfected Strike+1","Double Tap","Demon Form+1","Body Slam+1","Necronomicurse","Perfected Strike+1","Twin Strike","Shockwave+1","Immolate","Pommel Strike+1","Shrug It Off+1","Perfected Strike+1","Impervious"],"relics":["Burning Blood","NeowsBlessing","Mummified Hand","Mercury Hourglass","Runic Cube","Necronomicon","Membership Card","Potion Belt","Juzu Bracelet","Red Mask","Singing Bowl","Lantern","Coffee Dripper","Bird Faced Urn","Mango","Sundial","Meat on the Bone"],"acts_visited":["Exordium","TheCity","TheBeyond"],"potions_floor_usage":[50,50,50,50,50],"damage_taken":[{"damage":0.0,"enemies":"2 Louse","floor":1.0,"turns":1.0},{"damage":0.0,"enemies":"Small Slimes","floor":2.0,"turns":1.0},{"damage":0.0,"enemies":"Cultist","floor":3.0,"turns":1.0},{"damage":11.0,"enemies":"Looter","floor":10.0,"turns":2.0},{"damage":6.0,"enemies":"Exordium Wildlife","floor":12.0,"turns":3.0},{"damage":12.0,"enemies":"Red Slaver","floor":13.0,"turns":3.0},{"damage":10.0,"enemies":"Blue Slaver","floor":14.0,"turns":2.0},{"damage":38.0,"enemies":"Hexaghost","floor":16.0,"turns":7.0},{"damage":20.0,"enemies":"Chosen","floor":18.0,"turns":5.0},{"damage":4.0,"enemies":"3 Byrds","floor":19.0,"turns":3.0},{"damage":22.0,"enemies":"Book of Stabbing","floor":23.0,"turns":3.0},{"damage":0.0,"enemies":"Masked Bandits","floor":25.0,"turns":1.0},{"damage":31.0,"enemies":"Gremlin Leader","floor":28.0,"turns":3.0},{"damage":6.0,"enemies":"Centurion and Healer","floor":29.0,"turns":2.0},{"damage":12.0,"enemies":"3 Cultists","floor":31.0,"turns":3.0},{"damage":22.0,"enemies":"Collector","floor":33.0,"turns":6.0},{"damage":4.0,"enemies":"Orb Walker","floor":35.0,"turns":2.0},{"damage":24.0,"enemies":"2 Orb Walkers","floor":36.0,"turns":3.0},{"damage":32.0,"enemies":"Mind Bloom Boss Battle","floor":37.0,"turns":4.0},{"damage":19.0,"enemies":"3 Shapes","floor":39.0,"turns":3.0},{"damage":12.0,"enemies":"Reptomancer","floor":41.0,"turns":2.0},{"damage":0.0,"enemies":"Spire Growth","floor":42.0,"turns":2.0},{"damage":34.0,"enemies":"Jaw Worm Horde","floor":45.0,"turns":3.0},{"damage":11.0,"enemies":"Sphere and 2 Shapes","floor":46.0,"turns":2.0},{"damage":64,"enemies":"Donu and Deca","floor":50,"turns":3}],"seed_played":"-625748593550849991","potions_obtained":[{"floor":3.0,"key":"DuplicationPotion"},{"floor":7.0,"key":"Block Potion"},{"floor":13.0,"key":"ElixirPotion"},{"floor":16.0,"key":"AttackPotion"},{"floor":25.0,"key":"DuplicationPotion"},{"floor":28.0,"key":"LiquidMemories"},{"floor":31.0,"key":"AttackPotion"},{"floor":33.0,"key":"Ancient Potion"},{"floor":36.0,"key":"ColorlessPotion"},{"floor":37.0,"key":"DuplicationPotion"},{"floor":45.0,"key":"Fire Potion"},{"floor":46.0,"key":"BloodPotion"}],"is_trial":false,"path_per_floor":["M","M","M","?","?","R","?","$","T","M","R","M","M","M","R","B",null,"M","M","?","$","?","E","R","?","T","R","E","M","R","M","R","B",null,"M","?","?","?","M","R","E","M","T","R","M","M","?","?","R","B"],"character_chosen":"IRONCLAD","items_purchased":["Spot Weakness","Whirlwind","Membership Card"],"campfire_rested":2,"item_purchase_floors":[8,8,21],"current_hp_per_floor":[78,80,80,73,73,73,73,73,73,68,68,68,62,58,58,26,67,53,55,39,39,39,23,23,29,29,53,30,30,30,24,48,32,70,74,58,48,48,35,35,31,41,41,41,25,32,32,32,32,0,0],"gold":932,"neow_bonus":"THREE_ENEMY_KILL","is_daily":false,"chose_seed":false,"campfire_upgraded":8,"win_rate":0.0,"timestamp":1609766826,"path_taken":["M","M","M","?","?","R","?","$","T","M","R","?","M","M","R","BOSS","M","M","?","$","?","E","R","?","T","R","E","M","R","M","R","BOSS","M","?","?","?","M","R","E","M","T","R","M","M","?","?","R","BOSS"],"items_purchased_type":["Card","Card","Relic"],"build_version":"2020-12-22","purchased_purges":1,"victory":false,"max_hp_per_floor":[80,80,80,80,80,80,80,80,80,80,80,80,80,80,80,80,80,80,80,80,80,80,80,80,80,80,80,82,82,82,82,82,82,82,84,86,100,100,100,100,102,104,104,104,104,104,104,99,99,99,99],"relic_stats":{"Singing Bowl":10,"counters":[25,70],"Mummified Hand":[13],"Sundial":[0],"Bird Faced Urn":[10],"Necronomicon":[26],"Juzu Bracelet":2,"obtain_stats":[{"Potion Belt":22,"Lantern":28,"NeowsBlessing":0,"Singing Bowl":26,"Mango":37,"Juzu Bracelet":23,"Burning Blood":0,"Mercury Hourglass":9,"Mummified Hand":4,"Sundial":41,"Bird Faced Urn":36,"Necronomicon":20,"Red Mask":25,"Coffee Dripper":34,"Membership Card":21,"Runic Cube":17,"Meat on the Bone":43},{"Potion Belt":10,"Lantern":13,"NeowsBlessing":0,"Singing Bowl":12,"Mango":19,"Juzu Bracelet":11,"Burning Blood":0,"Mercury Hourglass":3,"Mummified Hand":3,"Sundial":21,"Bird Faced Urn":18,"Necronomicon":10,"Red Mask":12,"Coffee Dripper":16,"Membership Card":10,"Runic Cube":8,"Meat on the Bone":22},{"Potion Belt":28,"Lantern":35,"NeowsBlessing":0,"Singing Bowl":32,"Mango":55,"Juzu Bracelet":31,"Burning Blood":0,"Mercury Hourglass":3,"Mummified Hand":3,"Sundial":60,"Bird Faced Urn":51,"Necronomicon":28,"Red Mask":32,"Coffee Dripper":46,"Membership Card":28,"Runic Cube":20,"Meat on the Bone":62}],"Burning Blood":134,"Mercury Hourglass":[303],"Runic Cube":[48],"Meat on the Bone":24},"card_choices":[{"not_picked":["Flex","Ghostly Armor"],"picked":"Hemokinesis","floor":1.0},{"not_picked":["Flex","Clothesline"],"picked":"Twin Strike","floor":2.0},{"not_picked":["Iron Wave","Thunderclap"],"picked":"Pommel Strike","floor":3.0},{"not_picked":["Cleave","Body Slam"],"picked":"Shrug It Off","floor":10.0},{"not_picked":["Iron Wave","Heavy Blade"],"picked":"Dual Wield","floor":12.0},{"not_picked":["Disarm","Infernal Blade"],"picked":"Perfected Strike","floor":13.0},{"not_picked":["Spot Weakness","Disarm"],"picked":"Double Tap","floor":14.0},{"not_picked":["Double Tap","Brutality"],"picked":"Demon Form","floor":16.0},{"not_picked":["Carnage","Dual Wield","Warcry"],"picked":"SKIP","floor":18.0},{"not_picked":["Clash","Wild Strike"],"picked":"Body Slam+1","floor":19.0},{"not_picked":["Infernal Blade","Sword Boomerang","Rampage"],"picked":"SKIP","floor":23.0},{"not_picked":["Feed","Sentinel"],"picked":"Perfected Strike+1","floor":25.0},{"not_picked":["Clash","Searing Blow","Body Slam"],"picked":"Singing Bowl","floor":28.0},{"not_picked":["Cleave","True Grit"],"picked":"Twin Strike","floor":29.0},{"not_picked":["Rampage","Anger"],"picked":"Shockwave","floor":31.0},{"not_picked":["Barricade","Fiend Fire"],"picked":"Immolate","floor":33.0},{"not_picked":["True Grit+1","Reckless Charge+1","Thunderclap+1"],"picked":"Singing Bowl","floor":35.0},{"not_picked":["Sword Boomerang","Body Slam","Iron Wave+1"],"picked":"Singing Bowl","floor":36.0},{"not_picked":["Anger+1","Clothesline+1"],"picked":"Pommel Strike+1","floor":37.0},{"not_picked":["Clash","True Grit"],"picked":"Shrug It Off","floor":39.0},{"not_picked":["Body Slam","Carnage+1","Anger"],"picked":"Singing Bowl","floor":41.0},{"not_picked":["Blood for Blood","Rampage+1","Shockwave+1"],"picked":"Singing Bowl","floor":42.0},{"not_picked":["Intimidate+1","Shrug It Off+1"],"picked":"Perfected Strike","floor":45.0},{"not_picked":["Second Wind+1","Spot Weakness+1"],"picked":"Impervious","floor":46.0}],"player_experience":284368,"relics_obtained":[{"floor":9.0,"key":"Mercury Hourglass"},{"floor":20.0,"key":"Necronomicon"},{"floor":23.0,"key":"Juzu Bracelet"},{"floor":25.0,"key":"Red Mask"},{"floor":26.0,"key":"Singing Bowl"},{"floor":28.0,"key":"Lantern"},{"floor":36.0,"key":"Bird Faced Urn"},{"floor":37.0,"key":"Mango"},{"floor":41.0,"key":"Sundial"},{"floor":43.0,"key":"Meat on the Bone"}],"event_choices":[{"damage_healed":0.0,"max_hp_gain":0.0,"max_hp_loss":0.0,"gold_gain":0.0,"event_name":"Scrap Ooze","player_choice":"Success","floor":4.0,"gold_loss":0.0,"damage_taken":7.0,"relics_obtained":["Mummified Hand"]},{"damage_healed":0.0,"max_hp_gain":0.0,"max_hp_loss":0.0,"gold_gain":175.0,"event_name":"Liars Game","player_choice":"AGREE","floor":5.0,"gold_loss":0.0,"damage_taken":0.0,"cards_obtained":["Doubt"]},{"damage_healed":0.0,"max_hp_gain":0.0,"max_hp_loss":0.0,"gold_gain":0.0,"event_name":"The Woman in Blue","player_choice":"Bought 1 Potion","floor":7.0,"gold_loss":0.0,"damage_taken":0.0},{"damage_healed":0.0,"max_hp_gain":0.0,"max_hp_loss":0.0,"gold_gain":0.0,"event_name":"Cursed Tome","player_choice":"Obtained Book","floor":20.0,"gold_loss":0.0,"damage_taken":16.0},{"damage_healed":0.0,"max_hp_gain":0.0,"max_hp_loss":0.0,"gold_gain":0.0,"event_name":"WeMeetAgain","player_choice":"Gave Potion","floor":22.0,"gold_loss":0.0,"damage_taken":0.0,"relics_obtained":["Potion Belt"]},{"damage_healed":0.0,"max_hp_gain":0.0,"max_hp_loss":0.0,"gold_gain":0.0,"event_name":"Masked Bandits","player_choice":"Fought Bandits","floor":25.0,"gold_loss":0.0,"damage_taken":0.0},{"damage_healed":0.0,"max_hp_gain":0.0,"max_hp_loss":0.0,"gold_gain":0.0,"event_name":"Mysterious Sphere","player_choice":"Fight","floor":36.0,"gold_loss":0.0,"damage_taken":0.0},{"damage_healed":0.0,"max_hp_gain":0.0,"max_hp_loss":0.0,"gold_gain":0.0,"event_name":"MindBloom","player_choice":"Fight","floor":37.0,"gold_loss":0.0,"damage_taken":0.0},{"damage_healed":0.0,"max_hp_gain":0.0,"max_hp_loss":0.0,"gold_gain":0.0,"event_name":"Accursed Blacksmith","player_choice":"Forge","floor":38.0,"gold_loss":0.0,"damage_taken":0.0,"cards_upgraded":["Dual Wield"]},{"damage_healed":0.0,"max_hp_gain":0.0,"max_hp_loss":0.0,"gold_gain":222.0,"event_name":"Tomb of Lord Red Mask","player_choice":"Wore Mask","floor":47.0,"gold_loss":0.0,"damage_taken":0.0},{"damage_healed":0.0,"max_hp_gain":0.0,"max_hp_loss":5.0,"gold_gain":0.0,"event_name":"Winding Halls","player_choice":"Max HP","floor":48.0,"gold_loss":0.0,"damage_taken":0.0}],"is_beta":false,"boss_relics":[{"not_picked":["Busted Crown","Mark of Pain"],"picked":"Runic Cube"},{"not_picked":["Black Blood","SlaversCollar"],"picked":"Coffee Dripper"}],"items_purged_floors":[8],"is_endless":false,"potions_floor_spawned":[3,13,14,16,25,28,31,33,36,37,45,46],"killed_by":"Donu and Deca","ascension_level":9}}