{"host":"w0w6jcqjdtkzk2bw","time":1609742957,"event":{"mods":["AchievementEnabler","BaseMod","Bestiary","Colored Map","Colored Powertips","Filter the Spire","Highlight Path","Minty Spire (QoL Compilation)","Quick Restart","Shade Mod","StSLib","Synergy Search"],"gold_per_floor":[119,133,147,164,178,207,58,3,49,59,92,92,111,137,137,240,240,250,250,250],"floor_reached":19,"playtime":1633,"items_purged":[],"score":248,"play_id":"da2157b9-e6b8-48af-9cb8-6bcc80364cab","local_time":"20210104014917","is_ascension_mode":true,"campfire_choices":[{"floor":12.0,"key":"REST"},{"data":"Shade:TouchOfTheGrave","floor":15.0,"key":"SMITH"}],"circlet_count":0,"master_deck":["Shade:Strike_Shade","Shade:Strike_Shade","Shade:Strike_Shade","Shade:Strike_Shade","Shade:Defend_Shade","Shade:Defend_Shade","Shade:Defend_Shade","Shade:Defend_Shade","Shade:AnimateDead","Shade:CarefulCut","Shade:AblativeArmor","Shade:WallOfFlesh","Shade:CommandSoldier","Shade:Carnophage","Shade:PotionOfRestlessness","Shade:ExtraLimbs","Shade:GreyBargain","Shade:TouchOfTheGrave+1","Shade:AuraOfUnlife","Shade:LichForm","Shade:FleshToFlesh+1"],"relics":["Runic Pyramid","Incense Burner","Blood Vial","Question Card","Centennial Puzzle","Ancient Tea Set","Smiling Mask","Philosopher\u0027s Stone"],"acts_visited":["Exordium","TheCity"],"potions_floor_usage":[],"damage_taken":[{"damage":2.0,"enemies":"Cultist","floor":1.0,"turns":3.0},{"damage":0.0,"enemies":"Jaw Worm","floor":2.0,"turns":4.0},{"damage":0.0,"enemies":"Small Slimes","floor":3.0,"turns":4.0},{"damage":13.0,"enemies":"Looter","floor":4.0,"turns":3.0},{"damage":10.0,"enemies":"Blue Slaver","floor":5.0,"turns":5.0},{"damage":4.0,"enemies":"3 Sentries","floor":6.0,"turns":9.0},{"damage":16.0,"enemies":"Lots of Slimes","floor":10.0,"turns":4.0},{"damage":27.0,"enemies":"Gremlin Nob","floor":11.0,"turns":4.0},{"damage":13.0,"enemies":"Large Slime","floor":13.0,"turns":5.0},{"damage":8.0,"enemies":"Lagavulin","floor":14.0,"turns":8.0},{"damage":8.0,"enemies":"Slime Boss","floor":16.0,"turns":9.0},{"damage":40,"enemies":"3 Byrds","floor":18,"turns":6},{"damage":22,"enemies":"Spheric Guardian","floor":19,"turns":5}],"seed_played":"8207738431867415157","potions_obtained":[{"floor":2.0,"key":"FearPotion"},{"floor":3.0,"key":"FairyPotion"},{"floor":5.0,"key":"EssenceOfSteel"},{"floor":11.0,"key":"Fruit Juice"},{"floor":14.0,"key":"EssenceOfSteel"},{"floor":16.0,"key":"SpeedPotion"}],"is_trial":false,"path_per_floor":["M","M","M","M","M","E","$","?","T","M","E","R","M","E","R","B",null,"M","M"],"character_chosen":"SHADE","items_purchased":["Blood Vial"],"campfire_rested":1,"item_purchase_floors":[7],"current_hp_per_floor":[57,57,57,44,34,30,30,30,30,16,19,38,27,21,21,20,58,20,0,0],"gold":250,"neow_bonus":"BOSS_RELIC","is_daily":false,"chose_seed":false,"campfire_upgraded":1,"win_rate":0.0,"timestamp":1609742957,"path_taken":["M","M","M","M","?","E","$","?","T","?","E","R","M","E","R","BOSS","M","M"],"items_purchased_type":["Relic"],"build_version":"2020-12-22","purchased_purges":0,"victory":false,"max_hp_per_floor":[65,65,65,65,65,65,65,65,65,65,65,65,65,65,65,70,70,70,70,70],"card_choices":[{"not_picked":["Shade:Premonition","Shade:SkeletonArmy"],"picked":"Shade:AblativeArmor","floor":1.0},{"not_picked":["Shade:ExtraLimbs","Shade:ScuttlingHand"],"picked":"Shade:WallOfFlesh","floor":2.0},{"not_picked":["Shade:WallOfFlesh","Shade:RavenousHorde"],"picked":"Shade:CommandSoldier","floor":3.0},{"not_picked":["Shade:ExtraLimbs","Shade:Brains"],"picked":"Shade:Carnophage","floor":4.0},{"not_picked":["Shade:ClawBack","Shade:CoffinDance"],"picked":"Shade:PotionOfRestlessness","floor":5.0},{"not_picked":["Shade:OneIsEnough","Shade:AncientSpear","Shade:RavenousHorde"],"picked":"SKIP","floor":6.0},{"not_picked":["Shade:BoneShards","Shade:AncientSpear","Shade:SkeletonHug"],"picked":"Shade:ExtraLimbs","floor":10.0},{"not_picked":["Shade:Tombstone","Shade:Bonestorm","Shade:SelfBurial"],"picked":"Shade:GreyBargain","floor":11.0},{"not_picked":["Shade:Premonition","Shade:CommandSoldier","Shade:Bite_Shade"],"picked":"Shade:TouchOfTheGrave","floor":13.0},{"not_picked":["Shade:AncientSpear","Shade:FleshLikeOak","Shade:SensePrey"],"picked":"Shade:AuraOfUnlife","floor":14.0},{"not_picked":["Shade:Consume","Shade:Coordination","Shade:MadHubris"],"picked":"Shade:LichForm","floor":16.0},{"not_picked":["Shade:GraveStillness","Shade:FingerOfDeath+1","Shade:FuneraryArmor+1"],"picked":"Shade:FleshToFlesh+1","floor":18}],"player_experience":244486,"relics_obtained":[{"floor":6.0,"key":"Incense Burner"},{"floor":9.0,"key":"Centennial Puzzle"},{"floor":11.0,"key":"Ancient Tea Set"},{"floor":14.0,"key":"Smiling Mask"}],"event_choices":[{"damage_healed":0.0,"max_hp_gain":0.0,"max_hp_loss":0.0,"gold_gain":0.0,"event_name":"WeMeetAgain","player_choice":"Paid Gold","floor":8.0,"gold_loss":55.0,"damage_taken":0.0,"relics_obtained":["Question Card"]}],"is_beta":false,"boss_relics":[{"not_picked":["Pandora\u0027s Box","Snecko Eye"],"picked":"Philosopher\u0027s Stone"}],"items_purged_floors":[],"is_endless":false,"potions_floor_spawned":[2,3,5,11,14,16,18],"killed_by":"Spheric Guardian","ascension_level":6}}