{"host":"vmugobr08l5sawtn","time":1609765694,"event":{"mods":["BaseMod","Colored Map","Colored Powertips","Minty Spire (QoL Compilation)"],"gold_per_floor":[119,135,149,168,187,187,200,200,224,299,224,239,239,139,139,243,243,260,260,279,329,347,347,361,376,376,143,155,167,186,286,286,384,434,446,177,177,177],"floor_reached":37,"playtime":2435,"items_purged":["Defend_P","Strike_P","Strike_P"],"score":532,"play_id":"11fa8e29-3ddd-4a99-a0d9-afd0be8392ab","local_time":"20210104140814","is_ascension_mode":true,"campfire_choices":[{"data":"Eruption","floor":6,"key":"SMITH"},{"floor":13,"key":"REST"},{"data":"Vigilance","floor":15,"key":"SMITH"},{"data":"MentalFortress","floor":23,"key":"SMITH"},{"floor":32,"key":"REST"}],"circlet_count":0,"master_deck":["Strike_P","Defend_P","Defend_P","Eruption+1","Vigilance+1","MentalFortress+1","Consecrate","EmptyBody","BattleHymn","FearNoEvil","Scrawl+1","Halt","Adaptation","Meditate","Halt","FearNoEvil","Tantrum","FlurryOfBlows+1","Evaluate+1"],"relics":["PureWater","Yang","Empty Cage","Bronze Scales","Tiny House","Lantern"],"acts_visited":["Exordium","TheCity","TheBeyond"],"potions_floor_usage":[7,7,16,25,30],"damage_taken":[{"damage":0,"enemies":"Cultist","floor":1,"turns":3},{"damage":7,"enemies":"Small Slimes","floor":2,"turns":4},{"damage":0,"enemies":"2 Louse","floor":3,"turns":3},{"damage":0,"enemies":"Blue Slaver","floor":4,"turns":5},{"damage":0,"enemies":"Exordium Wildlife","floor":5,"turns":5},{"damage":14,"enemies":"Lots of Slimes","floor":7,"turns":3},{"damage":0,"enemies":"3 Louse","floor":12,"turns":3},{"damage":23,"enemies":"Slime Boss","floor":16,"turns":8},{"damage":0,"enemies":"Chosen","floor":18,"turns":3},{"damage":11,"enemies":"2 Thieves","floor":20,"turns":3},{"damage":5,"enemies":"Centurion and Healer","floor":22,"turns":4},{"damage":0,"enemies":"Cultist and Chosen","floor":24,"turns":4},{"damage":0,"enemies":"Snecko","floor":25,"turns":4},{"damage":14,"enemies":"Centurion and Healer","floor":28,"turns":4},{"damage":2,"enemies":"Snake Plant","floor":29,"turns":5},{"damage":0,"enemies":"3 Cultists","floor":30,"turns":4},{"damage":43,"enemies":"Champ","floor":33,"turns":11},{"damage":0,"enemies":"Orb Walker","floor":35,"turns":2},{"damage":69,"enemies":"2 Orb Walkers","floor":37,"turns":3}],"seed_played":"796166501911226557","potions_obtained":[{"floor":2,"key":"PowerPotion"},{"floor":3,"key":"Explosive Potion"},{"floor":12,"key":"Dexterity Potion"},{"floor":22,"key":"Swift Potion"},{"floor":29,"key":"ColorlessPotion"},{"floor":34,"key":"Energy Potion"}],"is_trial":false,"path_per_floor":["M","M","M","M","M","R","M","?","T","?","$","M","R","$","R","B",null,"M","?","M","?","M","R","M","M","T","$","M","M","M","?","R","B",null,"M","$","?"],"character_chosen":"WATCHER","items_purchased":["Adaptation","Meditate","Halt","FearNoEvil","Lantern"],"campfire_rested":2,"item_purchase_floors":[27,27,27,27,36],"current_hp_per_floor":[65,58,58,58,58,58,44,32,32,21,21,21,42,42,42,19,59,59,59,48,48,43,43,43,43,43,43,29,27,27,27,48,5,60,60,60,0,0],"gold":177,"neow_bonus":"THREE_CARDS","is_daily":false,"chose_seed":false,"campfire_upgraded":3,"win_rate":0.0,"timestamp":1609765694,"path_taken":["M","M","M","M","?","R","M","?","T","?","$","M","R","$","R","BOSS","M","?","M","?","?","R","M","M","T","$","M","M","M","?","R","BOSS","M","?","?"],"items_purchased_type":["Card","Card","Card","Card","Relic"],"build_version":"2020-12-22","purchased_purges":3,"victory":false,"max_hp_per_floor":[72,72,72,72,72,72,72,72,72,72,72,72,72,72,72,72,72,72,72,72,72,72,72,72,72,72,72,72,72,72,72,72,72,77,77,77,77,77],"card_choices":[{"not_picked":["WindmillStrike","InnerPeace"],"picked":"MentalFortress","floor":0},{"not_picked":["FlyingSleeves","WheelKick","Fasting2"],"picked":"SKIP","floor":1},{"not_picked":["PathToVictory","Protect"],"picked":"Consecrate","floor":2},{"not_picked":["FollowUp","WreathOfFlame","ClearTheMind"],"picked":"SKIP","floor":3},{"not_picked":["Indignation","CutThroughFate"],"picked":"EmptyBody","floor":4},{"not_picked":["Protect","FollowUp"],"picked":"BattleHymn","floor":5},{"not_picked":["SashWhip","Meditate"],"picked":"FearNoEvil","floor":7},{"not_picked":["BowlingBash","ClearTheMind","Wireheading"],"picked":"SKIP","floor":12},{"not_picked":["ConjureBlade","Wish"],"picked":"Scrawl","floor":16},{"not_picked":["Wireheading","WheelKick","LikeWater+1"],"picked":"SKIP","floor":18},{"not_picked":["JustLucky+1","Nirvana","Swivel"],"picked":"SKIP","floor":20},{"not_picked":["Consecrate","CrushJoints","Study"],"picked":"SKIP","floor":22},{"not_picked":["Pray","ReachHeaven+1"],"picked":"Halt","floor":24},{"not_picked":["CutThroughFate","EmptyFist+1","JustLucky"],"picked":"SKIP","floor":25},{"not_picked":["Prostrate","MentalFortress"],"picked":"Tantrum","floor":28},{"not_picked":["DevaForm","Consecrate","Fasting2"],"picked":"SKIP","floor":29},{"not_picked":["Consecrate+1","BowlingBash+1"],"picked":"FlurryOfBlows+1","floor":30},{"not_picked":["BowlingBash","CrushJoints+1"],"picked":"Evaluate+1","floor":35}],"player_experience":343017,"relics_obtained":[{"floor":26,"key":"Bronze Scales"}],"event_choices":[{"damage_healed":0,"gold_gain":0,"player_choice":"Success","damage_taken":12,"relics_obtained":["Yang"],"max_hp_gain":0,"max_hp_loss":0,"event_name":"Scrap Ooze","floor":8,"gold_loss":0},{"damage_healed":0,"gold_gain":75,"player_choice":"Gather Gold","damage_taken":11,"max_hp_gain":0,"max_hp_loss":0,"event_name":"World of Goop","floor":10,"gold_loss":0},{"damage_healed":0,"gold_gain":0,"player_choice":"Ignored","damage_taken":0,"max_hp_gain":0,"max_hp_loss":0,"event_name":"Vampires","floor":19,"gold_loss":0},{"damage_healed":0,"gold_gain":100,"player_choice":"Bet on Murderer","damage_taken":0,"max_hp_gain":0,"max_hp_loss":0,"event_name":"The Joust","floor":21,"gold_loss":50},{"damage_healed":0,"gold_gain":100,"player_choice":"Pray","damage_taken":0,"max_hp_gain":0,"max_hp_loss":0,"event_name":"Golden Shrine","floor":31,"gold_loss":0},{"damage_healed":0,"gold_gain":0,"player_choice":"Fight","damage_taken":0,"max_hp_gain":0,"max_hp_loss":0,"event_name":"Mysterious Sphere","floor":37,"gold_loss":0}],"is_beta":false,"boss_relics":[{"not_picked":["Cursed Key","SlaversCollar"],"picked":"Empty Cage"},{"not_picked":["Philosopher\u0027s Stone","SacredBark"],"picked":"Tiny House"}],"items_purged_floors":[11,14,36],"is_endless":false,"potions_floor_spawned":[2,3,12,22,29],"killed_by":"2 Orb Walkers","ascension_level":9}}