{"host":"9v3x998ddbx8o276","time":1609725132,"event":{"mods":["AchievementEnabler","BaseMod","Colored Map","Colored Powertips","Highlight Path","Minty Spire (QoL Compilation)","Quick Restart","Rare Cards Sparkle"],"gold_per_floor":[110,129,18,30,94,122,122,157,157,189,189,189,205,61,61,151,151,176,176,176,176],"floor_reached":20,"playtime":599,"items_purged":[],"score":530,"play_id":"f722b761-2e20-45a7-8be7-fc8a3eed3f97","local_time":"20210104122212","is_ascension_mode":true,"campfire_choices":[{"data":"Blade Dance","floor":7,"key":"SMITH"},{"floor":12,"key":"REST"},{"floor":15,"key":"REST"}],"circlet_count":0,"master_deck":["AscendersBane","Strike_G","Strike_G","Strike_G","Strike_G","Strike_G","Defend_G","Defend_G","Defend_G","Defend_G","Defend_G","Survivor","Neutralize","Finisher","Quick Slash","Slice","Backstab","Leg Sweep","Blade Dance+1","Well Laid Plans","Terror","Cloak And Dagger","Footwork","Corpse Explosion","Backflip"],"relics":["Ring of the Snake","NeowsBlessing","Akabeko","HornCleat","Letter Opener","Bottled Tornado","Golden Idol","Runic Pyramid","Nilry\u0027s Codex"],"acts_visited":["Exordium","TheCity"],"potions_floor_usage":[6,10,16,20],"damage_taken":[{"damage":0,"enemies":"Jaw Worm","floor":1,"turns":1},{"damage":0,"enemies":"2 Louse","floor":2,"turns":1},{"damage":0,"enemies":"Cultist","floor":4,"turns":1},{"damage":19,"enemies":"3 Sentries","floor":6,"turns":10},{"damage":21,"enemies":"Gremlin Nob","floor":8,"turns":4},{"damage":0,"enemies":"Lagavulin","floor":10,"turns":4},{"damage":3,"enemies":"3 Louse","floor":13,"turns":3},{"damage":0,"enemies":"Hexaghost","floor":16,"turns":9},{"damage":34,"enemies":"Spheric Guardian","floor":18,"turns":6},{"damage":0,"enemies":"3 Byrds","floor":20,"turns":3}],"seed_played":"3183641291280120656","potions_obtained":[{"floor":4,"key":"BlessingOfTheForge"},{"floor":6,"key":"CunningPotion"},{"floor":13,"key":"BlessingOfTheForge"}],"is_trial":false,"path_per_floor":["M","M","$","M","?","E","R","E","T","E","?","R","M","$","R","B",null,"M","?","M"],"character_chosen":"THE_SILENT","items_purchased":["Slice","Backstab","Footwork","Explosive Potion"],"campfire_rested":2,"item_purchase_floors":[3,3,14,14],"current_hp_per_floor":[59,59,59,59,59,40,40,19,19,19,19,37,34,34,52,52,58,24,3,3,3],"gold":176,"neow_bonus":"THREE_ENEMY_KILL","is_daily":false,"chose_seed":false,"campfire_upgraded":1,"win_rate":0.0,"timestamp":1609725132,"path_taken":["M","M","$","M","?","E","R","E","T","E","?","R","M","?","R","BOSS","M","?","M"],"items_purchased_type":["Card","Card","Card","Potion"],"build_version":"2020-12-22","purchased_purges":0,"victory":false,"max_hp_per_floor":[66,66,66,66,66,66,66,66,66,66,60,60,60,60,60,60,60,60,60,60,60],"card_choices":[{"not_picked":["Prepared","Acrobatics"],"picked":"Finisher","floor":1},{"not_picked":["PiercingWail","Choke"],"picked":"Quick Slash","floor":2},{"not_picked":["Acrobatics","Deflect"],"picked":"Leg Sweep","floor":4},{"not_picked":["Backflip","Concentrate"],"picked":"Blade Dance","floor":6},{"not_picked":["Doppelganger","Slice"],"picked":"Well Laid Plans","floor":8},{"not_picked":["Escape Plan","Deflect"],"picked":"Terror","floor":10},{"not_picked":["Bane","Flying Knee"],"picked":"Cloak And Dagger","floor":13},{"not_picked":["Malaise","Grand Finale"],"picked":"Corpse Explosion","floor":16},{"not_picked":["Finisher","Sucker Punch"],"picked":"Backflip","floor":18}],"player_experience":2082049,"relics_obtained":[{"floor":6,"key":"Akabeko"},{"floor":8,"key":"HornCleat"},{"floor":9,"key":"Letter Opener"},{"floor":10,"key":"Bottled Tornado"},{"floor":19,"key":"Nilry\u0027s Codex"}],"event_choices":[{"damage_healed":0,"gold_gain":64,"player_choice":"Gained Gold","damage_taken":0,"max_hp_gain":0,"max_hp_loss":0,"event_name":"Golden Wing","floor":5,"gold_loss":0},{"damage_healed":0,"gold_gain":0,"player_choice":"Lose Max HP","damage_taken":0,"relics_obtained":["Golden Idol"],"max_hp_gain":0,"max_hp_loss":6,"event_name":"Golden Idol","floor":11,"gold_loss":0},{"damage_healed":0,"gold_gain":0,"player_choice":"Obtained Book","damage_taken":21,"max_hp_gain":0,"max_hp_loss":0,"event_name":"Cursed Tome","floor":19,"gold_loss":0}],"is_beta":false,"boss_relics":[{"not_picked":["HoveringKite","Fusion Hammer"],"picked":"Runic Pyramid"}],"items_purged_floors":[],"is_endless":false,"potions_floor_spawned":[4,6,13],"killed_by":"3 Byrds","ascension_level":20}}