{"host":"ymw71f7rc9ndansy","time":1609749448,"event":{"mods":["ATMod(阿瑾Mod)","Act Like it!","Aspiration","BaseMod","DeckTracker","Hubris","Library of Ruina","Library of Ruina Extra","Lobotomy","LobotomyExtend","Minty Spire (QoL Compilation)","MostiFishMod","Remove Card Discount Mod","Replay The Spire","StSLib","TestMod","【遗物卡牌】REMEMod"],"gold_per_floor":[118,33,56,82,107,151,151,189,189,213,262,262,262,311,311,456,456,488,488,193,193,222,222,268,268,322,366,366,414,441,490,490,601,601,601],"floor_reached":34,"playtime":1932,"items_purged":["Strike_B","Strike_B","Strike_B","Defend_B","Defend_B","Strike_B","Defend_B","Defend_B","Dualcast","Steam"],"score":1562,"play_id":"041a86ba-93f2-422e-8c98-129412ea15b4","local_time":"20210104163728","is_ascension_mode":true,"campfire_choices":[{"data":"Zap","floor":7.0,"key":"SMITH"},{"data":"Coolheaded","floor":12.0,"key":"SMITH"},{"data":"Biased Cognition","floor":15.0,"key":"SMITH"},{"data":"Panic Button","floor":23,"key":"SMITH"},{"data":"MostiFishMod:Nova","floor":25,"key":"SMITH"},{"floor":28,"key":"REST"},{"floor":32,"key":"RECALL"}],"circlet_count":0,"master_deck":["AscendersBane","Zap+1","AT_FalsePromise","testmod-FightingIntention","Creative AI","AT_HeatAcrobatics","Biased Cognition+1","Coolheaded+1","hubris:Ukulele","Turbo","Panic Button+1","ReplayTheSpireMod:Calculation Training","MostiFishMod:Hijack","Echo Form","MostiFishMod:Nova+1","Capacitor","Heatsinks","ReplayTheSpireMod:Calculation Training","ReplayTheSpireMod:Calculation Training","Pain","Storm+1","AT_EMC2","Recycle+1","MostiFishMod:InterfaceCompatibility","Capacitor","Mirror Shield"],"relics":["Cracked Core","testmod-TestBox","REME_ComplimentaryCards","AT_ATBox","EGODaCapo","testmod-DeterminationOfClimber","SynthV:TestCard","Geode","Blue Doll","Question Card","DaveBox","MetatronsCube","DataDisk","ChiXiaoBlade","PageOfPorccubus","WarpedTongs","Vajra","Gremlin Food","Replay:PocketPolymizer","PageOfQueenBee","Gremlin Horn","hubris:Stopwatch"],"acts_visited":["Exordium","TheCity"],"potions_floor_usage":[],"damage_taken":[{"damage":0.0,"enemies":"Jaw Worm","floor":1.0,"turns":2.0},{"damage":0.0,"enemies":"2 Louse","floor":3.0,"turns":3.0},{"damage":0.0,"enemies":"Small Slimes","floor":4.0,"turns":1.0},{"damage":0.0,"enemies":"Exordium Thugs","floor":5.0,"turns":2.0},{"damage":0.0,"enemies":"Gremlin Nob","floor":6.0,"turns":3.0},{"damage":0.0,"enemies":"Lagavulin","floor":8.0,"turns":2.0},{"damage":0.0,"enemies":"Lots of Slimes","floor":10.0,"turns":1.0},{"damage":0.0,"enemies":"3 Sentries","floor":11.0,"turns":4.0},{"damage":0.0,"enemies":"Gremlin Nob","floor":14.0,"turns":1.0},{"damage":5.0,"enemies":"Fading Forest","floor":16.0,"turns":4.0},{"damage":0.0,"enemies":"Chosen","floor":18.0,"turns":1.0},{"damage":0,"enemies":"Shell Parasite","floor":22,"turns":2},{"damage":10,"enemies":"Book of Stabbing","floor":24,"turns":1},{"damage":12,"enemies":"Slavers","floor":27,"turns":1},{"damage":17,"enemies":"Replay:Snechameleon","floor":29,"turns":1},{"damage":1,"enemies":"Shelled Parasite and Fungi","floor":30,"turns":1},{"damage":1,"enemies":"Slavers","floor":31,"turns":1},{"damage":1,"enemies":"KingOfGreed","floor":33,"turns":5}],"seed_played":"-2590177928355186835","potions_obtained":[{"floor":3.0,"key":"Fire Potion"},{"floor":5.0,"key":"FocusPotion"},{"floor":8.0,"key":"DuplicationPotion"}],"is_trial":false,"path_per_floor":["M","$","M","M","M","E","R","E","T","M","E","R","?","E","R","B",null,"M","?","$","?","M","R","E","R","T","E","R","E","M","E","R","B",null],"character_chosen":"DEFECT","items_purchased":["Biased Cognition","PageOfPorccubus","Heatsinks","ReplayTheSpireMod:Calculation Training"],"campfire_rested":1,"item_purchase_floors":[2,20,20,20],"current_hp_per_floor":[64,64,71,71,71,71,71,71,71,71,71,71,71,71,71,71,71,71,71,71,71,71,71,69,69,69,65,71,68,71,71,71,71,71,71],"gold":601,"neow_bonus":"ONE_RANDOM_RARE_CARD","is_daily":false,"chose_seed":false,"campfire_upgraded":5,"win_rate":0.0,"timestamp":1609749448,"path_taken":["M","$","M","M","M","E","R","E","T","M","E","R","?","E","R","BOSS","M","?","$","?","?","R","E","R","T","E","R","E","M","E","R","BOSS"],"items_purchased_type":["Card","Relic","Card","Card"],"build_version":"2020-12-22","purchased_purges":10,"victory":false,"max_hp_per_floor":[71,71,71,71,71,71,71,71,71,71,71,71,71,71,71,71,71,71,71,71,71,71,71,71,71,71,71,71,71,71,71,71,71,71,71],"card_choices":[{"not_picked":["Self Repair","Storm"],"picked":"AT_HeatAcrobatics","floor":1.0},{"not_picked":["Genetic Algorithm","AT_EMC2","Redo","Coolheaded"],"picked":"Steam","floor":3.0},{"not_picked":["Redo","Stack","hubris:Ukulele","Conserve Battery"],"picked":"Coolheaded","floor":4.0},{"not_picked":["Sweeping Beam","Steam","Rebound","Compile Driver"],"picked":"hubris:Ukulele","floor":5.0},{"not_picked":["Doom and Gloom","Rebound","REME_ForAll","Blizzard"],"picked":"Turbo","floor":6.0},{"not_picked":["Beam Cell","AT_HeatAcrobatics","ReplayTheSpireMod:Calculation Training","Hologram"],"picked":"Panic Button","floor":8.0},{"not_picked":["ReplayTheSpireMod:GoodbyeWorld","Panic Button","BasicCrystalCard","Stack"],"picked":"ReplayTheSpireMod:Calculation Training","floor":10.0},{"not_picked":["REME_DataAnalysis","Crystallizer","Reprogram","AT_WarpDrive"],"picked":"MostiFishMod:Hijack","floor":11.0},{"not_picked":["Compile Driver","Coolheaded","aspiration:Polymerization","Leap","Ball Lightning"],"picked":"Echo Form","floor":14.0},{"not_picked":["Meteor Strike","hubris:Prefetch","Biased Cognition","ReplayTheSpireMod:Fabricate Wheel","MostiFishMod:Prepare"],"picked":"MostiFishMod:Nova","floor":16.0},{"not_picked":["Rebound","AT_ThunderBolt","MostiFishMod:PushDownKick","Undo","Coolheaded"],"picked":"Capacitor","floor":18},{"not_picked":["Force Field","Melter+1","Redo","REME_DataAnalysis","REME_Whirling"],"picked":"Storm","floor":22},{"not_picked":["Streamline","Fusion","Glacier","Cold Snap","Static Discharge"],"picked":"AT_EMC2","floor":27},{"not_picked":["ReplaySolidLightProjector","Steam","Reboot","Gash","Barrage"],"picked":"Recycle+1","floor":29},{"not_picked":["MostiFishMod:PushDownKick","Coolheaded","Rebound","Cold Snap","Crystallizer"],"picked":"MostiFishMod:InterfaceCompatibility","floor":30},{"not_picked":["Leap","Panic Button","Hologram+1","Sweeping Beam","Crystallizer"],"picked":"Capacitor","floor":31},{"not_picked":["ReplayTheSpireMod:Omega Cannon","Thunder Strike","Echo Form","Rainbow","MostiFishMod:Prepare"],"picked":"Mirror Shield","floor":33}],"player_experience":1070725,"relics_obtained":[{"floor":1.0,"key":"SynthV:TestCard"},{"floor":6.0,"key":"Geode"},{"floor":8.0,"key":"Blue Doll"},{"floor":11.0,"key":"Question Card"},{"floor":14.0,"key":"DataDisk"},{"floor":24,"key":"Vajra"},{"floor":26,"key":"Gremlin Food"},{"floor":27,"key":"Replay:PocketPolymizer"},{"floor":29,"key":"PageOfQueenBee"},{"floor":31,"key":"Gremlin Horn"}],"event_choices":[{"damage_healed":0.0,"max_hp_gain":0.0,"max_hp_loss":0.0,"gold_gain":0.0,"event_name":"给自己的盒子","player_choice":"Swap Relic","floor":13.0,"relics_lost":["DaveBox"],"gold_loss":0.0,"damage_taken":0.0,"relics_obtained":["DaveBox"]},{"damage_healed":0,"gold_gain":0,"player_choice":"Rummage","damage_taken":0,"relics_obtained":["WarpedTongs"],"max_hp_gain":0,"max_hp_loss":0,"event_name":"Accursed Blacksmith","floor":21,"gold_loss":0,"cards_obtained":["Pain"]}],"is_beta":false,"boss_relics":[{"not_picked":["Honey Jar","aspiration:IroncladSkillbook"],"picked":"ChiXiaoBlade"},{"not_picked":["testmod-TimeTraveler","testmod-KeyOfTheVoid"],"picked":"hubris:Stopwatch"}],"items_purged_floors":[2,2,2,2,2,20,20,20,20,20],"is_endless":false,"potions_floor_spawned":[3,5,8,16,27,30,31],"ascension_level":20}}