{"host":"63rwe7p34ct1i0qu","time":1609778776,"event":{"mods":["BaseMod","Colored Map","DeckTracker","Minty Spire (QoL Compilation)","Permanent Neow","Quick Restart","StSLib"],"gold_per_floor":[118,10,20,35,51,84,84,104,159,159,183,183,58,69,69,170,170,181,51,51,64,64,64,78,78,146,160,177,190,289,314,314,409,409,420,439,339,355,705,705,732,732,732,732,732,732],"floor_reached":45,"playtime":1598,"items_purged":["Strike_G","Strike_G"],"score":794,"play_id":"9f06a71c-7412-4029-a287-090b4ba6ef49","local_time":"20210105014616","is_ascension_mode":true,"campfire_choices":[{"data":"Dagger Spray","floor":7.0,"key":"SMITH"},{"data":"Backflip","floor":10.0,"key":"SMITH"},{"floor":15.0,"key":"REST"},{"floor":23.0,"key":"REST"},{"floor":25.0,"key":"REST"},{"floor":32.0,"key":"REST"},{"floor":40.0,"key":"REST"}],"circlet_count":0,"master_deck":["AscendersBane","Strike_G","Strike_G","Strike_G","Defend_G","Defend_G","Defend_G","Defend_G","Defend_G","Survivor","Neutralize","PiercingWail","Noxious Fumes","Backstab","Poisoned Stab","Backflip+1","Dagger Spray+1","Accuracy","Accuracy","Blade Dance","Blade Dance","A Thousand Cuts","Blade Dance+1","Accuracy","Blade Dance","Choke","Well Laid Plans","Footwork","Finisher","Night Terror","Cloak And Dagger+1","Panacea"],"relics":["Ring of the Serpent","Blood Vial","Lizard Tail","Happy Flower","Odd Mushroom","Mummified Hand","Bronze Scales","Matryoshka","Strawberry","WristBlade","Old Coin","Juzu Bracelet","Anchor","Incense Burner"],"acts_visited":["Exordium","TheCity","TheBeyond"],"potions_floor_usage":[45,45],"damage_taken":[{"damage":0.0,"enemies":"Cultist","floor":1.0,"turns":4.0},{"damage":1.0,"enemies":"Small Slimes","floor":3.0,"turns":4.0},{"damage":0.0,"enemies":"2 Louse","floor":4.0,"turns":2.0},{"damage":1.0,"enemies":"Looter","floor":5.0,"turns":4.0},{"damage":40.0,"enemies":"Lagavulin","floor":6.0,"turns":8.0},{"damage":0.0,"enemies":"3 Louse","floor":8.0,"turns":3.0},{"damage":9.0,"enemies":"The Mushroom Lair","floor":11.0,"turns":2.0},{"damage":0.0,"enemies":"2 Fungi Beasts","floor":14.0,"turns":2.0},{"damage":39.0,"enemies":"The Guardian","floor":16.0,"turns":12.0},{"damage":7.0,"enemies":"3 Byrds","floor":18.0,"turns":4.0},{"damage":15.0,"enemies":"Shell Parasite","floor":21.0,"turns":4.0},{"damage":18.0,"enemies":"Centurion and Healer","floor":24.0,"turns":3.0},{"damage":15.0,"enemies":"Shelled Parasite and Fungi","floor":27.0,"turns":3.0},{"damage":7.0,"enemies":"Chosen and Byrds","floor":28.0,"turns":3.0},{"damage":0.0,"enemies":"Cultist and Chosen","floor":29.0,"turns":3.0},{"damage":26.0,"enemies":"Slavers","floor":31.0,"turns":5.0},{"damage":40.0,"enemies":"Collector","floor":33.0,"turns":4.0},{"damage":15.0,"enemies":"Orb Walker","floor":35.0,"turns":3.0},{"damage":4.0,"enemies":"3 Shapes","floor":36.0,"turns":5.0},{"damage":18.0,"enemies":"Jaw Worm Horde","floor":38.0,"turns":3.0},{"damage":0.0,"enemies":"Mind Bloom Boss Battle","floor":39.0,"turns":4.0},{"damage":49.0,"enemies":"Giant Head","floor":41.0,"turns":6.0},{"damage":35,"enemies":"Spire Growth","floor":45,"turns":2}],"seed_played":"639241159488412717","potions_obtained":[{"floor":5.0,"key":"GamblersBrew"},{"floor":6.0,"key":"Poison Potion"},{"floor":8.0,"key":"SpeedPotion"},{"floor":16.0,"key":"BlessingOfTheForge"},{"floor":27.0,"key":"SteroidPotion"},{"floor":38.0,"key":"SteroidPotion"},{"floor":41.0,"key":"Poison Potion"}],"is_trial":false,"path_per_floor":["M","$","M","M","M","E","R","M","T","R","?","?","$","M","R","B",null,"M","$","?","M","?","R","M","R","T","M","M","M","?","E","R","B",null,"M","M","$","M","?","R","E","?","T","?","M"],"character_chosen":"THE_SILENT","items_purchased":["Noxious Fumes","Backstab","Blade Dance","Accuracy","Blade Dance"],"campfire_rested":5,"item_purchase_floors":[2,2,13,19,19],"current_hp_per_floor":[65,65,66,68,69,30,30,32,32,32,25,7,7,9,30,30,60,55,55,55,42,29,51,35,57,57,44,39,41,41,24,48,10,64,51,49,49,33,35,59,12,12,12,12,0,0],"gold":732,"neow_bonus":"RANDOM_COMMON_RELIC","is_daily":false,"chose_seed":false,"campfire_upgraded":2,"win_rate":0.0,"timestamp":1609778776,"path_taken":["M","?","?","M","M","E","R","M","T","R","?","?","$","M","R","BOSS","M","$","?","M","?","R","M","R","T","M","M","M","?","E","R","BOSS","M","M","$","M","?","R","E","?","T","?","M"],"items_purchased_type":["Card","Card","Card","Card","Card"],"build_version":"2020-12-22","purchased_purges":2,"victory":false,"max_hp_per_floor":[70,70,70,70,70,70,70,70,70,70,70,70,70,70,70,70,70,70,70,70,70,75,75,75,75,75,75,75,75,75,82,82,82,82,82,82,82,82,82,82,82,82,82,82,82,82],"card_choices":[{"not_picked":["Caltrops","Eviscerate"],"picked":"PiercingWail","floor":1.0},{"not_picked":["Heel Hook","Sucker Punch"],"picked":"Poisoned Stab","floor":3.0},{"not_picked":["Sucker Punch","Quick Slash"],"picked":"Backflip","floor":4.0},{"not_picked":["Deadly Poison","Riddle With Holes"],"picked":"Dagger Spray","floor":5.0},{"not_picked":["Acrobatics","Distraction"],"picked":"Accuracy","floor":6.0},{"not_picked":["Poisoned Stab","Deflect"],"picked":"Dagger Spray","floor":8.0},{"not_picked":["Deadly Poison","Acrobatics"],"picked":"Accuracy","floor":11.0},{"not_picked":["Crippling Poison","Leg Sweep"],"picked":"Blade Dance","floor":14.0},{"not_picked":["Die Die Die","Corpse Explosion"],"picked":"A Thousand Cuts","floor":16.0},{"not_picked":["Flying Knee","Slice"],"picked":"Blade Dance+1","floor":18.0},{"not_picked":["Sucker Punch+1","Escape Plan"],"picked":"Choke","floor":21.0},{"not_picked":["Acrobatics","Dagger Spray","Quick Slash"],"picked":"SKIP","floor":24.0},{"not_picked":["Quick Slash","Acrobatics","Riddle With Holes"],"picked":"SKIP","floor":27.0},{"not_picked":["Outmaneuver","Deflect"],"picked":"Well Laid Plans","floor":28.0},{"not_picked":["Setup+1","Deflect"],"picked":"Footwork","floor":29.0},{"not_picked":["Calculated Gamble+1","Backflip"],"picked":"Finisher","floor":31.0},{"not_picked":["Grand Finale","Adrenaline"],"picked":"Night Terror","floor":33.0},{"not_picked":["Sucker Punch","Dagger Throw","Terror"],"picked":"SKIP","floor":35.0},{"not_picked":["Infinite Blades","Blade Dance","Skewer"],"picked":"SKIP","floor":36.0},{"not_picked":["Sucker Punch","Acrobatics","Blade Dance"],"picked":"SKIP","floor":38.0},{"not_picked":["Reflex","Underhanded Strike"],"picked":"Cloak And Dagger+1","floor":41.0},{"not_picked":["Deep Breath","Jack Of All Trades"],"picked":"Panacea","floor":44.0}],"player_experience":830576,"relics_obtained":[{"floor":6.0,"key":"Lizard Tail"},{"floor":9.0,"key":"Happy Flower"},{"floor":11.0,"key":"Odd Mushroom"},{"floor":26.0,"key":"Matryoshka"},{"floor":31.0,"key":"Strawberry"},{"floor":39.0,"key":"Old Coin"},{"floor":41.0,"key":"Juzu Bracelet"},{"floor":43.0,"key":"Anchor"},{"floor":43.0,"key":"Incense Burner"}],"event_choices":[{"damage_healed":0.0,"max_hp_gain":0.0,"max_hp_loss":0.0,"gold_gain":0.0,"event_name":"Mushrooms","player_choice":"Fought Mushrooms","floor":11.0,"gold_loss":0.0,"damage_taken":0.0},{"damage_healed":0.0,"max_hp_gain":0.0,"max_hp_loss":0.0,"gold_gain":0.0,"event_name":"Scrap Ooze","player_choice":"Success","floor":12.0,"gold_loss":0.0,"damage_taken":18.0,"relics_obtained":["Mummified Hand"]},{"damage_healed":0.0,"max_hp_gain":0.0,"max_hp_loss":0.0,"gold_gain":0.0,"event_name":"The Mausoleum","player_choice":"Opened","floor":20.0,"gold_loss":0.0,"damage_taken":0.0,"relics_obtained":["Bronze Scales"]},{"damage_healed":0.0,"max_hp_gain":5.0,"max_hp_loss":0.0,"gold_gain":0.0,"event_name":"Forgotten Altar","player_choice":"Shed Blood","floor":22.0,"gold_loss":0.0,"damage_taken":18.0},{"damage_healed":0.0,"max_hp_gain":0.0,"max_hp_loss":0.0,"gold_gain":99.0,"event_name":"Nest","player_choice":"Stole From Cult","floor":30.0,"gold_loss":0.0,"damage_taken":0.0},{"damage_healed":0.0,"max_hp_gain":0.0,"max_hp_loss":0.0,"gold_gain":0.0,"event_name":"MindBloom","player_choice":"Fight","floor":39.0,"gold_loss":0.0,"damage_taken":0.0},{"cards_removed":["Dagger Spray"],"damage_healed":0.0,"max_hp_gain":0.0,"max_hp_loss":0.0,"gold_gain":0.0,"event_name":"Falling","player_choice":"Removed Attack","floor":42.0,"gold_loss":0.0,"damage_taken":0.0},{"damage_healed":0.0,"max_hp_gain":0.0,"max_hp_loss":0.0,"gold_gain":0.0,"event_name":"SensoryStone","player_choice":"Memory 1","floor":44.0,"gold_loss":0.0,"damage_taken":0.0}],"is_beta":false,"boss_relics":[{"not_picked":["HoveringKite","Cursed Key"],"picked":"Ring of the Serpent"},{"not_picked":["SacredBark","Fusion Hammer"],"picked":"WristBlade"}],"items_purged_floors":[13,37],"is_endless":false,"potions_floor_spawned":[5,6,8,16,27,28,29,38,41],"killed_by":"Spire Growth","ascension_level":12}}