{"host":"x7n7968bn9ekn290","time":1609788775,"event":{"mods":["AchievementEnabler","BaseMod","Minty Spire (QoL Compilation)","Relic Stats"],"gold_per_floor":[111,130,62,82,182,193,213,224,224,224,257,267,297,307,307,412,462,480,90,90,121,189,224,224,234,261,280,298,314,314,325,325,426,426,442,457,457,457],"floor_reached":37,"playtime":1891,"items_purged":[],"score":434,"play_id":"3f6e94ba-a0fb-46c8-83ca-58312e910102","local_time":"20210104113255","is_ascension_mode":false,"campfire_choices":[{"data":"Infernal Blade","floor":10,"key":"SMITH"},{"floor":15,"key":"REST"},{"floor":24,"key":"REST"},{"floor":30,"key":"REST"},{"floor":32,"key":"REST"}],"circlet_count":0,"master_deck":["Strike_R","Strike_R","Strike_R","Strike_R","Strike_R","Defend_R","Defend_R","Defend_R","Defend_R","Bash","Headbutt","Clothesline","Intimidate","Cleave+1","Thunderclap","Infernal Blade+1","Cleave","Clothesline","Flame Barrier","Headbutt","Twin Strike","Double Tap","Spot Weakness","Clothesline","Ghostly Armor","HandOfGreed","RitualDagger","Heavy Blade","Trip+1","Chaos+1","Steam+1","Beam Cell","Fusion+1","Flex+1","Auto Shields+1","Reaper","Shrug It Off+1","Leg Sweep+1"],"relics":["Burning Blood","White Beast Statue","Bronze Scales","Meat on the Bone","Tiny House","PrismaticShard","Letter Opener","Matryoshka","Toxic Egg 2","Dream Catcher"],"acts_visited":["Exordium","TheCity","TheBeyond"],"potions_floor_usage":[11,16,23,28,33,33,37],"damage_taken":[{"damage":1,"enemies":"Cultist","floor":1,"turns":4},{"damage":5,"enemies":"Jaw Worm","floor":2,"turns":4},{"damage":2,"enemies":"Small Slimes","floor":4,"turns":4},{"damage":13,"enemies":"Blue Slaver","floor":6,"turns":4},{"damage":5,"enemies":"3 Louse","floor":7,"turns":2},{"damage":10,"enemies":"Large Slime","floor":8,"turns":5},{"damage":29,"enemies":"3 Sentries","floor":11,"turns":6},{"damage":5,"enemies":"Red Slaver","floor":12,"turns":3},{"damage":21,"enemies":"Gremlin Nob","floor":13,"turns":5},{"damage":11,"enemies":"Blue Slaver","floor":14,"turns":3},{"damage":68,"enemies":"Hexaghost","floor":16,"turns":10},{"damage":46,"enemies":"2 Thieves","floor":18,"turns":3},{"damage":11,"enemies":"3 Byrds","floor":21,"turns":2},{"damage":34,"enemies":"Slavers","floor":23,"turns":4},{"damage":27,"enemies":"Snake Plant","floor":25,"turns":4},{"damage":34,"enemies":"Centurion and Healer","floor":27,"turns":7},{"damage":18,"enemies":"Sentry and Sphere","floor":28,"turns":6},{"damage":20,"enemies":"Snake Plant","floor":29,"turns":3},{"damage":26,"enemies":"Cultist and Chosen","floor":31,"turns":7},{"damage":70,"enemies":"Collector","floor":33,"turns":11},{"damage":22,"enemies":"3 Shapes","floor":35,"turns":4},{"damage":27,"enemies":"3 Darklings","floor":36,"turns":4},{"damage":64,"enemies":"Spire Growth","floor":37,"turns":6}],"seed_played":"4769874907420830692","potions_obtained":[{"floor":7,"key":"BloodPotion"},{"floor":8,"key":"Swift Potion"},{"floor":11,"key":"AttackPotion"},{"floor":12,"key":"BlessingOfTheForge"},{"floor":16,"key":"BlessingOfTheForge"},{"floor":17,"key":"SkillPotion"},{"floor":23,"key":"Weak Potion"},{"floor":28,"key":"BlessingOfTheForge"},{"floor":29,"key":"Energy Potion"},{"floor":33,"key":"Weak Potion"},{"floor":35,"key":"LiquidMemories"}],"is_trial":false,"path_per_floor":["M","M","$","M","?","M","M","M","T","R","E","M","E","M","R","B",null,"M","$","?","M","T","E","R","M","T","M","M","M","R","M","R","B",null,"M","M","M"],"character_chosen":"IRONCLAD","items_purchased":["Intimidate","Ghostly Armor","PrismaticShard","HandOfGreed"],"campfire_rested":4,"item_purchase_floors":[3,19,19,19],"current_hp_per_floor":[88,88,88,88,88,81,82,78,78,78,72,73,58,53,79,29,93,53,53,47,54,54,38,65,56,56,40,40,38,65,57,84,32,93,77,56,0,0],"gold":457,"neow_bonus":"TEN_PERCENT_HP_BONUS","is_daily":false,"chose_seed":false,"campfire_upgraded":1,"win_rate":0.0,"timestamp":1609788775,"path_taken":["M","M","?","M","?","M","M","?","T","R","E","M","E","M","R","BOSS","M","$","?","M","?","E","R","M","T","?","M","M","R","M","R","BOSS","M","M","M"],"items_purchased_type":["Card","Card","Relic","Card"],"build_version":"2020-12-22","purchased_purges":0,"victory":false,"max_hp_per_floor":[88,88,88,88,88,88,88,88,88,88,88,88,88,88,88,88,93,93,93,93,93,93,93,93,93,93,93,93,93,93,93,93,93,93,93,93,93,93],"relic_stats":{"Dream Catcher":2,"counters":[23,111],"Bronze Scales":[288],"Letter Opener":[80],"obtain_stats":[{"Dream Catcher":26,"Tiny House":17,"Matryoshka":23,"Bronze Scales":11,"Letter Opener":22,"Toxic Egg 2":26,"PrismaticShard":19,"Burning Blood":0,"White Beast Statue":9,"Meat on the Bone":13},{"Dream Catcher":15,"Tiny House":11,"Matryoshka":14,"Bronze Scales":7,"Letter Opener":13,"Toxic Egg 2":15,"PrismaticShard":12,"Burning Blood":0,"White Beast Statue":6,"Meat on the Bone":9},{"Dream Catcher":63,"Tiny House":50,"Matryoshka":59,"Bronze Scales":29,"Letter Opener":55,"Toxic Egg 2":63,"PrismaticShard":53,"Burning Blood":0,"White Beast Statue":23,"Meat on the Bone":37}],"Burning Blood":122,"Meat on the Bone":108},"card_choices":[{"not_picked":["True Grit","Hemokinesis"],"picked":"Headbutt","floor":1},{"not_picked":["Clash","Flex"],"picked":"Clothesline","floor":2},{"not_picked":["Sword Boomerang","Entrench"],"picked":"Cleave","floor":4},{"not_picked":["Armaments","Clash"],"picked":"Thunderclap","floor":6},{"not_picked":["True Grit","Dual Wield"],"picked":"Infernal Blade","floor":7},{"not_picked":["Flame Barrier","Sword Boomerang"],"picked":"Cleave","floor":8},{"not_picked":["Barricade","Headbutt"],"picked":"Clothesline","floor":11},{"not_picked":["Dark Embrace","Power Through"],"picked":"Flame Barrier","floor":12},{"not_picked":["Clash","Fire Breathing"],"picked":"Headbutt","floor":13},{"not_picked":["Pommel Strike","Sword Boomerang"],"picked":"Twin Strike","floor":14},{"not_picked":["Barricade","Bludgeon"],"picked":"Double Tap","floor":16},{"not_picked":["Pummel","Dark Embrace"],"picked":"Spot Weakness","floor":17},{"not_picked":["Fire Breathing+1","Thunderclap"],"picked":"Clothesline","floor":18},{"not_picked":["Defragment","EmptyFist"],"picked":"Heavy Blade","floor":21},{"not_picked":["Pray","Slice"],"picked":"Trip+1","floor":23},{"not_picked":["Rampage","EmptyMind"],"picked":"Chaos+1","floor":25},{"not_picked":["Iron Wave","Deadly Poison+1"],"picked":"Steam+1","floor":27},{"not_picked":["FollowUp","Melter+1"],"picked":"Beam Cell","floor":28},{"not_picked":["Dark Embrace+1","Clash"],"picked":"Fusion+1","floor":29},{"not_picked":["EmptyFist+1","Acrobatics+1"],"picked":"Flex+1","floor":30},{"not_picked":["Slice","Dagger Spray"],"picked":"Auto Shields+1","floor":31},{"not_picked":["Doppelganger+1","Secret Technique+1"],"picked":"Reaper","floor":33},{"not_picked":["LikeWater+1","Coolheaded+1"],"picked":"Shrug It Off+1","floor":35},{"not_picked":["Dodge and Roll+1","Rampage+1"],"picked":"Leg Sweep+1","floor":36}],"player_experience":5095,"relics_obtained":[{"floor":9,"key":"White Beast Statue"},{"floor":11,"key":"Bronze Scales"},{"floor":13,"key":"Meat on the Bone"},{"floor":22,"key":"Letter Opener"},{"floor":23,"key":"Matryoshka"},{"floor":26,"key":"Toxic Egg 2"},{"floor":26,"key":"Dream Catcher"}],"event_choices":[{"damage_healed":0,"gold_gain":100,"player_choice":"Pray","damage_taken":0,"max_hp_gain":0,"max_hp_loss":0,"event_name":"Golden Shrine","floor":5,"gold_loss":0},{"damage_healed":0,"gold_gain":0,"player_choice":"Joined the Cult","damage_taken":6,"max_hp_gain":0,"max_hp_loss":0,"event_name":"Nest","floor":20,"gold_loss":0,"cards_obtained":["RitualDagger"]}],"is_beta":false,"boss_relics":[{"not_picked":["Calling Bell","Busted Crown"],"picked":"Tiny House"},{"not_picked":["Philosopher\u0027s Stone","Runic Dome","Empty Cage"]}],"items_purged_floors":[],"is_endless":false,"potions_floor_spawned":[7,8,11,12,13,14,16,18,21,23,25,27,28,29,31,33,35,36],"killed_by":"Spire Growth","ascension_level":0}}