{"host":"5wznv0010959mrmz","time":1609728275,"event":{"mods":["BaseMod","Highlight Path","Minty Spire (QoL Compilation)"],"gold_per_floor":[111,126,139,139,211,211,242,26,77,89,101,113,164,197,209,221,221],"floor_reached":16,"playtime":429,"items_purged":[],"score":216,"play_id":"a7be58ca-2f92-46a2-a48d-152c14a153b7","local_time":"20210103204435","is_ascension_mode":true,"campfire_choices":[{"data":"Blade Dance","floor":6,"key":"SMITH"},{"data":"Deadly Poison","floor":10,"key":"SMITH"},{"floor":12,"key":"REST"},{"floor":15,"key":"REST"}],"circlet_count":0,"master_deck":["AscendersBane","Strike_G","Strike_G","Strike_G","Strike_G","Defend_G","Defend_G","Defend_G","Defend_G","Defend_G","Survivor","Neutralize","Blade Dance+1","Flying Knee","Endless Agony","Backstab","Dagger Spray","Deadly Poison+1","Bouncing Flask","Crippling Poison","Cloak And Dagger"],"relics":["Ring of the Snake","Golden Idol","Dream Catcher","MealTicket","MawBank","Paper Crane"],"acts_visited":["Exordium"],"potions_floor_usage":[13,14],"damage_taken":[{"damage":9,"enemies":"Jaw Worm","floor":1,"turns":6},{"damage":0,"enemies":"Small Slimes","floor":2,"turns":3},{"damage":2,"enemies":"2 Louse","floor":3,"turns":2},{"damage":25,"enemies":"3 Sentries","floor":7,"turns":9},{"damage":20,"enemies":"Lagavulin","floor":13,"turns":5},{"damage":0,"enemies":"Lots of Slimes","floor":14,"turns":1},{"damage":40,"enemies":"The Guardian","floor":16,"turns":8}],"seed_played":"1647891781385270904","potions_obtained":[{"floor":2,"key":"FearPotion"},{"floor":7,"key":"DuplicationPotion"},{"floor":13,"key":"BlessingOfTheForge"}],"is_trial":false,"path_per_floor":["M","M","M","?","?","R","E","$","T","R","?","R","E","M","R","B"],"character_chosen":"THE_SILENT","items_purchased":["Deadly Poison","MealTicket"],"campfire_rested":2,"item_purchase_floors":[8,8],"current_hp_per_floor":[50,50,48,48,48,48,23,23,23,23,23,41,21,21,39,0,0],"gold":221,"neow_bonus":"THREE_CARDS","is_daily":false,"chose_seed":false,"campfire_upgraded":2,"win_rate":0.0,"timestamp":1609728275,"path_taken":["M","M","M","?","?","R","E","$","T","R","?","R","E","M","R","BOSS"],"items_purchased_type":["Card","Relic"],"build_version":"2020-12-22","purchased_purges":0,"victory":false,"max_hp_per_floor":[66,66,66,60,60,60,60,60,60,60,60,60,60,60,60,60,60],"card_choices":[{"not_picked":["Poisoned Stab","Riddle With Holes"],"picked":"Blade Dance","floor":0},{"not_picked":["Skewer","Prepared"],"picked":"Flying Knee","floor":1},{"not_picked":["Flying Knee","Backflip"],"picked":"Endless Agony","floor":2},{"not_picked":["Caltrops","Eviscerate"],"picked":"Backstab","floor":3},{"not_picked":["Endless Agony","Dagger Throw"],"picked":"Dagger Spray","floor":7},{"not_picked":["Dagger Spray","Concentrate"],"picked":"Bouncing Flask","floor":12},{"not_picked":["Flying Knee","Poisoned Stab"],"picked":"Crippling Poison","floor":13},{"not_picked":["Setup","Underhanded Strike","Dagger Throw"],"picked":"SKIP","floor":14},{"not_picked":["Heel Hook","Unload"],"picked":"Cloak And Dagger","floor":15}],"player_experience":392504,"relics_obtained":[{"floor":7,"key":"Dream Catcher"},{"floor":9,"key":"MawBank"},{"floor":13,"key":"Paper Crane"}],"event_choices":[{"damage_healed":0,"gold_gain":0,"player_choice":"Lose Max HP","damage_taken":0,"relics_obtained":["Golden Idol"],"max_hp_gain":0,"max_hp_loss":6,"event_name":"Golden Idol","floor":4,"gold_loss":0},{"damage_healed":0,"gold_gain":72,"player_choice":"Gained Gold","damage_taken":0,"max_hp_gain":0,"max_hp_loss":0,"event_name":"Golden Wing","floor":5,"gold_loss":0},{"cards_removed":["Strike_G"],"damage_healed":0,"gold_gain":0,"player_choice":"Purged","damage_taken":0,"max_hp_gain":0,"max_hp_loss":0,"event_name":"Purifier","floor":11,"gold_loss":0}],"is_beta":false,"boss_relics":[],"items_purged_floors":[],"is_endless":false,"potions_floor_spawned":[2,7,13],"killed_by":"The Guardian","ascension_level":20}}