{"host":"q2j4ef1ti78v4imq","time":1609759032,"event":{"mods":["AchievementEnabler","BaseMod","Better Altar","Better Match","Better Note","Better Sensory Stone","Better Skull","Better Third Choice","Block Reminder","Hermit","Minty Spire (QoL Compilation)","Relic Stats","Replay The Spire","Shade Mod","StSLib"],"gold_per_floor":[112,130,130,142,159,159,185,248,273,273,273,273,273,286,286,286,286],"floor_reached":16,"playtime":474,"items_purged":[],"score":170,"play_id":"8a7b5a50-8afd-4824-b14b-c9b8be030b4b","local_time":"20210104111712","is_ascension_mode":true,"campfire_choices":[{"data":"Defragment","floor":6,"key":"SMITH"},{"floor":11,"key":"REST"},{"data":"Dualcast","floor":15,"key":"SMITH"}],"circlet_count":0,"master_deck":["AscendersBane","Strike_B","Strike_B","Strike_B","Defend_B","Defend_B","Defend_B","Defend_B","Zap+1","Dualcast+1","Self Repair","Conserve Battery","Sweeping Beam+1","Defragment+1","Coolheaded","Steam","Parasite","Turbo"],"relics":["Cracked Core","Replay:Baseball","Geode","Happy Flower","Replay:Wax Seal"],"acts_visited":["Exordium"],"potions_floor_usage":[7,7],"damage_taken":[{"damage":5,"enemies":"Cultist","floor":1,"turns":4},{"damage":8,"enemies":"Jaw Worm","floor":2,"turns":4},{"damage":9,"enemies":"Small Slimes","floor":4,"turns":3},{"damage":15,"enemies":"3 Louse","floor":5,"turns":3},{"damage":21,"enemies":"Gremlin Nob","floor":7,"turns":4},{"damage":28,"enemies":"Lagavulin Event","floor":8,"turns":5},{"damage":0,"enemies":"2 Fungi Beasts","floor":14,"turns":3},{"damage":59,"enemies":"Slime Boss","floor":16,"turns":9}],"seed_played":"-8499395049788246695","potions_obtained":[{"floor":1,"key":"ColorlessPotion"},{"floor":4,"key":"SkillPotion"},{"floor":14,"key":"BlessingOfTheForge"}],"is_trial":false,"path_per_floor":["M","M","?","M","M","R","E","?","T","?","R","?","?","M","R","B"],"character_chosen":"DEFECT","items_purchased":[],"campfire_rested":1,"item_purchase_floors":[],"current_hp_per_floor":[66,65,65,63,55,55,41,20,20,8,31,50,50,57,57,0,0],"gold":286,"neow_bonus":"TEN_PERCENT_HP_BONUS","is_daily":false,"chose_seed":false,"campfire_upgraded":2,"win_rate":0.0,"timestamp":1609759032,"path_taken":["M","?","?","M","M","R","E","?","T","?","R","?","?","?","R","BOSS"],"items_purchased_type":[],"build_version":"2020-12-22","purchased_purges":0,"victory":false,"max_hp_per_floor":[78,78,78,78,78,78,78,78,78,78,78,78,78,78,78,78,78],"relic_stats":{"Happy Flower":[4],"counters":[8,35],"obtain_stats":[{"Replay:Baseball":7,"Happy Flower":9,"Geode":8,"Replay:Wax Seal":10,"Cracked Core":0},{"Replay:Baseball":5,"Happy Flower":6,"Geode":6,"Replay:Wax Seal":6,"Cracked Core":0},{"Replay:Baseball":18,"Happy Flower":23,"Geode":23,"Replay:Wax Seal":23,"Cracked Core":0}]},"card_choices":[{"not_picked":["Redo","Streamline"],"picked":"Self Repair","floor":1},{"not_picked":["FTL","Time Bomb"],"picked":"Conserve Battery","floor":2},{"not_picked":["Hologram","Steam"],"picked":"Defragment","floor":4},{"not_picked":["Streamline","Conserve Battery"],"picked":"Coolheaded","floor":5},{"not_picked":["Reinforced Body","Meteor Strike","Rebound"],"picked":"SKIP","floor":7},{"not_picked":["ReplayTheSpireMod:GoodbyeWorld","Compile Driver"],"picked":"Steam","floor":8},{"not_picked":["Redo","Ball Lightning"],"picked":"Turbo","floor":14}],"player_experience":827858,"relics_obtained":[{"floor":7,"key":"Replay:Baseball"},{"floor":8,"key":"Geode"},{"floor":9,"key":"Happy Flower"}],"event_choices":[{"damage_healed":0,"gold_gain":0,"player_choice":"Searched \u00272\u0027 times","damage_taken":0,"max_hp_gain":0,"max_hp_loss":0,"event_name":"Dead Adventurer","floor":8,"gold_loss":0},{"damage_healed":0,"gold_gain":0,"player_choice":"Relic ","damage_taken":12,"max_hp_gain":0,"max_hp_loss":0,"event_name":"betterThird:BetterScrap","floor":10,"gold_loss":0,"cards_obtained":["Tactician"]},{"damage_healed":19,"gold_gain":0,"player_choice":"Healed and dodged fight","damage_taken":0,"max_hp_gain":0,"max_hp_loss":0,"event_name":"Mushrooms","floor":12,"gold_loss":0,"cards_obtained":["Parasite"]},{"damage_healed":0,"gold_gain":0,"player_choice":"Upgraded","damage_taken":0,"max_hp_gain":0,"max_hp_loss":0,"event_name":"Upgrade Shrine","floor":13,"gold_loss":0,"cards_upgraded":["Zap"]}],"is_beta":false,"boss_relics":[],"items_purged_floors":[],"is_endless":false,"potions_floor_spawned":[1,4,5,14],"killed_by":"Slime Boss","ascension_level":14}}