{"host":"f5ezd1v29dtbwkzo","time":1609776469,"event":{"mods":["2.2 Compatiblity","BaseMod","Hermit","Hubris","Infinite Spire","Minty Spire (QoL Compilation)","Rare Cards Sparkle","Replay The Spire","StSLib"],"gold_per_floor":[118,128,139,104,117,117,143,143,143,155,165,1,1,14,14,119,119,137,123,143,161,173,173,185,185,185,185,195,135,167,167,167,262,262,276,294,306,322,322,322,322],"floor_reached":40,"playtime":2189,"items_purged":[],"score":491,"play_id":"e9a21a73-70da-4612-8571-ef97f92f8d6c","local_time":"20210104190749","is_ascension_mode":false,"campfire_choices":[{"data":"Rage","floor":6,"key":"SMITH"},{"data":"True Grit","floor":8,"key":"SMITH"},{"data":"Havoc","floor":13,"key":"SMITH"},{"floor":15,"key":"REST"},{"floor":23,"key":"REST"},{"floor":25,"key":"REST"},{"floor":32,"key":"REST"}],"circlet_count":0,"master_deck":["Wild Strike+1","ReplayTheSpireMod:Muscle Training","Offering","Defy Death","Demonic Infusion","Rage+1","Sever Soul","Fiend Fire","Wild Strike+1","hubris:DuctTapeCard","True Grit+1","Havoc+1","Sentinel","Shrug It Off","Feed","Feed","Spreading Infection","Neutralize","Double Tap","Forethought","hubris:Fate","Run Through","Havoc","Wild Strike+1","Power Through","Shrug It Off+1","Thunderclap+1","ReplayTheSpireMod:Limb From Limb+1","Replay:Undeath\u0027s Touch+1","Strike_R"],"relics":["Pandora\u0027s Box","hubris:DuctTape","Replay:WaspNest","ReplayTheSpireMod:SealedPack","Replay:Bottled Eggs","Replay:Mystery Machine","Paper Frog","Replay:Grab Bag","Fusion Hammer","Electric Blood","SlaversCollar"],"acts_visited":["Exordium","TheCity","TheBeyond"],"potions_floor_usage":[11,21,21,30,30,35,40,40],"damage_taken":[{"damage":1,"enemies":"Cultist","floor":1,"turns":2},{"damage":15,"enemies":"Jaw Worm","floor":2,"turns":2},{"damage":2,"enemies":"Small Slimes","floor":3,"turns":2},{"damage":0,"enemies":"Exordium Thugs","floor":5,"turns":3},{"damage":4,"enemies":"Gremlin Nob","floor":7,"turns":3},{"damage":6,"enemies":"Looter","floor":10,"turns":1},{"damage":1,"enemies":"2 Fungi Beasts","floor":11,"turns":4},{"damage":7,"enemies":"Large Slime","floor":14,"turns":4},{"damage":43,"enemies":"Hexaghost","floor":16,"turns":8},{"damage":9,"enemies":"Spheric Guardian","floor":18,"turns":4},{"damage":17,"enemies":"2 Thieves","floor":19,"turns":4},{"damage":20,"enemies":"3 Cultists","floor":20,"turns":4},{"damage":0,"enemies":"Centurion and Healer","floor":21,"turns":5},{"damage":13,"enemies":"Snake Plant","floor":22,"turns":2},{"damage":47,"enemies":"Chosen and Byrds","floor":24,"turns":7},{"damage":0,"enemies":"3 Cultists","floor":28,"turns":2},{"damage":23,"enemies":"Slavers","floor":30,"turns":6},{"damage":25,"enemies":"Champ","floor":33,"turns":6},{"damage":11,"enemies":"Orb Walker","floor":35,"turns":2},{"damage":47,"enemies":"3 Shapes","floor":36,"turns":5},{"damage":32,"enemies":"Jaw Worm Horde","floor":37,"turns":4},{"damage":12,"enemies":"4 Shapes","floor":38,"turns":3},{"damage":23,"enemies":"Reptomancer","floor":40,"turns":2}],"seed_played":"8189291949798549880","potions_obtained":[{"floor":1,"key":"Block Potion"},{"floor":11,"key":"Swift Potion"},{"floor":16,"key":"AttackPotion"},{"floor":18,"key":"LiquidBronze"},{"floor":24,"key":"Fire Potion"},{"floor":28,"key":"FearPotion"},{"floor":33,"key":"Fire Potion"},{"floor":37,"key":"DistilledChaos"},{"floor":38,"key":"Swift Potion"}],"is_trial":false,"path_per_floor":["M","M","M","?","M","R","E","R","T","M","M","$","R","M","R","B",null,"M","M","M","M","M","R","M","R","T","AVR","M","?","E","?","R","B",null,"M","M","M","M","?","E"],"character_chosen":"IRONCLAD","items_purchased":["Shrug It Off","Feed"],"campfire_rested":4,"item_purchase_floors":[12,12],"current_hp_per_floor":[79,64,62,62,62,62,58,58,58,52,51,51,51,50,75,32,86,77,60,43,49,36,64,20,49,49,49,49,49,29,29,59,37,104,105,61,32,23,23,0,0],"gold":322,"neow_bonus":"BOSS_RELIC","is_daily":false,"chose_seed":false,"campfire_upgraded":3,"win_rate":0.0,"timestamp":1609776469,"path_taken":["M","M","M","?","M","R","E","R","T","M","M","$","R","M","R","BOSS","M","M","M","M","M","R","M","R","T","AVR","M","?","E","?","R","BOSS","M","M","M","M","?","E"],"items_purchased_type":["Card","Card"],"build_version":"2020-12-22","purchased_purges":0,"victory":false,"max_hp_per_floor":[80,80,80,80,80,80,80,80,80,80,80,80,80,86,86,86,86,86,86,89,95,95,95,98,98,98,98,98,98,101,101,101,104,104,107,110,113,116,116,116,116],"card_choices":[{"not_picked":["ReplayTheSpireMod:Strike From Hell","Perfected Strike","Pommel Strike"],"picked":"SKIP","floor":1},{"not_picked":["Clothesline","Reckless Charge","Inflame"],"picked":"SKIP","floor":2},{"not_picked":["Clash","hubris:SharpeningStone","Second Wind"],"picked":"SKIP","floor":3},{"not_picked":["Shockwave","Thunderclap"],"picked":"Wild Strike","floor":5},{"not_picked":["hubris:ReadiedAction","Rampage"],"picked":"True Grit","floor":7},{"not_picked":["Second Wind","Dual Wield"],"picked":"Havoc","floor":10},{"not_picked":["Burning Pact","ReplayTheSpireMod:Corrosion Curse"],"picked":"Sentinel","floor":11},{"not_picked":["Wild Strike","Thunderclap","Spot Weakness"],"picked":"SKIP","floor":14},{"not_picked":["hermit:Snapshot","hubris:MerchantsHand"],"picked":"Neutralize","floor":17},{"not_picked":["Demon Form","Reaper"],"picked":"Double Tap","floor":17},{"not_picked":["Specialist","Survey Options"],"picked":"Forethought","floor":17},{"not_picked":["infinitespire:Fortify","infinitespire:DeathsTouch"],"picked":"hubris:Fate","floor":17},{"not_picked":["Headbutt","Havoc","Whirlwind"],"picked":"SKIP","floor":18},{"not_picked":["Heavy Blade","Twin Strike"],"picked":"Run Through","floor":19},{"not_picked":["Disarm","Uppercut"],"picked":"Havoc","floor":20},{"not_picked":["Anger","Havoc","Heavy Blade"],"picked":"SKIP","floor":21},{"not_picked":["Blood for Blood","ReplayTheSpireMod:Strike From Hell","Spot Weakness"],"picked":"SKIP","floor":22},{"not_picked":["Clothesline+1","Anger"],"picked":"Wild Strike","floor":24},{"not_picked":["Flex","ReplayTheSpireMod:Strike From Hell+1"],"picked":"Power Through","floor":28},{"not_picked":["Clothesline","Cleave"],"picked":"Shrug It Off+1","floor":30},{"not_picked":["Heavy Blade","Headbutt","Body Slam+1"],"picked":"SKIP","floor":35},{"not_picked":["Run Through","Armaments"],"picked":"Thunderclap+1","floor":36},{"not_picked":["Body Slam","Rage"],"picked":"ReplayTheSpireMod:Limb From Limb+1","floor":37},{"not_picked":["Armaments+1","Carnage+1"],"picked":"Replay:Undeath\u0027s Touch+1","floor":38}],"player_experience":343004,"relics_obtained":[{"floor":7,"key":"hubris:DuctTape"},{"floor":9,"key":"Replay:WaspNest"},{"floor":26,"key":"Replay:Bottled Eggs"},{"floor":30,"key":"Paper Frog"}],"event_choices":[{"damage_healed":0,"gold_gain":0,"player_choice":"Left Gold","damage_taken":0,"max_hp_gain":0,"max_hp_loss":0,"event_name":"World of Goop","floor":4,"gold_loss":35},{"cards_removed":["hubris:Fate"],"damage_healed":0,"gold_gain":0,"player_choice":"Took Card","damage_taken":0,"max_hp_gain":0,"max_hp_loss":0,"event_name":"NoteForYourself","floor":39,"gold_loss":0,"cards_obtained":["Strike_R"]}],"is_beta":false,"boss_relics":[{"not_picked":["Abe\u0027s Treasure","ReplayTheSpireMod:DimensionalGlitch"],"picked":"ReplayTheSpireMod:SealedPack"},{"not_picked":["hubris:Backtick","Sozu"],"picked":"Replay:Grab Bag"},{"not_picked":["Velvet Choker","ChewingGum"],"picked":"Fusion Hammer"},{"not_picked":["Ooze Armor","Replay:Bronze Core"],"picked":"Electric Blood"},{"not_picked":["Astrolabe","hubris:BlackHole"],"picked":"SlaversCollar"}],"items_purged_floors":[],"is_endless":false,"potions_floor_spawned":[1,11,16,18,24,28,33,37,38],"killed_by":"Reptomancer","ascension_level":0}}