{"host":"sxnl403xm2xmiyj1","time":1609762823,"event":{"mods":["BaseMod","Colored Map","Keyboard Shortcuts","Lobotomy","Minty Spire (QoL Compilation)","Quick Restart","StSLib","SuperFastMode"],"gold_per_floor":[116,291,291,303,303,303,303,303,303,313,313,328,27,47,47,47,47],"floor_reached":16,"playtime":414,"items_purged":["Doubt"],"score":141,"play_id":"e47cffd3-5e9b-4c5b-a9bf-0287a6ba0a4e","local_time":"20210104212023","is_ascension_mode":true,"campfire_choices":[{"data":"Leg Sweep","floor":6.0,"key":"SMITH"},{"floor":8.0,"key":"RECALL"},{"data":"Neutralize","floor":11,"key":"SMITH"},{"data":"Flash of Steel","floor":15,"key":"SMITH"}],"circlet_count":0,"master_deck":["AscendersBane","Strike_G","Strike_G","Strike_G","Strike_G","Strike_G","Defend_G","Defend_G","Defend_G","Defend_G","Defend_G","Survivor","Neutralize+1","Slice","SpiderBud","Leg Sweep+1","Pain","Deflect","MHz","Backflip","Flash of Steel+1","Acrobatics","BigBird"],"relics":["Ring of the Snake","CogitoBucket","Pear","WarpedTongs","TungstenRod","ClockworkSouvenir","Odd Mushroom"],"acts_visited":["Exordium"],"potions_floor_usage":[16],"damage_taken":[{"damage":0.0,"enemies":"2 Louse","floor":1.0,"turns":4.0},{"damage":2.0,"enemies":"Jaw Worm","floor":4.0,"turns":7.0},{"damage":0.0,"enemies":"Cultist","floor":10.0,"turns":4.0},{"damage":6,"enemies":"Large Slime","floor":12,"turns":10},{"damage":10,"enemies":"The Mushroom Lair","floor":14,"turns":6},{"damage":14,"enemies":"Hexaghost","floor":16,"turns":9}],"seed_played":"-6793880283574478470","potions_obtained":[{"floor":14,"key":"EssenceOfSteel"}],"is_trial":false,"path_per_floor":["M","?","?","M","?","R","?","R","T","M","R","M","$","?","R","B"],"character_chosen":"THE_SILENT","items_purchased":["ClockworkSouvenir","Flash of Steel"],"campfire_rested":0,"item_purchase_floors":[13,13],"current_hp_per_floor":[63,63,70,68,75,75,75,75,75,75,75,69,69,59,59,45,45],"gold":47,"neow_bonus":"","is_daily":false,"chose_seed":false,"campfire_upgraded":3,"win_rate":0.0,"timestamp":1609762823,"path_taken":["M","?","?","?","?","R","?","R","T","M","R","?","$","?","R","BOSS"],"items_purchased_type":["Relic","Card"],"build_version":"2020-12-22","purchased_purges":1,"victory":false,"max_hp_per_floor":[70,70,70,70,80,80,80,80,80,80,80,80,80,80,80,80,80],"card_choices":[{"not_picked":["Reflex","Flechettes"],"picked":"Slice","floor":1.0},{"not_picked":["Bloodbath","MHz"],"picked":"SpiderBud","floor":4.0},{"not_picked":["Deadly Poison","Acrobatics"],"picked":"Leg Sweep","floor":4.0},{"not_picked":["Blade Dance","Bane"],"picked":"Deflect","floor":10},{"not_picked":["Wellcheers","Scorched"],"picked":"MHz","floor":12},{"not_picked":["Dash","Expertise"],"picked":"Backflip","floor":12},{"not_picked":["Deflect","Deadly Poison"],"picked":"Acrobatics","floor":14},{"not_picked":["CrumblingArmor","OSAHOGD"],"picked":"BigBird","floor":14}],"player_experience":148583,"relics_obtained":[{"floor":9.0,"key":"TungstenRod"},{"floor":14,"key":"Odd Mushroom"}],"event_choices":[{"damage_healed":0.0,"max_hp_gain":0.0,"max_hp_loss":0.0,"gold_gain":175.0,"event_name":"Liars Game","player_choice":"AGREE","floor":2.0,"gold_loss":0.0,"damage_taken":0.0,"cards_obtained":["Doubt"]},{"damage_healed":7.0,"max_hp_gain":0.0,"max_hp_loss":0.0,"gold_gain":0.0,"event_name":"Wheel of Change","player_choice":"Full Heal","floor":3.0,"gold_loss":0.0,"damage_taken":0.0},{"damage_healed":0.0,"max_hp_gain":0.0,"max_hp_loss":0.0,"gold_gain":0.0,"event_name":"Scrap Ooze","player_choice":"Success","floor":5.0,"gold_loss":0.0,"damage_taken":3.0,"relics_obtained":["Pear"]},{"damage_healed":0.0,"max_hp_gain":0.0,"max_hp_loss":0.0,"gold_gain":0.0,"event_name":"Accursed Blacksmith","player_choice":"Rummage","floor":7.0,"gold_loss":0.0,"damage_taken":0.0,"relics_obtained":["WarpedTongs"],"cards_obtained":["Pain"]},{"damage_healed":0,"gold_gain":0,"player_choice":"Fought Mushrooms","damage_taken":0,"max_hp_gain":0,"max_hp_loss":0,"event_name":"Mushrooms","floor":14,"gold_loss":0}],"is_beta":false,"boss_relics":[],"items_purged_floors":[13],"is_endless":false,"potions_floor_spawned":[14],"killed_by":"Hexaghost","ascension_level":12}}