{"host":"5fasz840ryq7obdf","time":1609802500,"event":{"mods":["2.2 Compatiblity","AchievementEnabler","BaseMod","Bestiary","Better Altar","Better Skull","Better Third Choice","BetterRewards","Block Reminder","Colored Powertips","Curses Come First","Downfall","Minty Spire (QoL Compilation)","Quick Restart","Relic Sorter","Relic Stats","Shop Mod","Spicy Shops","StSLib","SuperFastMode","ojb\u0027s Better Paths Mod","ojb\u0027s Info Mod"],"gold_per_floor":[0,16,35,53,68,85,85,115,127,152,56,56,72,84,102,197,197,122,132,232,251,3,32,56,71,71,83,94,94,94,128,147,248,248,248,265,275,32,32,65,77,101,38,50,47,59,83,0,11,11],"floor_reached":51,"playtime":9592,"items_purged":["Guardian:Defend_Guardian","Writhe","Pain"],"score":785,"play_id":"449ef2b6-fbab-4657-a540-37a0e658d476","local_time":"20210104232140","is_ascension_mode":false,"campfire_choices":[{"data":"Guardian:TwinSlam","floor":1.0,"key":"SMITH"},{"data":"Guardian:Suspension","floor":12.0,"key":"SMITH"},{"data":"Guardian:FierceBash","floor":18.0,"key":"SMITH"},{"data":"Guardian:Repulse","floor":29.0,"key":"SMITH"},{"floor":35.0,"key":"RECALL"},{"floor":43,"key":"REST"},{"data":"Guardian:BaubleBeam","floor":46,"key":"SMITH"}],"circlet_count":0,"master_deck":["Guardian:Strike_Guardian","Guardian:Strike_Guardian","Guardian:Strike_Guardian","Guardian:Defend_Guardian","Guardian:Defend_Guardian","Guardian:Defend_Guardian","Guardian:CurlUp","Guardian:TwinSlam+1","Guardian:ConstructionForm","Guardian:VentSteam","Guardian:MultiBeam","Guardian:PiercingHide","Guardian:Suspension+1","Guardian:WalkerClaw","Guardian:Planning+1","Guardian:ShieldCharger+1","Guardian:Harden+1","expansioncontent:PrepareCrush+1","Guardian:TimeSifter","Guardian:FierceBash+1","Guardian:RevengeProtocol","Guardian:BronzeArmor+1","Guardian:BronzeOrb","Guardian:EvasiveProtocol","Guardian:TimeCapacitor","Guardian:Repulse+1","Guardian:SentryBeam","Guardian:RollAttack","Guardian:Clone+1","Guardian:BaubleBeam+1","Guardian:RollAttack+1","Guardian:DecasProtection+1","Guardian:FloatingOrbs","Guardian:Recover+1","expansioncontent:StudyTheSpire","Guardian:AncientConstruct","Guardian:CrystalBeam+1"],"relics":["Guardian:ModeShifter","Toxic Egg 2","Eternal Feather","Art of War","Black Star","downfall:HeartBlessingGreen","Nunchaku","Strawberry","Bag of Preparation","PreservedInsect","Bronze Scales","Bottled Lightning","Guardian:StasisSlotReductionRelic","Shuriken","MawBank","CaptainsWheel","downfall:HeartBlessingBlue","Torii"],"acts_visited":["Exordium","TheCity","TheBeyond"],"potions_floor_usage":[48],"damage_taken":[{"damage":0.0,"enemies":"Cultist","floor":2.0,"turns":3.0},{"damage":0.0,"enemies":"2 Louse","floor":3.0,"turns":2.0},{"damage":1.0,"enemies":"Jaw Worm","floor":4.0,"turns":3.0},{"damage":6.0,"enemies":"2 Fungi Beasts","floor":5.0,"turns":4.0},{"damage":0.0,"enemies":"3 Louse","floor":6.0,"turns":3.0},{"damage":33.0,"enemies":"Gremlin Nob","floor":8.0,"turns":6.0},{"damage":1.0,"enemies":"Exordium Wildlife","floor":9.0,"turns":2.0},{"damage":12.0,"enemies":"3 Sentries","floor":10.0,"turns":7.0},{"damage":0.0,"enemies":"downfall:FleeingMerchant","floor":11.0,"turns":4.0},{"damage":0.0,"enemies":"Blue Slaver","floor":13.0,"turns":4.0},{"damage":2.0,"enemies":"Red Slaver","floor":14.0,"turns":3.0},{"damage":3.0,"enemies":"Gremlin Gang","floor":15.0,"turns":3.0},{"damage":20.0,"enemies":"downfall:Ironclad","floor":16.0,"turns":9.0},{"damage":6.0,"enemies":"3 Byrds","floor":19.0,"turns":3.0},{"damage":0.0,"enemies":"Shell Parasite","floor":21.0,"turns":5.0},{"damage":3.0,"enemies":"downfall:FleeingMerchant","floor":22.0,"turns":4.0},{"damage":23.0,"enemies":"Gremlin Leader","floor":23.0,"turns":7.0},{"damage":0.0,"enemies":"Snecko","floor":25.0,"turns":5.0},{"damage":11.0,"enemies":"Snake Plant","floor":27.0,"turns":4.0},{"damage":5.0,"enemies":"3 Cultists","floor":28.0,"turns":6.0},{"damage":13.0,"enemies":"Slavers","floor":31.0,"turns":8.0},{"damage":0.0,"enemies":"Cultist and Chosen","floor":32.0,"turns":5.0},{"damage":13.0,"enemies":"downfall:Defect","floor":33.0,"turns":9.0},{"damage":13.0,"enemies":"3 Shapes","floor":36.0,"turns":5.0},{"damage":1.0,"enemies":"Orb Walker","floor":37.0,"turns":4.0},{"damage":20.0,"enemies":"downfall:FleeingMerchant","floor":38.0,"turns":4.0},{"damage":16.0,"enemies":"Nemesis","floor":40.0,"turns":7.0},{"damage":35,"enemies":"Transient","floor":42,"turns":5},{"damage":0,"enemies":"downfall:FleeingMerchant","floor":45,"turns":4},{"damage":28,"enemies":"Spire Growth","floor":47,"turns":6},{"damage":15,"enemies":"downfall:FleeingMerchant","floor":48,"turns":4},{"damage":0,"enemies":"3 Darklings","floor":49,"turns":6},{"damage":31,"enemies":"downfall:Silent","floor":50,"turns":10}],"seed_played":"7138617022545260922","potions_obtained":[{"floor":3.0,"key":"BlessingOfTheForge"},{"floor":6.0,"key":"AttackPotion"},{"floor":9.0,"key":"SpeedPotion"},{"floor":10.0,"key":"Dexterity Potion"},{"floor":13.0,"key":"Strength Potion"},{"floor":23.0,"key":"LiquidMemories"},{"floor":31.0,"key":"LiquidBronze"},{"floor":42,"key":"FearPotion"},{"floor":47,"key":"LiquidMemories"}],"is_trial":false,"path_per_floor":["R","M","M","M","M","M","T","E","M","E","$","R","M","M","M","B",null,"R","M","?","M","$","E","T","M","?","M","M","R","?","E","M","B",null,"R","M","M","$","?","E","T","M","R","?","$","R","M","$","M","B",null],"character_chosen":"GUARDIAN","items_purchased":["expansioncontent:PrepareCrush+1","Guardian:BronzeOrb","Guardian:EvasiveProtocol","Shuriken","Torii","expansioncontent:StudyTheSpire","Guardian:AncientConstruct"],"campfire_rested":1,"item_purchase_floors":[11,22,22,38,48,48,48],"current_hp_per_floor":[80,80,80,79,73,73,73,40,39,27,27,39,39,37,34,14,80,80,74,74,74,71,55,55,55,55,44,39,57,57,44,44,31,87,87,74,73,53,53,37,37,2,59,73,73,94,66,51,51,20],"gold":11,"neow_bonus":"THREE_RARE_CARDS","is_daily":false,"chose_seed":false,"campfire_upgraded":5,"win_rate":0.0,"timestamp":1609802500,"path_taken":["R","M","?","M","M","M","T","E","M","E","?","R","M","?","M","BOSS","R","M","?","M","$","E","T","M","?","M","M","R","?","E","M","BOSS","R","M","M","$","?","E","T","M","R","?","?","R","M","$","M","BOSS"],"items_purchased_type":["Card","Card","Card","Relic","Relic","Card","Card"],"build_version":"2020-12-22","purchased_purges":3,"victory":true,"max_hp_per_floor":[80,80,80,80,80,80,80,80,80,80,80,80,80,80,80,80,80,80,80,80,80,80,87,87,87,87,87,87,87,87,87,87,87,87,87,87,87,87,87,87,87,87,97,111,111,111,111,111,111,111],"relic_stats":{"Nunchaku":[15],"Torii":6,"counters":[33,164],"Shuriken":[13],"Bronze Scales":[204],"Eternal Feather":69,"PreservedInsect":85,"Art of War":[15],"Black Star":3,"Bag of Preparation":[32],"MawBank":96,"obtain_stats":[{"Guardian:StasisSlotReductionRelic":34,"Torii":48,"Guardian:ModeShifter":0,"Eternal Feather":8,"downfall:HeartBlessingGreen":18,"PreservedInsect":26,"Bag of Preparation":24,"MawBank":40,"Nunchaku":23,"CaptainsWheel":40,"Shuriken":38,"downfall:HeartBlessingBlue":43,"Strawberry":23,"Bronze Scales":31,"Art of War":10,"Black Star":17,"Bottled Lightning":31,"Toxic Egg 2":7},{"Guardian:StasisSlotReductionRelic":23,"Torii":31,"Guardian:ModeShifter":0,"Eternal Feather":6,"downfall:HeartBlessingGreen":13,"PreservedInsect":18,"Bag of Preparation":17,"MawBank":27,"Nunchaku":17,"CaptainsWheel":27,"Shuriken":26,"downfall:HeartBlessingBlue":28,"Strawberry":17,"Bronze Scales":21,"Art of War":8,"Black Star":13,"Bottled Lightning":21,"Toxic Egg 2":5},{"Guardian:StasisSlotReductionRelic":109,"Torii":148,"Guardian:ModeShifter":0,"Eternal Feather":21,"downfall:HeartBlessingGreen":53,"PreservedInsect":77,"Bag of Preparation":72,"MawBank":129,"Nunchaku":72,"CaptainsWheel":129,"Shuriken":122,"downfall:HeartBlessingBlue":134,"Strawberry":72,"Bronze Scales":95,"Art of War":30,"Black Star":53,"Bottled Lightning":95,"Toxic Egg 2":15}]},"card_choices":[{"not_picked":["Guardian:Gem_Synthetic","Guardian:StasisField"],"picked":"Guardian:ConstructionForm","floor":0.0},{"not_picked":["Guardian:ShieldSpikes","Guardian:Gem_Lightblue"],"picked":"Guardian:VentSteam","floor":2.0},{"not_picked":["Guardian:ShieldSpikes","Guardian:Recover"],"picked":"Guardian:MultiBeam","floor":3.0},{"not_picked":["Guardian:Planning","Guardian:Reroute"],"picked":"Guardian:PiercingHide","floor":4.0},{"not_picked":["Guardian:Reroute","Guardian:TimeCapacitor"],"picked":"Guardian:Suspension","floor":5.0},{"not_picked":["Guardian:Gem_Synthetic","Guardian:MultiBeam"],"picked":"Guardian:PrismaticBeam","floor":6.0},{"not_picked":["Guardian:PiercingHide+1","Guardian:ArmoredProtocol"],"picked":"Guardian:WalkerClaw","floor":8.0},{"not_picked":["Guardian:Incinerate","Guardian:PrimingBeam"],"picked":"Guardian:Planning+1","floor":9.0},{"not_picked":["Guardian:Recover+1","Guardian:TimeCapacitor"],"picked":"Guardian:ShieldCharger+1","floor":10.0},{"not_picked":["Guardian:ChargeCore","Guardian:TemporalStrike"],"picked":"Guardian:Harden+1","floor":11.0},{"not_picked":["Guardian:TemporalShield+1","Guardian:CrystalBeam"],"picked":"Guardian:Gem_White","floor":13.0},{"not_picked":["Guardian:Reroute","Guardian:Emergency+1"],"picked":"Guardian:Gem_Purple","floor":14.0},{"not_picked":["Guardian:Repulse","Guardian:Suspension+1"],"picked":"Guardian:TimeSifter","floor":15.0},{"not_picked":["Guardian:StasisField+1","Guardian:GatlingBeam"],"picked":"Guardian:FierceBash","floor":16.0},{"not_picked":["Guardian:Reroute+1","Guardian:ShieldCharger+1"],"picked":"Guardian:Gem_Cyan","floor":19.0},{"not_picked":["Guardian:ShieldCharger+1","Guardian:RollAttack"],"picked":"Guardian:RevengeProtocol","floor":21.0},{"not_picked":["Guardian:RollAttack","Guardian:PolyBeam"],"picked":"Guardian:BronzeArmor+1","floor":22.0},{"not_picked":["Guardian:WalkerClaw","Guardian:RevengeProtocol"],"picked":"Guardian:TimeCapacitor","floor":23.0},{"not_picked":["Guardian:PrismaticBarrier+1","Guardian:Gem_Lightblue"],"picked":"Guardian:Repulse","floor":25.0},{"not_picked":["Guardian:ChargeUp+1","Guardian:Reroute+1"],"picked":"Guardian:Gem_Crimson","floor":27.0},{"not_picked":["Guardian:Incinerate","Guardian:BronzeArmor+1"],"picked":"Guardian:SentryBeam","floor":28.0},{"not_picked":["Guardian:WalkerClaw","Guardian:Gem_White"],"picked":"Guardian:RollAttack","floor":31.0},{"not_picked":["Guardian:PrimingBeam","Guardian:WalkerClaw"],"picked":"Guardian:Clone+1","floor":32.0},{"not_picked":["Guardian:StasisField+1","Guardian:ExploitGems+1"],"picked":"Guardian:BaubleBeam","floor":33.0},{"not_picked":["Guardian:VentSteam+1","Guardian:BronzeArmor+1"],"picked":"Guardian:RollAttack+1","floor":36.0},{"not_picked":["Guardian:VentSteam+1","Guardian:TemporalStrike"],"picked":"Guardian:DecasProtection+1","floor":37.0},{"not_picked":["Guardian:PiercingHide+1","Guardian:ChargeCore"],"picked":"Guardian:Gem_Green","floor":38.0},{"not_picked":["Guardian:TemporalShield+1","Guardian:BronzeOrb"],"picked":"Guardian:Gem_Purple","floor":40.0},{"not_picked":["Guardian:Repulse+1","Guardian:PiercingHide+1","Guardian:BronzeOrb+1"],"picked":"SKIP","floor":42},{"not_picked":["Guardian:PiercingHide+1","Guardian:BronzeArmor+1"],"picked":"Guardian:Gem_Orange","floor":45},{"not_picked":["Guardian:Clone+1","Guardian:RefractedBeam+1"],"picked":"Guardian:FloatingOrbs","floor":47},{"not_picked":["Guardian:PrismaticBeam+1","Guardian:RollAttack+1"],"picked":"Guardian:Recover+1","floor":48},{"not_picked":["Guardian:RollAttack+1","Guardian:WalkerClaw"],"picked":"Guardian:CrystalBeam+1","floor":49}],"player_experience":1504266,"relics_obtained":[{"floor":7.0,"key":"Toxic Egg 2"},{"floor":8.0,"key":"Eternal Feather"},{"floor":10.0,"key":"Art of War"},{"floor":23.0,"key":"Nunchaku"},{"floor":23.0,"key":"Strawberry"},{"floor":24.0,"key":"Bag of Preparation"},{"floor":31.0,"key":"Bronze Scales"},{"floor":31.0,"key":"Bottled Lightning"},{"floor":40.0,"key":"MawBank"},{"floor":40.0,"key":"CaptainsWheel"}],"event_choices":[],"is_beta":false,"boss_relics":[{"not_picked":["Empty Cage","Snecko Eye"],"picked":"Black Star"},{"not_picked":["Tiny House","SlaversCollar"],"picked":"Guardian:StasisSlotReductionRelic"}],"items_purged_floors":[22,38,48],"is_endless":false,"potions_floor_spawned":[3,6,9,10,13,23,31,33,36,42,47],"ascension_level":0}}