{"host":"i2dzm7mf0pic4rds","time":1609785960,"event":{"mods":["BaseMod","Minty Spire (QoL Compilation)","Permanent Neow","Quick Restart","StSLib"],"gold_per_floor":[114,114,114,64,64,64,64,82,82,82,92,92,18,37,37,37,37],"floor_reached":16,"playtime":407,"items_purged":[],"score":88,"play_id":"525d1459-4284-4927-989d-66a67713a845","local_time":"20210104194600","daily_mods":["Heirloom"],"is_ascension_mode":false,"campfire_choices":[{"data":"Neutralize","floor":6,"key":"SMITH"},{"data":"Well Laid Plans","floor":10,"key":"SMITH"},{"data":"Dagger Spray","floor":12,"key":"SMITH"},{"data":"Footwork","floor":15,"key":"SMITH"}],"circlet_count":0,"master_deck":["Strike_G+1","Strike_G","Strike_G","Strike_G","Defend_G","Defend_G+1","Defend_G","Defend_G","Defend_G","Survivor","Neutralize+1","Well Laid Plans+1","Dagger Spray+1","Footwork+1","Poisoned Stab"],"relics":["Ring of the Snake","FossilizedHelix","Juzu Bracelet","White Beast Statue"],"acts_visited":["Exordium"],"potions_floor_usage":[],"damage_taken":[{"damage":0,"enemies":"2 Louse","floor":1,"turns":4},{"damage":0,"enemies":"Cultist","floor":8,"turns":3},{"damage":0,"enemies":"Small Slimes","floor":11,"turns":4},{"damage":0,"enemies":"Looter","floor":14,"turns":3},{"damage":14,"enemies":"Hexaghost","floor":16,"turns":14}],"seed_played":"-1004554407930265198","potions_obtained":[{"floor":11,"key":"CunningPotion"},{"floor":14,"key":"Regen Potion"}],"is_trial":true,"path_per_floor":["M","?","?","?","$","R","?","M","T","R","M","R","$","M","R","B"],"character_chosen":"THE_SILENT","items_purchased":["Footwork"],"campfire_rested":0,"item_purchase_floors":[13],"current_hp_per_floor":[70,70,56,56,56,56,56,56,56,56,56,56,56,56,56,42,42],"gold":37,"neow_bonus":"","is_daily":false,"chose_seed":false,"campfire_upgraded":4,"win_rate":0.0,"timestamp":1609785960,"path_taken":["M","?","?","?","$","R","?","M","T","R","M","R","$","M","R","BOSS"],"items_purchased_type":["Card"],"build_version":"2020-12-22","purchased_purges":0,"victory":false,"max_hp_per_floor":[70,70,70,70,70,70,70,70,70,70,70,70,70,70,70,70,70],"card_choices":[{"not_picked":["Slice","Prepared"],"picked":"Dagger Spray","floor":1},{"not_picked":["PiercingWail","Slice"],"picked":"Well Laid Plans","floor":8},{"not_picked":["Slice","Accuracy"],"picked":"Dagger Spray","floor":11},{"not_picked":["Flying Knee","Quick Slash"],"picked":"Poisoned Stab","floor":14}],"player_experience":137176,"relics_obtained":[{"floor":9,"key":"White Beast Statue"}],"event_choices":[{"cards_removed":["Dagger Spray"],"damage_healed":0,"gold_gain":0,"player_choice":"Gave Card","damage_taken":0,"relics_obtained":["Juzu Bracelet"],"max_hp_gain":0,"max_hp_loss":0,"event_name":"WeMeetAgain","floor":2,"gold_loss":0},{"damage_healed":0,"gold_gain":0,"player_choice":"Entered Light","damage_taken":14,"max_hp_gain":0,"max_hp_loss":0,"event_name":"Shining Light","floor":3,"gold_loss":0,"cards_upgraded":["Strike_G","Defend_G"]},{"cards_removed":["Strike_G"],"damage_healed":0,"gold_gain":0,"player_choice":"Card Removal","damage_taken":0,"max_hp_gain":0,"max_hp_loss":0,"event_name":"The Cleric","floor":4,"gold_loss":50},{"damage_healed":0,"gold_gain":0,"player_choice":"Ignored","damage_taken":0,"max_hp_gain":0,"max_hp_loss":0,"event_name":"Liars Game","floor":7,"gold_loss":0}],"is_beta":false,"boss_relics":[],"items_purged_floors":[],"is_endless":false,"potions_floor_spawned":[11,14],"killed_by":"Hexaghost","ascension_level":0}}