{"host":"7sni158j623xchr2","time":1609804135,"event":{"mods":["BaseMod","Colored Map","Highlight Path","Minty Spire (QoL Compilation)","Permanent Neow","Potion Indicator Mod","Rare Cards Sparkle","Relic Sorter","Relic Stats","StSLib","everything is the same but u backflip on backflip"],"gold_per_floor":[113,188,87,106,106,136,154,154,154,179,179,205,380,439,439,541,541,554,554,227,227,240,268,283,283,283,302,20,39,67,0,0,104,104,117,132,62,77,77,77,90,90,116,116,147,160,160,160,160,160,160,160,37,71,71,71],"floor_reached":55,"playtime":2060,"items_purged":["Strike_G","Strike_G","Strike_G"],"score":789,"play_id":"3916ca83-4065-48bf-80d5-2550b60df5aa","local_time":"20210104174855","is_ascension_mode":true,"campfire_choices":[{"data":"Poisoned Stab","floor":8,"key":"SMITH"},{"data":"Bane","floor":11,"key":"SMITH"},{"data":"Neutralize","floor":15,"key":"SMITH"},{"data":"Venomology","floor":25,"key":"SMITH"},{"data":"Catalyst","floor":32,"key":"SMITH"},{"data":"Venomology","floor":40,"key":"SMITH"},{"data":"Venomology","floor":42,"key":"SMITH"},{"floor":49,"key":"RECALL"},{"data":"Adrenaline","floor":52,"key":"SMITH"}],"circlet_count":0,"master_deck":["Strike_G","Strike_G+1","Defend_G","Defend_G","Defend_G","Defend_G","Defend_G","Survivor","Neutralize+1","Poisoned Stab+1","Flying Knee+1","Bane+1","PiercingWail","Blur","Deadly Poison","Quick Slash+1","Terror","Venomology+1","PiercingWail","Backstab+1","Escape Plan+1","Adrenaline+1","Dodge and Roll+1","Dash+1","Catalyst+1","Venomology+1","Calculated Gamble+1","Blur+1","Bouncing Flask","PiercingWail","PanicButton","Sadistic Nature","Good Instincts","Bullet Time","Footwork","Envenom"],"relics":["Ring of the Snake","Nunchaku","Matryoshka","Whetstone","Blood Vial","Omamori","Blue Candle","Pocketwatch","Black Star","Pen Nib","Dead Branch","Du-Vu Doll","Snake Skull","InkBottle","Eternal Feather","Runic Pyramid","Lantern","The Courier","Toy Ornithopter","Art of War","Paper Crane","StoneCalendar"],"acts_visited":["Exordium","TheCity","TheBeyond","TheEnding"],"potions_floor_usage":[6,10,16,23,23,24,27,29,30,30,33,33,33,35,36,38,45,45,45,46,46,46,48,50,50,54,55,55],"damage_taken":[{"damage":5,"enemies":"Small Slimes","floor":1,"turns":4},{"damage":0,"enemies":"2 Louse","floor":4,"turns":2},{"damage":11,"enemies":"Lagavulin","floor":6,"turns":7},{"damage":0,"enemies":"Jaw Worm","floor":7,"turns":2},{"damage":22,"enemies":"3 Sentries","floor":10,"turns":8},{"damage":16,"enemies":"Lagavulin","floor":12,"turns":7},{"damage":1,"enemies":"Gremlin Nob","floor":14,"turns":3},{"damage":11,"enemies":"Slime Boss","floor":16,"turns":9},{"damage":12,"enemies":"Shell Parasite","floor":18,"turns":6},{"damage":13,"enemies":"3 Byrds","floor":22,"turns":6},{"damage":11,"enemies":"Book of Stabbing","floor":23,"turns":5},{"damage":15,"enemies":"Snecko","floor":24,"turns":3},{"damage":0,"enemies":"Centurion and Healer","floor":27,"turns":5},{"damage":6,"enemies":"3 Cultists","floor":29,"turns":6},{"damage":7,"enemies":"Slavers","floor":30,"turns":4},{"damage":9,"enemies":"Champ","floor":33,"turns":5},{"damage":14,"enemies":"Orb Walker","floor":35,"turns":5},{"damage":0,"enemies":"3 Shapes","floor":36,"turns":4},{"damage":9,"enemies":"Jaw Worm Horde","floor":38,"turns":3},{"damage":3,"enemies":"Writhing Mass","floor":41,"turns":5},{"damage":1,"enemies":"Giant Head","floor":45,"turns":6},{"damage":0,"enemies":"Spire Growth","floor":46,"turns":4},{"damage":0,"enemies":"3 Darklings","floor":48,"turns":1},{"damage":72,"enemies":"Time Eater","floor":50,"turns":15},{"damage":38,"enemies":"Shield and Spear","floor":54,"turns":7},{"damage":65,"enemies":"The Heart","floor":55,"turns":5}],"seed_played":"-1045602709851864796","potions_obtained":[{"floor":1,"key":"SteroidPotion"},{"floor":6,"key":"Poison Potion"},{"floor":12,"key":"Fire Potion"},{"floor":18,"key":"DuplicationPotion"},{"floor":38,"key":"Weak Potion"}],"is_trial":false,"path_per_floor":["M","?","$","M","?","E","M","R","T","E","R","E","?","?","R","B",null,"M","?","$","?","M","E","M","R","T","M","$","M","E","$","R","B",null,"M","M","$","M","?","R","M","R","T","?","E","M","?","M","R","B",null,"R","$","E","B"],"character_chosen":"THE_SILENT","items_purchased":["Flying Knee","Terror","Pen Nib","Adrenaline","Catalyst","Bouncing Flask","Art of War"],"campfire_rested":0,"item_purchase_floors":[3,20,20,28,31,37,53],"current_hp_per_floor":[65,54,54,54,59,48,48,48,48,28,28,14,14,15,15,6,75,63,63,63,63,52,43,30,30,30,32,32,28,23,23,38,31,75,61,63,63,56,46,64,63,75,75,71,70,71,71,71,71,9,71,71,71,33,0,0],"gold":71,"neow_bonus":"RANDOM_COMMON_RELIC","is_daily":false,"chose_seed":false,"campfire_upgraded":8,"win_rate":0.0,"timestamp":1609804135,"path_taken":["M","?","$","M","?","E","M","R","T","E","R","E","?","?","R","BOSS","M","?","$","?","M","E","?","R","T","M","$","M","E","?","R","BOSS","M","M","$","M","?","R","M","R","T","?","E","M","?","M","R","BOSS","R","$","E","BOSS"],"items_purchased_type":["Card","Card","Relic","Card","Card","Card","Relic"],"build_version":"2020-12-22","purchased_purges":3,"victory":false,"max_hp_per_floor":[70,70,70,70,75,75,75,75,75,75,75,75,75,75,75,75,75,75,75,75,75,75,75,75,75,75,75,75,75,75,75,75,75,75,75,75,75,75,75,75,75,75,75,71,71,71,71,71,71,71,71,71,71,71,71,71],"relic_stats":{"counters":[26,137],"Blue Candle":[0],"Dead Branch":[110],"Eternal Feather":45,"StoneCalendar":[0],"Pen Nib":[16],"Snake Skull":[80],"Whetstone":["Strike_G","Flying Knee"],"Blood Vial":31,"Nunchaku":[26],"Black Star":4,"Art of War":[1],"obtain_stats":[{"Lantern":43,"Blue Candle":12,"Dead Branch":23,"Eternal Feather":30,"StoneCalendar":54,"Pen Nib":20,"Snake Skull":26,"The Courier":45,"Omamori":10,"Whetstone":9,"Paper Crane":54,"Blood Vial":9,"Du-Vu Doll":23,"Nunchaku":0,"Matryoshka":6,"Black Star":17,"Art of War":53,"InkBottle":30,"Toy Ornithopter":45,"Ring of the Snake":0,"Pocketwatch":14,"Runic Pyramid":34},{"Lantern":20,"Blue Candle":6,"Dead Branch":11,"Eternal Feather":15,"StoneCalendar":25,"Pen Nib":9,"Snake Skull":12,"The Courier":21,"Omamori":5,"Whetstone":4,"Paper Crane":25,"Blood Vial":4,"Du-Vu Doll":11,"Nunchaku":0,"Matryoshka":3,"Black Star":8,"Art of War":24,"InkBottle":15,"Toy Ornithopter":21,"Ring of the Snake":0,"Pocketwatch":6,"Runic Pyramid":16},{"Lantern":99,"Blue Candle":30,"Dead Branch":59,"Eternal Feather":77,"StoneCalendar":132,"Pen Nib":48,"Snake Skull":62,"The Courier":105,"Omamori":23,"Whetstone":15,"Paper Crane":132,"Blood Vial":15,"Du-Vu Doll":59,"Nunchaku":0,"Matryoshka":13,"Black Star":42,"Art of War":125,"InkBottle":77,"Toy Ornithopter":105,"Ring of the Snake":0,"Pocketwatch":30,"Runic Pyramid":82}],"InkBottle":[24],"Toy Ornithopter":20,"Ring of the Snake":[52],"Pocketwatch":[64]},"card_choices":[{"not_picked":["Bane","Distraction"],"picked":"Poisoned Stab","floor":1},{"not_picked":["Finisher","Caltrops"],"picked":"Bane","floor":4},{"not_picked":["Blade Dance","Underhanded Strike"],"picked":"PiercingWail","floor":6},{"not_picked":["Bane","Slice"],"picked":"Blur","floor":7},{"not_picked":["Dagger Throw","Blade Dance","Sucker Punch"],"picked":"SKIP","floor":10},{"not_picked":["Doppelganger","Flying Knee","Outmaneuver"],"picked":"SKIP","floor":12},{"not_picked":["Infinite Blades","Underhanded Strike"],"picked":"Deadly Poison","floor":14},{"not_picked":["Storm of Steel","Unload"],"picked":"Venomology","floor":16},{"not_picked":["Expertise","Reflex"],"picked":"Quick Slash+1","floor":18},{"not_picked":["Setup","Expertise"],"picked":"PiercingWail","floor":22},{"not_picked":["Deflect","Dodge and Roll"],"picked":"Backstab+1","floor":23},{"not_picked":["Outmaneuver","Dagger Throw+1"],"picked":"Escape Plan+1","floor":24},{"not_picked":["Underhanded Strike","Dagger Throw","Dodge and Roll"],"picked":"SKIP","floor":27},{"not_picked":["Dagger Throw","Bane"],"picked":"Dodge and Roll+1","floor":29},{"not_picked":["Cloak And Dagger","Slice"],"picked":"Dash+1","floor":30},{"not_picked":["Die Die Die","A Thousand Cuts"],"picked":"Venomology","floor":33},{"not_picked":["Dagger Spray+1","Flying Knee+1"],"picked":"Calculated Gamble+1","floor":35},{"not_picked":["Accuracy+1","Underhanded Strike+1"],"picked":"Blur+1","floor":36},{"not_picked":["Outmaneuver+1","Bane+1"],"picked":"PiercingWail","floor":38},{"not_picked":["Flash of Steel","Discovery"],"picked":"PanicButton","floor":39},{"not_picked":["The Bomb","Blind"],"picked":"Sadistic Nature","floor":39},{"not_picked":["Transmutation","Purity"],"picked":"Good Instincts","floor":39},{"not_picked":["Dodge and Roll+1","Quick Slash+1","Flying Knee"],"picked":"SKIP","floor":41},{"not_picked":["Concentrate+1","Well Laid Plans+1"],"picked":"Bullet Time","floor":45},{"not_picked":["Dagger Spray","Dagger Throw"],"picked":"Footwork","floor":46},{"not_picked":["Setup","Glass Knife"],"picked":"Envenom","floor":54}],"player_experience":1592556,"relics_obtained":[{"floor":6,"key":"Matryoshka"},{"floor":9,"key":"Whetstone"},{"floor":9,"key":"Blood Vial"},{"floor":10,"key":"Omamori"},{"floor":12,"key":"Blue Candle"},{"floor":23,"key":"Dead Branch"},{"floor":23,"key":"Du-Vu Doll"},{"floor":26,"key":"Snake Skull"},{"floor":30,"key":"InkBottle"},{"floor":30,"key":"Eternal Feather"},{"floor":43,"key":"Lantern"},{"floor":45,"key":"The Courier"},{"floor":45,"key":"Toy Ornithopter"},{"floor":54,"key":"Paper Crane"},{"floor":54,"key":"StoneCalendar"}],"event_choices":[{"damage_healed":0,"gold_gain":75,"player_choice":"Gather Gold","damage_taken":11,"max_hp_gain":0,"max_hp_loss":0,"event_name":"World of Goop","floor":2,"gold_loss":0},{"damage_healed":0,"gold_gain":0,"player_choice":"Donut","damage_taken":0,"max_hp_gain":5,"max_hp_loss":0,"event_name":"Big Fish","floor":5,"gold_loss":0},{"damage_healed":0,"gold_gain":175,"player_choice":"AGREE","damage_taken":0,"max_hp_gain":0,"max_hp_loss":0,"event_name":"Liars Game","floor":13,"gold_loss":0,"cards_obtained":["Doubt"]},{"damage_healed":0,"gold_gain":30,"player_choice":"Searched \u00273\u0027 times","damage_taken":0,"relics_obtained":["Pocketwatch"],"max_hp_gain":0,"max_hp_loss":0,"event_name":"Dead Adventurer","floor":14,"gold_loss":0},{"damage_healed":0,"gold_gain":0,"player_choice":"Ignored","damage_taken":0,"max_hp_gain":0,"max_hp_loss":0,"event_name":"Ghosts","floor":19,"gold_loss":0},{"damage_healed":0,"gold_gain":0,"player_choice":"Copied","damage_taken":0,"max_hp_gain":0,"max_hp_loss":0,"event_name":"Duplicator","floor":21,"gold_loss":0,"cards_obtained":["Venomology"]},{"damage_healed":0,"gold_gain":0,"player_choice":"Memory 3","damage_taken":10,"max_hp_gain":0,"max_hp_loss":0,"event_name":"SensoryStone","floor":39,"gold_loss":0},{"damage_healed":0,"gold_gain":0,"player_choice":"Max HP","damage_taken":0,"max_hp_gain":0,"max_hp_loss":4,"event_name":"Winding Halls","floor":44,"gold_loss":0},{"cards_removed":["Venomology"],"damage_healed":0,"gold_gain":0,"player_choice":"Removed Skill","damage_taken":0,"max_hp_gain":0,"max_hp_loss":0,"event_name":"Falling","floor":47,"gold_loss":0}],"is_beta":false,"boss_relics":[{"not_picked":["Coffee Dripper","Sozu"],"picked":"Black Star"},{"not_picked":["Ring of the Serpent","Philosopher\u0027s Stone"],"picked":"Runic Pyramid"}],"items_purged_floors":[3,20,28],"is_endless":false,"potions_floor_spawned":[1,6,12,18,24,27,36,38,48],"killed_by":"The Heart","ascension_level":1}}