{"host":"0fmi5fguj5lvt8pf","time":1609741408,"event":{"mods":["BaseMod","Colored Map","Curses Come First","Downfall","Minty Spire (QoL Compilation)","Permanent Neow","StSLib","Waifu the Spire"],"gold_per_floor":[99,118,118,135,41,41,67,67,85,117,132,144,244,256,273,273,273,273],"floor_reached":16,"playtime":688,"items_purged":[],"score":104,"play_id":"3d19bc83-9785-461c-9d28-32cc8fa1f61d","local_time":"20210103222328","is_ascension_mode":false,"campfire_choices":[{"data":"champ:Taunt","floor":1,"key":"SMITH"}],"circlet_count":0,"master_deck":["champ:Strike","champ:Strike","champ:Strike","champ:Strike","champ:Defend","champ:Defend","champ:Defend","champ:Defend","champ:Execute","champ:Taunt+1","champ:VampiricStrike","champ:SwordThrow","champ:EnragedBash+1","champ:FocusedBerserking","champ:RisingSlash","champ:BerserkerStyle"],"relics":["champ:ChampionCrown","Blue Candle","Guardian:PocketSentry","Akabeko"],"acts_visited":["Exordium"],"potions_floor_usage":[11,16,16],"damage_taken":[{"damage":0,"enemies":"2 Louse","floor":2,"turns":4},{"damage":21,"enemies":"Jaw Worm","floor":4,"turns":4},{"damage":11,"enemies":"downfall:FleeingMerchant","floor":5,"turns":4},{"damage":4,"enemies":"Small Slimes","floor":9,"turns":2},{"damage":49,"enemies":"3 Sentries","floor":10,"turns":9},{"damage":15,"enemies":"Gremlin Gang","floor":11,"turns":4},{"damage":19,"enemies":"Large Slime","floor":12,"turns":4},{"damage":38,"enemies":"Exordium Thugs","floor":14,"turns":5},{"damage":21,"enemies":"Red Slaver","floor":15,"turns":2},{"damage":77,"enemies":"downfall:Defect","floor":16,"turns":4}],"seed_played":"8417071009646252645","potions_obtained":[{"floor":4,"key":"Weak Potion"},{"floor":10,"key":"SteroidPotion"},{"floor":14,"key":"sneckomod:MuddlingPotion"},{"floor":15,"key":"SteroidPotion"}],"is_trial":false,"path_per_floor":["R","M","?","M","$","?","T","?","M","E","M","M","?","M","M","B"],"character_chosen":"THE_CHAMP","items_purchased":["champ:EnragedBash"],"campfire_rested":0,"item_purchase_floors":[5],"current_hp_per_floor":[90,90,90,85,84,84,84,84,82,46,55,65,65,61,57,0,0,0],"gold":273,"neow_bonus":"THREE_RARE_CARDS","is_daily":false,"chose_seed":false,"campfire_upgraded":1,"win_rate":0.0,"timestamp":1609741408,"path_taken":["R","M","?","M","$","?","T","?","?","E","M","M","?","M","M","BOSS"],"items_purchased_type":["Card"],"build_version":"2020-12-22","purchased_purges":0,"victory":false,"max_hp_per_floor":[90,90,90,90,90,90,90,90,90,90,90,90,90,90,90,90,90,90],"card_choices":[{"not_picked":["champ:EnchantShield","champ:HeavySlash"],"picked":"champ:VampiricStrike","floor":0},{"not_picked":["champ:GladiatorsShout","champ:RapidStrikes","champ:DefensiveShout"],"picked":"SKIP","floor":2},{"not_picked":["champ:DeathBlow","champ:Backstep"],"picked":"champ:SwordThrow","floor":4},{"not_picked":["champ:Aggression","champ:TornadoPunch","champ:FanOfKnives"],"picked":"SKIP","floor":5},{"not_picked":["champ:GutPunch","champ:CrookedStrike"],"picked":"champ:FocusedBerserking","floor":9},{"not_picked":["champ:Backstep","champ:BerserkersShout","champ:ShieldWall"],"picked":"SKIP","floor":10},{"not_picked":["champ:RageSigil","champ:GutPunch"],"picked":"champ:RisingSlash","floor":11},{"not_picked":["champ:SteelEdge","champ:BerserkersShout","champ:Circumvent"],"picked":"SKIP","floor":12},{"not_picked":["champ:ShieldSigil","champ:FightOn","champ:FlashCut"],"picked":"SKIP","floor":14},{"not_picked":["champ:Duel","champ:ArenaPreparation"],"picked":"champ:BerserkerStyle","floor":15}],"player_experience":1286050,"relics_obtained":[{"floor":7,"key":"Guardian:PocketSentry"},{"floor":10,"key":"Akabeko"}],"event_choices":[{"cards_removed":["Normality"],"damage_healed":0,"gold_gain":0,"player_choice":"Card Removal","damage_taken":0,"max_hp_gain":0,"max_hp_loss":0,"event_name":"The Cleric","floor":6,"gold_loss":0},{"damage_healed":0,"gold_gain":0,"player_choice":"Forge","damage_taken":0,"max_hp_gain":0,"max_hp_loss":0,"event_name":"Accursed Blacksmith","floor":8,"gold_loss":0,"cards_upgraded":["champ:EnragedBash"]}],"is_beta":false,"boss_relics":[],"items_purged_floors":[],"is_endless":false,"potions_floor_spawned":[4,10,14,15],"killed_by":"downfall:Defect","ascension_level":0}}