{"host":"5wznv0010959mrmz","time":1609730417,"event":{"mods":["BaseMod","Highlight Path","Minty Spire (QoL Compilation)"],"gold_per_floor":[112,112,112,131,145,145,180,51,77,104,136,136,153,169,169,243,243,255,287,306,306,318,318,330,380,380,380,425,151,151,151],"floor_reached":30,"playtime":702,"items_purged":["Strike_G"],"score":476,"play_id":"1c6bfece-1428-4904-ad9b-7336ebf9b91c","local_time":"20210103212017","is_ascension_mode":true,"campfire_choices":[{"data":"Dagger Spray","floor":6,"key":"SMITH"},{"data":"Noxious Fumes","floor":12,"key":"SMITH"},{"data":"Sucker Punch","floor":15,"key":"SMITH"},{"floor":23,"key":"REST"}],"circlet_count":0,"master_deck":["AscendersBane","Strike_G","Strike_G","Strike_G","Strike_G","Defend_G+1","Defend_G","Defend_G","Defend_G+1","Defend_G","Survivor","Neutralize","All Out Attack+1","Noxious Fumes+1","Dagger Spray+1","Sucker Punch+1","Footwork","Corpse Explosion","Cloak And Dagger+1"],"relics":["Ring of the Snake","NeowsBlessing","War Paint","Blue Candle","Tiny Chest","PreservedInsect","Bag of Marbles","Fusion Hammer","Red Mask","StrikeDummy","Pen Nib","Anchor","Letter Opener"],"acts_visited":["Exordium","TheCity"],"potions_floor_usage":[7,16,19,24],"damage_taken":[{"damage":0,"enemies":"Jaw Worm","floor":1,"turns":1},{"damage":0,"enemies":"Cultist","floor":4,"turns":1},{"damage":0,"enemies":"Small Slimes","floor":5,"turns":1},{"damage":14,"enemies":"Lagavulin","floor":7,"turns":6},{"damage":6,"enemies":"Gremlin Nob","floor":11,"turns":3},{"damage":0,"enemies":"3 Louse","floor":13,"turns":1},{"damage":2,"enemies":"Red Slaver","floor":14,"turns":2},{"damage":16,"enemies":"Hexaghost","floor":16,"turns":11},{"damage":25,"enemies":"Spheric Guardian","floor":18,"turns":6},{"damage":12,"enemies":"Masked Bandits","floor":19,"turns":2},{"damage":3,"enemies":"2 Thieves","floor":20,"turns":4},{"damage":0,"enemies":"3 Cultists","floor":22,"turns":2},{"damage":24,"enemies":"Snake Plant","floor":24,"turns":5},{"damage":15,"enemies":"Snecko","floor":30,"turns":4}],"seed_played":"3596119006802238995","potions_obtained":[{"floor":1,"key":"Fruit Juice"},{"floor":4,"key":"BlessingOfTheForge"},{"floor":16,"key":"Strength Potion"},{"floor":22,"key":"ColorlessPotion"}],"is_trial":false,"path_per_floor":["M","?","?","M","M","R","E","$","T","T","E","R","M","M","R","B",null,"M","?","M","T","M","R","M","?","T","?","T","$","M"],"character_chosen":"THE_SILENT","items_purchased":["Sucker Punch","Letter Opener"],"campfire_rested":1,"item_purchase_floors":[8,29],"current_hp_per_floor":[59,48,48,48,48,48,34,34,34,34,28,28,28,26,26,15,57,32,20,17,17,17,38,14,14,14,14,14,14,0,0],"gold":151,"neow_bonus":"THREE_ENEMY_KILL","is_daily":false,"chose_seed":false,"campfire_upgraded":3,"win_rate":0.0,"timestamp":1609730417,"path_taken":["M","?","?","M","?","R","E","$","T","?","E","R","?","M","R","BOSS","M","?","M","?","?","R","M","?","T","?","?","?","M"],"items_purchased_type":["Card","Relic"],"build_version":"2020-12-22","purchased_purges":1,"victory":false,"max_hp_per_floor":[66,66,66,66,66,66,66,66,66,66,66,66,66,66,66,71,71,71,71,71,71,71,71,71,71,71,71,71,71,71,71],"card_choices":[{"not_picked":["Riddle With Holes","Deflect"],"picked":"All Out Attack","floor":1},{"not_picked":["Quick Slash","Bane"],"picked":"Noxious Fumes","floor":4},{"not_picked":["Slice","Setup"],"picked":"Dagger Spray","floor":5},{"not_picked":["Flechettes","Accuracy","Prepared"],"picked":"SKIP","floor":7},{"not_picked":["Bane","Distraction","Flying Knee"],"picked":"SKIP","floor":11},{"not_picked":["Noxious Fumes","Expertise","Flying Knee"],"picked":"SKIP","floor":13},{"not_picked":["Prepared","Infinite Blades"],"picked":"Footwork","floor":14},{"not_picked":["Bullet Time","Malaise"],"picked":"Corpse Explosion","floor":16},{"not_picked":["Caltrops+1","Blur"],"picked":"Cloak And Dagger+1","floor":18},{"not_picked":["PiercingWail","Bullet Time","Quick Slash"],"picked":"SKIP","floor":20},{"not_picked":["Blade Dance","Dodge and Roll","PiercingWail"],"picked":"SKIP","floor":22},{"not_picked":["Choke","Outmaneuver","Endless Agony"],"picked":"SKIP","floor":24}],"player_experience":394348,"relics_obtained":[{"floor":7,"key":"Blue Candle"},{"floor":9,"key":"Tiny Chest"},{"floor":10,"key":"PreservedInsect"},{"floor":11,"key":"Bag of Marbles"},{"floor":19,"key":"Red Mask"},{"floor":21,"key":"StrikeDummy"},{"floor":26,"key":"Pen Nib"},{"floor":28,"key":"Anchor"}],"event_choices":[{"damage_healed":0,"gold_gain":0,"player_choice":"Success","damage_taken":11,"relics_obtained":["War Paint"],"max_hp_gain":0,"max_hp_loss":0,"event_name":"Scrap Ooze","floor":2,"gold_loss":0},{"damage_healed":0,"gold_gain":0,"player_choice":"Upgraded","damage_taken":0,"max_hp_gain":0,"max_hp_loss":0,"event_name":"Upgrade Shrine","floor":3,"gold_loss":0,"cards_upgraded":["All Out Attack"]},{"damage_healed":0,"gold_gain":0,"player_choice":"Fought Bandits","damage_taken":0,"max_hp_gain":0,"max_hp_loss":0,"event_name":"Masked Bandits","floor":19,"gold_loss":0},{"damage_healed":0,"gold_gain":50,"player_choice":"Stole From Cult","damage_taken":0,"max_hp_gain":0,"max_hp_loss":0,"event_name":"Nest","floor":25,"gold_loss":0},{"damage_healed":0,"gold_gain":0,"player_choice":"Ignored","damage_taken":0,"max_hp_gain":0,"max_hp_loss":0,"event_name":"Ghosts","floor":27,"gold_loss":0}],"is_beta":false,"boss_relics":[{"not_picked":["Runic Pyramid","Calling Bell"],"picked":"Fusion Hammer"}],"items_purged_floors":[8],"is_endless":false,"potions_floor_spawned":[1,4,16,22],"killed_by":"Snecko","ascension_level":20}}