{"host":"92108ef2q9tm8rod","time":1609781931,"event":{"mods":["BaseMod","Defuse TimeMaze Blight","Minty Spire (QoL Compilation)","StSLib","The Jungle"],"gold_per_floor":[115,134,150,161,176,205,205,237,288,313,325,337,359,331,331,431,481,496,496,515,515,527,554,554,554,579,579,433,433,433,458,458,555,555,573,583,600,600,500,529,529,529,581,581,581],"floor_reached":44,"playtime":1730,"items_purged":[],"score":561,"play_id":"234552fb-bef0-4365-a8d7-9c0bfae5dac0","local_time":"20210104173851","daily_mods":["SealedDeck","Colorless Cards","Heirloom","Flight"],"is_ascension_mode":false,"campfire_choices":[{"data":"Glacier","floor":7,"key":"SMITH"},{"data":"Go for the Eyes","floor":11,"key":"SMITH"},{"data":"FTL","floor":12,"key":"SMITH"},{"data":"Recycle","floor":15,"key":"SMITH"},{"data":"Loop","floor":24,"key":"SMITH"},{"data":"Gash","floor":25,"key":"SMITH"},{"data":"Gash","floor":27,"key":"SMITH"},{"data":"Ball Lightning","floor":29,"key":"SMITH"},{"data":"Dramatic Entrance","floor":30,"key":"SMITH"},{"data":"Thunder Strike","floor":32,"key":"SMITH"},{"data":"Dramatic Entrance","floor":42,"key":"SMITH"}],"circlet_count":0,"master_deck":["FTL+1","Dramatic Entrance+1","Dramatic Entrance+1","Ball Lightning+1","Glacier+1","BootSequence","Ball Lightning+1","Chill","Gash+1","Go for the Eyes+1","Gash+1","Recycle+1","Loop+1","Thunder Strike+1","Panacea"],"relics":["Cracked Core","StoneCalendar","Juzu Bracelet","Sundial","MawBank","Tiny House","Bottled Tornado","Boot","Lee\u0027s Waffle","Tiny Chest","Nuclear Battery","Ice Cream","Lantern"],"acts_visited":["Exordium","Exordium","TheBeyond"],"potions_floor_usage":[20,22,31,40],"damage_taken":[{"damage":0,"enemies":"2 Louse","floor":1,"turns":1},{"damage":0,"enemies":"Jaw Worm","floor":2,"turns":2},{"damage":0,"enemies":"Cultist","floor":3,"turns":2},{"damage":0,"enemies":"Gremlin Gang","floor":4,"turns":1},{"damage":0,"enemies":"2 Fungi Beasts","floor":5,"turns":2},{"damage":7,"enemies":"Lagavulin","floor":6,"turns":4},{"damage":0,"enemies":"Gremlin Nob","floor":8,"turns":3},{"damage":3,"enemies":"Red Slaver","floor":10,"turns":2},{"damage":0,"enemies":"Large Slime","floor":13,"turns":3},{"damage":0,"enemies":"Slime Boss","floor":16,"turns":6},{"damage":1,"enemies":"theJungle:Flameango_and_Byrd","floor":18,"turns":4},{"damage":0,"enemies":"theJungle:GiantWrat","floor":20,"turns":4},{"damage":0,"enemies":"theJungle:JungleHuntersEncounter","floor":22,"turns":4},{"damage":3,"enemies":"theJungle:Cassacara","floor":23,"turns":7},{"damage":7,"enemies":"theJungle:2_Phrogs","floor":31,"turns":5},{"damage":55,"enemies":"theJungle:TotemBoss","floor":33,"turns":9},{"damage":5,"enemies":"Orb Walker","floor":35,"turns":3},{"damage":9,"enemies":"3 Shapes","floor":36,"turns":3},{"damage":16,"enemies":"Sphere and 2 Shapes","floor":37,"turns":4},{"damage":21,"enemies":"Giant Head","floor":40,"turns":7},{"damage":73,"enemies":"Nemesis","floor":44,"turns":4}],"seed_played":"8910746102334624217","potions_obtained":[{"floor":3,"key":"Block Potion"},{"floor":5,"key":"Block Potion"},{"floor":6,"key":"SkillPotion"},{"floor":22,"key":"Energy Potion"},{"floor":33,"key":"Dexterity Potion"},{"floor":37,"key":"EssenceOfDarkness"},{"floor":40,"key":"DuplicationPotion"}],"is_trial":true,"path_per_floor":["M","M","M","M","M","E","R","E","T","M","R","R","M","$","R","B",null,"M","?","M","$","M","E","R","R","T","R","$","R","R","E","R","B",null,"M","M","M","?","$","E","$","R","T","E"],"character_chosen":"DEFECT","items_purchased":["Loop","Lee\u0027s Waffle","CultistPotion"],"campfire_rested":0,"item_purchase_floors":[14,28,39],"current_hp_per_floor":[75,75,75,75,75,68,68,68,68,65,65,65,65,65,65,65,80,79,79,79,79,79,76,76,76,76,76,87,87,87,80,80,25,87,82,73,57,87,87,66,66,66,66,0,0],"gold":581,"neow_bonus":"","is_daily":false,"chose_seed":false,"campfire_upgraded":11,"win_rate":0.0,"timestamp":1609781931,"path_taken":["M","M","M","M","M","E","R","E","T","M","R","R","M","$","R","BOSS","M","?","M","$","M","E","R","R","T","R","$","R","R","E","R","BOSS","M","M","M","?","$","E","$","R","T","E"],"items_purchased_type":["Card","Relic","Potion"],"build_version":"2020-12-22","purchased_purges":0,"victory":false,"max_hp_per_floor":[75,75,75,75,75,75,75,75,75,75,75,75,75,75,75,75,80,80,80,80,80,80,80,80,80,80,80,87,87,87,87,87,87,87,87,87,87,87,87,87,87,87,87,87,87],"card_choices":[{"not_picked":["Turbo","Stack","PanicButton"],"picked":"SKIP","floor":1},{"not_picked":["Go for the Eyes","Hologram","Turbo"],"picked":"SKIP","floor":2},{"not_picked":["Hologram","Leap","Coolheaded"],"picked":"SKIP","floor":3},{"not_picked":["HandOfGreed","Steam"],"picked":"Gash","floor":4},{"not_picked":["Reprogram","Bandage Up","Hologram"],"picked":"SKIP","floor":5},{"not_picked":["Beam Cell","Rip and Tear","Cold Snap"],"picked":"SKIP","floor":6},{"not_picked":["Stack","Beam Cell","Core Surge"],"picked":"SKIP","floor":8},{"not_picked":["PanicButton","Gash","Cold Snap"],"picked":"SKIP","floor":10},{"not_picked":["Glacier","Sweeping Beam"],"picked":"Recycle","floor":13},{"not_picked":["Discovery+1","Storm","Self Repair"],"picked":"SKIP","floor":18},{"not_picked":["Rip and Tear","Undo","Melter"],"picked":"SKIP","floor":20},{"not_picked":["Sunder+1","Enlightenment","Conserve Battery+1"],"picked":"SKIP","floor":22},{"not_picked":["Sadistic Nature","Melter","Coolheaded"],"picked":"SKIP","floor":23},{"not_picked":["Chaos","Undo"],"picked":"Thunder Strike","floor":31},{"not_picked":["Hologram+1","Rebound+1"],"picked":"Panacea","floor":35},{"not_picked":["PanicButton","Hologram","Compile Driver"],"picked":"SKIP","floor":36},{"not_picked":["PanicButton","Undo+1","Stack+1"],"picked":"SKIP","floor":37},{"not_picked":["Steam","Seek","Capacitor+1"],"picked":"SKIP","floor":40}],"player_experience":3240560,"relics_obtained":[{"floor":6,"key":"Juzu Bracelet"},{"floor":8,"key":"Sundial"},{"floor":9,"key":"MawBank"},{"floor":23,"key":"Bottled Tornado"},{"floor":26,"key":"Boot"},{"floor":31,"key":"Tiny Chest"},{"floor":40,"key":"Ice Cream"},{"floor":43,"key":"Lantern"}],"event_choices":[{"damage_healed":30,"gold_gain":0,"player_choice":"Full Heal","damage_taken":0,"max_hp_gain":0,"max_hp_loss":0,"event_name":"Wheel of Change","floor":38,"gold_loss":0}],"is_beta":false,"boss_relics":[{"not_picked":["FrozenCore","Philosopher\u0027s Stone"],"picked":"Tiny House"},{"not_picked":["Runic Dome","Busted Crown"],"picked":"Nuclear Battery"}],"items_purged_floors":[],"is_endless":false,"potions_floor_spawned":[3,5,6,22,23,33,37,40],"killed_by":"Nemesis","ascension_level":0}}