{"host":"toh0bbw446wnuexf","time":1609719753,"event":{"mods":["BaseMod","Downfall","Hermit","Minty Spire (QoL Compilation)","Random Character Button","StSLib"],"gold_per_floor":[99,99,99,99,114,114,114,264,264,264,264,264,279,298,316,421,421,421,434,434,267,367,385,411,430,430,443,443,463,476,490,502,603,653,653,671,683,694,694,704,704,704,544,469,483,533,551,562,578,578,578,578],"floor_reached":50,"playtime":6464,"items_purged":[],"score":486,"play_id":"47949bdc-95b2-44b2-adfa-326fd1bd1ba9","local_time":"20210104132233","is_ascension_mode":true,"campfire_choices":[{"data":"champ:Taunt","floor":1,"key":"SMITH"},{"data":"champ:IronFortress","floor":9,"key":"SMITH"},{"data":"champ:GutPunch","floor":12,"key":"SMITH"},{"data":"champ:Backstep","floor":18,"key":"SMITH"},{"data":"champ:Execute","floor":26,"key":"SMITH"},{"floor":35,"key":"RECALL"},{"floor":42,"key":"REST"},{"floor":44,"key":"REST"}],"circlet_count":0,"master_deck":["champ:Strike+1","champ:Strike+1","champ:Strike+1","champ:Defend+1","champ:Defend+1","champ:Defend+1","champ:Defend+1","champ:Execute+1","champ:Taunt+1","champ:Backstep+1","champ:IronFortress+1","champ:GutPunch+1","champ:SteelEdge+1"],"relics":["champ:ChampionCrown","downfall:HeartsMalice","Potion Belt","champ:LiftRelic","Spirit Poop","SacredBark","Membership Card","Anchor","MutagenicStrength","Tiny House","Ornamental Fan","Mango","downfall:HeartBlessingRed","Pocketwatch"],"acts_visited":["Exordium","TheCity","TheBeyond"],"potions_floor_usage":[25,33,33,33,38,50,50],"damage_taken":[{"damage":0,"enemies":"2 Louse","floor":2,"turns":1},{"damage":0,"enemies":"Small Slimes","floor":3,"turns":1},{"damage":0,"enemies":"Cultist","floor":4,"turns":1},{"damage":10,"enemies":"Blue Slaver","floor":5,"turns":4},{"damage":21,"enemies":"Exordium Thugs","floor":13,"turns":5},{"damage":15,"enemies":"2 Fungi Beasts","floor":14,"turns":3},{"damage":13,"enemies":"3 Louse","floor":15,"turns":2},{"damage":68,"enemies":"downfall:Ironclad","floor":16,"turns":13},{"damage":27,"enemies":"Chosen","floor":19,"turns":6},{"damage":25,"enemies":"downfall:FleeingMerchant","floor":21,"turns":4},{"damage":44,"enemies":"3 Byrds","floor":23,"turns":6},{"damage":35,"enemies":"Snake Plant","floor":25,"turns":6},{"damage":48,"enemies":"Centurion and Healer","floor":27,"turns":8},{"damage":27,"enemies":"Snecko","floor":29,"turns":4},{"damage":35,"enemies":"3 Cultists","floor":30,"turns":5},{"damage":32,"enemies":"Shelled Parasite and Fungi","floor":31,"turns":6},{"damage":26,"enemies":"Centurion and Healer","floor":32,"turns":8},{"damage":65,"enemies":"downfall:Defect","floor":33,"turns":13},{"damage":5,"enemies":"3 Shapes","floor":36,"turns":5},{"damage":10,"enemies":"Orb Walker","floor":37,"turns":3},{"damage":43,"enemies":"3 Darklings","floor":38,"turns":7},{"damage":58,"enemies":"4 Shapes","floor":40,"turns":8},{"damage":23,"enemies":"downfall:FleeingMerchant","floor":43,"turns":4},{"damage":25,"enemies":"Jaw Worm Horde","floor":45,"turns":4},{"damage":99,"enemies":"Mind Bloom Boss Battle","floor":46,"turns":16},{"damage":47,"enemies":"Writhing Mass","floor":47,"turns":5},{"damage":56,"enemies":"3 Darklings","floor":48,"turns":9},{"damage":30,"enemies":"4 Shapes","floor":49,"turns":7},{"damage":103,"enemies":"downfall:Silent","floor":50,"turns":9}],"seed_played":"5231188132020126679","potions_obtained":[{"floor":5,"key":"Explosive Potion"},{"floor":13,"key":"BlessingOfTheForge"},{"floor":15,"key":"PowerPotion"},{"floor":16,"key":"Swift Potion"},{"floor":23,"key":"Block Potion"},{"floor":25,"key":"Explosive Potion"},{"floor":34,"key":"Fire Potion"},{"floor":38,"key":"Swift Potion"},{"floor":40,"key":"Ancient Potion"},{"floor":46,"key":"CultistPotion"},{"floor":48,"key":"Weak Potion"}],"is_trial":false,"path_per_floor":["R","M","M","M","M","?","T","?","R","?","?","R","M","M","M","B",null,"R","M","?","$","?","M","T","M","R","M","?","M","M","M","M","B",null,"R","M","M","M","?","M","T","R","$","R","M","?","M","M","M","B"],"character_chosen":"THE_CHAMP","items_purchased":["Membership Card","Mango"],"campfire_rested":2,"item_purchase_floors":[21,43],"current_hp_per_floor":[90,90,90,90,90,90,90,90,90,90,90,90,84,84,81,43,90,90,81,81,81,81,72,72,65,65,58,58,51,51,49,43,18,95,95,95,95,87,87,54,54,82,96,109,109,83,69,68,68,0,0,0],"gold":578,"neow_bonus":"THREE_ENEMY_KILL","is_daily":false,"chose_seed":false,"campfire_upgraded":5,"win_rate":0.0,"timestamp":1609719753,"path_taken":["R","M","M","M","M","?","T","?","R","?","?","R","M","?","M","BOSS","R","M","?","$","?","?","T","M","R","M","?","M","M","M","M","BOSS","R","M","M","M","?","M","T","R","$","R","M","?","M","M","M","BOSS"],"items_purchased_type":["Relic","Relic"],"build_version":"2020-12-22","purchased_purges":0,"victory":false,"max_hp_per_floor":[90,90,90,90,90,90,90,90,90,90,90,90,90,90,90,90,90,90,90,90,90,90,90,90,90,90,90,90,90,90,90,90,90,95,95,95,95,95,95,95,95,95,109,109,109,109,109,109,109,109,109,109],"card_choices":[{"not_picked":["champ:Haymaker","champ:RisingSlash"],"picked":"champ:Backstep","floor":2},{"not_picked":["champ:Encircle","champ:Circumvent"],"picked":"champ:IronFortress","floor":3},{"not_picked":["champ:FocusedDefense","champ:EnGarde"],"picked":"champ:GutPunch","floor":4},{"not_picked":["champ:PerfectedStrike","champ:EnchantCrown","champ:Balance"],"picked":"SKIP","floor":5},{"not_picked":["champ:ShieldWall","champ:Encircle","champ:Circumvent"],"picked":"SKIP","floor":13},{"not_picked":["champ:BladeFlurry","champ:ViciousMockery","champ:DefensiveStyle"],"picked":"SKIP","floor":14},{"not_picked":["champ:Encircle","champ:CrookedStrike","champ:Circumvent"],"picked":"SKIP","floor":15},{"not_picked":["champ:ArenaPreparation","champ:GutPunch","champ:BladeFlurry"],"picked":"SKIP","floor":19},{"not_picked":["champ:AdrenalArmor","champ:CheapShot","champ:CalledShot"],"picked":"SKIP","floor":21},{"not_picked":["champ:Duel","champ:ShieldWall","champ:TornadoPunch"],"picked":"SKIP","floor":23},{"not_picked":["champ:Backstep","champ:BringItOn","champ:EndlessRage"],"picked":"SKIP","floor":25},{"not_picked":["champ:CrookedStrike+1","champ:ArenaPreparation","champ:FanOfKnives"],"picked":"SKIP","floor":27},{"not_picked":["champ:PerfectedStrike+1","champ:DeathBlow","champ:Circumvent"],"picked":"SKIP","floor":29},{"not_picked":["champ:BerserkerStyle","champ:ShieldSigil+1","champ:HoldFirm"],"picked":"SKIP","floor":30},{"not_picked":["champ:Control","champ:PerfectedStrike+1","champ:BringItOn"],"picked":"SKIP","floor":31},{"not_picked":["champ:StanceDance","champ:Backstep","champ:Lariat"],"picked":"SKIP","floor":32},{"not_picked":["champ:CheapShot","champ:CrownThrow"],"picked":"champ:SteelEdge","floor":33},{"not_picked":["champ:BladeFlurry+1","champ:ViciousMockery+1","champ:SkillfulDodge"],"picked":"SKIP","floor":36},{"not_picked":["champ:AdrenalArmor+1","champ:CalledShot+1","champ:ShieldSigil+1"],"picked":"SKIP","floor":37},{"not_picked":["champ:HeartStrike","champ:GladiatorsShout","champ:Circumvent"],"picked":"SKIP","floor":38},{"not_picked":["champ:FocusedGladiator","champ:PerfectedStrike+1","champ:Shatter"],"picked":"SKIP","floor":40},{"not_picked":["champ:BringItOn+1","champ:PerfectedStrike","champ:DeathBlow+1"],"picked":"SKIP","floor":43},{"not_picked":["champ:StanceDance","champ:PerfectedStrike+1","champ:DefensiveShout+1"],"picked":"SKIP","floor":45},{"not_picked":["champ:FalseCounter+1","champ:Haymaker","champ:SwordThrow"],"picked":"SKIP","floor":47},{"not_picked":["champ:Control","champ:GutPunch+1","champ:Backstep+1"],"picked":"SKIP","floor":48},{"not_picked":["champ:FlashCut+1","champ:CrookedStrike","champ:StanceDance"],"picked":"SKIP","floor":49}],"player_experience":596816,"relics_obtained":[{"floor":7,"key":"Potion Belt"},{"floor":24,"key":"Anchor"},{"floor":41,"key":"Ornamental Fan"},{"floor":46,"key":"Pocketwatch"}],"event_choices":[{"cards_removed":["Slimebound:Icky"],"damage_healed":0,"gold_gain":0,"player_choice":"Offered Curse","damage_taken":0,"relics_obtained":["Spirit Poop"],"max_hp_gain":0,"max_hp_loss":0,"event_name":"Bonfire Elementals","floor":11,"gold_loss":0},{"damage_healed":0,"gold_gain":0,"player_choice":"Inject Mutagens","damage_taken":0,"relics_obtained":["MutagenicStrength"],"max_hp_gain":0,"max_hp_loss":0,"event_name":"Drug Dealer","floor":28,"gold_loss":0}],"is_beta":false,"boss_relics":[{"not_picked":["Runic Dome","Snecko Eye"],"picked":"SacredBark"},{"not_picked":["Astrolabe","Empty Cage"],"picked":"Tiny House"}],"items_purged_floors":[],"is_endless":false,"potions_floor_spawned":[5,13,15,16,23,25,27,31,38,40,46,48],"killed_by":"downfall:Silent","ascension_level":1}}