{"host":"gx7yyrn1gkym3qpb","time":1609725082,"event":{"mods":["AchievementEnabler","BaseMod","Better Altar","Better Match","Better Note","Better Sensory Stone","Better Skull","Better Third Choice","Highlight Path","Minty Spire (QoL Compilation)","Permanent Neow","Quick Restart","StSLib","Unceasing Turn Reminder"],"gold_per_floor":[111,111,121,121,139,174,174,206,206,206,206,206],"floor_reached":11,"playtime":299,"items_purged":[],"score":146,"play_id":"2fc3730a-cb32-4589-a1cc-79c644888640","local_time":"20210103205122","is_ascension_mode":true,"campfire_choices":[{"floor":7,"key":"REST"},{"data":"Well Laid Plans","floor":10,"key":"SMITH"}],"circlet_count":0,"master_deck":["AscendersBane","Strike_G","Strike_G","Strike_G","Strike_G","Strike_G","Defend_G","Defend_G","Defend_G","Defend_G","Defend_G","Survivor","Neutralize+1","Dagger Spray+1","Dash+1","Dagger Spray","Well Laid Plans+1"],"relics":["Ring of the Snake","Oddly Smooth Stone","Pantograph","Nunchaku"],"acts_visited":["Exordium"],"potions_floor_usage":[6],"damage_taken":[{"damage":8,"enemies":"Cultist","floor":1,"turns":6},{"damage":0,"enemies":"2 Louse","floor":3,"turns":2},{"damage":0,"enemies":"Jaw Worm","floor":5,"turns":3},{"damage":26,"enemies":"Gremlin Nob","floor":6,"turns":7},{"damage":12,"enemies":"3 Sentries","floor":8,"turns":7},{"damage":20,"enemies":"Gremlin Nob","floor":11,"turns":3}],"seed_played":"6960325131155283690","potions_obtained":[{"floor":1,"key":"SkillPotion"}],"is_trial":false,"path_per_floor":["M","?","M","?","M","E","R","E","T","R","E"],"character_chosen":"THE_SILENT","items_purchased":[],"campfire_rested":1,"item_purchase_floors":[],"current_hp_per_floor":[51,31,31,31,31,5,24,12,12,12,0,0],"gold":206,"neow_bonus":"THREE_CARDS","is_daily":false,"chose_seed":false,"campfire_upgraded":1,"win_rate":0.0,"timestamp":1609725082,"path_taken":["M","?","M","?","?","E","R","E","T","R","E"],"items_purchased_type":[],"build_version":"2020-12-22","purchased_purges":0,"victory":false,"max_hp_per_floor":[66,66,66,66,66,66,66,66,66,66,66,66],"card_choices":[{"not_picked":["Heel Hook","Acrobatics"],"picked":"Dagger Spray","floor":0.0},{"not_picked":["Predator","Dagger Spray"],"picked":"Dash","floor":1},{"not_picked":["Deadly Poison","Bane"],"picked":"Dagger Spray","floor":3},{"not_picked":["Deadly Poison","Dagger Throw","Backflip"],"picked":"SKIP","floor":5},{"not_picked":["Prepared","Acrobatics","Finisher"],"picked":"SKIP","floor":6},{"not_picked":["Cloak And Dagger","Caltrops"],"picked":"Well Laid Plans","floor":8}],"player_experience":382622,"relics_obtained":[{"floor":6,"key":"Oddly Smooth Stone"},{"floor":8,"key":"Pantograph"},{"floor":9,"key":"Nunchaku"}],"event_choices":[{"damage_healed":51,"gold_gain":0,"player_choice":"Upgrade","damage_taken":20,"max_hp_gain":0,"max_hp_loss":66,"event_name":"betterThird:BetterShining","floor":2,"gold_loss":0,"cards_upgraded":["Dash","Neutralize"]},{"damage_healed":0,"gold_gain":0,"player_choice":"Upgraded","damage_taken":0,"max_hp_gain":0,"max_hp_loss":0,"event_name":"Upgrade Shrine","floor":4,"gold_loss":0,"cards_upgraded":["Dagger Spray"]}],"is_beta":false,"boss_relics":[],"items_purged_floors":[],"is_endless":false,"potions_floor_spawned":[1],"killed_by":"Gremlin Nob","ascension_level":16}}