{"host":"3y33rrrkia6pkpow","time":1609739979,"event":{"mods":["2.2 Compatiblity","AchievementEnabler","Act Like it!","BaseMod","BetterRewards","Colored Map","Gensokyo","Minty Spire (QoL Compilation)","Quick Restart","Replay The Spire","Shop Mod","Spicy Shops","StSLib","Synergy Search","The Animator"],"gold_per_floor":[117,149,169,186,198,198,233,43,125,125,150,150,177,194,194,308,308,323,323,49,72,112,112,166,166,166,166,166,203,5,55,55,177,177,227,59,59,102,102,102,56,56,81,9,68,111,153,153,153,185],"floor_reached":51,"playtime":4387,"items_purged":[],"score":1095,"play_id":"628bcb8b-6db5-4c63-8219-10eff91a8777","local_time":"20210103235939","is_ascension_mode":true,"campfire_choices":[{"floor":6.0,"key":"REST"},{"data":"animator:AcuraAkari","floor":10.0,"key":"SMITH"},{"floor":15.0,"key":"REST"},{"floor":23.0,"key":"REST"},{"floor":25,"key":"REST"},{"data":"animator:AcuraAkari","floor":27,"key":"SMITH"},{"data":"animator:Konayuki","floor":32,"key":"SMITH"},{"floor":40,"key":"REST"},{"floor":49,"key":"REST"}],"circlet_count":0,"master_deck":["AscendersBane","animator:Strike_HitsugiNoChaika","animator:Defend_HitsugiNoChaika+1","animator:Defend+1","animator:AcuraAkari+1","animator:Gillette","animator:MeguKakizaki","animator:Fredrika","animator:AcuraAkari+1","animator:ChaikaBohdan+1","animator:Hinaichigo","animator:Melzalgald","animator:NiaHonjou","animator:Sonic","animator:ChaikaBohdan+1","animator:WinryRockbell","animator:AcuraShin+1","animator:AcuraAkari","animator:ChaikaBohdan+1","animator:AcuraTooru","animator:WinryRockbell","animator:Fredrika+1","animator:Layla+1","animator:Layla+1","animator:AcuraTooru","animator:JunSakurada+4","animator:Geryuganshoop","animator:Viivi+1","animator:Zero+1","animator:Konayuki+1","animator:AcuraShin+1","animator:NiaHonjou","animator:Archer+1","animator:Konayuki+1","animator:ChlammyZell+1","animator:HigakiRinne+1","animator:ChaikaBohdan+1","animator:DolaCouronne+1","animator:WinryRockbell","animator:ChaikaBohdan+1","animator:Geryuganshoop+1","animator:AcuraAkari"],"relics":["animator:LivingPicture","animator:TheMissingPiece","animator:PurgingStone","Tiny Chest","animator:ShionDessert","Golden Egg","CloakClasp","Simple Rune","animator:RacePiece","Replay:Bandana","ReplayTheSpireMod:Lightbulb","Ornamental Fan","Replay:WaspNest","Mark of Pain","Replay:Bottled Eggs","Replay:Rubber Ducky","Mirror"],"acts_visited":["Exordium","TheCity","TheBeyond"],"potions_floor_usage":[24,35,50,50],"damage_taken":[{"damage":0.0,"enemies":"Cultist","floor":1.0,"turns":3.0},{"damage":6.0,"enemies":"2 Louse","floor":2.0,"turns":2.0},{"damage":12.0,"enemies":"Jaw Worm","floor":3.0,"turns":2.0},{"damage":14.0,"enemies":"Large Slime","floor":4.0,"turns":4.0},{"damage":2.0,"enemies":"Blue Slaver","floor":5.0,"turns":2.0},{"damage":20.0,"enemies":"Replay:BlueRogue","floor":7.0,"turns":4.0},{"damage":13.0,"enemies":"Lagavulin","floor":11.0,"turns":5.0},{"damage":8.0,"enemies":"Gremlin Nob","floor":13.0,"turns":3.0},{"damage":2.0,"enemies":"2 Fungi Beasts","floor":14.0,"turns":3.0},{"damage":27.0,"enemies":"Slime Boss","floor":16.0,"turns":6.0},{"damage":7.0,"enemies":"Shell Parasite","floor":18.0,"turns":3.0},{"damage":24.0,"enemies":"2 Thieves","floor":22.0,"turns":4.0},{"damage":10,"enemies":"Gremlin Leader","floor":24,"turns":6},{"damage":0,"enemies":"Snecko","floor":29,"turns":3},{"damage":8,"enemies":"3 Cultists","floor":31,"turns":6},{"damage":26,"enemies":"Champ","floor":33,"turns":8},{"damage":5,"enemies":"3 Darklings","floor":35,"turns":5},{"damage":0,"enemies":"Orb Walker","floor":38,"turns":2},{"damage":10,"enemies":"R_Hoarder","floor":45,"turns":5},{"damage":15,"enemies":"Spire Growth","floor":46,"turns":4},{"damage":14,"enemies":"4 Shapes","floor":47,"turns":3},{"damage":30,"enemies":"Donu and Deca","floor":50,"turns":7}],"seed_played":"2645746322376265006","potions_obtained":[{"floor":3.0,"key":"SkillPotion"},{"floor":5.0,"key":"Dexterity Potion"},{"floor":7.0,"key":"FearPotion"},{"floor":16.0,"key":"PowerPotion"},{"floor":22.0,"key":"Toxic Potion"},{"floor":29,"key":"Block Potion"},{"floor":38,"key":"ColorlessPotion"}],"is_trial":false,"path_per_floor":["M","M","M","M","M","R","E","$","T","R","E","?","E","M","R","B",null,"M","?","$","T","M","R","E","R","T","R","?","M","$","M","R","B",null,"M","$","?","M","T","R","$","?","T","$","E","M","M","?","R","B",null],"character_chosen":"THE_ANIMATOR","items_purchased":["animator:ShionDessert","animator:NiaHonjou","Replay:Bandana","animator:Fredrika","animator:Layla","animator:Viivi","animator:Zero","animator:Archer","animator:Konayuki","animator:ChlammyZell","animator:DolaCouronne+1","DuplicationPotion"],"campfire_rested":6,"item_purchase_floors":[8,8,20,20,20,30,30,36,36,36,41,44],"current_hp_per_floor":[59,53,47,40,44,64,44,44,44,44,37,37,29,27,47,20,55,48,48,48,48,24,44,40,60,60,60,60,60,60,58,58,32,58,53,53,45,45,45,65,65,65,65,65,61,52,38,38,58,28],"gold":185,"neow_bonus":"REMOVE_CARD","is_daily":false,"chose_seed":true,"campfire_upgraded":3,"win_rate":0.0,"timestamp":1609739979,"path_taken":["M","?","M","M","M","R","E","?","T","R","E","?","E","M","R","BOSS","M","?","$","?","M","R","E","R","T","R","?","?","$","M","R","BOSS","M","$","?","M","?","R","$","?","T","$","E","M","M","?","R","BOSS"],"items_purchased_type":["Relic","Card","Relic","Card","Card","Card","Card","Card","Card","Card","Card","Potion"],"build_version":"2020-12-22","purchased_purges":0,"victory":true,"max_hp_per_floor":[66,66,66,67,67,67,67,67,67,67,67,67,67,67,67,67,67,67,67,67,67,67,67,67,67,67,67,67,67,67,67,67,67,67,67,67,67,67,67,67,67,67,67,67,67,67,67,67,67,67],"card_choices":[{"not_picked":["animator:Sloth","animator:ChlammyZell"],"picked":"animator:MeguKakizaki","floor":1.0},{"not_picked":["animator:MaesHughes","animator:Ciel"],"picked":"animator:Fredrika","floor":2.0},{"not_picked":["animator:Geryuganshoop","animator:UneriGinkaku"],"picked":"animator:AcuraAkari","floor":3.0},{"not_picked":["animator:Layla","animator:Gillette"],"picked":"animator:ChaikaBohdan","floor":4.0},{"not_picked":["animator:Togame","animator:TomoeKashiwaba"],"picked":"animator:Hinaichigo","floor":5.0},{"not_picked":["animator:Add","animator:Geryuganshoop"],"picked":"animator:Melzalgald","floor":7.0},{"not_picked":["animator:ElricEdward","animator:Elsword"],"picked":"animator:Sonic","floor":11.0},{"not_picked":["animator:Guy","animator:Gillette"],"picked":"animator:ChaikaBohdan","floor":13.0},{"not_picked":["animator:Raven","animator:Father"],"picked":"animator:WinryRockbell","floor":14.0},{"not_picked":["animator:Saitama","animator:Sora"],"picked":"animator:AcuraShin","floor":16.0},{"not_picked":["animator:Natsumi","animator:Laby"],"picked":"animator:WinryRockbell","floor":18.0},{"not_picked":["animator:RoyMustang+1","animator:ZankiKiguchi+1"],"picked":"animator:AcuraTooru","floor":22.0},{"not_picked":["animator:MeguKakizaki","animator:Suigintou"],"picked":"animator:JunSakurada","floor":24},{"not_picked":["animator:DolaRiku+1","animator:FielNirvalen"],"picked":"animator:Geryuganshoop","floor":29},{"not_picked":["animator:Chung","animator:Suigintou"],"picked":"animator:Konayuki","floor":31},{"not_picked":["animator:HigakiRinne","animator:Enju"],"picked":"animator:AcuraShin","floor":33},{"not_picked":["animator:Guy","animator:Add"],"picked":"animator:NiaHonjou","floor":35},{"not_picked":["animator:Guy","animator:AcuraAkari"],"picked":"animator:ChaikaBohdan","floor":38},{"not_picked":["animator:Ara","animator:Suigintou+1"],"picked":"animator:WinryRockbell","floor":45},{"not_picked":["animator:Viivi+1","animator:ShinjiMatou"],"picked":"animator:ChaikaBohdan","floor":46},{"not_picked":["animator:Sloth","animator:RoyMustang"],"picked":"animator:Geryuganshoop+1","floor":47}],"player_experience":829245,"relics_obtained":[{"floor":7.0,"key":"Tiny Chest"},{"floor":9.0,"key":"Golden Egg"},{"floor":11.0,"key":"CloakClasp"},{"floor":13.0,"key":"Simple Rune"},{"floor":21.0,"key":"ReplayTheSpireMod:Lightbulb"},{"floor":24,"key":"Ornamental Fan"},{"floor":26,"key":"Replay:WaspNest"},{"floor":39,"key":"Replay:Bottled Eggs"},{"floor":43,"key":"Replay:Rubber Ducky"},{"floor":45,"key":"Mirror"}],"event_choices":[{"cards_removed":["animator:Strike"],"damage_healed":0.0,"max_hp_gain":0.0,"max_hp_loss":0.0,"gold_gain":0.0,"event_name":"Bonfire Elementals","player_choice":"Offered Basic","floor":12.0,"gold_loss":0.0,"damage_taken":0.0},{"damage_healed":0,"gold_gain":0,"player_choice":"Ignored","damage_taken":0,"max_hp_gain":0,"max_hp_loss":0,"event_name":"Cursed Tome","floor":28,"gold_loss":0},{"damage_healed":0,"gold_gain":0,"player_choice":"Embrace Madness","damage_taken":8,"max_hp_gain":0,"max_hp_loss":0,"event_name":"Winding Halls","floor":37,"gold_loss":0,"cards_obtained":["animator:HigakiRinne"]},{"damage_healed":0,"gold_gain":0,"player_choice":"1 cards matched","damage_taken":0,"max_hp_gain":0,"max_hp_loss":0,"event_name":"Match and Keep!","floor":48,"gold_loss":0,"cards_obtained":["animator:AcuraAkari"]}],"is_beta":false,"boss_relics":[{"not_picked":["Busted Crown","SacredBark"],"picked":"animator:RacePiece"},{"not_picked":["Kintsugi","Replay:Ancient Bell"],"picked":"Mark of Pain"}],"items_purged_floors":[],"is_endless":false,"potions_floor_spawned":[3,5,7,16,22,29,38,45],"ascension_level":10}}