{"host":"xy5qih4nvxccm4rc","time":1609797155,"event":{"mods":["AchievementEnabler","BaseMod","Minty Spire (QoL Compilation)","StSLib"],"gold_per_floor":[117,117,129,82,93,125,125,300,379,434,460,473,473,503,503,604,604,622,261,261,261,276,276,304,219,245,245,245],"floor_reached":27,"playtime":746,"items_purged":["Doubt"],"score":259,"play_id":"c546992b-7e7a-487f-995e-3a43f319ddff","local_time":"20210104155235","is_ascension_mode":true,"campfire_choices":[{"data":"Eruption","floor":7,"key":"SMITH"},{"data":"Ragnarok","floor":13,"key":"SMITH"},{"data":"Alpha","floor":15,"key":"SMITH"},{"data":"Devotion","floor":23,"key":"SMITH"}],"circlet_count":0,"master_deck":["Eruption+1","Vigilance","TalkToTheHand","Consecrate","BowlingBash","Crescendo","FearNoEvil","CutThroughFate","Ragnarok+1","CrushJoints","Alpha+1","Devotion+1","ReachHeaven","Indignation","WaveOfTheHand","Brilliance","FearNoEvil","DeusExMachina","FlyingSleeves","FlurryOfBlows","FlyingSleeves+1"],"relics":["PureWater","NeowsBlessing","Toy Ornithopter","Eternal Feather","Gremlin Horn","Peace Pipe","Orichalcum","Pandora\u0027s Box","Pantograph","Bottled Flame","Toxic Egg 2"],"acts_visited":["Exordium","TheCity"],"potions_floor_usage":[6,10,16,16,24,24,24],"damage_taken":[{"damage":0,"enemies":"Jaw Worm","floor":1,"turns":1},{"damage":0,"enemies":"Cultist","floor":3,"turns":1},{"damage":0,"enemies":"2 Louse","floor":5,"turns":1},{"damage":22,"enemies":"Gremlin Nob","floor":6,"turns":3},{"damage":0,"enemies":"Gremlin Nob","floor":10,"turns":2},{"damage":26,"enemies":"3 Sentries","floor":11,"turns":7},{"damage":5,"enemies":"Exordium Wildlife","floor":12,"turns":2},{"damage":24,"enemies":"Lagavulin","floor":14,"turns":4},{"damage":17,"enemies":"The Guardian","floor":16,"turns":8},{"damage":18,"enemies":"2 Thieves","floor":18,"turns":4},{"damage":14,"enemies":"Spheric Guardian","floor":22,"turns":3},{"damage":28,"enemies":"Gremlin Leader","floor":24,"turns":3},{"damage":39,"enemies":"Book of Stabbing","floor":27,"turns":4}],"seed_played":"752238086606322407","potions_obtained":[{"floor":3,"key":"Fire Potion"},{"floor":6,"key":"Fire Potion"},{"floor":11,"key":"Energy Potion"},{"floor":12,"key":"Weak Potion"},{"floor":16,"key":"BottledMiracle"},{"floor":18,"key":"SkillPotion"},{"floor":24,"key":"PowerPotion"}],"is_trial":false,"path_per_floor":["M","?","M","$","M","E","R","?","T","?","E","M","R","E","R","B",null,"M","$","?","?","M","R","E","?","T","E"],"character_chosen":"WATCHER","items_purchased":["BowlingBash","Pantograph","Strength Potion"],"campfire_rested":0,"item_purchase_floors":[4,19,19],"current_hp_per_floor":[72,72,72,72,72,50,50,50,50,55,29,24,33,9,18,11,72,54,54,54,54,40,52,39,39,39,0,0],"gold":245,"neow_bonus":"THREE_ENEMY_KILL","is_daily":false,"chose_seed":false,"campfire_upgraded":4,"win_rate":0.0,"timestamp":1609797155,"path_taken":["M","?","M","$","?","E","R","?","T","?","E","M","R","E","R","BOSS","M","$","?","?","M","R","E","?","T","E"],"items_purchased_type":["Card","Relic","Potion"],"build_version":"2020-12-22","purchased_purges":1,"victory":false,"max_hp_per_floor":[72,72,72,72,72,72,72,72,72,72,72,72,72,72,72,72,72,72,72,72,72,72,72,72,72,72,72,72],"card_choices":[{"not_picked":["PathToVictory","EmptyFist"],"picked":"TalkToTheHand","floor":1},{"not_picked":["ClearTheMind","InnerPeace"],"picked":"Consecrate","floor":3},{"not_picked":["WindmillStrike","Prostrate"],"picked":"Crescendo","floor":5},{"not_picked":["FollowUp","ClearTheMind"],"picked":"FearNoEvil","floor":6},{"not_picked":["Crescendo","Prostrate"],"picked":"CutThroughFate","floor":10},{"not_picked":["FollowUp","FlyingSleeves"],"picked":"Ragnarok","floor":11},{"not_picked":["SignatureMove","Evaluate"],"picked":"CrushJoints","floor":12},{"not_picked":["SandsOfTime","Crescendo"],"picked":"Alpha","floor":14},{"not_picked":["Establishment","ConjureBlade"],"picked":"Devotion","floor":16},{"not_picked":["Evaluate","Protect"],"picked":"FlyingSleeves","floor":18},{"not_picked":["Evaluate+1","SashWhip"],"picked":"FlurryOfBlows","floor":22},{"not_picked":["ReachHeaven+1","EmptyFist"],"picked":"FlyingSleeves+1","floor":24}],"player_experience":329429,"relics_obtained":[{"floor":6,"key":"Toy Ornithopter"},{"floor":9,"key":"Eternal Feather"},{"floor":11,"key":"Peace Pipe"},{"floor":14,"key":"Orichalcum"},{"floor":24,"key":"Bottled Flame"}],"event_choices":[{"cards_removed":["Strike_P"],"damage_healed":0,"gold_gain":0,"player_choice":"Purged","damage_taken":0,"max_hp_gain":0,"max_hp_loss":0,"event_name":"Purifier","floor":2,"gold_loss":0},{"damage_healed":0,"gold_gain":175,"player_choice":"AGREE","damage_taken":0,"max_hp_gain":0,"max_hp_loss":0,"event_name":"Liars Game","floor":8,"gold_loss":0,"cards_obtained":["Doubt"]},{"damage_healed":0,"gold_gain":30,"player_choice":"Searched \u00273\u0027 times","damage_taken":0,"relics_obtained":["Gremlin Horn"],"max_hp_gain":0,"max_hp_loss":0,"event_name":"Dead Adventurer","floor":10,"gold_loss":0},{"damage_healed":0,"gold_gain":0,"player_choice":"Ignored","damage_taken":0,"max_hp_gain":0,"max_hp_loss":0,"event_name":"Beggar","floor":20,"gold_loss":0},{"cards_removed":["Nirvana"],"damage_healed":0,"gold_gain":0,"player_choice":"Elegance","damage_taken":0,"max_hp_gain":0,"max_hp_loss":0,"event_name":"Back to Basics","floor":21,"gold_loss":0},{"damage_healed":0,"gold_gain":0,"player_choice":"Obtained Relic","damage_taken":0,"relics_obtained":["Toxic Egg 2"],"max_hp_gain":0,"max_hp_loss":0,"event_name":"Addict","floor":25,"gold_loss":85}],"is_beta":false,"boss_relics":[{"not_picked":["SacredBark","Cursed Key"],"picked":"Pandora\u0027s Box"}],"items_purged_floors":[19],"is_endless":false,"potions_floor_spawned":[3,6,11,12,16,18,24],"killed_by":"Book of Stabbing","ascension_level":1}}