{"host":"d9m9v0h6vo0edadb","time":1609760535,"event":{"mods":["BaseMod","Hermit","Keyboard Shortcuts","Minty Spire (QoL Compilation)","StSLib","SuperFastMode","The Cursed"],"gold_per_floor":[116,134,59,70,88,88,88,98,98,98],"floor_reached":9,"playtime":159,"items_purged":["Strike_G"],"score":110,"play_id":"a7c164db-2050-4e6e-a6ef-a62109de80e0","local_time":"20210104204215","is_ascension_mode":true,"campfire_choices":[{"data":"Poisoned Stab","floor":6,"key":"SMITH"}],"circlet_count":0,"master_deck":["AscendersBane","Strike_G","Strike_G","Strike_G","Strike_G","Defend_G","Defend_G","Defend_G","Defend_G","Defend_G","Survivor","Neutralize","Poisoned Stab+1","Eviscerate","PiercingWail","Tactician","Deadly Poison"],"relics":["Ring of the Snake"],"acts_visited":["Exordium"],"potions_floor_usage":[],"damage_taken":[{"damage":1,"enemies":"Cultist","floor":1,"turns":5},{"damage":0,"enemies":"2 Louse","floor":2,"turns":3},{"damage":12,"enemies":"Jaw Worm","floor":4,"turns":4},{"damage":20,"enemies":"Large Slime","floor":5,"turns":11},{"damage":3,"enemies":"3 Louse","floor":8,"turns":5},{"damage":29,"enemies":"Gremlin Nob","floor":9,"turns":3}],"seed_played":"-2650216359051651982","potions_obtained":[{"floor":5,"key":"SteroidPotion"}],"is_trial":false,"path_per_floor":["M","M","$","M","M","R","R","M","E"],"character_chosen":"THE_SILENT","items_purchased":[],"campfire_rested":0,"item_purchase_floors":[],"current_hp_per_floor":[58,58,58,46,26,26,26,23,0,0],"gold":98,"neow_bonus":"THREE_CARDS","is_daily":false,"chose_seed":false,"campfire_upgraded":1,"win_rate":0.0,"timestamp":1609760535,"path_taken":["M","M","$","M","M","R","R","M","E"],"items_purchased_type":[],"build_version":"2020-12-22","purchased_purges":1,"victory":false,"max_hp_per_floor":[66,66,66,66,66,66,66,66,66,66],"card_choices":[{"not_picked":["Dodge and Roll","Deflect"],"picked":"Poisoned Stab","floor":0},{"not_picked":["Outmaneuver","Dodge and Roll"],"picked":"Eviscerate","floor":1},{"not_picked":["Quick Slash","Dagger Spray"],"picked":"PiercingWail","floor":2},{"not_picked":["Terror","Underhanded Strike"],"picked":"Tactician","floor":4},{"not_picked":["Bane","Blade Dance","PiercingWail"],"picked":"SKIP","floor":5},{"not_picked":["Outmaneuver","Expertise"],"picked":"Deadly Poison","floor":8}],"player_experience":949126,"relics_obtained":[],"event_choices":[],"is_beta":false,"boss_relics":[],"items_purged_floors":[3],"is_endless":false,"potions_floor_spawned":[5],"killed_by":"Gremlin Nob","ascension_level":20}}