{"host":"7ukkhvvme89nt444","time":1609796128,"event":{"mods":["BaseMod","Colored Map","Colored Powertips","Minty Spire (QoL Compilation)","Relic Stats","Slay-I","ojb\u0027s Better Paths Mod","ojb\u0027s Info Mod"],"gold_per_floor":[111,127,127,127,127,160,85,85,85,100,100,111,144,207,207,302,302,313,313,0,0,11,11,46,64,64,64,90,189,189,201,201,298,298,314,364,364,364,264,299,299,312,312,326,340,340,359,393,393,393,393,393,44,85,85,85],"floor_reached":55,"playtime":5057,"items_purged":["Strike_R","Clash"],"score":1154,"play_id":"be05782b-996e-4179-be0b-6d89c9f314cb","local_time":"20210104223528","is_ascension_mode":true,"campfire_choices":[{"floor":8.0,"key":"RECALL"},{"floor":15.0,"key":"REST"},{"data":"Blind","floor":23.0,"key":"SMITH"},{"data":"Double Tap","floor":27.0,"key":"SMITH"},{"data":"Impervious","floor":30.0,"key":"SMITH"},{"floor":32.0,"key":"DIG"},{"data":"Bash","floor":41.0,"key":"SMITH"},{"data":"Battle Trance","floor":46.0,"key":"SMITH"},{"data":"Power Through","floor":49.0,"key":"SMITH"},{"data":"Heavy Blade","floor":52.0,"key":"SMITH"}],"circlet_count":0,"master_deck":["AscendersBane","Strike_R+1","Strike_R+1","Defend_R","Defend_R","Defend_R","Defend_R","Bash+1","Blind+1","Carnage+1","Cleave","Inflame","Inflame","Limit Break","Impervious+1","Flame Barrier+1","Limit Break","Heavy Blade+1","Power Through+1","Double Tap+1","Battle Trance+1","Impervious","Burning Pact","Shrug It Off","Dark Embrace"],"relics":["Burning Blood","Bag of Preparation","Nunchaku","Paper Frog","Red Skull","Snecko Eye","FossilizedHelix","Shovel","HornCleat","Blue Candle","Blood Vial","Sozu","Ginger","CeramicFish","Magic Flower","TheAbacus","Bag of Marbles","Letter Opener"],"acts_visited":["Exordium","TheCity","TheBeyond","TheEnding"],"potions_floor_usage":[55],"damage_taken":[{"damage":2.0,"enemies":"Jaw Worm","floor":1.0,"turns":4.0},{"damage":2.0,"enemies":"2 Louse","floor":2.0,"turns":3.0},{"damage":34.0,"enemies":"3 Sentries","floor":6.0,"turns":9.0},{"damage":4.0,"enemies":"Small Slimes","floor":10.0,"turns":2.0},{"damage":4.0,"enemies":"Blue Slaver","floor":12.0,"turns":4.0},{"damage":19.0,"enemies":"Gremlin Nob","floor":13.0,"turns":4.0},{"damage":25.0,"enemies":"Lagavulin Event","floor":14.0,"turns":5.0},{"damage":26.0,"enemies":"Hexaghost","floor":16.0,"turns":7.0},{"damage":7.0,"enemies":"Chosen","floor":18.0,"turns":4.0},{"damage":0.0,"enemies":"3 Byrds","floor":22.0,"turns":4.0},{"damage":18.0,"enemies":"Book of Stabbing","floor":24.0,"turns":6.0},{"damage":0.0,"enemies":"Centurion and Healer","floor":25.0,"turns":5.0},{"damage":27.0,"enemies":"Gremlin Leader","floor":28.0,"turns":5.0},{"damage":0.0,"enemies":"Snake Plant","floor":31.0,"turns":2.0},{"damage":46.0,"enemies":"Collector","floor":33.0,"turns":10.0},{"damage":0.0,"enemies":"Orb Walker","floor":35.0,"turns":6.0},{"damage":0.0,"enemies":"Mind Bloom Boss Battle","floor":36.0,"turns":3.0},{"damage":5.0,"enemies":"Reptomancer","floor":40.0,"turns":7.0},{"damage":3.0,"enemies":"3 Darklings","floor":42.0,"turns":6.0},{"damage":0.0,"enemies":"Writhing Mass","floor":44.0,"turns":3.0},{"damage":0.0,"enemies":"Jaw Worm Horde","floor":45.0,"turns":4.0},{"damage":14.0,"enemies":"Spire Growth","floor":47.0,"turns":5.0},{"damage":7.0,"enemies":"Nemesis","floor":48.0,"turns":8.0},{"damage":33.0,"enemies":"Time Eater","floor":50.0,"turns":9.0},{"damage":47.0,"enemies":"Shield and Spear","floor":54.0,"turns":6.0},{"damage":46,"enemies":"The Heart","floor":55,"turns":5}],"seed_played":"-6713389360358173066","potions_obtained":[{"floor":1.0,"key":"Ancient Potion"},{"floor":6.0,"key":"ElixirPotion"},{"floor":10.0,"key":"Swift Potion"},{"floor":14.0,"key":"SneckoOil"},{"floor":18.0,"key":"BloodPotion"},{"floor":28.0,"key":"Energy Potion"},{"floor":33.0,"key":"SkillPotion"}],"is_trial":false,"path_per_floor":["M","M","?","?","?","E","$","R","T","M","?","M","E","?","R","B",null,"M","?","$","?","M","R","E","M","T","R","E","?","R","M","R","B",null,"M","?","?","?","$","E","R","M","T","M","M","R","M","E","R","B",null,"R","$","E","B"],"character_chosen":"IRONCLAD","items_purchased":["FossilizedHelix","Shrug It Off","TheAbacus","Bag of Marbles"],"campfire_rested":1,"item_purchase_floors":[20,53,53,53],"current_hp_per_floor":[76,80,80,64,64,36,36,36,36,38,43,45,32,13,38,18,68,67,67,67,67,73,73,61,67,67,67,46,46,46,52,52,31,72,80,85,85,81,81,81,81,81,81,81,81,81,73,74,74,53,74,74,74,39,0,0],"gold":85,"neow_bonus":"RANDOM_COLORLESS","is_daily":false,"chose_seed":false,"campfire_upgraded":7,"win_rate":0.0,"timestamp":1609796128,"path_taken":["M","M","?","?","?","E","?","R","T","M","?","?","E","?","R","BOSS","M","?","$","?","M","R","E","M","T","R","E","?","R","M","R","BOSS","M","?","?","?","$","E","R","M","T","M","M","R","M","E","R","BOSS","R","$","E","BOSS"],"items_purchased_type":["Relic","Card","Relic","Relic"],"build_version":"2020-12-22","purchased_purges":2,"victory":false,"max_hp_per_floor":[80,80,80,80,80,80,80,80,80,80,85,85,85,85,85,85,85,85,85,85,85,85,85,85,85,85,85,85,85,85,85,85,85,85,85,85,85,81,81,81,81,81,81,81,81,81,81,81,81,81,81,81,81,81,81,81],"relic_stats":{"counters":[26,136],"Blue Candle":[0],"CeramicFish":27,"Magic Flower":[9],"Bag of Preparation":[46],"Ginger":[7],"Letter Opener":[10],"Burning Blood":137,"Blood Vial":17,"Sozu":4,"Nunchaku":[16],"Shovel":1,"TheAbacus":[18],"Snecko Eye":[178,179,174,187],"obtain_stats":[{"Blue Candle":28,"CeramicFish":40,"Magic Flower":48,"Bag of Preparation":6,"Ginger":36,"Letter Opener":54,"Burning Blood":0,"Blood Vial":32,"Sozu":34,"Nunchaku":9,"Shovel":24,"HornCleat":26,"TheAbacus":53,"Snecko Eye":17,"Bag of Marbles":53,"Red Skull":14,"FossilizedHelix":20,"Paper Frog":13},{"Blue Candle":13,"CeramicFish":18,"Magic Flower":23,"Bag of Preparation":3,"Ginger":17,"Letter Opener":25,"Burning Blood":0,"Blood Vial":14,"Sozu":15,"Nunchaku":3,"Shovel":11,"HornCleat":12,"TheAbacus":24,"Snecko Eye":8,"Bag of Marbles":24,"Red Skull":7,"FossilizedHelix":9,"Paper Frog":6},{"Blue Candle":62,"CeramicFish":90,"Magic Flower":116,"Bag of Preparation":16,"Ginger":83,"Letter Opener":131,"Burning Blood":0,"Blood Vial":64,"Sozu":74,"Nunchaku":16,"Shovel":52,"HornCleat":57,"TheAbacus":125,"Snecko Eye":38,"Bag of Marbles":125,"Red Skull":31,"FossilizedHelix":42,"Paper Frog":26}]},"card_choices":[{"not_picked":["Finesse","Flash of Steel"],"picked":"Blind","floor":0.0},{"not_picked":["Rupture","Sever Soul"],"picked":"Carnage","floor":1.0},{"not_picked":["Heavy Blade","Havoc"],"picked":"Cleave","floor":2.0},{"not_picked":["Intimidate","Fiend Fire"],"picked":"Inflame","floor":6.0},{"not_picked":["Sword Boomerang","Feel No Pain"],"picked":"Inflame","floor":10.0},{"not_picked":["Thunderclap","Twin Strike","Evolve"],"picked":"SKIP","floor":12.0},{"not_picked":["Evolve","Iron Wave","Cleave"],"picked":"SKIP","floor":13.0},{"not_picked":["Burning Pact","Second Wind"],"picked":"Limit Break","floor":14.0},{"not_picked":["Bludgeon","Juggernaut"],"picked":"Impervious","floor":16.0},{"not_picked":["Rage","True Grit"],"picked":"Flame Barrier+1","floor":18.0},{"not_picked":["True Grit","Feel No Pain","Iron Wave"],"picked":"SKIP","floor":22.0},{"not_picked":["Twin Strike","Whirlwind"],"picked":"Power Through","floor":24.0},{"not_picked":["Cleave","Warcry"],"picked":"Double Tap","floor":25.0},{"not_picked":["Blood for Blood","Infernal Blade"],"picked":"Battle Trance","floor":28.0},{"not_picked":["Seeing Red","Twin Strike","Sword Boomerang"],"picked":"SKIP","floor":31.0},{"not_picked":["Limit Break","Juggernaut"],"picked":"Impervious","floor":33.0},{"not_picked":["Thunderclap","Spot Weakness","Anger"],"picked":"SKIP","floor":35.0},{"not_picked":["Sword Boomerang","Twin Strike","Wild Strike"],"picked":"SKIP","floor":40.0},{"not_picked":["Cleave+1","Demon Form","Rupture"],"picked":"SKIP","floor":42.0},{"not_picked":["Sword Boomerang","Body Slam","Bloodletting"],"picked":"SKIP","floor":44.0},{"not_picked":["Body Slam","Flex","Cleave+1"],"picked":"SKIP","floor":45.0},{"not_picked":["Havoc","Cleave"],"picked":"Burning Pact","floor":47.0},{"not_picked":["Clash","Demon Form","Twin Strike"],"picked":"SKIP","floor":48.0},{"not_picked":["Perfected Strike","Seeing Red"],"picked":"Dark Embrace","floor":54.0}],"player_experience":442019,"relics_obtained":[{"floor":6.0,"key":"Bag of Preparation"},{"floor":9.0,"key":"Nunchaku"},{"floor":13.0,"key":"Paper Frog"},{"floor":14.0,"key":"Red Skull"},{"floor":24.0,"key":"Shovel"},{"floor":26.0,"key":"HornCleat"},{"floor":28.0,"key":"Blue Candle"},{"floor":32.0,"key":"Blood Vial"},{"floor":36.0,"key":"Ginger"},{"floor":40.0,"key":"CeramicFish"},{"floor":48.0,"key":"Magic Flower"},{"floor":54.0,"key":"Letter Opener"}],"event_choices":[{"damage_healed":0.0,"max_hp_gain":0.0,"max_hp_loss":0.0,"gold_gain":0.0,"event_name":"Living Wall","player_choice":"Grow","floor":3.0,"gold_loss":0.0,"damage_taken":0.0,"cards_upgraded":["Carnage"]},{"damage_healed":0.0,"max_hp_gain":0.0,"max_hp_loss":0.0,"gold_gain":0.0,"event_name":"Shining Light","player_choice":"Entered Light","floor":4.0,"gold_loss":0.0,"damage_taken":16.0,"cards_upgraded":["Strike_R","Strike_R"]},{"damage_healed":0.0,"max_hp_gain":0.0,"max_hp_loss":0.0,"gold_gain":0.0,"event_name":"Liars Game","player_choice":"Ignored","floor":5.0,"gold_loss":0.0,"damage_taken":0.0},{"damage_healed":0.0,"max_hp_gain":5.0,"max_hp_loss":0.0,"gold_gain":0.0,"event_name":"Big Fish","player_choice":"Donut","floor":11.0,"gold_loss":0.0,"damage_taken":0.0},{"damage_healed":0.0,"max_hp_gain":0.0,"max_hp_loss":0.0,"gold_gain":0.0,"event_name":"Dead Adventurer","player_choice":"Searched \u00272\u0027 times","floor":14.0,"gold_loss":0.0,"damage_taken":0.0},{"damage_healed":0.0,"max_hp_gain":0.0,"max_hp_loss":0.0,"gold_gain":0.0,"cards_transformed":["Strike_R","Strike_R"],"event_name":"Drug Dealer","player_choice":"Became Test Subject","floor":19.0,"gold_loss":0.0,"damage_taken":0.0,"cards_obtained":["Limit Break","Clash"]},{"damage_healed":0.0,"max_hp_gain":0.0,"max_hp_loss":0.0,"gold_gain":0.0,"event_name":"The Library","player_choice":"Read","floor":21.0,"gold_loss":0.0,"damage_taken":0.0,"cards_obtained":["Heavy Blade"]},{"damage_healed":0.0,"max_hp_gain":0.0,"max_hp_loss":0.0,"gold_gain":99.0,"event_name":"Nest","player_choice":"Stole From Cult","floor":29.0,"gold_loss":0.0,"damage_taken":0.0},{"damage_healed":0.0,"max_hp_gain":0.0,"max_hp_loss":0.0,"gold_gain":0.0,"event_name":"MindBloom","player_choice":"Fight","floor":36.0,"gold_loss":0.0,"damage_taken":0.0},{"damage_healed":0.0,"max_hp_gain":0.0,"max_hp_loss":0.0,"gold_gain":0.0,"event_name":"SensoryStone","player_choice":"Memory 1","floor":37.0,"gold_loss":0.0,"damage_taken":0.0},{"damage_healed":0.0,"max_hp_gain":0.0,"max_hp_loss":4.0,"gold_gain":0.0,"event_name":"Winding Halls","player_choice":"Max HP","floor":38.0,"gold_loss":0.0,"damage_taken":0.0}],"is_beta":false,"boss_relics":[{"not_picked":["Runic Dome","Velvet Choker"],"picked":"Snecko Eye"},{"not_picked":["Fusion Hammer","Busted Crown"],"picked":"Sozu"}],"items_purged_floors":[7,39],"is_endless":false,"potions_floor_spawned":[1,6,10,12,14,18,28,33,36,40,47,48],"killed_by":"The Heart","ascension_level":12}}