{"host":"d2y4rmbezebiv8aj","time":1609742281,"event":{"mods":["AchievementEnabler","BaseMod","BetterRewards","Colored Map","Colored Powertips","Custom Start","Highlight Path","Minty Spire (QoL Compilation)","Rare Cards Sparkle","Shop Mod","StSLib","SuperFastMode","Synergy Search"],"gold_per_floor":[112,112,112,287,302,333,333,368,441,441,441],"floor_reached":10,"playtime":233,"items_purged":[],"score":119,"play_id":"a4230e93-a0f9-4d59-899d-b3088c8b8b22","local_time":"20210104073801","is_ascension_mode":true,"campfire_choices":[{"data":"Masterful Stab","floor":7,"key":"SMITH"}],"circlet_count":0,"master_deck":["Strike_G","Strike_G","Strike_G","Strike_G","Strike_G","Defend_G","Defend_G","Defend_G","Defend_G","Defend_G","Survivor","Neutralize+1","Choke","Doubt","Masterful Stab+1","Bane","Heel Hook"],"relics":["Ring of the Snake","NeowsBlessing","Pen Nib","StoneCalendar","Kunai"],"acts_visited":["Exordium"],"potions_floor_usage":[8,10],"damage_taken":[{"damage":0,"enemies":"Small Slimes","floor":1,"turns":1},{"damage":0,"enemies":"2 Louse","floor":5,"turns":1},{"damage":0,"enemies":"Gremlin Nob","floor":6,"turns":1},{"damage":66,"enemies":"3 Sentries","floor":8,"turns":13},{"damage":7,"enemies":"Gremlin Nob","floor":10,"turns":2}],"seed_played":"2783860604481635011","potions_obtained":[{"floor":1,"key":"Explosive Potion"},{"floor":8,"key":"CultistPotion"}],"is_trial":false,"path_per_floor":["M","?","?","?","M","E","R","E","T","E"],"character_chosen":"THE_SILENT","items_purchased":[],"campfire_rested":0,"item_purchase_floors":[],"current_hp_per_floor":[70,70,70,70,70,70,70,4,4,0,0],"gold":441,"neow_bonus":"THREE_ENEMY_KILL","is_daily":false,"chose_seed":false,"campfire_upgraded":1,"win_rate":0.0,"timestamp":1609742281,"path_taken":["M","?","?","?","M","E","R","E","T","E"],"items_purchased_type":[],"build_version":"2020-12-22","purchased_purges":0,"victory":false,"max_hp_per_floor":[70,70,70,70,70,70,70,70,70,70,70],"card_choices":[{"not_picked":["Prepared","Acrobatics"],"picked":"Choke","floor":1},{"not_picked":["Prepared","Predator"],"picked":"Masterful Stab","floor":5},{"not_picked":["Prepared","Acrobatics"],"picked":"Bane","floor":6},{"not_picked":["Expertise","Setup"],"picked":"Heel Hook","floor":8}],"player_experience":333568,"relics_obtained":[{"floor":6,"key":"Pen Nib"},{"floor":8,"key":"StoneCalendar"},{"floor":9,"key":"Kunai"}],"event_choices":[{"damage_healed":0,"gold_gain":0,"player_choice":"Grow","damage_taken":0,"max_hp_gain":0,"max_hp_loss":0,"event_name":"Living Wall","floor":2,"gold_loss":0,"cards_upgraded":["Neutralize"]},{"damage_healed":0,"gold_gain":0,"player_choice":"Leave","damage_taken":0,"max_hp_gain":0,"max_hp_loss":0,"event_name":"The Cleric","floor":3,"gold_loss":0},{"damage_healed":0,"gold_gain":175,"player_choice":"AGREE","damage_taken":0,"max_hp_gain":0,"max_hp_loss":0,"event_name":"Liars Game","floor":4,"gold_loss":0,"cards_obtained":["Doubt"]}],"is_beta":false,"boss_relics":[],"items_purged_floors":[],"is_endless":false,"potions_floor_spawned":[1,8],"killed_by":"Gremlin Nob","ascension_level":4}}