{"host":"vm8b3ptwl81uq21f","time":1609783077,"event":{"mods":["Aspiration","BaseMod","BetterRewards","Colored Map","Colored Powertips","Downfall","GifTheSpireLib","Googly Eyes","GungeonMod","Halation","Hubris","Infinite Spire","Minty Spire (QoL Compilation)","Quick Restart","Rare Cards Sparkle","Replay The Spire","Shop Mod","StSLib","Stuff the Spire","The Bug Knight","The IronCluck","[IsaacMod]????"],"gold_per_floor":[109,220,220,231,245,245,245,245,296,296,326,359,359,370,370,466,466,483,483,493,493,513,530,25,51,51,68,101,101,101,117,117,217,217,234,245,120,136,136,136,174,174,174,174,185,185,185,200,200,200],"floor_reached":51,"playtime":2352,"items_purged":["DemoMod:Defend_Huntress","Delirium","Hallucinations","ReplayTheSpireMod:Splinters","DemoMod:SkilledReload"],"score":942,"play_id":"ebac5113-dee6-47cd-8791-c3006de9680e","local_time":"20210104125757","is_ascension_mode":false,"campfire_choices":[{"data":"DemoMod:ManualReload","floor":6,"key":"SMITH"},{"data":"DemoMod:RadGun","floor":8,"key":"SMITH"},{"data":"DemoMod:SkilledReload","floor":15,"key":"SMITH"},{"data":"DemoMod:FeignSurrender","floor":29,"key":"SMITH"},{"data":"DemoMod:Defend_Huntress","floor":32,"key":"PURGE"},{"data":"DemoMod:FeignSurrender","floor":40,"key":"SMITH"},{"data":"hubris:Fate","floor":42,"key":"SMITH"},{"data":"DemoMod:SniperShot","floor":44,"key":"SMITH"},{"data":"DemoMod:Unmoved","floor":46,"key":"SMITH"},{"data":"StuffTheSpire:BrainWave","floor":49,"key":"SMITH"}],"circlet_count":0,"master_deck":["DemoMod:Defend_Huntress","DemoMod:Defend_Huntress","DemoMod:Roll","DemoMod:ManualReload+1","DemoMod:RadGun+1","DemoMod:MachoBrace","DemoMod:GunstockTap","DemoMod:GunstockTap","DemoMod:SniperShot+1","DemoMod:HardPowerCard","DemoMod:ConditionalReflex+1","DemoMod:SkilledReload+1","DemoMod:DoubleSwitch","DemoMod:FeignSurrender+1","DemoMod:DoubleVision","DemoMod:FeignSurrender+1","hubris:Fate+1","DemoMod:ConditionalReflex+1","DemoMod:BattleInHaste+1","DemoMod:ManualReload+1","DemoMod:Unmoved+1","DemoMod:SuppressiveFire","DemoMod:Eureka","DemoMod:HardPowerCard","DemoMod:Replace+1","StuffTheSpire:BrainWave+1","DemoMod:Replace+1"],"relics":["DemoMod:Dog","HushsDoor","GuppysHead","aspiration:Nostalgia","Ring of the Snake","Shuriken","StuffTheSpire:Expresso","hubris:FunFungus","Chemical X","Snack Pack","TheBible","hubris:Metronome","Kintsugi","infinitespire:Eraser","DemoMod:GlassGuonStoneRelic","DollysMirror","infinitespire:ShieldingShard","Centennial Puzzle","hubris:TenFootPole","Gremlin Horn","halation:EternalFortune","ReplayTheSpireMod:DimensionalGlitch","Blood Vial","Eternal Feather"],"acts_visited":["Exordium","TheCity","TheBeyond"],"potions_floor_usage":[12,16],"damage_taken":[{"damage":0,"enemies":"Jaw Worm","floor":1,"turns":2},{"damage":0,"enemies":"Small Slimes","floor":4,"turns":2},{"damage":0,"enemies":"2 Louse","floor":5,"turns":2},{"damage":0,"enemies":"Exordium Thugs","floor":11,"turns":4},{"damage":10,"enemies":"Lagavulin","floor":12,"turns":4},{"damage":2,"enemies":"Blue Slaver","floor":14,"turns":3},{"damage":0,"enemies":"The Guardian","floor":16,"turns":3},{"damage":0,"enemies":"Spheric Guardian","floor":18,"turns":3},{"damage":8,"enemies":"3 Byrds","floor":20,"turns":5},{"damage":0,"enemies":"Sentry and Sphere","floor":22,"turns":2},{"damage":5,"enemies":"Snecko","floor":23,"turns":4},{"damage":0,"enemies":"HollowMod:Nosk","floor":25,"turns":3},{"damage":0,"enemies":"Centurion and Healer","floor":27,"turns":2},{"damage":0,"enemies":"Gremlin Leader","floor":28,"turns":2},{"damage":0,"enemies":"Cultist and Chosen","floor":31,"turns":2},{"damage":0,"enemies":"hubris:MusketHawk","floor":33,"turns":1},{"damage":0,"enemies":"3 Shapes","floor":35,"turns":2},{"damage":0,"enemies":"Orb Walker","floor":36,"turns":1},{"damage":0,"enemies":"Jaw Worm Horde","floor":38,"turns":1},{"damage":0,"enemies":"R_Hoarder","floor":41,"turns":4},{"damage":0,"enemies":"Writhing Mass","floor":45,"turns":1},{"damage":0,"enemies":"4 Shapes","floor":48,"turns":1},{"damage":0,"enemies":"Awakened One","floor":50,"turns":2}],"seed_played":"6936822663332812325","potions_obtained":[{"floor":4,"key":"Swift Potion"},{"floor":11,"key":"Dexterity Potion"},{"floor":12,"key":"Swift Potion"},{"floor":20,"key":"Venom Potion"},{"floor":21,"key":"Slimebound:ThreeZeroPotion"},{"floor":21,"key":"AttackPotion"},{"floor":22,"key":"Slimebound:ThreeZeroPotion"},{"floor":45,"key":"Adrenaline Potion"}],"is_trial":false,"path_per_floor":["M","?","?","M","M","R","T","R","T","?","M","E","?","M","R","B",null,"M","AVR","M","?","M","M","$","E","T","M","E","R","?","M","R_BF","B",null,"M","M","$","M","?","R","E","R","T","R","M","R","?","M","R","B",null],"character_chosen":"HUNTRESS","items_purchased":["aspiration:Nostalgia","Shuriken","StuffTheSpire:Expresso","Chemical X","DemoMod:RadGun","DemoMod:MachoBrace","DemoMod:GunstockTap","DollysMirror","infinitespire:ShieldingShard","DemoMod:Eureka"],"campfire_rested":0,"item_purchase_floors":[0,0,0,0,0,0,0,24,24,34],"current_hp_per_floor":[28,28,28,28,28,28,28,28,28,28,28,20,20,22,22,24,65,65,65,57,57,60,58,58,62,62,64,65,65,68,68,68,68,64,64,64,64,64,64,64,64,64,64,64,64,64,58,58,58,58],"gold":200,"neow_bonus":"","is_daily":false,"chose_seed":false,"campfire_upgraded":9,"win_rate":0.0,"timestamp":1609783077,"path_taken":["M","?","?","M","M","R","?","R","T","?","M","E","?","?","R","BOSS","M","AVR","M","?","M","M","$","E","T","M","E","R","?","M","R_BF","BOSS","M","M","$","M","?","R","E","R","T","R","?","R","?","M","R","BOSS"],"items_purchased_type":["Relic","Relic","Relic","Relic","Card","Card","Card","Relic","Relic","Card"],"build_version":"2020-12-22","purchased_purges":5,"victory":true,"max_hp_per_floor":[70,70,70,70,70,70,70,70,70,70,70,70,70,70,70,70,65,65,65,65,65,65,65,65,65,65,65,65,65,68,68,68,68,64,64,64,64,64,64,64,64,64,64,64,64,64,58,58,58,58],"card_choices":[{"not_picked":["DemoMod:LifeOrb","DemoMod:FortunesFavor","DemoMod:ChanceBullets"],"picked":"SKIP","floor":1},{"not_picked":["DemoMod:AC15","DemoMod:Polaris"],"picked":"DemoMod:SniperShot","floor":2},{"not_picked":["DemoMod:Camera","DemoMod:FastSwitch"],"picked":"DemoMod:HardPowerCard","floor":4},{"not_picked":["DemoMod:BoxingGlove","DemoMod:TeaPot","DemoMod:Ejector"],"picked":"SKIP","floor":5},{"not_picked":["DemoMod:PotionOfGunFriendShip","DemoMod:ZorGun","DemoMod:AWP"],"picked":"SKIP","floor":5},{"not_picked":["DemoMod:AC15","DemoMod:AWP"],"picked":"DemoMod:ConditionalReflex","floor":11},{"not_picked":["DemoMod:DarkMarker","DemoMod:StrategicReserve"],"picked":"DemoMod:SkilledReload","floor":12},{"not_picked":["DemoMod:LifeOrb","DemoMod:AC15"],"picked":"DemoMod:DoubleSwitch","floor":12},{"not_picked":["Bomb","DemoMod:HuntsMan"],"picked":"DemoMod:FeignSurrender","floor":14},{"not_picked":["DemoMod:Elimentaler","DemoMod:BlankBullets"],"picked":"DemoMod:DoubleVision","floor":16},{"not_picked":["DemoMod:SuppressiveFire","DemoMod:TableSutra"],"picked":"DemoMod:FeignSurrender","floor":18},{"not_picked":["DemoMod:Unmoved+1","DemoMod:AC15"],"picked":"DemoMod:ConditionalReflex+1","floor":20},{"not_picked":["DemoMod:Casey","DemoMod:Replace"],"picked":"DemoMod:BattleInHaste+1","floor":22},{"not_picked":["DemoMod:SAA","DemoMod:HuntsMan","DemoMod:SniperShot"],"picked":"SKIP","floor":23},{"not_picked":["DemoMod:DoubleVision","DemoMod:StickyCrossBow","DemoMod:SAA"],"picked":"SKIP","floor":25},{"not_picked":["DemoMod:CombinedRifle","DemoMod:Polaris+1","DemoMod:StickyCrossBow"],"picked":"SKIP","floor":27},{"not_picked":["DemoMod:HardPowerCard","DemoMod:HungryBullets"],"picked":"DemoMod:Unmoved","floor":28},{"not_picked":["DemoMod:Unity","DemoMod:TableSutra+1","DemoMod:Casey+1"],"picked":"SKIP","floor":31},{"not_picked":["DemoMod:GunslingerForm","DemoMod:DoubleVision"],"picked":"DemoMod:SuppressiveFire","floor":33},{"not_picked":["DemoMod:Ejector","DemoMod:HardPowerCard"],"picked":"DemoMod:SkilledReload","floor":35},{"not_picked":["DemoMod:StrategicReserve+1","DemoMod:LifeOrb+1","DemoMod:EasyReloadBullets+1"],"picked":"SKIP","floor":36},{"not_picked":["DemoMod:FortunesFavor","DemoMod:Rummage"],"picked":"DemoMod:HardPowerCard","floor":38},{"not_picked":["DemoMod:PotionOfGunFriendShip","DemoMod:Casey"],"picked":"DemoMod:Replace+1","floor":41},{"not_picked":["DemoMod:SkilledReload","DemoMod:BoxingGlove","DemoMod:MegaHand+1"],"picked":"SKIP","floor":45},{"not_picked":["DemoMod:RadGun+1","DemoMod:AC15+1"],"picked":"DemoMod:Replace+1","floor":48}],"player_experience":352977,"relics_obtained":[{"floor":7,"key":"Snack Pack"},{"floor":9,"key":"TheBible"},{"floor":12,"key":"hubris:Metronome"},{"floor":25,"key":"Centennial Puzzle"},{"floor":26,"key":"hubris:TenFootPole"},{"floor":28,"key":"Gremlin Horn"},{"floor":41,"key":"Blood Vial"},{"floor":43,"key":"Eternal Feather"}],"event_choices":[{"damage_healed":0,"gold_gain":0,"player_choice":"Ignored","damage_taken":0,"max_hp_gain":0,"max_hp_loss":0,"event_name":"Liars Game","floor":3,"gold_loss":0},{"damage_healed":0,"gold_gain":0,"player_choice":"Upgraded","damage_taken":0,"max_hp_gain":0,"max_hp_loss":0,"event_name":"Upgrade Shrine","floor":13,"gold_loss":0,"cards_upgraded":["DemoMod:ConditionalReflex"]},{"damage_healed":0,"gold_gain":0,"player_choice":"Got Potions","damage_taken":0,"max_hp_gain":0,"max_hp_loss":0,"event_name":"Lab","floor":21,"gold_loss":0}],"is_beta":false,"boss_relics":[{"not_picked":["Abe\u0027s Treasure","Snecko Eye"],"picked":"Kintsugi"},{"not_picked":[]},{"not_picked":["aspiration:PoetsPen_weak","Pandora\u0027s Box"],"picked":"ReplayTheSpireMod:DimensionalGlitch"},{"not_picked":[]}],"items_purged_floors":[0,17,19,24,37],"is_endless":false,"potions_floor_spawned":[4,11,12,20,22,25,27,31,35,38,45],"ascension_level":0}}