{"host":"j4g6ia6asvpyu2b0","time":1609799094,"event":{"mods":["BaseMod","Colored Map","Minty Spire (QoL Compilation)","Permanent Neow","Quick Restart","Relic Stats","StSLib","Unceasing Turn Reminder"],"gold_per_floor":[111,131,131,81,4,35,35,54,54,83,99,99,113,131,131,233,233,251,268,268,268,281,307,317,346,421,456,469,469,469,504,504,603,603,623,639,639,1638,1171,1205,1205,1205,1282,1308,1308,1343,1363,1363,1363],"floor_reached":48,"playtime":1497,"items_purged":["Normality"],"score":840,"play_id":"97893062-5c9f-4294-a4ee-09057fb5b56d","local_time":"20210104152454","is_ascension_mode":true,"campfire_choices":[{"data":"Bash","floor":7,"key":"SMITH"},{"floor":12,"key":"REST"},{"data":"Double Tap","floor":15,"key":"SMITH"},{"floor":30,"key":"REST"},{"data":"Demon Form","floor":32,"key":"SMITH"},{"floor":41,"key":"REST"}],"circlet_count":0,"master_deck":["Strike_R","Strike_R","Defend_R","Defend_R","Defend_R+1","Defend_R","Bash+1","Heavy Blade","Disarm+1","Whirlwind","Heavy Blade","Shrug It Off","Carnage","Double Tap+1","Immolate","Inflame","Disarm","Anger","Dark Embrace","Flame Barrier","Carnage","Disarm+1","Perfected Strike","Heavy Blade","Demon Form+1","Corruption","Headbutt+1","Feel No Pain+1","Normality","Shockwave+1","Heavy Blade+1","Pommel Strike+1"],"relics":["Snecko Eye","Unceasing Top","Charon\u0027s Ashes","Runic Dome","Shuriken","HornCleat","StrikeDummy","Lizard Tail","Blood Vial","Philosopher\u0027s Stone","Lee\u0027s Waffle","Ornamental Fan","Ancient Tea Set","Eternal Feather","Omamori","Turnip"],"acts_visited":["Exordium","TheCity","TheBeyond"],"potions_floor_usage":[25,27,46],"damage_taken":[{"damage":0,"enemies":"Jaw Worm","floor":1,"turns":2},{"damage":2,"enemies":"2 Louse","floor":2,"turns":2},{"damage":25,"enemies":"3 Sentries","floor":6,"turns":5},{"damage":0,"enemies":"Cultist","floor":8,"turns":2},{"damage":19,"enemies":"Lagavulin","floor":10,"turns":5},{"damage":1,"enemies":"3 Louse","floor":11,"turns":2},{"damage":0,"enemies":"Large Slime","floor":13,"turns":3},{"damage":0,"enemies":"Blue Slaver","floor":14,"turns":2},{"damage":20,"enemies":"The Guardian","floor":16,"turns":9},{"damage":13,"enemies":"Shell Parasite","floor":18,"turns":4},{"damage":3,"enemies":"Spheric Guardian","floor":19,"turns":3},{"damage":10,"enemies":"Snake Plant","floor":22,"turns":3},{"damage":6,"enemies":"Gremlin Leader","floor":23,"turns":4},{"damage":12,"enemies":"Cultist and Chosen","floor":24,"turns":3},{"damage":4,"enemies":"Slavers","floor":25,"turns":3},{"damage":13,"enemies":"Book of Stabbing","floor":27,"turns":3},{"damage":0,"enemies":"Shelled Parasite and Fungi","floor":28,"turns":4},{"damage":21,"enemies":"Slavers","floor":31,"turns":3},{"damage":54,"enemies":"Collector","floor":33,"turns":6},{"damage":10,"enemies":"3 Shapes","floor":35,"turns":3},{"damage":19,"enemies":"3 Darklings","floor":36,"turns":3},{"damage":51,"enemies":"Reptomancer","floor":40,"turns":4},{"damage":15,"enemies":"Nemesis","floor":44,"turns":5},{"damage":30,"enemies":"Reptomancer","floor":46,"turns":5},{"damage":11,"enemies":"Maw","floor":47,"turns":5},{"damage":20,"enemies":"Nemesis","floor":48,"turns":2}],"seed_played":"6259461272051401762","potions_obtained":[{"floor":2,"key":"Ancient Potion"},{"floor":6,"key":"PowerPotion"},{"floor":11,"key":"LiquidBronze"},{"floor":18,"key":"SteroidPotion"},{"floor":25,"key":"Regen Potion"},{"floor":33,"key":"SteroidPotion"},{"floor":35,"key":"EntropicBrew"},{"floor":46,"key":"EntropicBrew"}],"is_trial":false,"path_per_floor":["M","M","?","?","$","E","R","M","T","E","M","R","M","M","R","B",null,"M","M","?","?","M","E","M","E","T","E","M","?","R","E","R","B",null,"M","M","?","?","$","E","R","?","T","E","?","E","M","E"],"character_chosen":"IRONCLAD","items_purchased":["Whirlwind","Lee\u0027s Waffle","Ornamental Fan"],"campfire_rested":3,"item_purchase_floors":[5,39,39],"current_hp_per_floor":[72,70,54,54,54,29,29,29,29,10,9,33,33,33,33,13,63,50,47,47,47,37,31,19,15,15,14,14,14,38,17,17,16,64,56,39,39,39,87,36,62,62,62,49,49,21,12,0,0],"gold":1363,"neow_bonus":"BOSS_RELIC","is_daily":false,"chose_seed":false,"campfire_upgraded":3,"win_rate":0.0,"timestamp":1609799094,"path_taken":["M","M","?","?","?","E","R","M","T","E","M","R","M","M","R","BOSS","M","M","?","?","M","E","M","E","T","E","M","?","R","E","R","BOSS","M","M","?","?","$","E","R","?","T","E","?","E","?","E"],"items_purchased_type":["Card","Relic","Relic"],"build_version":"2020-12-22","purchased_purges":1,"victory":false,"max_hp_per_floor":[80,80,80,80,80,80,80,80,80,80,80,80,80,80,80,80,80,80,80,80,80,80,80,80,80,80,80,80,80,80,80,80,80,80,80,80,80,80,87,87,87,83,83,83,83,83,83,83,83],"relic_stats":{"Blood Vial":14,"Lizard Tail":40,"Lee\u0027s Waffle":48,"counters":[26,95],"Shuriken":[18],"Ornamental Fan":[32],"Snecko Eye":[170,145,160,165],"Eternal Feather":0,"Charon\u0027s Ashes":[193],"Turnip":[3],"obtain_stats":[{"Lee\u0027s Waffle":39,"Eternal Feather":43,"Charon\u0027s Ashes":10,"Omamori":44,"Ancient Tea Set":40,"Burning Blood":0,"Blood Vial":31,"Runic Dome":17,"Lizard Tail":27,"HornCleat":25,"Shuriken":23,"Ornamental Fan":39,"Snecko Eye":0,"Philosopher\u0027s Stone":34,"Turnip":46,"StrikeDummy":26,"Unceasing Top":6},{"Lee\u0027s Waffle":21,"Eternal Feather":22,"Charon\u0027s Ashes":5,"Omamori":23,"Ancient Tea Set":22,"Burning Blood":0,"Blood Vial":18,"Runic Dome":9,"Lizard Tail":16,"HornCleat":15,"Shuriken":13,"Ornamental Fan":21,"Snecko Eye":0,"Philosopher\u0027s Stone":19,"Turnip":24,"StrikeDummy":15,"Unceasing Top":3},{"Lee\u0027s Waffle":74,"Eternal Feather":78,"Charon\u0027s Ashes":16,"Omamori":83,"Ancient Tea Set":78,"Burning Blood":0,"Blood Vial":62,"Runic Dome":32,"Lizard Tail":55,"HornCleat":52,"Shuriken":46,"Ornamental Fan":74,"Snecko Eye":0,"Philosopher\u0027s Stone":68,"Turnip":88,"StrikeDummy":52,"Unceasing Top":9}],"Unceasing Top":[1]},"card_choices":[{"not_picked":["Armaments","Burning Pact"],"picked":"Heavy Blade","floor":1},{"not_picked":["Headbutt","Warcry"],"picked":"Disarm","floor":2},{"not_picked":["Warcry","Clash"],"picked":"Heavy Blade","floor":6},{"not_picked":["Feel No Pain","Sever Soul"],"picked":"Shrug It Off","floor":8},{"not_picked":["Headbutt","Perfected Strike"],"picked":"Carnage","floor":10},{"not_picked":["Headbutt","Wild Strike"],"picked":"Double Tap","floor":11},{"not_picked":["Clash","Seeing Red","Iron Wave"],"picked":"SKIP","floor":13},{"not_picked":["Blood for Blood","Heavy Blade","Cleave"],"picked":"SKIP","floor":14},{"not_picked":["Reaper","Bludgeon"],"picked":"Immolate","floor":16},{"not_picked":["Heavy Blade","Rage"],"picked":"Inflame","floor":18},{"not_picked":["True Grit","Body Slam"],"picked":"Disarm","floor":19},{"not_picked":["Metallicize","Headbutt"],"picked":"Flame Barrier","floor":22},{"not_picked":["Feel No Pain","Heavy Blade"],"picked":"Carnage","floor":23},{"not_picked":["Hemokinesis","Havoc"],"picked":"Disarm+1","floor":24},{"not_picked":["Anger","Armaments"],"picked":"Perfected Strike","floor":25},{"not_picked":["Wild Strike","Sword Boomerang"],"picked":"Heavy Blade","floor":27},{"not_picked":["Anger+1","Armaments","Wild Strike+1"],"picked":"SKIP","floor":28},{"not_picked":["Inflame","Rampage"],"picked":"Demon Form","floor":31},{"not_picked":["Juggernaut","Exhume"],"picked":"Corruption","floor":33},{"not_picked":["Fire Breathing+1","Clash"],"picked":"Headbutt+1","floor":35},{"not_picked":["Burning Pact+1","Thunderclap+1"],"picked":"Feel No Pain+1","floor":36},{"not_picked":["Havoc+1","Pommel Strike+1"],"picked":"Shockwave","floor":40},{"not_picked":["Sever Soul","Sword Boomerang"],"picked":"Heavy Blade+1","floor":44},{"not_picked":["Combust+1","Metallicize","Infernal Blade+1"],"picked":"SKIP","floor":46},{"not_picked":["Wild Strike+1","Cleave"],"picked":"Pommel Strike+1","floor":47}],"player_experience":705328,"relics_obtained":[{"floor":6,"key":"Unceasing Top"},{"floor":10,"key":"Charon\u0027s Ashes"},{"floor":23,"key":"Shuriken"},{"floor":25,"key":"HornCleat"},{"floor":26,"key":"StrikeDummy"},{"floor":27,"key":"Lizard Tail"},{"floor":31,"key":"Blood Vial"},{"floor":40,"key":"Ancient Tea Set"},{"floor":43,"key":"Eternal Feather"},{"floor":44,"key":"Omamori"},{"floor":46,"key":"Turnip"}],"event_choices":[{"damage_healed":0,"gold_gain":0,"player_choice":"Entered Light","damage_taken":16,"max_hp_gain":0,"max_hp_loss":0,"event_name":"Shining Light","floor":3,"gold_loss":0,"cards_upgraded":["Disarm","Defend_R"]},{"cards_removed":["Strike_R"],"damage_healed":0,"gold_gain":0,"player_choice":"Card Removal","damage_taken":0,"max_hp_gain":0,"max_hp_loss":0,"event_name":"The Cleric","floor":4,"gold_loss":50},{"damage_healed":0,"gold_gain":0,"player_choice":"Ignored","damage_taken":0,"max_hp_gain":0,"max_hp_loss":0,"event_name":"Vampires","floor":20,"gold_loss":0},{"damage_healed":0,"gold_gain":0,"cards_transformed":["Strike_R","Strike_R"],"player_choice":"Became Test Subject","damage_taken":0,"max_hp_gain":0,"max_hp_loss":0,"event_name":"Drug Dealer","floor":21,"gold_loss":0,"cards_obtained":["Anger","Dark Embrace"]},{"damage_healed":0,"gold_gain":0,"player_choice":"Ignored","damage_taken":0,"max_hp_gain":0,"max_hp_loss":0,"event_name":"Ghosts","floor":29,"gold_loss":0},{"damage_healed":0,"gold_gain":0,"player_choice":"Ignored","damage_taken":0,"max_hp_gain":0,"max_hp_loss":0,"event_name":"Tomb of Lord Red Mask","floor":37,"gold_loss":0},{"damage_healed":0,"gold_gain":999,"player_choice":"Gold","damage_taken":0,"max_hp_gain":0,"max_hp_loss":0,"event_name":"MindBloom","floor":38,"gold_loss":0,"cards_obtained":["Normality","Normality"]},{"damage_healed":0,"gold_gain":0,"player_choice":"Max HP","damage_taken":0,"max_hp_gain":0,"max_hp_loss":4,"event_name":"Winding Halls","floor":42,"gold_loss":0},{"damage_healed":0,"gold_gain":0,"player_choice":"Upgraded","damage_taken":0,"max_hp_gain":0,"max_hp_loss":0,"event_name":"Upgrade Shrine","floor":45,"gold_loss":0,"cards_upgraded":["Shockwave"]}],"is_beta":false,"boss_relics":[{"not_picked":["Runic Cube","Calling Bell"],"picked":"Runic Dome"},{"not_picked":["SlaversCollar","Pandora\u0027s Box"],"picked":"Philosopher\u0027s Stone"}],"items_purged_floors":[39],"is_endless":false,"potions_floor_spawned":[2,6,11,14,18,24,25,33,35,44,46],"killed_by":"Nemesis","ascension_level":6}}