{"host":"dnd25fcf5l5puhl9","time":1609776109,"event":{"mods":["AchievementEnabler","Act Like it!","BaseMod","BetterRewards","Colored Map","Colored Powertips","Downfall","Infinite Spire","Minty Spire (QoL Compilation)","Replay The Spire","StSLib","SuperFastMode"],"gold_per_floor":[99,99,99,99,99,131,131,131,147,179,104,115,134,44,58,58,58],"floor_reached":16,"playtime":901,"items_purged":["Pain"],"score":108,"play_id":"cbc345cb-7198-4708-a660-c87359b188af","local_time":"20210104140149","is_ascension_mode":false,"campfire_choices":[{"data":"sneckomod:Unknown","floor":1,"key":"SMITH"},{"data":"sneckomod:DiceBoulder","floor":11,"key":"SMITH"}],"circlet_count":0,"master_deck":["sneckomod:Strike","sneckomod:Strike","sneckomod:Strike","sneckomod:Defend","sneckomod:Defend+1","sneckomod:Defend","sneckomod:TailWhip","sneckomod:SnekBite","sneckomod:Unknown+1","sneckomod:Unknown","sneckomod:DiceBlock","sneckomod:UnknownCommonSkill","sneckomod:Nope","sneckomod:UnknownRarePower","sneckomod:SnekBeam","sneckomod:DiceBoulder+1","sneckomod:UnknownClassINFINITE_BLACK","sneckomod:UnknownEthereal","sneckomod:UnknownUncommonPower"],"relics":["sneckomod:SneckoSoul","downfall:HeartsMalice","Chameleon Ring","Happy Flower","CaptainsWheel","WarpedTongs","infinitespire:FocusingShard","downfall:HeartBlessingGreen"],"acts_visited":["Exordium"],"potions_floor_usage":[14,15,16],"damage_taken":[{"damage":0,"enemies":"Small Slimes","floor":2,"turns":1},{"damage":0,"enemies":"Jaw Worm","floor":3,"turns":1},{"damage":0,"enemies":"Cultist","floor":4,"turns":1},{"damage":34,"enemies":"3 Sentries","floor":6,"turns":14},{"damage":15,"enemies":"Red Slaver","floor":9,"turns":4},{"damage":14,"enemies":"Lagavulin","floor":10,"turns":8},{"damage":16,"enemies":"2 Fungi Beasts","floor":12,"turns":3},{"damage":15,"enemies":"Blue Slaver","floor":13,"turns":3},{"damage":0,"enemies":"downfall:FleeingMerchant","floor":14,"turns":5},{"damage":0,"enemies":"Exordium Thugs","floor":15,"turns":4},{"damage":6,"enemies":"downfall:Watcher","floor":16,"turns":4}],"seed_played":"-4653691759243243591","potions_obtained":[{"floor":6,"key":"Death Potion"},{"floor":9,"key":"LiquidMemories"},{"floor":13,"key":"Flashbang"},{"floor":15,"key":"Strength Potion"}],"is_trial":false,"path_per_floor":["R","M","M","M","?","E","T","?","M","E","R","M","M","$","M","B"],"character_chosen":"THE_SNECKO","items_purchased":[],"campfire_rested":0,"item_purchase_floors":[],"current_hp_per_floor":[90,90,91,91,84,51,51,51,40,26,26,16,2,3,3,0,0],"gold":58,"neow_bonus":"THREE_ENEMY_KILL","is_daily":false,"chose_seed":false,"campfire_upgraded":2,"win_rate":0.0,"timestamp":1609776109,"path_taken":["R","M","M","M","?","E","T","?","M","E","R","M","?","$","M","BOSS"],"items_purchased_type":[],"build_version":"2020-12-22","purchased_purges":1,"victory":false,"max_hp_per_floor":[90,90,91,91,91,92,92,92,92,92,92,93,94,95,95,95,95],"card_choices":[{"not_picked":["sneckomod:Unknown1Cost","sneckomod:Nope"],"picked":"sneckomod:DiceBlock","floor":2},{"not_picked":["sneckomod:QuickMove","sneckomod:IronFang"],"picked":"sneckomod:UnknownCommonSkill","floor":3},{"not_picked":["sneckomod:ImprovisedAttack","sneckomod:UnknownCommonSkill"],"picked":"sneckomod:Nope","floor":4},{"not_picked":["sneckomod:UnknownUncommonPower","sneckomod:ImprovisedGuard"],"picked":"sneckomod:UnknownRarePower","floor":6},{"not_picked":["sneckomod:SoulRoll","sneckomod:DiceBlock"],"picked":"sneckomod:SnekBeam","floor":9},{"not_picked":["sneckomod:UnknownUncommonSkill","sneckomod:UnknownBlock"],"picked":"sneckomod:DiceBoulder","floor":10},{"not_picked":["sneckomod:UnknownCommonAttack","sneckomod:UnknownWeak"],"picked":"sneckomod:UnknownClassINFINITE_BLACK","floor":12},{"not_picked":["sneckomod:ImprovisedGuard","sneckomod:UnknownCommonAttack"],"picked":"sneckomod:UnknownEthereal","floor":13},{"not_picked":["sneckomod:UnknownStrike","sneckomod:RainOfDice"],"picked":"sneckomod:UnknownUncommonPower","floor":14},{"not_picked":["sneckomod:UnknownExhaust","sneckomod:ImprovisedAttack","sneckomod:UnknownUncommonAttack"],"picked":"SKIP","floor":15}],"player_experience":489301,"relics_obtained":[{"floor":6,"key":"Happy Flower"},{"floor":7,"key":"CaptainsWheel"},{"floor":10,"key":"infinitespire:FocusingShard"}],"event_choices":[{"damage_healed":0,"gold_gain":0,"player_choice":"Success","damage_taken":7,"relics_obtained":["Chameleon Ring"],"max_hp_gain":0,"max_hp_loss":0,"event_name":"Scrap Ooze","floor":5,"gold_loss":0},{"damage_healed":0,"gold_gain":0,"player_choice":"Rummage","damage_taken":0,"relics_obtained":["WarpedTongs"],"max_hp_gain":0,"max_hp_loss":0,"event_name":"Accursed Blacksmith","floor":8,"gold_loss":0,"cards_obtained":["Pain"]}],"is_beta":false,"boss_relics":[],"items_purged_floors":[14],"is_endless":false,"potions_floor_spawned":[6,9,13,15],"killed_by":"downfall:Watcher","ascension_level":0}}