{"host":"brlhu57vzmgrzvkq","time":1609742649,"event":{"mods":["AchievementEnabler","BaseMod","Colored Map","Downfall","Hermit","Minty Spire (QoL Compilation)","StSLib","SuperFastMode","The Cursed","The Servant 0.9.4"],"gold_per_floor":[14,28,28,45,64,94,94,129,129,145,177,177,202,222,222,222,222],"floor_reached":16,"playtime":770,"items_purged":[],"score":152,"play_id":"def538cf-3008-4a19-a689-328984482f1b","local_time":"20210103234409","is_ascension_mode":true,"campfire_choices":[{"data":"Eruption","floor":7.0,"key":"SMITH"},{"floor":12.0,"key":"REST"},{"data":"Crescendo","floor":15.0,"key":"SMITH"}],"circlet_count":0,"master_deck":["Strike_P","Strike_P","Defend_P","Defend_P","Defend_P","Eruption+1","Vigilance","BowlingBash","CutThroughFate","ThirdEye","Protect","WaveOfTheHand","DeceiveReality","DeusExMachina","ClearTheMind","Halt","Crescendo+1"],"relics":["PureWater","Pen Nib","Oddly Smooth Stone","Lantern","Yang","Akabeko"],"acts_visited":["Exordium"],"potions_floor_usage":[16],"damage_taken":[{"damage":0.0,"enemies":"Jaw Worm","floor":1.0,"turns":4.0},{"damage":0.0,"enemies":"Small Slimes","floor":2.0,"turns":2.0},{"damage":0.0,"enemies":"2 Louse","floor":4.0,"turns":2.0},{"damage":0.0,"enemies":"Exordium Wildlife","floor":5.0,"turns":2.0},{"damage":19.0,"enemies":"Gremlin Nob","floor":6.0,"turns":3.0},{"damage":8.0,"enemies":"3 Sentries","floor":8.0,"turns":3.0},{"damage":0.0,"enemies":"3 Louse","floor":10.0,"turns":1.0},{"damage":23.0,"enemies":"Lagavulin","floor":11.0,"turns":6.0},{"damage":1.0,"enemies":"3 Sentries","floor":13.0,"turns":13.0},{"damage":0.0,"enemies":"Exordium Thugs","floor":14.0,"turns":5.0},{"damage":42,"enemies":"Hexaghost","floor":16,"turns":13}],"seed_played":"4955056160465578463","potions_obtained":[{"floor":2.0,"key":"Fire Potion"},{"floor":5.0,"key":"SkillPotion"},{"floor":6.0,"key":"StancePotion"},{"floor":13.0,"key":"Regen Potion"},{"floor":14.0,"key":"SpeedPotion"}],"is_trial":false,"path_per_floor":["M","M","?","M","M","E","R","E","T","M","E","R","E","M","R","B"],"character_chosen":"WATCHER","items_purchased":[],"campfire_rested":1,"item_purchase_floors":[],"current_hp_per_floor":[72,72,72,72,72,53,53,45,45,45,22,43,42,42,42,0,0],"gold":222,"neow_bonus":"REMOVE_TWO","is_daily":false,"chose_seed":false,"campfire_upgraded":2,"win_rate":0.0,"timestamp":1609742649,"path_taken":["M","M","?","M","M","E","R","E","T","M","E","R","E","M","R","BOSS"],"items_purchased_type":[],"build_version":"2020-12-22","purchased_purges":0,"victory":false,"max_hp_per_floor":[72,72,72,72,72,72,72,72,72,72,72,72,72,72,72,72,72],"card_choices":[{"not_picked":["Halt","SignatureMove"],"picked":"BowlingBash","floor":1.0},{"not_picked":["JustLucky","CrushJoints"],"picked":"CutThroughFate","floor":2.0},{"not_picked":["EmptyBody","PathToVictory"],"picked":"ThirdEye","floor":4.0},{"not_picked":["FlurryOfBlows","PathToVictory"],"picked":"Protect","floor":5.0},{"not_picked":["DeceiveReality","Consecrate"],"picked":"WaveOfTheHand","floor":6.0},{"not_picked":["WreathOfFlame","EmptyMind"],"picked":"DeceiveReality","floor":8.0},{"not_picked":["CrushJoints","SashWhip"],"picked":"DeusExMachina","floor":10.0},{"not_picked":["WreathOfFlame","FlyingSleeves"],"picked":"ClearTheMind","floor":11.0},{"not_picked":["FollowUp","Worship"],"picked":"Halt","floor":13.0},{"not_picked":["Indignation","ThirdEye"],"picked":"Crescendo","floor":14.0}],"player_experience":83340,"relics_obtained":[{"floor":6.0,"key":"Pen Nib"},{"floor":8.0,"key":"Oddly Smooth Stone"},{"floor":9.0,"key":"Lantern"},{"floor":11.0,"key":"Yang"},{"floor":13.0,"key":"Akabeko"}],"event_choices":[{"cards_removed":["Defend_P"],"damage_healed":0.0,"max_hp_gain":0.0,"max_hp_loss":0.0,"gold_gain":0.0,"event_name":"Living Wall","player_choice":"Forget","floor":3.0,"gold_loss":0.0,"damage_taken":0.0}],"is_beta":false,"boss_relics":[],"items_purged_floors":[],"is_endless":false,"potions_floor_spawned":[2,5,6,13,14],"killed_by":"Hexaghost","ascension_level":3}}