{"host":"j4g6ia6asvpyu2b0","time":1609722661,"event":{"mods":["BaseMod","Colored Map","Minty Spire (QoL Compilation)","Permanent Neow","Quick Restart","Relic Stats","StSLib","Unceasing Turn Reminder"],"gold_per_floor":[362,12,28,28,44,44,54,84,84,111,123,123,123,143,143,244,244,262,361,361,377,392,392,417,342,423,452,452,468,494,506,506,611,611,621,638,649,660,230,264,264,289,313,361,361,395,395,395],"floor_reached":47,"playtime":1464,"items_purged":["Strike_R"],"score":788,"play_id":"4b9226a0-27d5-4c72-881a-80cbeec098b2","local_time":"20210103181101","is_ascension_mode":true,"campfire_choices":[{"data":"Bash","floor":6,"key":"SMITH"},{"data":"Flame Barrier","floor":12,"key":"SMITH"},{"data":"Spot Weakness","floor":15,"key":"SMITH"},{"data":"Demon Form","floor":23,"key":"SMITH"},{"data":"Clothesline","floor":28,"key":"SMITH"},{"data":"Berserk","floor":32,"key":"SMITH"},{"floor":41,"key":"RECALL"}],"circlet_count":0,"master_deck":["Strike_R","Strike_R+1","Defend_R","Defend_R","Defend_R","Defend_R","Bash+1","Uppercut+1","Anger","Cleave+1","Pommel Strike","Carnage","Shrug It Off","Reaper","Flame Barrier+1","Spot Weakness+1","Demon Form+1","Berserk+1","Clothesline+1","Uppercut+1","Reaper","Dual Wield+1","Bludgeon","Armaments+1","Clothesline+1","Exhume+1","Apotheosis+1","Barricade","Uppercut+1"],"relics":["Burning Blood","PreservedInsect","Omamori","Meat on the Bone","Ancient Tea Set","Snecko Eye","Strawberry","Toxic Egg 2","Juzu Bracelet","Matryoshka","Sozu","Membership Card","Torii","Whetstone","Bottled Tornado","Eternal Feather","Vajra","Turnip","Charon\u0027s Ashes"],"acts_visited":["Exordium","TheCity","TheBeyond"],"potions_floor_usage":[21,24,30,46],"damage_taken":[{"damage":6,"enemies":"Cultist","floor":1,"turns":4},{"damage":0,"enemies":"2 Louse","floor":3,"turns":2},{"damage":8,"enemies":"Small Slimes","floor":5,"turns":2},{"damage":6,"enemies":"Looter","floor":7,"turns":2},{"damage":25,"enemies":"3 Sentries","floor":8,"turns":4},{"damage":22,"enemies":"Lagavulin","floor":10,"turns":5},{"damage":10,"enemies":"2 Fungi Beasts","floor":11,"turns":3},{"damage":11,"enemies":"3 Louse","floor":14,"turns":5},{"damage":40,"enemies":"Hexaghost","floor":16,"turns":8},{"damage":35,"enemies":"Shell Parasite","floor":18,"turns":5},{"damage":11,"enemies":"2 Thieves","floor":21,"turns":2},{"damage":19,"enemies":"Cultist and Chosen","floor":22,"turns":6},{"damage":9,"enemies":"Book of Stabbing","floor":24,"turns":4},{"damage":2,"enemies":"Gremlin Leader","floor":27,"turns":4},{"damage":20,"enemies":"Centurion and Healer","floor":29,"turns":5},{"damage":33,"enemies":"Slavers","floor":30,"turns":5},{"damage":30,"enemies":"3 Cultists","floor":31,"turns":5},{"damage":85,"enemies":"Automaton","floor":33,"turns":9},{"damage":24,"enemies":"3 Shapes","floor":35,"turns":3},{"damage":0,"enemies":"Orb Walker","floor":36,"turns":2},{"damage":23,"enemies":"Spire Growth","floor":37,"turns":4},{"damage":24,"enemies":"Sphere and 2 Shapes","floor":38,"turns":4},{"damage":1,"enemies":"Giant Head","floor":40,"turns":5},{"damage":0,"enemies":"Nemesis","floor":42,"turns":3},{"damage":65,"enemies":"2 Orb Walkers","floor":44,"turns":4},{"damage":71,"enemies":"Reptomancer","floor":46,"turns":5},{"damage":32,"enemies":"Transient","floor":47,"turns":1}],"seed_played":"-5948844485470451119","potions_obtained":[{"floor":1,"key":"GamblersBrew"},{"floor":10,"key":"AttackPotion"},{"floor":11,"key":"GamblersBrew"},{"floor":14,"key":"ColorlessPotion"},{"floor":18,"key":"PowerPotion"},{"floor":21,"key":"Explosive Potion"},{"floor":27,"key":"SteroidPotion"},{"floor":30,"key":"SteroidPotion"},{"floor":31,"key":"Fire Potion"}],"is_trial":false,"path_per_floor":["M","$","M","?","M","R","M","E","T","E","M","R","$","M","R","B",null,"M","?","?","M","M","R","E","?","T","E","R","M","E","M","R","B",null,"M","M","M","M","$","E","R","E","T","?","?","E","M"],"character_chosen":"IRONCLAD","items_purchased":["PreservedInsect","Anger","Omamori","Membership Card","Apotheosis+1","Torii"],"campfire_rested":0,"item_purchase_floors":[2,2,2,39,39,39],"current_hp_per_floor":[72,72,72,72,70,70,70,51,51,47,47,47,47,54,54,50,67,50,50,50,45,54,54,76,76,76,79,79,65,46,50,50,23,65,57,63,58,51,51,79,79,79,79,54,54,31,0,0],"gold":395,"neow_bonus":"TWO_FIFTY_GOLD","is_daily":false,"chose_seed":false,"campfire_upgraded":6,"win_rate":0.0,"timestamp":1609722661,"path_taken":["M","$","M","?","M","R","M","E","T","E","?","R","?","M","R","BOSS","M","?","?","?","M","R","E","?","T","E","R","M","E","M","R","BOSS","M","M","M","M","$","E","R","E","T","?","?","E","M"],"items_purchased_type":["Relic","Card","Relic","Relic","Card","Relic"],"build_version":"2020-12-22","purchased_purges":1,"victory":false,"max_hp_per_floor":[72,72,72,72,72,72,72,72,72,72,72,72,72,72,72,72,72,72,72,72,72,72,72,79,79,79,79,79,79,79,79,79,79,79,79,79,79,79,79,79,79,79,79,79,79,79,79,79],"relic_stats":{"Torii":0,"counters":[27,111],"Eternal Feather":0,"PreservedInsect":409,"Charon\u0027s Ashes":[0],"Juzu Bracelet":0,"Whetstone":["Strike_R","Cleave"],"Burning Blood":137,"Sozu":2,"Snecko Eye":[134,125,150,141],"Turnip":[0],"obtain_stats":[{"Torii":39,"Vajra":43,"Eternal Feather":43,"PreservedInsect":2,"Charon\u0027s Ashes":46,"Omamori":2,"Juzu Bracelet":27,"Whetstone":40,"Bottled Tornado":42,"Ancient Tea Set":10,"Burning Blood":0,"Sozu":34,"Matryoshka":30,"Strawberry":24,"Snecko Eye":17,"Turnip":44,"Membership Card":39,"Toxic Egg 2":26,"Meat on the Bone":8},{"Torii":22,"Vajra":24,"Eternal Feather":24,"PreservedInsect":1,"Charon\u0027s Ashes":26,"Omamori":1,"Juzu Bracelet":14,"Whetstone":23,"Bottled Tornado":24,"Ancient Tea Set":6,"Burning Blood":0,"Sozu":18,"Matryoshka":16,"Strawberry":13,"Snecko Eye":9,"Turnip":25,"Membership Card":22,"Toxic Egg 2":13,"Meat on the Bone":5},{"Torii":93,"Vajra":101,"Eternal Feather":101,"PreservedInsect":4,"Charon\u0027s Ashes":110,"Omamori":4,"Juzu Bracelet":56,"Whetstone":98,"Bottled Tornado":101,"Ancient Tea Set":19,"Burning Blood":0,"Sozu":80,"Matryoshka":66,"Strawberry":52,"Snecko Eye":35,"Turnip":105,"Membership Card":93,"Toxic Egg 2":52,"Meat on the Bone":14}],"Meat on the Bone":96},"card_choices":[{"not_picked":["Metallicize","Clothesline"],"picked":"Uppercut","floor":1},{"not_picked":["True Grit","Power Through"],"picked":"Cleave","floor":3},{"not_picked":["Dark Embrace","Havoc"],"picked":"Pommel Strike","floor":5},{"not_picked":["Searing Blow","Evolve"],"picked":"Carnage","floor":7},{"not_picked":["Second Wind","Heavy Blade"],"picked":"Shrug It Off","floor":8},{"not_picked":["Armaments","Entrench"],"picked":"Reaper","floor":10},{"not_picked":["Pommel Strike","Uppercut"],"picked":"Flame Barrier","floor":11},{"not_picked":["Rupture","Armaments"],"picked":"Spot Weakness","floor":14},{"not_picked":["Double Tap","Exhume"],"picked":"Demon Form","floor":16},{"not_picked":["Sever Soul","Sentinel+1","Body Slam"],"picked":"SKIP","floor":18},{"not_picked":["Pummel+1","Armaments","True Grit"],"picked":"SKIP","floor":21},{"not_picked":["Wild Strike+1","Thunderclap+1","Iron Wave"],"picked":"SKIP","floor":22},{"not_picked":["Anger","Entrench","Thunderclap"],"picked":"SKIP","floor":24},{"not_picked":["Ghostly Armor+1","Armaments+1"],"picked":"Clothesline","floor":27},{"not_picked":["Body Slam+1","Clash"],"picked":"Uppercut+1","floor":29},{"not_picked":["Metallicize","Hemokinesis+1"],"picked":"Reaper","floor":30},{"not_picked":["Twin Strike+1","Iron Wave+1"],"picked":"Dual Wield+1","floor":31},{"not_picked":["Exhume+1","Feed"],"picked":"Bludgeon","floor":33},{"not_picked":["Perfected Strike+1","Sword Boomerang+1","Heavy Blade"],"picked":"SKIP","floor":35},{"not_picked":["Twin Strike","Havoc+1"],"picked":"Armaments+1","floor":36},{"not_picked":["Anger","Havoc+1"],"picked":"Clothesline+1","floor":37},{"not_picked":["Power Through+1","Dropkick"],"picked":"Exhume+1","floor":38},{"not_picked":["Uppercut","Clothesline"],"picked":"Barricade","floor":40},{"not_picked":["Wild Strike","Reckless Charge+1","Warcry+1"],"picked":"SKIP","floor":42},{"not_picked":["Headbutt+1","Heavy Blade"],"picked":"Uppercut+1","floor":44},{"not_picked":["Body Slam+1","Sword Boomerang","Entrench+1"],"picked":"SKIP","floor":46}],"player_experience":693464,"relics_obtained":[{"floor":8,"key":"Meat on the Bone"},{"floor":10,"key":"Ancient Tea Set"},{"floor":24,"key":"Strawberry"},{"floor":26,"key":"Toxic Egg 2"},{"floor":27,"key":"Juzu Bracelet"},{"floor":30,"key":"Matryoshka"},{"floor":40,"key":"Whetstone"},{"floor":42,"key":"Bottled Tornado"},{"floor":43,"key":"Eternal Feather"},{"floor":43,"key":"Vajra"},{"floor":44,"key":"Turnip"},{"floor":46,"key":"Charon\u0027s Ashes"}],"event_choices":[{"damage_healed":0,"gold_gain":0,"player_choice":"Upgraded","damage_taken":0,"max_hp_gain":0,"max_hp_loss":0,"event_name":"Upgrade Shrine","floor":4,"gold_loss":0,"cards_upgraded":["Uppercut"]},{"damage_healed":0,"gold_gain":99,"player_choice":"Stole From Cult","damage_taken":0,"max_hp_gain":0,"max_hp_loss":0,"event_name":"Nest","floor":19,"gold_loss":0},{"damage_healed":0,"gold_gain":0,"cards_transformed":["Strike_R"],"player_choice":"Transformed","damage_taken":0,"max_hp_gain":0,"max_hp_loss":0,"event_name":"Transmorgrifier","floor":20,"gold_loss":0,"cards_obtained":["Berserk"]},{"cards_removed":["Strike_R"],"damage_healed":0,"gold_gain":0,"player_choice":"Gave Gold","damage_taken":0,"max_hp_gain":0,"max_hp_loss":0,"event_name":"Beggar","floor":25,"gold_loss":75},{"damage_healed":0,"gold_gain":0,"player_choice":"Fight","damage_taken":0,"max_hp_gain":0,"max_hp_loss":0,"event_name":"Mysterious Sphere","floor":44,"gold_loss":0},{"damage_healed":0,"gold_gain":0,"player_choice":"Ignored","damage_taken":0,"max_hp_gain":0,"max_hp_loss":0,"event_name":"Tomb of Lord Red Mask","floor":45,"gold_loss":0}],"is_beta":false,"boss_relics":[{"not_picked":["Coffee Dripper","Mark of Pain"],"picked":"Snecko Eye"},{"not_picked":["Empty Cage","Black Star"],"picked":"Sozu"}],"items_purged_floors":[39],"is_endless":false,"potions_floor_spawned":[1,10,11,14,18,21,27,30,31,40,42],"killed_by":"Transient","ascension_level":5}}