{"host":"vqs1j3qalc1cciyt","time":1609730198,"event":{"mods":["2.2 Compatiblity","AchievementEnabler","Aspiration","Bard","BaseMod","Beaked The Cultist","Better Altar","Better Match","Better Note","Better Sensory Stone","Better Skull","Better Third Choice","Clockwork Mod","Colored Map","Conspire","Downfall","Friendly Minions","GifTheSpireLib","Glutton Mod","Halation","Highlight Path","Hubris","Infinite Spire","Minty Spire (QoL Compilation)","READ ME - Snecko Mod","RRrroohrrRGHHhhh!!","Replay The Spire","Spicy Shops","StSLib","Stuff the Spire","The Bladedancer","The Construct","The Cursed","The Disciple","The Hierophant","The Jungle","vexMod"],"gold_per_floor":[99,99,99,99,99,99,99,124,124,141,54,68,68,66,79,196,196,196,218,208,232,214,139,192,192,231,35,53,70,70,85,98,201,201,126,148,169,169,169,191,191,116,131,145,20,20,41,78,97,113,113,131,131,131],"floor_reached":52,"playtime":11947,"items_purged":["Normality","hexamod:Defend","hexamod:Defend"],"score":777,"play_id":"a2f04bf0-5f3b-4db4-bbcd-072effcd4c02","local_time":"20210103191638","is_ascension_mode":false,"campfire_choices":[{"data":"hexamod:SearingWound","floor":9.0,"key":"SMITH"},{"data":"hexamod:ThermalTransfer","floor":13.0,"key":"SMITH"},{"floor":18.0,"key":"DIG"},{"data":"hexamod:SoulSteal","floor":23.0,"key":"SMITH"},{"floor":30.0,"key":"RECALL"},{"floor":35.0,"key":"DIG"},{"data":"hexamod:VolcanoVisage","floor":42.0,"key":"SMITH"},{"data":"hexamod:ExtraCrispy","floor":46.0,"key":"SMITH"}],"circlet_count":0,"master_deck":["hexamod:Strike+1","hexamod:Defend+1","hexamod:Defend","hexamod:Sear","hexamod:Float","hexamod:SearingWound+1","hexamod:Incineration","StuffTheSpire:Innocence","hexamod:ThermalTransfer+1","hexamod:Firestarter+1","hexamod:Firestarter","hexamod:SpectersWail+1","hexamod:SixthSeal","hexamod:GhostflameInferno","hexamod:SwordOfDarkness","hexamod:ThirdSeal","hexamod:Firestarter","hexamod:GhostflameBarrier+1","hexamod:ExtraCrispy+1","hexamod:SoulSteal+1","hexamod:SpectersWail","hexamod:Rewind","hexamod:BurningTouch","hexamod:GhostOfSpirePast","hexamod:Hexaguard","hexamod:SearingWound","hexamod:GhostOfSpirePast+1","hexamod:HeatCrush+1","hexamod:EmpoweredFlame","hexamod:VolcanoVisage+1","hexamod:NightmareStrike","hexamod:HeatShield+1","hexamod:RadiantFlame"],"relics":["hexamod:SpiritBrand","downfall:HeartsMalice","StuffTheSpire:CocoNut","vexMod:InvisibilityCloak","halation:IllGainedPizza","StuffTheSpire:Gunfinga","hexamod:TheBrokenSeal","halation:Thesaurus","halation:PromiseList","downfall:HeartBlessingGreen","hexamod:MatchstickCase","Pondfish Scales","downfall:HeartBlessingRed","vexMod:PlasmaPancake","Toy Ornithopter","downfall:HeartBlessingBlue","construct:RocketBooster"],"acts_visited":["Exordium","TheCity","TheBeyond","TheEnding"],"potions_floor_usage":[50,50],"damage_taken":[{"damage":0.0,"enemies":"Jaw Worm","floor":3.0,"turns":1.0},{"damage":0.0,"enemies":"conspire:RoseBush","floor":6.0,"turns":1.0},{"damage":0.0,"enemies":"3 Sentries","floor":8.0,"turns":1.0},{"damage":6.0,"enemies":"infinitespire:Voidling","floor":10.0,"turns":3.0},{"damage":0.0,"enemies":"downfall:FleeingMerchant","floor":11.0,"turns":4.0},{"damage":1.0,"enemies":"2 Fungi Beasts","floor":12.0,"turns":3.0},{"damage":0.0,"enemies":"downfall:FleeingMerchant","floor":14.0,"turns":4.0},{"damage":12.0,"enemies":"Exordium Wildlife","floor":15.0,"turns":3.0},{"damage":24.0,"enemies":"downfall:Watcher","floor":16.0,"turns":7.0},{"damage":8.0,"enemies":"Chosen","floor":19.0,"turns":5.0},{"damage":5.0,"enemies":"downfall:FleeingMerchant","floor":20.0,"turns":4.0},{"damage":21.0,"enemies":"Centurion and Healer","floor":21.0,"turns":8.0},{"damage":5.0,"enemies":"downfall:FleeingMerchant","floor":22.0,"turns":4.0},{"damage":0.0,"enemies":"Replay:Snechameleon","floor":26.0,"turns":4.0},{"damage":0.0,"enemies":"Cultist and Chosen","floor":28.0,"turns":3.0},{"damage":2.0,"enemies":"Sentry and Sphere","floor":29.0,"turns":3.0},{"damage":0.0,"enemies":"Centurion and Healer","floor":31.0,"turns":3.0},{"damage":2.0,"enemies":"Snake Plant","floor":32.0,"turns":2.0},{"damage":32.0,"enemies":"downfall:Ironclad","floor":33.0,"turns":6.0},{"damage":15.0,"enemies":"Orb Walker","floor":36.0,"turns":3.0},{"damage":0.0,"enemies":"3 Shapes","floor":37.0,"turns":2.0},{"damage":7.0,"enemies":"Jaw Worm Horde","floor":40.0,"turns":2.0},{"damage":7.0,"enemies":"Spire Growth","floor":43.0,"turns":3.0},{"damage":2.0,"enemies":"Sphere and 2 Shapes","floor":44.0,"turns":3.0},{"damage":12.0,"enemies":"4 Shapes","floor":47.0,"turns":2.0},{"damage":2.0,"enemies":"Reptomancer","floor":48.0,"turns":5.0},{"damage":25.0,"enemies":"Transient","floor":49.0,"turns":5.0},{"damage":43,"enemies":"downfall:Silent","floor":50,"turns":9},{"damage":162,"enemies":"downfall:CharBossMerchant","floor":52,"turns":7}],"seed_played":"-309606795992617713","potions_obtained":[{"floor":8.0,"key":"conspire:TimeTravelPotion"},{"floor":10.0,"key":"Milkshake"},{"floor":16.0,"key":"Weak Potion"},{"floor":21.0,"key":"FairyPotion"},{"floor":21.0,"key":"Guardian:BlockOnCardUsePotion"},{"floor":26.0,"key":"LifebloodPotion"},{"floor":28.0,"key":"hexamod:DoubleChargePotion"},{"floor":47.0,"key":"Strength Potion"}],"is_trial":false,"path_per_floor":["R_BF","?","M","?","?","M","T","E","R","M","$","M","R","$","M","B",null,"R_BF","M","$","M","$","R","T","?","E","$","M","M","R","M","M","B",null,"R_BF","M","M","T","?","M","T","R","M","M","$","R","M","E","M","B",null,"E"],"character_chosen":"THE_SPIRIT","items_purchased":["StuffTheSpire:Gunfinga","halation:Thesaurus","hexamod:ExtraCrispy","hexamod:SoulSteal","hexamod:SpectersWail","hexamod:GhostOfSpirePast","hexamod:Hexaguard"],"campfire_rested":0,"item_purchase_floors":[11,22,22,22,22,27,27],"current_hp_per_floor":[70,77,77,70,70,70,70,70,70,64,64,63,63,63,63,39,77,77,69,71,87,82,82,82,82,82,82,82,80,80,80,78,46,87,93,78,78,78,78,71,71,81,79,77,77,77,65,63,38,5,103,0,0,0],"gold":131,"neow_bonus":"THREE_ENEMY_KILL","is_daily":false,"chose_seed":false,"campfire_upgraded":5,"win_rate":0.0,"timestamp":1609730198,"path_taken":["R_BF","?","M","?","?","M","T","E","R","M","$","M","R","$","M","BOSS","R_BF","M","$","?","$","R","T","?","E","?","M","M","R","?","M","BOSS","R_BF","M","M","?","?","?","T","R","M","M","$","R","?","E","M","BOSS","E"],"items_purchased_type":["Relic","Relic","Card","Card","Card","Card","Card"],"build_version":"2020-12-22","purchased_purges":3,"victory":false,"max_hp_per_floor":[70,77,77,77,77,77,77,77,77,77,77,77,77,77,77,77,77,77,77,77,87,87,87,87,87,87,87,87,87,87,87,87,87,87,93,93,93,93,93,93,93,103,103,103,103,103,103,103,103,103,103,103,103,103],"card_choices":[{"not_picked":["hexamod:HauntingEcho","hexamod:Hexaguard"],"picked":"hexamod:Incineration","floor":3.0},{"not_picked":["hexamod:Firestarter","hexamod:GhostOfSpirePast"],"picked":"hexamod:ThermalTransfer","floor":6.0},{"not_picked":["hexamod:DynamicBlow","hexamod:ChargedBarrage"],"picked":"hexamod:Firestarter","floor":8.0},{"not_picked":["hexamod:InspiringFlames","hexamod:Hexaguard"],"picked":"hexamod:Firestarter","floor":10.0},{"not_picked":["hexamod:InspiringFlames","hexamod:AdvancingGuard"],"picked":"hexamod:FifthSeal","floor":11.0},{"not_picked":["hexamod:FourthSeal","hexamod:FirstSeal"],"picked":"hexamod:SecondSeal","floor":12.0},{"not_picked":["hexamod:BacktrackSmack","hexamod:InspiringFlames","hexamod:NightmareStrike"],"picked":"SKIP","floor":12.0},{"not_picked":["hexamod:SecondSeal","hexamod:FirstSeal"],"picked":"hexamod:SixthSeal","floor":14.0},{"not_picked":["hexamod:HeatMetal","hexamod:SpectersWail"],"picked":"hexamod:FirstSeal","floor":14.0},{"not_picked":["hexamod:SixthSeal","hexamod:FirstSeal"],"picked":"hexamod:FourthSeal","floor":15.0},{"not_picked":["hexamod:SpectralAdrenaline","hexamod:ShieldOfDarkness"],"picked":"hexamod:SpectersWail","floor":15.0},{"not_picked":["hexamod:FirstSeal","hexamod:SecondSeal"],"picked":"hexamod:SixthSeal","floor":16.0},{"not_picked":["hexamod:TurnItUp","hexamod:UnleashSpirits"],"picked":"hexamod:GhostflameInferno","floor":16.0},{"not_picked":["hexamod:FirstSeal","hexamod:SecondSeal"],"picked":"hexamod:ThirdSeal","floor":19.0},{"not_picked":["hexamod:PhantomFireball","hexamod:ShieldOfDarkness"],"picked":"hexamod:SwordOfDarkness","floor":19.0},{"not_picked":["hexamod:FirstSeal","hexamod:SecondSeal"],"picked":"hexamod:ThirdSeal","floor":20.0},{"not_picked":["hexamod:Haunt+1","hexamod:NightmareGuise+1"],"picked":"hexamod:Firestarter","floor":20.0},{"not_picked":["hexamod:FastForward","hexamod:HauntingEcho","hexamod:Again"],"picked":"SKIP","floor":20.0},{"not_picked":["hexamod:RecurringNightmare","hexamod:GhostLash+1","hexamod:InspiringFlames"],"picked":"SKIP","floor":21.0},{"not_picked":["hexamod:ShieldOfDarkness","hexamod:RainOfEmbers"],"picked":"hexamod:GhostflameBarrier+1","floor":22.0},{"not_picked":["hexamod:NightmareStrike","hexamod:SpectralAdrenaline"],"picked":"hexamod:Rewind","floor":26.0},{"not_picked":["hexamod:NightmareStrike","hexamod:GhostOfSpirePresent"],"picked":"hexamod:BurningTouch","floor":26.0},{"not_picked":["hexamod:NightmareStrike","hexamod:Hexaguard+1"],"picked":"hexamod:SearingWound","floor":28.0},{"not_picked":["hexamod:SpectersWail","hexamod:ShieldOfDarkness"],"picked":"hexamod:GhostOfSpirePast+1","floor":29.0},{"not_picked":["hexamod:SwordOfDarkness","hexamod:BacktrackSmack"],"picked":"hexamod:HeatCrush","floor":29.0},{"not_picked":["hexamod:StepThrough","hexamod:NightmareGuise","hexamod:AdvancingGuard"],"picked":"SKIP","floor":31.0},{"not_picked":["hexamod:RetreatToShadows","hexamod:RecurringNightmare"],"picked":"hexamod:EmpoweredFlame","floor":32.0},{"not_picked":["hexamod:TimeOfNeed","hexamod:HexaLevel"],"picked":"hexamod:VolcanoVisage","floor":33.0},{"not_picked":["hexamod:GhostShield+1","hexamod:RainOfEmbers"],"picked":"hexamod:NightmareStrike","floor":36.0},{"not_picked":["hexamod:ThirdSeal","hexamod:AdvancingGuard","hexamod:NightmareStrike+1"],"picked":"SKIP","floor":37.0},{"not_picked":["hexamod:FourthSeal","hexamod:SwordOfDarkness","hexamod:EmpoweredFlame+1"],"picked":"SKIP","floor":40.0},{"not_picked":["hexamod:AdvancingGuard+1","hexamod:InspiringFlames+1"],"picked":"hexamod:HeatShield+1","floor":43.0},{"not_picked":["hexamod:Haunt+1","hexamod:InspiringFlames","hexamod:GhostShield"],"picked":"SKIP","floor":44.0},{"not_picked":["hexamod:ThermalTransfer","hexamod:GhostLash"],"picked":"hexamod:RadiantFlame","floor":47.0},{"not_picked":["hexamod:RainOfEmbers","hexamod:ThirdSeal","hexamod:StepThrough+1"],"picked":"SKIP","floor":48.0},{"not_picked":["hexamod:FourthSeal","hexamod:EmpoweredFlame","hexamod:ChargedBarrage+1"],"picked":"SKIP","floor":49.0}],"player_experience":852670,"relics_obtained":[{"floor":7.0,"key":"vexMod:InvisibilityCloak"},{"floor":8.0,"key":"halation:IllGainedPizza"},{"floor":18.0,"key":"Whetstone"},{"floor":24.0,"key":"hexamod:MatchstickCase"},{"floor":26.0,"key":"Pondfish Scales"},{"floor":35.0,"key":"vexMod:PlasmaPancake"},{"floor":41.0,"key":"Toy Ornithopter"},{"floor":48.0,"key":"construct:RocketBooster"}],"event_choices":[{"cards_removed":["hexamod:Strike"],"damage_healed":0.0,"max_hp_gain":0.0,"max_hp_loss":0.0,"gold_gain":0.0,"event_name":"Bonfire Elementals","player_choice":"Offered Basic","floor":5.0,"gold_loss":0.0,"damage_taken":0.0},{"cards_removed":["hexamod:Strike"],"damage_healed":0.0,"max_hp_gain":0.0,"max_hp_loss":0.0,"gold_gain":0.0,"event_name":"Purifier","player_choice":"Purged","floor":25.0,"gold_loss":0.0,"damage_taken":0.0},{"damage_healed":0.0,"max_hp_gain":0.0,"max_hp_loss":0.0,"gold_gain":0.0,"event_name":"Duplicator","player_choice":"Ignored","floor":39.0,"gold_loss":0.0,"damage_taken":0.0}],"is_beta":false,"boss_relics":[{"not_picked":["aspiration:DefectSkillbook","vexMod:DeviousBotling","Snecko Heart"]},{"not_picked":["halation:PlatinumPhoenix","Fusion Hammer","beaked:MawFillet"]}],"items_purged_floors":[22,27,45],"is_endless":false,"potions_floor_spawned":[8,10,16,21,26,28,33,37,40,47,49],"killed_by":"downfall:CharBossMerchant","ascension_level":0}}