{"host":"¿à÷økuyou","time":1609735655,"event":{"mods":["ATMod(°¢èªMod)","Act Like it!","BaseMod","BetterRewards","Minty Spire (QoL Compilation)","Quick Restart","RyuuouÁúÍõ","StSLib"],"gold_per_floor":[144,94,169,269,314,359,404,29,29,74,74,74,144,259,259,584,584,654,373,468,468,155,320,390,505,580,580,605,770,877,984,996,1383,1395,1577,1164,1164,1239,1309,1424,1424,877,902,540,540,715,715,885,885,910],"floor_reached":51,"playtime":1375,"items_purged":["Bash","Strike_G","Strike_B","Zap","All Out Attack+1","Defend_P"],"score":883,"play_id":"1f8dd545-1ce0-414d-9679-4bf8c1f13341","local_time":"20210104124735","daily_mods":["Chimera","Diverse","Midas"],"is_ascension_mode":false,"campfire_choices":[{"floor":12.0,"key":"REST"},{"data":"Regret","floor":15.0,"key":"PURGE"},{"data":"Survivor","floor":32.0,"key":"PURGE"},{"data":"Defend_G","floor":45,"key":"PURGE"},{"data":"Whirlwind+1","floor":47,"key":"PURGE"},{"data":"Battle Trance","floor":49,"key":"PURGE"}],"circlet_count":0,"master_deck":["AT_Dispersion+1","Cold Snap+1","Shrug It Off","Pommel Strike+1","Pommel Strike","Seek+1","Apotheosis+1","Defragment+1","Ball Lightning+1","AT_ThunderBolt","True Grit+1","Echo Form","Madness","Madness","AT_Desolate+1","AT_FamilyPortrait+1","AT_ThreeBodyProblem","AT_BodySlamDance+1"],"relics":["Cracked Core","AT_ATBox","AT_EbonyIvory","Runic Capacitor","AT_MibuBalloonWealth","Peace Pipe","AT_TrinityForce","Membership Card","Molten Egg 2","Letter Opener","Whetstone","Tiny Chest","HornCleat","Oddly Smooth Stone","MawBank","Nuclear Battery","White Beast Statue","Ice Cream","Sling","AT_SilvercatRing","AT_TimeSand","Strange Spoon","Meat on the Bone","Pantograph","PreservedInsect","OrangePellets","Potion Belt","AT_RedTearstoneRing","AT_Kusabimaru"],"acts_visited":["Exordium","TheCity","TheBeyond"],"potions_floor_usage":[50,50,50,50,50],"damage_taken":[{"damage":2.0,"enemies":"Cultist","floor":1.0,"turns":5.0},{"damage":7.0,"enemies":"Small Slimes","floor":5.0,"turns":4.0},{"damage":0.0,"enemies":"2 Louse","floor":6.0,"turns":3.0},{"damage":0.0,"enemies":"2 Fungi Beasts","floor":7.0,"turns":4.0},{"damage":6.0,"enemies":"Blue Slaver","floor":10.0,"turns":3.0},{"damage":10.0,"enemies":"Red Slaver","floor":13.0,"turns":3.0},{"damage":14.0,"enemies":"Gremlin Nob","floor":14.0,"turns":4.0},{"damage":9.0,"enemies":"The Guardian","floor":16.0,"turns":10.0},{"damage":4.0,"enemies":"Spheric Guardian","floor":18.0,"turns":3.0},{"damage":2.0,"enemies":"2 Thieves","floor":20.0,"turns":4.0},{"damage":18.0,"enemies":"Slavers","floor":23.0,"turns":4.0},{"damage":0.0,"enemies":"Snecko","floor":24.0,"turns":3.0},{"damage":1.0,"enemies":"Book of Stabbing","floor":25.0,"turns":4.0},{"damage":20.0,"enemies":"Slavers","floor":29.0,"turns":2.0},{"damage":0.0,"enemies":"Cultist and Chosen","floor":30.0,"turns":4.0},{"damage":0.0,"enemies":"Shelled Parasite and Fungi","floor":31.0,"turns":3.0},{"damage":15.0,"enemies":"Collector","floor":33.0,"turns":6.0},{"damage":7,"enemies":"3 Darklings","floor":35,"turns":2},{"damage":4,"enemies":"Orb Walker","floor":39,"turns":2},{"damage":0,"enemies":"Nemesis","floor":40,"turns":5},{"damage":0,"enemies":"Mind Bloom Boss Battle","floor":46,"turns":5},{"damage":10,"enemies":"3 Darklings","floor":48,"turns":3},{"damage":31,"enemies":"Time Eater","floor":50,"turns":5}],"seed_played":"-6631355389535803282","potions_obtained":[{"floor":7.0,"key":"Energy Potion"},{"floor":13.0,"key":"Fire Potion"},{"floor":14.0,"key":"AttackPotion"},{"floor":16.0,"key":"EssenceOfSteel"},{"floor":23.0,"key":"SneckoOil"},{"floor":29.0,"key":"Dexterity Potion"},{"floor":40,"key":"CultistPotion"},{"floor":46,"key":"SkillPotion"},{"floor":48,"key":"FearPotion"}],"is_trial":false,"path_per_floor":["M","?","?","?","M","M","M","$","T","M","?","R","M","E","R","B",null,"M","$","M","?","$","E","M","E","T","?","T","E","M","M","R","B",null,"M","$","?","T","M","E","?","$","T","$","R","?","R","M","R","B",null],"character_chosen":"DEFECT","items_purchased":["AT_EbonyIvory","Runic Capacitor","Membership Card","Apotheosis","Molten Egg 2","Letter Opener","White Beast Statue","Ice Cream","Sling","AT_Desolate","AT_FamilyPortrait","Strange Spoon","Meat on the Bone","Pantograph","OrangePellets","Potion Belt","AT_RedTearstoneRing","AT_ThreeBodyProblem"],"campfire_rested":1,"item_purchase_floors":[8,8,19,19,22,22,36,36,36,42,42,42,42,42,44,44,44,44],"current_hp_per_floor":[73,73,62,62,55,55,55,55,55,49,49,71,61,47,47,38,75,71,71,69,69,69,51,51,50,50,50,50,30,30,30,30,15,75,68,68,59,59,55,55,55,55,55,55,55,75,75,65,65,44],"gold":910,"neow_bonus":"","is_daily":true,"chose_seed":false,"campfire_upgraded":0,"win_rate":0.0,"timestamp":1609735655,"path_taken":["M","?","?","?","?","M","M","$","T","M","?","R","M","E","R","BOSS","M","$","M","?","$","E","M","E","T","?","?","E","M","M","R","BOSS","M","$","?","?","M","E","?","?","T","$","R","?","R","M","R","BOSS"],"items_purchased_type":["Relic","Relic","Relic","Card","Relic","Relic","Relic","Relic","Relic","Card","Card","Relic","Relic","Relic","Relic","Relic","Relic","Card"],"build_version":"2020-12-18","purchased_purges":6,"victory":true,"max_hp_per_floor":[75,75,75,75,75,75,75,75,75,75,75,75,75,75,75,75,75,75,75,75,75,75,75,75,75,75,75,75,75,75,75,75,75,75,75,75,75,75,75,75,75,75,75,75,75,75,75,75,75,75],"card_choices":[{"not_picked":["Beam Cell","AT_SoftenMuscles"],"picked":"Cold Snap","floor":1.0},{"not_picked":["Stack","Steam","Endless Agony"],"picked":"SKIP","floor":5.0},{"not_picked":["Sever Soul","EmptyBody"],"picked":"Shrug It Off","floor":6.0},{"not_picked":["Dagger Throw","Gash"],"picked":"Pommel Strike","floor":7.0},{"not_picked":["Wild Strike","JustLucky","BowlingBash"],"picked":"SKIP","floor":10.0},{"not_picked":["Prepared","Reckless Charge","Havoc"],"picked":"SKIP","floor":13.0},{"not_picked":["CutThroughFate","Calculated Gamble"],"picked":"Pommel Strike","floor":14.0},{"not_picked":["Bludgeon","AT_ChampionKick"],"picked":"Seek","floor":16.0},{"not_picked":["Spot Weakness","PiercingWail","LikeWater"],"picked":"SKIP","floor":18.0},{"not_picked":["Rampage","Body Slam","Compile Driver"],"picked":"SKIP","floor":20.0},{"not_picked":["Tempest","Searing Blow+1"],"picked":"Whirlwind+1","floor":23.0},{"not_picked":["Heavy Blade+1","CrushJoints+1"],"picked":"Ball Lightning+1","floor":24.0},{"not_picked":["Streamline+1","WaveOfTheHand"],"picked":"AT_ThunderBolt","floor":25.0},{"not_picked":["AT_GerminateFire","Brilliance+1"],"picked":"True Grit+1","floor":29.0},{"not_picked":["PathToVictory","Dark Embrace"],"picked":"Battle Trance","floor":30.0},{"not_picked":["JustLucky+1","True Grit","Leg Sweep"],"picked":"SKIP","floor":31.0},{"not_picked":["Bludgeon+1","LessonLearned+1"],"picked":"Echo Form","floor":33.0},{"not_picked":["ReachHeaven+1","AT_BodySlamDance","Finisher+1"],"picked":"SKIP","floor":35},{"not_picked":["Deflect+1","Dash+1","BowlingBash+1"],"picked":"SKIP","floor":39},{"not_picked":["Gash+1","Barrage+1","Go for the Eyes+1"],"picked":"SKIP","floor":40},{"not_picked":["CrushJoints+1","AT_IchimonjiDouble+1"],"picked":"AT_BodySlamDance+1","floor":48}],"player_experience":161529,"relics_obtained":[{"floor":14.0,"key":"Peace Pipe"},{"floor":23.0,"key":"Whetstone"},{"floor":25.0,"key":"Tiny Chest"},{"floor":26.0,"key":"HornCleat"},{"floor":28.0,"key":"Oddly Smooth Stone"},{"floor":29.0,"key":"MawBank"},{"floor":38,"key":"AT_SilvercatRing"},{"floor":40,"key":"AT_TimeSand"},{"floor":43,"key":"PreservedInsect"},{"floor":46,"key":"AT_Kusabimaru"}],"event_choices":[{"cards_removed":["Eruption"],"damage_healed":0.0,"max_hp_gain":0.0,"max_hp_loss":0.0,"gold_gain":0.0,"event_name":"The Cleric","player_choice":"Card Removal","floor":2.0,"gold_loss":50.0,"damage_taken":0.0},{"damage_healed":0.0,"max_hp_gain":0.0,"max_hp_loss":0.0,"gold_gain":75.0,"event_name":"World of Goop","player_choice":"Gather Gold","floor":3.0,"gold_loss":0.0,"damage_taken":11.0},{"damage_healed":0.0,"max_hp_gain":0.0,"max_hp_loss":0.0,"gold_gain":100.0,"event_name":"Golden Shrine","player_choice":"Pray","floor":4.0,"gold_loss":0.0,"damage_taken":0.0},{"damage_healed":0.0,"max_hp_gain":0.0,"max_hp_loss":0.0,"gold_gain":0.0,"event_name":"Big Fish","player_choice":"Box","floor":11.0,"gold_loss":0.0,"damage_taken":0.0,"relics_obtained":["AT_MibuBalloonWealth"],"cards_obtained":["Regret"]},{"damage_healed":0.0,"max_hp_gain":0.0,"max_hp_loss":0.0,"gold_gain":0.0,"event_name":"The Library","player_choice":"Read","floor":21.0,"gold_loss":0.0,"damage_taken":0.0,"cards_obtained":["Defragment"]},{"damage_healed":0.0,"max_hp_gain":0.0,"max_hp_loss":0.0,"gold_gain":0.0,"cards_transformed":["Strike_R","Defend_R"],"event_name":"Drug Dealer","player_choice":"Became Test Subject","floor":27.0,"gold_loss":0.0,"damage_taken":0.0,"cards_obtained":["Go for the Eyes","All Out Attack"]},{"damage_healed":0,"gold_gain":0,"player_choice":"Embrace Madness","damage_taken":9,"max_hp_gain":0,"max_hp_loss":0,"event_name":"Winding Halls","floor":37,"gold_loss":0,"cards_obtained":["Madness","Madness"]},{"cards_removed":["Go for the Eyes"],"damage_healed":0,"gold_gain":0,"player_choice":"Removed Attack","damage_taken":0,"max_hp_gain":0,"max_hp_loss":0,"event_name":"Falling","floor":41,"gold_loss":0},{"damage_healed":0,"gold_gain":0,"player_choice":"Fight","damage_taken":0,"max_hp_gain":0,"max_hp_loss":0,"event_name":"MindBloom","floor":46,"gold_loss":0}],"is_beta":true,"boss_relics":[{"not_picked":["Cursed Key","SacredBark"],"picked":"AT_TrinityForce"},{"not_picked":["SlaversCollar","Tiny House"],"picked":"Nuclear Battery"}],"items_purged_floors":[8,19,22,36,42,44],"is_endless":false,"potions_floor_spawned":[7,13,14,16,20,23,29,31,33,39,40,46,48],"ascension_level":0}}