{"host":"1tkoe3l8wf0xx8if","time":1609774006,"event":{"mods":["AchievementEnabler","BaseMod","Colored Map","Minty Spire (QoL Compilation)","Quick Restart","StSLib","SuperFastMode"],"gold_per_floor":[119,136,155,80,90,90,90,90,116,116,127,156,166,181,181,285,285,304,106,117,67,87,118,118,118],"floor_reached":24,"playtime":785,"items_purged":["Strike_B","Storm","Aggregate+1"],"score":319,"play_id":"f79ecba3-fd9a-48f6-bab2-6f0d0d7bd3e9","local_time":"20210105002646","is_ascension_mode":true,"campfire_choices":[{"data":"Dualcast","floor":6.0,"key":"SMITH"},{"data":"Zap","floor":8.0,"key":"SMITH"},{"data":"Thunder Strike","floor":10.0,"key":"SMITH"},{"floor":15.0,"key":"REST"}],"circlet_count":0,"master_deck":["Defend_B","Defend_B","Zap+1","Dualcast+1","Reinforced Body","Thunder Strike+1","Hologram","Sweeping Beam","FTL","Ball Lightning","Self Repair","Self Repair+1","Rebound+1","Coolheaded","Lockon","Genetic Algorithm+1"],"relics":["Cracked Core","Pen Nib","Smiling Mask","Potion Belt","Astrolabe","OrangePellets","Pantograph"],"acts_visited":["Exordium","TheCity"],"potions_floor_usage":[16,16,24,24],"damage_taken":[{"damage":0.0,"enemies":"Jaw Worm","floor":1.0,"turns":3.0},{"damage":0.0,"enemies":"2 Louse","floor":2.0,"turns":2.0},{"damage":0.0,"enemies":"Small Slimes","floor":3.0,"turns":2.0},{"damage":4.0,"enemies":"Looter","floor":5.0,"turns":2.0},{"damage":15.0,"enemies":"2 Fungi Beasts","floor":11.0,"turns":3.0},{"damage":0.0,"enemies":"Gremlin Nob","floor":12.0,"turns":3.0},{"damage":0.0,"enemies":"Large Slime","floor":13.0,"turns":3.0},{"damage":4.0,"enemies":"Lots of Slimes","floor":14.0,"turns":2.0},{"damage":24,"enemies":"Slime Boss","floor":16,"turns":8},{"damage":17,"enemies":"Chosen","floor":18,"turns":5},{"damage":11,"enemies":"Spheric Guardian","floor":20,"turns":3},{"damage":18,"enemies":"Cultist and Chosen","floor":22,"turns":4},{"damage":44,"enemies":"Gremlin Leader","floor":23,"turns":6},{"damage":53,"enemies":"Masked Bandits","floor":24,"turns":3}],"seed_played":"3067114605198449363","potions_obtained":[{"floor":3.0,"key":"DistilledChaos"},{"floor":11.0,"key":"LiquidBronze"},{"floor":12.0,"key":"SpeedPotion"},{"floor":22,"key":"SpeedPotion"},{"floor":23,"key":"LiquidBronze"}],"is_trial":false,"path_per_floor":["M","M","M","$","M","R","?","R","T","R","M","E","M","M","R","B",null,"M","$","M","$","M","E","?"],"character_chosen":"DEFECT","items_purchased":["OrangePellets"],"campfire_rested":1,"item_purchase_floors":[19],"current_hp_per_floor":[50,50,50,50,46,46,34,34,34,34,19,19,19,15,37,20,61,61,61,67,67,66,39,0,0],"gold":118,"neow_bonus":"TRANSFORM_TWO_CARDS","is_daily":false,"chose_seed":false,"campfire_upgraded":3,"win_rate":0.0,"timestamp":1609774006,"path_taken":["M","M","M","$","M","R","?","R","T","R","M","E","M","M","R","BOSS","M","$","M","$","M","E","?"],"items_purchased_type":["Relic"],"build_version":"2020-12-22","purchased_purges":3,"victory":false,"max_hp_per_floor":[75,75,75,75,75,75,75,75,75,75,75,75,75,75,75,75,75,75,75,75,75,75,75,75,75],"card_choices":[{"not_picked":["Barrage","Skim"],"picked":"Hologram","floor":1.0},{"not_picked":["Auto Shields","Beam Cell"],"picked":"Sweeping Beam","floor":2.0},{"not_picked":["Gash","Fusion"],"picked":"FTL","floor":3.0},{"not_picked":["Redo","Turbo","Hello World"],"picked":"SKIP","floor":5.0},{"not_picked":["Beam Cell","Blizzard"],"picked":"Storm","floor":11.0},{"not_picked":["Doom and Gloom","Chaos","Sweeping Beam"],"picked":"SKIP","floor":12.0},{"not_picked":["Heatsinks","Go for the Eyes"],"picked":"Ball Lightning","floor":13.0},{"not_picked":["Hologram","Turbo"],"picked":"Self Repair","floor":14.0},{"not_picked":["Compile Driver","Rebound+1"],"picked":"Coolheaded","floor":18},{"not_picked":["Go for the Eyes","Barrage","Rebound+1"],"picked":"SKIP","floor":20},{"not_picked":["Hologram","Blizzard+1"],"picked":"Lockon","floor":22},{"not_picked":["Undo+1","Steam+1"],"picked":"Genetic Algorithm+1","floor":23}],"player_experience":329334,"relics_obtained":[{"floor":9.0,"key":"Smiling Mask"},{"floor":12.0,"key":"Potion Belt"},{"floor":23,"key":"Pantograph"}],"event_choices":[{"damage_healed":0.0,"max_hp_gain":0.0,"max_hp_loss":0.0,"gold_gain":0.0,"event_name":"Scrap Ooze","player_choice":"Success","floor":7.0,"gold_loss":0.0,"damage_taken":12.0,"relics_obtained":["Pen Nib"]},{"damage_healed":0,"gold_gain":0,"player_choice":"Fought Bandits","damage_taken":0,"max_hp_gain":0,"max_hp_loss":0,"event_name":"Masked Bandits","floor":24,"gold_loss":0}],"is_beta":false,"boss_relics":[{"not_picked":["Runic Pyramid","Tiny House"],"picked":"Astrolabe"}],"items_purged_floors":[4,19,21],"is_endless":false,"potions_floor_spawned":[3,11,12,22,23],"killed_by":"Masked Bandits","ascension_level":6}}