{"host":"j0vzbnzm6n2ctevn","time":1609741384,"event":{"mods":["AchievementEnabler","BaseMod","Dota2Spire","Minty Spire (QoL Compilation)","Quick Restart","Shop Mod","Spicy Shops","StSLib"],"gold_per_floor":[115,115,43,43,56,81,95,126,126,126,141,170,170,182,182,279,279,295,14,29,44,60,86,105,105,105,120,120,136,136,27,27,131,131,147,165,12,12,12,12,22,22,22,51,101,119,119,132,132,132,132,132,32,59,59,59],"floor_reached":55,"playtime":2914,"items_purged":["Defend_R","Flex"],"score":789,"play_id":"84b4ca88-6851-4da8-bff7-fb98c9109cd1","local_time":"20210104142304","is_ascension_mode":false,"campfire_choices":[{"data":"Infernal Blade","floor":10.0,"key":"SMITH"},{"data":"Metallicize","floor":15.0,"key":"SMITH"},{"data":"Barricade","floor":25.0,"key":"SMITH"},{"data":"Entrench","floor":28.0,"key":"SMITH"},{"data":"Juggernaut","floor":32.0,"key":"SMITH"},{"data":"Rupture","floor":40.0,"key":"SMITH"},{"floor":47.0,"key":"RECALL"},{"data":"Exhume","floor":49.0,"key":"SMITH"},{"data":"Dual Wield","floor":52.0,"key":"SMITH"}],"circlet_count":0,"master_deck":["Strike_R+1","Defend_R+1","Defend_R","Defend_R","Metallicize+1","Inflame","Exhume+1","Flame Barrier","Infernal Blade+1","Dual Wield+1","Rupture+1","Shrug It Off","Barricade+1","Seeing Red+1","Iron Wave+1","Dual Wield+1","Entrench+1","Juggernaut+1","Flex","True Grit+1","Exhume+1","Entrench+1","Fiend Fire","Body Slam+1","Shrug It Off+1","Infernal Blade+1","Body Slam+1","Impervious+1","Shrug It Off+1","Headbutt+1","Armaments+1"],"relics":["Burning Blood","NeowsBlessing","Dota2Spire:AssaultCuirass","Gambling Chip","Ice Cream","Juzu Bracelet","Paper Frog","Astrolabe","Dota2Spire:DrumOfEndurance","Toy Ornithopter","Toxic Egg 2","Dota2Spire:RefresherOrb","Orrery","Bottled Lightning","Charon\u0027s Ashes","Dota2Spire:BladeMail"],"acts_visited":["Exordium","TheCity","TheBeyond","TheEnding"],"potions_floor_usage":[55,55,55],"damage_taken":[{"damage":0.0,"enemies":"Jaw Worm","floor":1.0,"turns":1.0},{"damage":0.0,"enemies":"2 Louse","floor":5.0,"turns":1.0},{"damage":0.0,"enemies":"3 Sentries","floor":6.0,"turns":1.0},{"damage":0.0,"enemies":"Cultist","floor":7.0,"turns":4.0},{"damage":16.0,"enemies":"Gremlin Nob","floor":8.0,"turns":4.0},{"damage":6.0,"enemies":"2 Fungi Beasts","floor":11.0,"turns":3.0},{"damage":16.0,"enemies":"Lagavulin","floor":12.0,"turns":6.0},{"damage":5.0,"enemies":"Exordium Wildlife","floor":14.0,"turns":4.0},{"damage":10.0,"enemies":"Hexaghost","floor":16.0,"turns":11.0},{"damage":5.0,"enemies":"Shell Parasite","floor":18.0,"turns":8.0},{"damage":8.0,"enemies":"Chosen","floor":20.0,"turns":7.0},{"damage":20.0,"enemies":"3 Cultists","floor":21.0,"turns":7.0},{"damage":10.0,"enemies":"Cultist and Chosen","floor":22.0,"turns":6.0},{"damage":19.0,"enemies":"Book of Stabbing","floor":23.0,"turns":6.0},{"damage":0.0,"enemies":"Snecko","floor":24.0,"turns":4.0},{"damage":10.0,"enemies":"Sentry and Sphere","floor":27.0,"turns":4.0},{"damage":9.0,"enemies":"Snake Plant","floor":29.0,"turns":3.0},{"damage":0.0,"enemies":"Champ","floor":33.0,"turns":15.0},{"damage":14.0,"enemies":"3 Shapes","floor":35.0,"turns":8.0},{"damage":18.0,"enemies":"3 Darklings","floor":36.0,"turns":5.0},{"damage":0.0,"enemies":"Sphere and 2 Shapes","floor":41.0,"turns":5.0},{"damage":17.0,"enemies":"Reptomancer","floor":44.0,"turns":5.0},{"damage":0.0,"enemies":"Mind Bloom Boss Battle","floor":45.0,"turns":2.0},{"damage":0.0,"enemies":"Spire Growth","floor":46.0,"turns":4.0},{"damage":8.0,"enemies":"Writhing Mass","floor":48.0,"turns":5.0},{"damage":3.0,"enemies":"Donu and Deca","floor":50.0,"turns":6.0},{"damage":63.0,"enemies":"Shield and Spear","floor":54.0,"turns":6.0},{"damage":54,"enemies":"The Heart","floor":55,"turns":3}],"seed_played":"-3766931666438790391","potions_obtained":[{"floor":6.0,"key":"GamblersBrew"},{"floor":12.0,"key":"Ancient Potion"},{"floor":14.0,"key":"HeartOfIron"},{"floor":16.0,"key":"Regen Potion"},{"floor":24.0,"key":"Block Potion"},{"floor":29.0,"key":"Block Potion"},{"floor":36.0,"key":"SpeedPotion"},{"floor":44.0,"key":"Ancient Potion"},{"floor":54.0,"key":"EssenceOfSteel"}],"is_trial":false,"path_per_floor":["M","?","$","?","M","E","M","E","T","R","M","E","?","M","R","B",null,"M","$","M","M","M","E","M","R","T","M","R","M","?","$","R","B",null,"M","M","$","?","?","R","M","?","T","E","?","M","R","M","R","B",null,"R","$","E","B"],"character_chosen":"IRONCLAD","items_purchased":["Inflame","Dota2Spire:DrumOfEndurance","Strength Potion","Entrench+1","Orrery"],"campfire_rested":0,"item_purchase_floors":[3,19,19,31,37],"current_hp_per_floor":[80,64,64,64,70,76,80,70,70,70,70,60,53,54,54,50,80,80,80,78,64,60,56,62,62,62,58,58,55,55,55,55,71,80,72,60,60,60,60,60,66,66,66,55,61,67,67,65,65,73,80,80,80,23,0,0],"gold":59,"neow_bonus":"THREE_ENEMY_KILL","is_daily":false,"chose_seed":false,"campfire_upgraded":8,"win_rate":0.0,"timestamp":1609741384,"path_taken":["M","?","$","?","M","E","M","E","T","R","M","E","?","M","R","BOSS","M","$","M","M","M","E","M","R","T","M","R","M","?","$","R","BOSS","M","M","$","?","?","R","M","?","T","E","?","M","R","M","R","BOSS","R","$","E","BOSS"],"items_purchased_type":["Card","Relic","Potion","Card","Relic"],"build_version":"2020-12-22","purchased_purges":2,"victory":false,"max_hp_per_floor":[80,80,80,80,80,80,80,80,80,80,80,80,80,80,80,80,80,80,80,80,80,80,80,80,80,80,80,80,80,80,80,80,80,80,80,80,80,80,80,80,80,80,80,80,80,80,80,80,80,80,80,80,80,80,80,80],"card_choices":[{"not_picked":["True Grit","Heavy Blade"],"picked":"Metallicize","floor":1.0},{"not_picked":["Heavy Blade","Shrug It Off"],"picked":"Flame Barrier","floor":5.0},{"not_picked":["Reckless Charge","Headbutt","Ghostly Armor"],"picked":"SKIP","floor":6.0},{"not_picked":["Thunderclap","Cleave"],"picked":"Flex","floor":7.0},{"not_picked":["Perfected Strike","Wild Strike"],"picked":"Infernal Blade","floor":8.0},{"not_picked":["Entrench","Armaments"],"picked":"Dual Wield","floor":11.0},{"not_picked":["Intimidate","Flex"],"picked":"Rupture","floor":12.0},{"not_picked":["Dark Embrace","Exhume"],"picked":"Shrug It Off","floor":14.0},{"not_picked":["Double Tap","Reaper"],"picked":"Barricade","floor":16.0},{"not_picked":["Warcry","Headbutt","Burning Pact"],"picked":"SKIP","floor":18.0},{"not_picked":["Rampage","Whirlwind"],"picked":"Entrench","floor":20.0},{"not_picked":["Evolve+1","True Grit","Armaments"],"picked":"SKIP","floor":21.0},{"not_picked":["True Grit","Warcry+1","Iron Wave"],"picked":"SKIP","floor":22.0},{"not_picked":["Uppercut","Thunderclap"],"picked":"Juggernaut","floor":23.0},{"not_picked":["Iron Wave+1","Clothesline"],"picked":"Flex","floor":24.0},{"not_picked":["Whirlwind","Cleave"],"picked":"True Grit+1","floor":27.0},{"not_picked":["Inflame","Perfected Strike"],"picked":"Exhume+1","floor":29.0},{"not_picked":["Barricade","Feed"],"picked":"Fiend Fire","floor":33.0},{"not_picked":["Reckless Charge","Seeing Red+1"],"picked":"Body Slam+1","floor":35.0},{"not_picked":["Ghostly Armor+1","Armaments+1"],"picked":"Shrug It Off+1","floor":36.0},{"not_picked":["Cleave+1","Sword Boomerang"],"picked":"Infernal Blade+1","floor":37.0},{"not_picked":["Shrug It Off+1","Clothesline"],"picked":"Body Slam+1","floor":37.0},{"not_picked":["Headbutt+1","Clash+1"],"picked":"Impervious+1","floor":37.0},{"not_picked":["Carnage","Rage+1"],"picked":"Shrug It Off+1","floor":41.0},{"not_picked":["Wild Strike+1","Sever Soul","Blood for Blood+1"],"picked":"SKIP","floor":44.0},{"not_picked":["Evolve","Twin Strike+1"],"picked":"Headbutt+1","floor":46.0},{"not_picked":["Iron Wave","Anger+1","Sword Boomerang"],"picked":"SKIP","floor":48.0},{"not_picked":["Bludgeon","Sever Soul"],"picked":"Armaments+1","floor":54.0}],"player_experience":117977,"relics_obtained":[{"floor":6.0,"key":"Dota2Spire:AssaultCuirass"},{"floor":8.0,"key":"Gambling Chip"},{"floor":9.0,"key":"Ice Cream"},{"floor":12.0,"key":"Juzu Bracelet"},{"floor":23.0,"key":"Toy Ornithopter"},{"floor":26.0,"key":"Toxic Egg 2"},{"floor":44.0,"key":"Bottled Lightning"},{"floor":45.0,"key":"Charon\u0027s Ashes"},{"floor":54.0,"key":"Dota2Spire:BladeMail"}],"event_choices":[{"damage_healed":0.0,"max_hp_gain":0.0,"max_hp_loss":0.0,"gold_gain":0.0,"event_name":"Shining Light","player_choice":"Entered Light","floor":2.0,"gold_loss":0.0,"damage_taken":16.0,"cards_upgraded":["Defend_R","Strike_R"]},{"damage_healed":0.0,"max_hp_gain":0.0,"max_hp_loss":0.0,"gold_gain":0.0,"event_name":"Match and Keep!","player_choice":"1 cards matched","floor":4.0,"gold_loss":0.0,"damage_taken":0.0,"cards_obtained":["Exhume"]},{"damage_healed":0.0,"max_hp_gain":0.0,"max_hp_loss":0.0,"gold_gain":0.0,"event_name":"Scrap Ooze","player_choice":"Success","floor":13.0,"gold_loss":0.0,"damage_taken":7.0,"relics_obtained":["Paper Frog"]},{"cards_removed":["Bash"],"damage_healed":0.0,"max_hp_gain":0.0,"max_hp_loss":0.0,"gold_gain":0.0,"event_name":"Back to Basics","player_choice":"Elegance","floor":30.0,"gold_loss":0.0,"damage_taken":0.0},{"damage_healed":0.0,"max_hp_gain":0.0,"max_hp_loss":0.0,"gold_gain":0.0,"event_name":"Match and Keep!","player_choice":"0 cards matched","floor":38.0,"gold_loss":0.0,"damage_taken":0.0,"cards_obtained":[]},{"cards_removed":["Strike_R"],"damage_healed":0.0,"max_hp_gain":0.0,"max_hp_loss":0.0,"gold_gain":0.0,"event_name":"Falling","player_choice":"Removed Attack","floor":39.0,"gold_loss":0.0,"damage_taken":0.0},{"damage_healed":0.0,"max_hp_gain":0.0,"max_hp_loss":0.0,"gold_gain":0.0,"event_name":"SensoryStone","player_choice":"Memory 1","floor":42.0,"gold_loss":0.0,"damage_taken":0.0},{"damage_healed":0.0,"max_hp_gain":0.0,"max_hp_loss":0.0,"gold_gain":0.0,"event_name":"MindBloom","player_choice":"Fight","floor":45.0,"gold_loss":0.0,"damage_taken":0.0}],"is_beta":false,"boss_relics":[{"not_picked":["SacredBark","Sozu"],"picked":"Astrolabe"},{"not_picked":["Tiny House","Snecko Eye"],"picked":"Dota2Spire:RefresherOrb"}],"items_purged_floors":[19,53],"is_endless":false,"potions_floor_spawned":[6,12,14,16,22,24,29,36,44,45,54],"killed_by":"The Heart","ascension_level":0}}