{"host":"46dxij13gllk3u9t","time":1609797100,"event":{"mods":["BaseMod","Beaked The Cultist","Better Note","BetterRewards","Colored Powertips","Custom Start","Minty Spire (QoL Compilation)","Relic Sorter","Shop Mod","StSLib","The IronCluck","slay the spire mod where everything is the same but ironclad has a cowboy hat"],"gold_per_floor":[109,126,126,146,165,165,196,196,221,233,278,310,351,382,394,511,523,554,616,639,247,347,372,372,372],"floor_reached":24,"playtime":1454,"items_purged":["beaked:Defend_Y"],"score":336,"play_id":"2f5a49bd-58a8-4885-9162-788234416ae7","local_time":"20210104165140","is_ascension_mode":false,"campfire_choices":[{"data":"beaked:Ceremony","floor":8,"key":"SMITH"},{"floor":15,"key":"REST"}],"circlet_count":0,"master_deck":["beaked:Strike_Y","beaked:Strike_Y","beaked:Strike_Y","beaked:Strike_Y","beaked:Strike_Y","beaked:Defend_Y","beaked:Defend_Y","beaked:Defend_Y","beaked:Ceremony","beaked:Ceremony","beaked:Ceremony+1","beaked:Flinch","beaked:Windmill","beaked:Daydream","beaked:FeelMyPain+1","beaked:Caw","beaked:Foresight","beaked:Recite+1","beaked:Molting","beaked:FakeOut","beaked:CrazyRituals"],"relics":["beaked:MendingPlumage","Torii","Boot","Regal Pillow","Dead Branch","Sozu","Bronze Scales","MerchantsRug","Toy Ornithopter"],"acts_visited":["Exordium","TheCity"],"potions_floor_usage":[5,16,16],"damage_taken":[{"damage":1,"enemies":"Small Slimes","floor":1,"turns":5},{"damage":2,"enemies":"2 Louse","floor":2,"turns":4},{"damage":1,"enemies":"Jaw Worm","floor":4,"turns":4},{"damage":10,"enemies":"Gremlin Gang","floor":5,"turns":6},{"damage":36,"enemies":"Lagavulin","floor":7,"turns":6},{"damage":25,"enemies":"3 Sentries","floor":11,"turns":5},{"damage":12,"enemies":"2 Fungi Beasts","floor":12,"turns":7},{"damage":28,"enemies":"Gremlin Nob","floor":13,"turns":4},{"damage":0,"enemies":"Looter","floor":14,"turns":3},{"damage":62,"enemies":"The Guardian","floor":16,"turns":9},{"damage":52,"enemies":"2 Thieves","floor":18,"turns":4},{"damage":23,"enemies":"Spheric Guardian","floor":20,"turns":7},{"damage":36,"enemies":"Book of Stabbing","floor":23,"turns":5},{"damage":30,"enemies":"Snake Plant","floor":24,"turns":4}],"seed_played":"5055776774834135689","potions_obtained":[{"floor":4,"key":"Swift Potion"},{"floor":5,"key":"ColorlessPotion"},{"floor":11,"key":"SkillPotion"},{"floor":13,"key":"Ancient Potion"}],"is_trial":false,"path_per_floor":["M","M","?","M","M","?","E","R","T","?","E","M","E","M","R","B",null,"M","?","M","$","?","E","M"],"character_chosen":"BEAKED_THE_CULTIST","items_purchased":["Torii","Bronze Scales","War Paint","MerchantsRug"],"campfire_rested":1,"item_purchase_floors":[0,21,21,21],"current_hp_per_floor":[50,50,43,50,50,55,28,28,28,28,16,21,4,14,45,10,57,16,16,30,30,30,10,0,0],"gold":372,"neow_bonus":"","is_daily":false,"chose_seed":false,"campfire_upgraded":1,"win_rate":0.0,"timestamp":1609797100,"path_taken":["M","M","?","M","M","?","E","R","T","?","E","M","E","M","R","BOSS","M","?","?","$","?","E","M"],"items_purchased_type":["Relic","Relic","Relic","Relic"],"build_version":"2020-12-22","purchased_purges":1,"victory":false,"max_hp_per_floor":[50,50,50,50,50,55,55,55,55,55,55,55,55,55,55,57,57,57,57,57,57,57,57,57,57],"card_choices":[{"not_picked":["beaked:MimicMachine","beaked:Brace"],"picked":"beaked:Flinch","floor":1},{"not_picked":["beaked:MachineSpirit","beaked:Insight"],"picked":"beaked:Windmill","floor":2},{"not_picked":["beaked:Foresight","beaked:MimicHuntress"],"picked":"beaked:Daydream","floor":4},{"not_picked":["beaked:Cower","beaked:CursingBlood"],"picked":"beaked:FeelMyPain","floor":5},{"not_picked":["beaked:StickSmack","beaked:Flinch"],"picked":"beaked:Caw","floor":7},{"not_picked":["beaked:Devastation","beaked:Cower"],"picked":"beaked:Foresight","floor":11},{"not_picked":["beaked:BraceForImpact","beaked:Redirect"],"picked":"beaked:Recite","floor":12},{"not_picked":["beaked:MimicWarrior","beaked:Foresight"],"picked":"beaked:Molting","floor":13},{"not_picked":["beaked:VigorBurst","beaked:BraceForImpact","beaked:BloodRitual"],"picked":"SKIP","floor":14},{"not_picked":["beaked:Sacrifice","beaked:DarkPact"],"picked":"beaked:FakeOut","floor":16},{"not_picked":["beaked:Insight+1","beaked:HuntressSpirit"],"picked":"beaked:CrazyRituals","floor":18},{"not_picked":["beaked:Redirect","beaked:Poke","beaked:SacrificialDive"],"picked":"SKIP","floor":20},{"not_picked":["beaked:Replenish","beaked:TuckingFeathers","beaked:Daydream"],"picked":"SKIP","floor":23}],"player_experience":361418,"relics_obtained":[{"floor":7,"key":"Regal Pillow"},{"floor":9,"key":"MawBank"},{"floor":11,"key":"Dead Branch"},{"floor":13,"key":"Du-Vu Doll"},{"floor":23,"key":"Toy Ornithopter"}],"event_choices":[{"damage_healed":0,"gold_gain":0,"player_choice":"Success","damage_taken":7,"relics_obtained":["Boot"],"max_hp_gain":0,"max_hp_loss":0,"event_name":"Scrap Ooze","floor":3,"gold_loss":0},{"damage_healed":0,"gold_gain":0,"player_choice":"Donut","damage_taken":0,"max_hp_gain":5,"max_hp_loss":0,"event_name":"Big Fish","floor":6,"gold_loss":0},{"cards_removed":["beaked:Strike_Y"],"damage_healed":0,"gold_gain":0,"player_choice":"Forget","damage_taken":0,"max_hp_gain":0,"max_hp_loss":0,"event_name":"Living Wall","floor":10,"gold_loss":0},{"damage_healed":0,"gold_gain":100,"player_choice":"Bet on Murderer","damage_taken":0,"max_hp_gain":0,"max_hp_loss":0,"event_name":"The Joust","floor":19,"gold_loss":50},{"damage_healed":0,"gold_gain":100,"player_choice":"Pray","damage_taken":0,"max_hp_gain":0,"max_hp_loss":0,"event_name":"Golden Shrine","floor":22,"gold_loss":0}],"is_beta":false,"boss_relics":[{"not_picked":["SacredBark","SlaversCollar"],"picked":"Sozu"}],"items_purged_floors":[21],"is_endless":false,"potions_floor_spawned":[4,5,11,13],"killed_by":"Snake Plant","ascension_level":0}}