{"host":"u4pncpybdtxxvw4r","time":1609777659,"event":{"mods":["AchievementEnabler","BaseMod","Block Reminder","Colored Powertips","Downfall","Marisa£®ÏF”Í°°ƒß¿Ì…≥£©","Minty Spire (QoL Compilation)","Permanent Neow","Potion Indicator Mod","Rare Cards Sparkle","StSLib","SuperFastMode"],"gold_per_floor":[0,17,27,43,4,4,52,52,65,5,31,31,64,80,99,201,201,51,66,66,6,22,41,41,41,52,52,78,78,9,25,40,141,141,141,157,168,168,168,168],"floor_reached":38,"playtime":3833,"items_purged":[],"score":458,"play_id":"f739f365-1e0d-44af-8c0a-1210e19ac54c","local_time":"20210105002739","is_ascension_mode":false,"campfire_choices":[{"data":"hexamod:Sear","floor":1,"key":"SMITH"},{"floor":8,"key":"RECALL"},{"data":"hexamod:Firestarter","floor":18,"key":"SMITH"},{"floor":25,"key":"REST"},{"data":"Ghostly","floor":35,"key":"SMITH"}],"circlet_count":0,"master_deck":["hexamod:Sear+1","hexamod:Float","hexamod:NightmareGuise","hexamod:SpectersWail","hexamod:Firestarter+1","hexamod:TimeOfNeed","hexamod:NightmareStrike","hexamod:SoulSteal","hexamod:Hexaguard","hexamod:BurningTouch","hexamod:EmpoweredFlame","Parasite","hexamod:GhostShield","hexamod:SpectralAdrenaline","hexamod:FastForward","hexamod:WildfireWeapon","hexamod:Hexaguard","Necronomicurse","hexamod:InspiringFlames","hexamod:RainOfEmbers","hexamod:ChargedBarrage+1","hexamod:DynamicBlow","hexamod:FirstSeal","Ghostly+1","Ghostly","Ghostly","hexamod:CouncilsJustice","hexamod:CouncilsJustice","hexamod:CouncilsJustice","hexamod:SpectersWail","hexamod:WildfireWeapon","hexamod:FastForward","hexamod:InspiringFlames+1","hexamod:ThermalTransfer","hexamod:SearingWound","hexamod:HeatMetal+1","hexamod:GhostOfSpireFuture+1"],"relics":["hexamod:SpiritBrand","StoneCalendar","PreservedInsect","Darkstone Periapt","Snecko Eye","downfall:HeartBlessingRed","downfall:HeartBlessingBlue","Necronomicon","InkBottle","Toy Ornithopter","Runic Pyramid"],"acts_visited":["Exordium","TheCity","TheBeyond"],"potions_floor_usage":[16,16,16,32,38,38,38],"damage_taken":[{"damage":1,"enemies":"Cultist","floor":2,"turns":3},{"damage":0,"enemies":"Small Slimes","floor":3,"turns":3},{"damage":0,"enemies":"Jaw Worm","floor":4,"turns":3},{"damage":0,"enemies":"downfall:FleeingMerchant","floor":5,"turns":4},{"damage":4,"enemies":"Exordium Wildlife","floor":9,"turns":4},{"damage":4,"enemies":"downfall:FleeingMerchant","floor":10,"turns":4},{"damage":12,"enemies":"Lagavulin","floor":11,"turns":6},{"damage":22,"enemies":"Gremlin Nob","floor":13,"turns":4},{"damage":12,"enemies":"Blue Slaver","floor":14,"turns":3},{"damage":12,"enemies":"3 Louse","floor":15,"turns":3},{"damage":18,"enemies":"downfall:Watcher","floor":16,"turns":7},{"damage":17,"enemies":"Spheric Guardian","floor":19,"turns":6},{"damage":0,"enemies":"downfall:FleeingMerchant","floor":21,"turns":4},{"damage":6,"enemies":"Centurion and Healer","floor":22,"turns":3},{"damage":13,"enemies":"Shelled Parasite and Fungi","floor":23,"turns":4},{"damage":15,"enemies":"Cultist and Chosen","floor":26,"turns":5},{"damage":31,"enemies":"Slavers","floor":28,"turns":7},{"damage":0,"enemies":"downfall:FleeingMerchant","floor":30,"turns":4},{"damage":0,"enemies":"Centurion and Healer","floor":31,"turns":3},{"damage":19,"enemies":"Snecko","floor":32,"turns":5},{"damage":2,"enemies":"downfall:Ironclad","floor":33,"turns":7},{"damage":16,"enemies":"3 Shapes","floor":36,"turns":5},{"damage":14,"enemies":"3 Darklings","floor":37,"turns":7},{"damage":34,"enemies":"Spire Growth","floor":38,"turns":4}],"seed_played":"4988010540893357130","potions_obtained":[{"floor":4,"key":"Fire Potion"},{"floor":11,"key":"DistilledChaos"},{"floor":13,"key":"AttackPotion"},{"floor":16,"key":"GamblersBrew"},{"floor":19,"key":"Fire Potion"},{"floor":26,"key":"Swift Potion"},{"floor":32,"key":"Fire Potion"}],"is_trial":false,"path_per_floor":["R","M","M","M","$","?","T","R","M","$","E","?","E","M","M","B",null,"R","M","?","$","M","M","T","R","M","?","E","?","$","M","M","B",null,"R","M","M","M"],"character_chosen":"THE_SPIRIT","items_purchased":["hexamod:NightmareStrike","hexamod:BurningTouch","hexamod:RainOfEmbers","hexamod:FastForward"],"campfire_rested":1,"item_purchase_floors":[5,10,21,30],"current_hp_per_floor":[70,69,69,69,69,69,69,69,65,61,49,66,44,32,20,2,70,80,63,53,53,47,34,34,59,44,43,19,33,40,43,36,34,43,43,27,13,0,0,0],"gold":168,"neow_bonus":"ONE_RARE_RELIC","is_daily":false,"chose_seed":false,"campfire_upgraded":3,"win_rate":0.0,"timestamp":1609777659,"path_taken":["R","M","M","M","$","?","T","R","M","$","E","?","E","M","M","BOSS","R","M","?","$","M","M","T","R","M","?","E","?","$","?","M","BOSS","R","M","M","M"],"items_purchased_type":["Card","Card","Card","Card"],"build_version":"2020-12-22","purchased_purges":0,"victory":false,"max_hp_per_floor":[70,70,70,70,70,70,70,70,70,70,70,70,70,70,70,70,70,80,80,86,86,86,86,86,86,86,43,43,43,43,43,43,43,43,43,43,43,43,43,43],"card_choices":[{"not_picked":["hexamod:RetreatToShadows","hexamod:PhantomCloak"],"picked":"hexamod:NightmareGuise","floor":2},{"not_picked":["hexamod:HeatMetal","hexamod:HeatShield"],"picked":"hexamod:SpectersWail","floor":3},{"not_picked":["hexamod:NecessarySacrifice","hexamod:AdvancingGuard"],"picked":"hexamod:Firestarter","floor":4},{"not_picked":["hexamod:HeatCrush","hexamod:Firestarter"],"picked":"hexamod:TimeOfNeed","floor":5},{"not_picked":["hexamod:HauntingEcho","hexamod:AdvancingGuard"],"picked":"hexamod:SoulSteal","floor":9},{"not_picked":["hexamod:GhostOfSpirePresent","hexamod:ShieldOfDarkness"],"picked":"hexamod:Hexaguard","floor":10},{"not_picked":["hexamod:Hexaguard","hexamod:Haunt"],"picked":"hexamod:EmpoweredFlame","floor":11},{"not_picked":["hexamod:SwordOfDarkness","hexamod:FastForward"],"picked":"hexamod:GhostShield","floor":13},{"not_picked":["hexamod:ParanormalForm","hexamod:NightmareStrike"],"picked":"hexamod:SpectralAdrenaline","floor":14},{"not_picked":["hexamod:GhostOfSpireFuture","hexamod:GhostShield"],"picked":"hexamod:FastForward","floor":15},{"not_picked":["hexamod:TurnItUp","hexamod:TimeWarp"],"picked":"hexamod:WildfireWeapon","floor":16},{"not_picked":["hexamod:BacktrackSmack","hexamod:FirstSeal"],"picked":"hexamod:Hexaguard","floor":19},{"not_picked":["hexamod:Hexaguard","hexamod:ShieldOfDarkness"],"picked":"hexamod:InspiringFlames","floor":21},{"not_picked":["hexamod:GhostLash+1","hexamod:RetreatToShadows"],"picked":"hexamod:ChargedBarrage+1","floor":22},{"not_picked":["hexamod:SpectersWail+1","hexamod:RetreatToShadows+1"],"picked":"hexamod:DynamicBlow","floor":23},{"not_picked":["hexamod:GhostLash","hexamod:Firestarter"],"picked":"hexamod:FirstSeal","floor":26},{"not_picked":["hexamod:FastForward","hexamod:Firestarter"],"picked":"hexamod:SpectersWail","floor":28},{"not_picked":["hexamod:GhostLash+1","hexamod:SwordOfDarkness"],"picked":"hexamod:WildfireWeapon","floor":30},{"not_picked":["hexamod:FastForward","hexamod:RainOfEmbers+1"],"picked":"hexamod:InspiringFlames+1","floor":31},{"not_picked":["hexamod:Haunt","hexamod:GhostLash"],"picked":"hexamod:ThermalTransfer","floor":32},{"not_picked":["hexamod:ParanormalForm","hexamod:VolcanoVisage"],"picked":"hexamod:SearingWound","floor":33},{"not_picked":["hexamod:HauntingEcho","hexamod:BurningTouch+1"],"picked":"hexamod:HeatMetal+1","floor":36},{"not_picked":["hexamod:HauntingEcho","hexamod:ThirdSeal"],"picked":"hexamod:GhostOfSpireFuture+1","floor":37}],"player_experience":30044,"relics_obtained":[{"floor":11,"key":"PreservedInsect"},{"floor":13,"key":"Darkstone Periapt"},{"floor":20,"key":"Necronomicon"},{"floor":24,"key":"InkBottle"},{"floor":28,"key":"Toy Ornithopter"}],"event_choices":[{"damage_healed":17,"gold_gain":0,"player_choice":"Healed and dodged fight","damage_taken":0,"max_hp_gain":0,"max_hp_loss":0,"event_name":"Mushrooms","floor":12,"gold_loss":0,"cards_obtained":["Parasite"]},{"damage_healed":14,"gold_gain":0,"player_choice":"Heal","damage_taken":0,"max_hp_gain":0,"max_hp_loss":0,"event_name":"The Library","floor":29,"gold_loss":0}],"is_beta":false,"boss_relics":[{"not_picked":["Coffee Dripper","Calling Bell"],"picked":"Snecko Eye"},{"not_picked":["hexamod:IceCube","Velvet Choker"],"picked":"Runic Pyramid"}],"items_purged_floors":[],"is_endless":false,"potions_floor_spawned":[4,11,13,14,15,16,19,26,32,33],"killed_by":"Spire Growth","ascension_level":0}}