{"host":"eydwxg59205c3vtl","time":1609793612,"event":{"mods":["2.2 Compatiblity","BaseMod","Colored Map","Colored Powertips","Hubris","Minty Spire (QoL Compilation)","StSLib","The Jungle","The Necromancer"],"gold_per_floor":[115,390,400,420,438,468,87,87,87,105,105,119,133,133,133,230,230,247,1,21,34,34,60,60,75,75,91,109,135,154,154,154,250,250,267,312,312,331,0,0,34,48,73,87,87,103,130,146,146,146],"floor_reached":51,"playtime":2158,"items_purged":["Regret"],"score":930,"play_id":"7ba4bd57-2689-4478-8f27-97735e1a1ce2","local_time":"20210104155332","is_ascension_mode":false,"campfire_choices":[{"data":"1","floor":8.0,"key":"LIFT"},{"data":"2","floor":11.0,"key":"LIFT"},{"floor":15.0,"key":"REST"},{"data":"3","floor":24.0,"key":"LIFT"},{"data":"Armaments","floor":32,"key":"SMITH"},{"data":"hubris:ReadiedAction","floor":40,"key":"SMITH"},{"data":"Flame Barrier","floor":49,"key":"SMITH"}],"circlet_count":0,"master_deck":["Defend_R","Defend_R","Defend_R","Defend_R","Bash","Anger","Cleave","Metallicize","hubris:ReadiedAction+1","Feed","Pommel Strike","Sword Boomerang","Armaments+1","Demon Form","Sword Boomerang","Armaments+1","Ghostly Armor","Uppercut","Shrug It Off","Infernal Blade+1","Heavy Blade","Fire Breathing","Impervious","Double Tap","Seeing Red+1","Spot Weakness+1","hubris:StunningStrike+1","Feel No Pain+1","Body Slam+1","Barricade","Flame Barrier+1","Dark Embrace","Offering","Feel No Pain+1","Entrench+1","Body Slam+1","Metallicize","Heavy Blade+1"],"relics":["Black Blood","Girya","Kunai","Dead Branch","hubris:Icosahedron","hubris:PeanutButter","Mummified Hand","Bottled Lightning","hubris:ToyBattleship","Nilry\u0027s Codex","Astrolabe","Lizard Tail","Paper Frog","hubris:BundleOfHerbs","Bronze Scales","CaptainsWheel"],"acts_visited":["Exordium","TheCity","TheBeyond"],"potions_floor_usage":[],"damage_taken":[{"damage":2.0,"enemies":"Small Slimes","floor":1.0,"turns":3.0},{"damage":2.0,"enemies":"Cultist","floor":3.0,"turns":3.0},{"damage":5.0,"enemies":"Jaw Worm","floor":4.0,"turns":3.0},{"damage":22.0,"enemies":"Gremlin Gang","floor":5.0,"turns":4.0},{"damage":32.0,"enemies":"Lagavulin","floor":6.0,"turns":8.0},{"damage":2.0,"enemies":"2 Fungi Beasts","floor":10.0,"turns":3.0},{"damage":8.0,"enemies":"Large Slime","floor":12.0,"turns":4.0},{"damage":7.0,"enemies":"Blue Slaver","floor":13.0,"turns":2.0},{"damage":30.0,"enemies":"Hexaghost","floor":16.0,"turns":7.0},{"damage":1.0,"enemies":"Spheric Guardian","floor":18.0,"turns":3.0},{"damage":7.0,"enemies":"Shell Parasite","floor":20.0,"turns":3.0},{"damage":4.0,"enemies":"Snecko","floor":21.0,"turns":4.0},{"damage":27.0,"enemies":"Gremlin Leader","floor":23.0,"turns":7.0},{"damage":0.0,"enemies":"Centurion and Healer","floor":25.0,"turns":4.0},{"damage":1.0,"enemies":"3 Cultists","floor":27.0,"turns":5.0},{"damage":5.0,"enemies":"Snecko","floor":28.0,"turns":3.0},{"damage":32,"enemies":"Slavers","floor":29,"turns":5},{"damage":2,"enemies":"Centurion and Healer","floor":30,"turns":4},{"damage":10,"enemies":"hubris:MusketHawk","floor":33,"turns":6},{"damage":2,"enemies":"3 Darklings","floor":35,"turns":4},{"damage":43,"enemies":"2 Orb Walkers","floor":36,"turns":5},{"damage":0,"enemies":"3 Shapes","floor":38,"turns":4},{"damage":0,"enemies":"Giant Head","floor":41,"turns":7},{"damage":0,"enemies":"Transient","floor":42,"turns":5},{"damage":6,"enemies":"Maw","floor":44,"turns":6},{"damage":8,"enemies":"Writhing Mass","floor":46,"turns":5},{"damage":0,"enemies":"Reptomancer","floor":47,"turns":3},{"damage":9,"enemies":"Spire Growth","floor":48,"turns":2},{"damage":8,"enemies":"hubris:GrandSnecko","floor":50,"turns":6}],"seed_played":"7698175368319969693","potions_obtained":[{"floor":1.0,"key":"ElixirPotion"},{"floor":10.0,"key":"Swift Potion"},{"floor":13.0,"key":"FearPotion"},{"floor":18.0,"key":"SkillPotion"},{"floor":27.0,"key":"SpeedPotion"},{"floor":29,"key":"SteroidPotion"},{"floor":35,"key":"BlessingOfTheForge"},{"floor":38,"key":"EntropicBrew"}],"is_trial":false,"path_per_floor":["M","?","M","M","M","E","$","R","T","M","R","M","M","?","R","B",null,"M","$","M","M","?","E","R","M","T","M","M","E","M","?","R","B",null,"M","?","?","M","$","R","E","M","T","M","?","M","E","M","R","B",null],"character_chosen":"IRONCLAD","items_purchased":["Kunai","Sword Boomerang","hubris:PeanutButter","Paper Frog","Dark Embrace"],"campfire_rested":1,"item_purchase_floors":[7,7,19,39,39],"current_hp_per_floor":[80,80,80,80,64,38,38,38,38,42,42,40,42,42,66,42,83,86,86,90,90,90,75,75,87,87,93,93,73,83,67,67,69,93,93,62,62,74,74,74,86,93,93,93,93,93,93,93,93,93],"gold":146,"neow_bonus":"THREE_CARDS","is_daily":false,"chose_seed":false,"campfire_upgraded":3,"win_rate":0.0,"timestamp":1609793612,"path_taken":["M","?","M","M","M","E","$","R","T","M","R","M","?","?","R","BOSS","M","$","M","M","?","E","R","M","T","M","?","E","M","?","R","BOSS","M","?","?","M","$","R","E","M","T","?","?","M","E","?","R","BOSS"],"items_purchased_type":["Relic","Card","Relic","Relic","Card"],"build_version":"2020-12-22","purchased_purges":1,"victory":true,"max_hp_per_floor":[80,80,80,80,80,80,80,80,80,80,80,80,83,83,83,83,83,86,86,90,90,90,90,90,90,90,93,93,93,93,93,93,93,93,93,93,93,93,93,93,93,93,93,93,93,93,93,93,93,93],"card_choices":[{"not_picked":["Warcry","True Grit"],"picked":"Anger","floor":0.0},{"not_picked":["hubris:SharpeningStone","Perfected Strike"],"picked":"Cleave","floor":1.0},{"not_picked":["Disarm","Headbutt"],"picked":"Metallicize","floor":3.0},{"not_picked":["Clash","Warcry"],"picked":"hubris:ReadiedAction","floor":4.0},{"not_picked":["Sword Boomerang","Body Slam"],"picked":"Feed","floor":5.0},{"not_picked":["Armaments","Infernal Blade"],"picked":"Pommel Strike","floor":6.0},{"not_picked":["Sever Soul","Perfected Strike","Flex"],"picked":"SKIP","floor":10.0},{"not_picked":["Heavy Blade","Disarm","Perfected Strike"],"picked":"SKIP","floor":12.0},{"not_picked":["Wild Strike","Heavy Blade"],"picked":"Armaments","floor":13.0},{"not_picked":["Offering","Corruption"],"picked":"Demon Form","floor":16.0},{"not_picked":["Heavy Blade","Perfected Strike"],"picked":"Sword Boomerang","floor":18.0},{"not_picked":["Havoc","hubris:SharpeningStone"],"picked":"Armaments+1","floor":20.0},{"not_picked":["Spot Weakness+1","Intimidate+1"],"picked":"Ghostly Armor","floor":21.0},{"not_picked":["Anger+1","Havoc"],"picked":"Uppercut","floor":23.0},{"not_picked":["Rupture","Clothesline"],"picked":"Shrug It Off","floor":25.0},{"not_picked":["Cleave","True Grit+1"],"picked":"Infernal Blade+1","floor":27.0},{"not_picked":["hubris:CleavingFinish","Reckless Charge"],"picked":"Heavy Blade","floor":28.0},{"not_picked":["Fire Breathing","Pommel Strike","Dark Embrace"],"picked":"SKIP","floor":29},{"not_picked":["Pommel Strike","Dark Embrace"],"picked":"Fire Breathing","floor":29},{"not_picked":["Power Through","Reckless Charge"],"picked":"Impervious","floor":30},{"not_picked":["Demon Form","Immolate"],"picked":"Double Tap","floor":33},{"not_picked":["Armaments+1","Metallicize+1"],"picked":"Feel No Pain+1","floor":35},{"not_picked":["Dual Wield+1","Disarm"],"picked":"Body Slam+1","floor":36},{"not_picked":["Thunderclap+1","Sword Boomerang+1"],"picked":"Flame Barrier","floor":38},{"not_picked":["Hemokinesis+1","Fire Breathing"],"picked":"Offering","floor":41},{"not_picked":["Anger+1","Searing Blow+1"],"picked":"Feel No Pain+1","floor":42},{"not_picked":["True Grit+1","Uppercut+1"],"picked":"Entrench+1","floor":44},{"not_picked":["Cleave+1","Clothesline"],"picked":"Body Slam+1","floor":46},{"not_picked":["Headbutt+1","hubris:StunningStrike"],"picked":"Metallicize","floor":47},{"not_picked":["Thunderclap+1","Clash"],"picked":"Heavy Blade+1","floor":48}],"player_experience":584294,"relics_obtained":[{"floor":6.0,"key":"Girya"},{"floor":9.0,"key":"Dead Branch"},{"floor":23.0,"key":"Mummified Hand"},{"floor":26.0,"key":"Bottled Lightning"},{"floor":29,"key":"hubris:ToyBattleship"},{"floor":31,"key":"Nilry\u0027s Codex"},{"floor":36,"key":"Lizard Tail"},{"floor":41,"key":"hubris:BundleOfHerbs"},{"floor":43,"key":"Bronze Scales"},{"floor":47,"key":"CaptainsWheel"}],"event_choices":[{"damage_healed":0.0,"max_hp_gain":0.0,"max_hp_loss":0.0,"gold_gain":275.0,"event_name":"Golden Shrine","player_choice":"Desecrate","floor":2.0,"gold_loss":0.0,"damage_taken":0.0,"cards_obtained":["Regret"]},{"cards_removed":["Strike_R"],"damage_healed":0.0,"max_hp_gain":0.0,"max_hp_loss":0.0,"gold_gain":0.0,"event_name":"Bonfire Elementals","player_choice":"Offered Basic","floor":22.0,"gold_loss":0.0,"damage_taken":0.0},{"damage_healed":0,"gold_gain":0,"player_choice":"Obtained Book","damage_taken":16,"max_hp_gain":0,"max_hp_loss":0,"event_name":"Cursed Tome","floor":31,"gold_loss":0},{"damage_healed":0,"gold_gain":0,"player_choice":"Fight","damage_taken":0,"max_hp_gain":0,"max_hp_loss":0,"event_name":"Mysterious Sphere","floor":36,"gold_loss":0},{"damage_healed":0,"gold_gain":0,"cards_transformed":["Strike_R"],"player_choice":"Transformed","damage_taken":0,"max_hp_gain":0,"max_hp_loss":0,"event_name":"Transmorgrifier","floor":37,"gold_loss":0,"cards_obtained":["Barricade"]},{"damage_healed":0,"gold_gain":0,"player_choice":"Bought 0 Potions","damage_taken":0,"max_hp_gain":0,"max_hp_loss":0,"event_name":"The Woman in Blue","floor":45,"gold_loss":0}],"is_beta":false,"boss_relics":[{"not_picked":["hubris:CrackedHourglass","Ectoplasm"],"picked":"Black Blood"},{"not_picked":["hubris:GrandSneckoEye","Velvet Choker"],"picked":"Astrolabe"}],"items_purged_floors":[7],"is_endless":false,"potions_floor_spawned":[1,10,13,18,27,29,35,38,46,48],"ascension_level":0}}