{"host":"yiit85oc4oi3nqs8","time":1609763998,"event":{"mods":["AchievementEnabler","BaseMod","Better Third Choice","Block Reminder","DeckTracker","Highlight Path","Keyboard Shortcuts","Minty Spire (QoL Compilation)","MonsterHotkey","Quick Restart","Random Character Button","Relic Stats","StSLib"],"gold_per_floor":[112,123,135,146,146,146,176,176,176,176,186,111,181,262,262,262,277,295,295,307,307,23,23,23,23,98,98,117,167,167,186,196,196,208,208,208,239,252,252,252,252,264,282,282,282,296,296,220,220,220,220,296,296,316,316,316,330,330,347,347,347,372,372,106,106,133,213,288,304,329,329,329,329,356,356,356,356,256,256,256,256,256,256,256,256,25,56,56],"floor_reached":89,"playtime":3997,"items_purged":["Strike_R","Parasite"],"score":3000,"play_id":"553573b8-3c2f-423c-989e-1ef6d51e0a70","local_time":"20210104213958","is_ascension_mode":true,"campfire_choices":[{"floor":6.0,"key":"REST"},{"data":"Dark Embrace","floor":8.0,"key":"SMITH"},{"data":"Intimidate","floor":9.0,"key":"SMITH"},{"data":"Sword Boomerang","floor":15.0,"key":"SMITH"},{"data":"True Grit","floor":16.0,"key":"SMITH"},{"data":"Reaper","floor":24.0,"key":"SMITH"},{"data":"Inflame","floor":25.0,"key":"SMITH"},{"data":"Corruption","floor":35.0,"key":"SMITH"},{"data":"Double Tap","floor":36.0,"key":"SMITH"},{"floor":44,"key":"RECALL"},{"floor":45,"key":"REST"},{"floor":49,"key":"REST"},{"data":"Feel No Pain","floor":50,"key":"SMITH"},{"data":"Limit Break","floor":63,"key":"SMITH"},{"data":"Searing Blow+1","floor":65,"key":"SMITH"},{"data":"Searing Blow+2","floor":73,"key":"SMITH"},{"data":"Searing Blow+3","floor":75,"key":"SMITH"},{"data":"Searing Blow+4","floor":76,"key":"SMITH"},{"data":"Searing Blow+5","floor":79,"key":"SMITH"},{"data":"Searing Blow+6","floor":80,"key":"SMITH"},{"data":"Searing Blow+7","floor":84,"key":"SMITH"}],"circlet_count":0,"master_deck":["AscendersBane","Defend_R","Defend_R","Defend_R","Defend_R","Bash+1","Fire Breathing+1","Twin Strike+1","Sword Boomerang+1","Intimidate+1","Double Tap+1","Dark Embrace+1","True Grit+1","Inflame+1","Reaper+1","Corruption+1","Fire Breathing+1","Fire Breathing+1","Feel No Pain+1","Limit Break+1","Searing Blow+8","Rage+1","Offering","Disarm"],"relics":["Burning Blood","Incense Burner","CaptainsWheel","Pear","Gremlin Horn","Shuriken","Astrolabe","Charon\u0027s Ashes","Whetstone","Torii","Snecko Eye","Akabeko","Mummified Hand","StrikeDummy","Bottled Lightning","Champion Belt","Sundial","Centennial Puzzle","Gambling Chip"],"acts_visited":["Exordium","TheCity","TheBeyond","TheEnding"],"potions_floor_usage":[43,82],"damage_taken":[{"damage":21.0,"enemies":"Small Slimes","floor":1.0,"turns":6.0},{"damage":18.0,"enemies":"Cultist","floor":2.0,"turns":5.0},{"damage":2.0,"enemies":"2 Louse","floor":3.0,"turns":3.0},{"damage":5.0,"enemies":"Large Slime","floor":4.0,"turns":6.0},{"damage":25.0,"enemies":"3 Sentries","floor":7.0,"turns":5.0},{"damage":10.0,"enemies":"Red Slaver","floor":11.0,"turns":4.0},{"damage":12.0,"enemies":"2 Fungi Beasts","floor":17.0,"turns":3.0},{"damage":4.0,"enemies":"Exordium Thugs","floor":18.0,"turns":4.0},{"damage":0.0,"enemies":"2 Fungi Beasts","floor":20.0,"turns":2.0},{"damage":15.0,"enemies":"Slime Boss","floor":26.0,"turns":6.0},{"damage":22.0,"enemies":"Shell Parasite","floor":28.0,"turns":5.0},{"damage":22.0,"enemies":"2 Thieves","floor":31.0,"turns":3.0},{"damage":0.0,"enemies":"Chosen and Byrds","floor":32.0,"turns":5.0},{"damage":28.0,"enemies":"Centurion and Healer","floor":34.0,"turns":5.0},{"damage":59.0,"enemies":"Slavers","floor":37.0,"turns":4.0},{"damage":12.0,"enemies":"Chosen and Byrds","floor":38.0,"turns":4.0},{"damage":1.0,"enemies":"Snake Plant","floor":42.0,"turns":5.0},{"damage":3,"enemies":"3 Cultists","floor":43,"turns":4},{"damage":36,"enemies":"Shelled Parasite and Fungi","floor":46,"turns":4},{"damage":53,"enemies":"Automaton","floor":52,"turns":8},{"damage":15,"enemies":"3 Darklings","floor":54,"turns":5},{"damage":0,"enemies":"3 Shapes","floor":57,"turns":3},{"damage":1,"enemies":"Writhing Mass","floor":59,"turns":5},{"damage":1,"enemies":"Reptomancer","floor":62,"turns":4},{"damage":13,"enemies":"Giant Head","floor":66,"turns":5},{"damage":0,"enemies":"Maw","floor":69,"turns":5},{"damage":0,"enemies":"Mind Bloom Boss Battle","floor":70,"turns":4},{"damage":17,"enemies":"Awakened One","floor":81,"turns":6},{"damage":25,"enemies":"Time Eater","floor":82,"turns":4},{"damage":51,"enemies":"Shield and Spear","floor":87,"turns":3},{"damage":25,"enemies":"The Heart","floor":88,"turns":5}],"seed_played":"-7536963502718778660","potions_obtained":[{"floor":1.0,"key":"DuplicationPotion"},{"floor":3.0,"key":"DuplicationPotion"},{"floor":17.0,"key":"PowerPotion"},{"floor":18.0,"key":"EssenceOfSteel"},{"floor":31.0,"key":"FairyPotion"},{"floor":54,"key":"EssenceOfSteel"}],"is_trial":false,"path_per_floor":["M","M","M","M","?","R","E","R","R","$","M","$","T","T","R","R","M","M","?","M","?","$","?","R","R","B",null,"M","?","?","M","M","?","M","R","R","E","M","T","T","?","M","M","R","R","M","$","?","R","R","R","B",null,"M","?","?","M","?","M","?","?","E","R","$","R","E","T","T","M","?","?","T","R","?","R","R","$","$","R","R","B","B",null,"R","$","$","E","B",null],"character_chosen":"IRONCLAD","items_purchased":["Shuriken","Feel No Pain","Mummified Hand","Offering","FearPotion"],"campfire_rested":3,"item_purchase_floors":[22,48,64,86,86],"current_hp_per_floor":[53,41,45,46,46,66,47,47,47,47,43,43,53,53,53,53,47,49,49,55,55,55,55,55,55,46,70,54,54,54,46,66,66,53,53,53,15,9,9,9,9,22,49,49,72,48,48,48,71,71,71,40,69,77,77,77,78,78,78,78,74,74,74,74,74,74,74,74,74,74,74,74,74,74,74,74,74,71,71,71,61,54,67,67,67,67,62,59],"gold":56,"neow_bonus":"ONE_RARE_RELIC","is_daily":false,"chose_seed":false,"campfire_upgraded":17,"win_rate":0.0,"timestamp":1609763998,"path_taken":["M","M","M","M","?","R","E","R","R","$","M","$","T","T","R","R","M","?","?","?","?","?","?","R","R","BOSS","M","?","?","M","?","?","M","R","R","E","M","T","T","?","?","M","R","R","M","?","?","R","R","R","BOSS","M","?","?","?","?","M","?","?","E","R","?","R","E","T","T","M","?","?","?","R","?","R","R","$","$","R","R","BOSS","BOSS","R","$","$","E","BOSS"],"items_purchased_type":["Relic","Card","Relic","Card","Potion"],"build_version":"2020-12-22","purchased_purges":2,"victory":true,"max_hp_per_floor":[68,68,68,68,68,68,68,68,68,68,68,68,78,78,78,78,78,78,78,78,78,78,78,78,78,78,78,78,78,78,78,78,78,78,78,78,78,78,78,78,78,78,78,78,78,78,78,78,78,78,78,78,78,78,78,78,78,78,78,78,74,74,74,74,74,74,74,74,74,74,74,74,74,74,74,74,74,71,71,71,71,71,71,71,71,71,71,71],"relic_stats":{"Gremlin Horn":[28,29],"Torii":28,"counters":[31,140],"Astrolabe":["Fire Breathing","Wild Strike","Fire Breathing"],"Charon\u0027s Ashes":[573],"Whetstone":["Twin Strike","Bash"],"Burning Blood":152,"Centennial Puzzle":[12],"Shuriken":[18],"Mummified Hand":[94],"Sundial":[6],"Gambling Chip":[4],"Snecko Eye":[98,94,99,97],"Champion Belt":[6],"obtain_stats":[{"Pear":13,"Gremlin Horn":14,"Torii":40,"Astrolabe":27,"Charon\u0027s Ashes":37,"Incense Burner":0,"Whetstone":39,"Burning Blood":0,"Akabeko":62,"CaptainsWheel":7,"Centennial Puzzle":74,"Shuriken":22,"Mummified Hand":64,"Sundial":72,"Gambling Chip":87,"Snecko Eye":53,"Bottled Lightning":68,"Champion Belt":70,"StrikeDummy":66},{"Pear":6,"Gremlin Horn":6,"Torii":16,"Astrolabe":10,"Charon\u0027s Ashes":15,"Incense Burner":0,"Whetstone":16,"Burning Blood":0,"Akabeko":24,"CaptainsWheel":5,"Centennial Puzzle":27,"Shuriken":9,"Mummified Hand":24,"Sundial":27,"Gambling Chip":30,"Snecko Eye":20,"Bottled Lightning":25,"Champion Belt":27,"StrikeDummy":25},{"Pear":29,"Gremlin Horn":29,"Torii":70,"Astrolabe":44,"Charon\u0027s Ashes":66,"Incense Burner":0,"Whetstone":70,"Burning Blood":0,"Akabeko":108,"CaptainsWheel":25,"Centennial Puzzle":122,"Shuriken":38,"Mummified Hand":108,"Sundial":122,"Gambling Chip":135,"Snecko Eye":91,"Bottled Lightning":113,"Champion Belt":122,"StrikeDummy":113}]},"card_choices":[{"not_picked":["Second Wind","Pommel Strike"],"picked":"Fire Breathing","floor":1.0},{"not_picked":["Clash","Pummel"],"picked":"Twin Strike","floor":2.0},{"not_picked":["Entrench","Twin Strike"],"picked":"Sword Boomerang","floor":3.0},{"not_picked":["Pommel Strike","Perfected Strike","Blood for Blood"],"picked":"SKIP","floor":4.0},{"not_picked":["Ghostly Armor","Evolve"],"picked":"Dark Embrace","floor":7.0},{"not_picked":["Power Through","Heavy Blade"],"picked":"True Grit","floor":11.0},{"not_picked":["Sword Boomerang","Pommel Strike"],"picked":"Inflame","floor":17.0},{"not_picked":["Dual Wield","Infernal Blade"],"picked":"Reaper","floor":18.0},{"not_picked":["True Grit","Body Slam","Warcry"],"picked":"SKIP","floor":20.0},{"not_picked":["Double Tap","Immolate"],"picked":"Corruption","floor":26.0},{"not_picked":["Cleave","Anger","Flex+1"],"picked":"SKIP","floor":28.0},{"not_picked":["Iron Wave","Thunderclap","Blood for Blood"],"picked":"SKIP","floor":31.0},{"not_picked":["Infernal Blade","Clothesline","True Grit"],"picked":"SKIP","floor":32.0},{"not_picked":["Sever Soul","Havoc","Dropkick+1"],"picked":"SKIP","floor":34.0},{"not_picked":["Flex","Combust","Headbutt+1"],"picked":"SKIP","floor":37.0},{"not_picked":["Shrug It Off","Clothesline","Sword Boomerang"],"picked":"SKIP","floor":38.0},{"not_picked":["Clash","Warcry","Cleave"],"picked":"SKIP","floor":42.0},{"not_picked":["Dual Wield","Flex","Uppercut"],"picked":"SKIP","floor":43},{"not_picked":["Battle Trance+1","Pommel Strike","Twin Strike"],"picked":"SKIP","floor":46},{"not_picked":["Feed","Corruption"],"picked":"Limit Break","floor":52},{"not_picked":["Clash","Iron Wave"],"picked":"Searing Blow+1","floor":54},{"not_picked":["Iron Wave+1","Heavy Blade","Havoc"],"picked":"SKIP","floor":57},{"not_picked":["Flex","Iron Wave+1","Warcry"],"picked":"SKIP","floor":59},{"not_picked":["Twin Strike","Carnage+1","Headbutt"],"picked":"SKIP","floor":62},{"not_picked":["Cleave","Warcry","Clothesline"],"picked":"SKIP","floor":66},{"not_picked":["Seeing Red","Wild Strike+1","Clothesline"],"picked":"SKIP","floor":69},{"not_picked":["Thunderclap","Clothesline+1"],"picked":"Rage+1","floor":70},{"not_picked":["Feed","Burning Pact"],"picked":"Disarm","floor":87}],"player_experience":442155,"relics_obtained":[{"floor":7.0,"key":"CaptainsWheel"},{"floor":13.0,"key":"Pear"},{"floor":14.0,"key":"Gremlin Horn"},{"floor":37.0,"key":"Charon\u0027s Ashes"},{"floor":39.0,"key":"Whetstone"},{"floor":40.0,"key":"Torii"},{"floor":62,"key":"Akabeko"},{"floor":66,"key":"StrikeDummy"},{"floor":68,"key":"Bottled Lightning"},{"floor":70,"key":"Champion Belt"},{"floor":72,"key":"Sundial"},{"floor":74,"key":"Centennial Puzzle"},{"floor":87,"key":"Gambling Chip"}],"event_choices":[{"damage_healed":0.0,"max_hp_gain":0.0,"max_hp_loss":0.0,"gold_gain":0.0,"event_name":"Match and Keep!","player_choice":"2 cards matched","floor":5.0,"gold_loss":0.0,"damage_taken":0.0,"cards_obtained":["Intimidate","Double Tap"]},{"damage_healed":0.0,"max_hp_gain":0.0,"max_hp_loss":0.0,"gold_gain":50.0,"event_name":"betterThird:BetterNest","player_choice":"Steal","floor":29.0,"gold_loss":0.0,"damage_taken":0.0},{"cards_removed":["Strike_R"],"damage_healed":0.0,"max_hp_gain":0.0,"max_hp_loss":0.0,"gold_gain":0.0,"event_name":"Purifier","player_choice":"Purged","floor":30.0,"gold_loss":0.0,"damage_taken":0.0},{"damage_healed":0.0,"max_hp_gain":0.0,"max_hp_loss":0.0,"gold_gain":0.0,"event_name":"Accursed Blacksmith","player_choice":"Forge","floor":41.0,"gold_loss":0.0,"damage_taken":0.0,"cards_upgraded":["Fire Breathing"]},{"damage_healed":0,"gold_gain":0,"player_choice":"Ignored","damage_taken":0,"max_hp_gain":0,"max_hp_loss":0,"event_name":"Mysterious Sphere","floor":55,"gold_loss":0},{"damage_healed":0,"gold_gain":0,"player_choice":"Ignored","damage_taken":0,"max_hp_gain":0,"max_hp_loss":0,"event_name":"Tomb of Lord Red Mask","floor":56,"gold_loss":0},{"damage_healed":0,"gold_gain":0,"player_choice":"Memory 1","damage_taken":0,"max_hp_gain":0,"max_hp_loss":0,"event_name":"SensoryStone","floor":60,"gold_loss":0},{"damage_healed":0,"gold_gain":0,"player_choice":"Max HP","damage_taken":0,"max_hp_gain":0,"max_hp_loss":4,"event_name":"Winding Halls","floor":61,"gold_loss":0},{"damage_healed":0,"gold_gain":0,"player_choice":"Fight","damage_taken":0,"max_hp_gain":0,"max_hp_loss":0,"event_name":"MindBloom","floor":70,"gold_loss":0},{"cards_removed":["Wild Strike"],"damage_healed":0,"gold_gain":0,"player_choice":"Removed Attack","damage_taken":0,"max_hp_gain":0,"max_hp_loss":0,"event_name":"Falling","floor":71,"gold_loss":0}],"is_beta":false,"boss_relics":[{"not_picked":["Calling Bell","Runic Pyramid"],"picked":"Astrolabe"},{"not_picked":["Black Star","Sozu"],"picked":"Snecko Eye"}],"items_purged_floors":[12,78],"is_endless":false,"potions_floor_spawned":[1,3,17,18,20,31,34,38,54,66,69,70,87],"ascension_level":20}}