{"host":"28p8ce41sjwa6lzf","time":1609771311,"event":{"mods":["BaseMod","Colored Map","Colored Powertips","Highlight Path","Minty Spire (QoL Compilation)","Permanent Neow","Quick Restart","Random Character Button","Rare Cards Sparkle","Relic Stats","StSLib","Unceasing Turn Reminder"],"gold_per_floor":[118,138,156,174,174,174,206,226,226,242,256,256,256],"floor_reached":12,"playtime":502,"items_purged":[],"score":168,"play_id":"dddc7fe4-1855-45ef-a01e-1a334afff9f2","local_time":"20210104084151","is_ascension_mode":true,"campfire_choices":[{"data":"Demon Form","floor":6.0,"key":"SMITH"}],"circlet_count":0,"master_deck":["AscendersBane","Strike_R","Strike_R","Strike_R","Strike_R","Strike_R","Defend_R","Defend_R","Defend_R","Defend_R","Bash","Demon Form+1","Shrug It Off","Spot Weakness","Battle Trance","Thunderclap","Disarm","Sword Boomerang","Thunderclap","Shrug It Off"],"relics":["Burning Blood","Vajra","StoneCalendar"],"acts_visited":["Exordium"],"potions_floor_usage":[10],"damage_taken":[{"damage":8.0,"enemies":"2 Louse","floor":1.0,"turns":4.0},{"damage":2.0,"enemies":"Small Slimes","floor":2.0,"turns":5.0},{"damage":0.0,"enemies":"Cultist","floor":3.0,"turns":3.0},{"damage":26.0,"enemies":"Large Slime","floor":4.0,"turns":7.0},{"damage":55.0,"enemies":"Gremlin Nob","floor":7.0,"turns":5.0},{"damage":3.0,"enemies":"Exordium Wildlife","floor":8.0,"turns":4.0},{"damage":11,"enemies":"Lots of Slimes","floor":10,"turns":4},{"damage":7,"enemies":"2 Fungi Beasts","floor":11,"turns":3},{"damage":8,"enemies":"Lagavulin","floor":12,"turns":5}],"seed_played":"4919914757152241523","potions_obtained":[{"floor":4.0,"key":"Swift Potion"},{"floor":8.0,"key":"DuplicationPotion"}],"is_trial":false,"path_per_floor":["M","M","M","M","?","R","E","M","T","M","M","E"],"character_chosen":"IRONCLAD","items_purchased":[],"campfire_rested":0,"item_purchase_floors":[],"current_hp_per_floor":[66,70,75,55,60,60,11,14,14,9,8,0,0],"gold":256,"neow_bonus":"ONE_RANDOM_RARE_CARD","is_daily":false,"chose_seed":false,"campfire_upgraded":1,"win_rate":0.0,"timestamp":1609771311,"path_taken":["M","M","M","M","?","R","E","M","T","M","M","E"],"items_purchased_type":[],"build_version":"2020-12-22","purchased_purges":0,"victory":false,"max_hp_per_floor":[75,75,75,75,80,80,80,80,80,80,80,80,80],"relic_stats":{"counters":[9,40],"StoneCalendar":[0],"obtain_stats":[{"Vajra":7,"StoneCalendar":9,"Burning Blood":0},{"Vajra":5,"StoneCalendar":6,"Burning Blood":0},{"Vajra":24,"StoneCalendar":28,"Burning Blood":0}],"Burning Blood":47},"card_choices":[{"not_picked":["Thunderclap","Searing Blow"],"picked":"Shrug It Off","floor":1.0},{"not_picked":["Body Slam","Shockwave"],"picked":"Spot Weakness","floor":2.0},{"not_picked":["Clothesline","Thunderclap"],"picked":"Battle Trance","floor":3.0},{"not_picked":["Feel No Pain","Rage"],"picked":"Thunderclap","floor":4.0},{"not_picked":["Armaments","Rampage"],"picked":"Disarm","floor":7.0},{"not_picked":["Pommel Strike","Demon Form"],"picked":"Sword Boomerang","floor":8.0},{"not_picked":["Anger","Clash"],"picked":"Thunderclap","floor":10},{"not_picked":["Sentinel","Iron Wave"],"picked":"Shrug It Off","floor":11}],"player_experience":1062040,"relics_obtained":[{"floor":7.0,"key":"Vajra"},{"floor":9.0,"key":"StoneCalendar"}],"event_choices":[{"damage_healed":0.0,"max_hp_gain":5.0,"max_hp_loss":0.0,"gold_gain":0.0,"event_name":"Big Fish","player_choice":"Donut","floor":5.0,"gold_loss":0.0,"damage_taken":0.0}],"is_beta":false,"boss_relics":[],"items_purged_floors":[],"is_endless":false,"potions_floor_spawned":[4,8],"killed_by":"Lagavulin","ascension_level":20}}