{"host":"nquo8ojcfeju04s6","time":1609797775,"event":{"mods":["Act Like it!","BaseMod","Better Third Choice","Downfall","Hermit","Minty Spire (QoL Compilation)","Pale of the Ancients","READ ME - Guardian Mod","StSLib"],"gold_per_floor":[109,109,27,45,45,45,56,56,79,91,91,126,88,164,164,164,164],"floor_reached":16,"playtime":1116,"items_purged":[],"score":98,"play_id":"1d500029-686e-4ff4-9148-0a2b04b5b789","local_time":"20210104230255","is_ascension_mode":false,"campfire_choices":[{"data":"hermit:Combo","floor":6,"key":"SMITH"},{"floor":15,"key":"REST"}],"circlet_count":0,"master_deck":["hermit:Strike_Hermit","hermit:Strike_Hermit","hermit:Strike_Hermit","hermit:Strike_Hermit","hermit:Defend_Hermit","hermit:Defend_Hermit","hermit:Defend_Hermit","hermit:Defend_Hermit","hermit:Snapshot","hermit:Covet","hermit:Roulette","hermit:Combo+1","hermit:Dive","hermit:Roughhouse","hermit:Strike_Hermit","hermit:Shortfuse","hermit:Headshot","hermit:Snipe"],"relics":["hermit:Momento","Oddly Smooth Stone","FossilizedHelix","Akabeko","Omamori","betterThird:SlimedRelic","Question Card"],"acts_visited":["Exordium"],"potions_floor_usage":[],"damage_taken":[{"damage":2,"enemies":"Small Slimes","floor":1,"turns":3},{"damage":0,"enemies":"Cultist","floor":4,"turns":3},{"damage":0,"enemies":"Jaw Worm","floor":7,"turns":4},{"damage":0,"enemies":"Gremlin Gang","floor":10,"turns":2},{"damage":6,"enemies":"3 Sentries","floor":12,"turns":7},{"damage":75,"enemies":"The Guardian","floor":16,"turns":15}],"seed_played":"6143016177531417908","potions_obtained":[{"floor":1,"key":"LiquidMemories"},{"floor":10,"key":"FearPotion"}],"is_trial":false,"path_per_floor":["M","?","$","M","?","R","M","?","T","M","?","E","?","T","R","B"],"character_chosen":"HERMIT","items_purchased":["hermit:Combo"],"campfire_rested":1,"item_purchase_floors":[3],"current_hp_per_floor":[73,73,73,73,73,73,73,73,73,73,73,67,56,56,75,0,0],"gold":164,"neow_bonus":"RANDOM_COMMON_RELIC","is_daily":false,"chose_seed":false,"campfire_upgraded":1,"win_rate":0.0,"timestamp":1609797775,"path_taken":["M","?","$","?","?","R","?","?","T","?","?","E","?","?","R","BOSS"],"items_purchased_type":["Card"],"build_version":"2020-12-22","purchased_purges":0,"victory":false,"max_hp_per_floor":[75,75,75,75,75,75,75,75,75,75,75,75,75,75,75,75,75],"card_choices":[{"not_picked":["hermit:Scavenge","hermit:FullyLoaded"],"picked":"hermit:Roulette","floor":1},{"not_picked":["hermit:Scavenge","hermit:BodyArmor"],"picked":"hermit:Dive","floor":4},{"not_picked":["hermit:Quickdraw","hermit:Combo"],"picked":"hermit:Shortfuse","floor":7},{"not_picked":["hermit:CalledShot","hermit:Horror"],"picked":"hermit:Headshot","floor":10},{"not_picked":["hermit:HighCaliber","hermit:LowProfile"],"picked":"hermit:Snipe","floor":12}],"player_experience":350422,"relics_obtained":[{"floor":9,"key":"Akabeko"},{"floor":12,"key":"Omamori"},{"floor":14,"key":"Question Card"}],"event_choices":[{"damage_healed":0,"gold_gain":0,"player_choice":"Gave Potion","damage_taken":0,"relics_obtained":["FossilizedHelix"],"max_hp_gain":0,"max_hp_loss":0,"event_name":"WeMeetAgain","floor":2,"gold_loss":0},{"damage_healed":0,"gold_gain":0,"player_choice":"2 cards matched","damage_taken":0,"max_hp_gain":0,"max_hp_loss":0,"event_name":"Match and Keep!","floor":5,"gold_loss":0,"cards_obtained":["hermit:Roughhouse","hermit:Strike_Hermit"]},{"damage_healed":0,"gold_gain":0,"player_choice":"Ignored","damage_taken":0,"max_hp_gain":0,"max_hp_loss":0,"event_name":"Purifier","floor":8,"gold_loss":0},{"damage_healed":0,"gold_gain":0,"player_choice":"Leave","damage_taken":0,"max_hp_gain":0,"max_hp_loss":0,"event_name":"The Cleric","floor":11,"gold_loss":0},{"damage_healed":0,"gold_gain":0,"player_choice":"Slimed","damage_taken":11,"max_hp_gain":0,"max_hp_loss":0,"event_name":"betterThird:BetterGoop","floor":13,"gold_loss":38}],"is_beta":false,"boss_relics":[],"items_purged_floors":[],"is_endless":false,"potions_floor_spawned":[1,10],"killed_by":"The Guardian","ascension_level":0}}