{"host":"qej2n2dxpc0uppw7","time":1609740520,"event":{"mods":["BaseMod","Colored Map","Minty Spire (QoL Compilation)","StSLib"],"gold_per_floor":[109,120,133,144,109,139,36,36,36,36,61,76,96,165,165,262,262,282,282,267,267,283,283,313,313,313,348,348,348,367,395,395,494,494,513,527,877,895,905,940,993,1011,1011,1054,1066,1078,214,514,514,514],"floor_reached":51,"playtime":4661,"items_purged":[],"score":800,"play_id":"749c1949-17fb-41bf-a3b2-fa784374cfae","local_time":"20210104030840","is_ascension_mode":false,"campfire_choices":[{"data":"Inflame","floor":8.0,"key":"SMITH"},{"data":"Shockwave","floor":10.0,"key":"SMITH"},{"floor":15.0,"key":"REST"},{"floor":23.0,"key":"REST"},{"floor":25.0,"key":"REST"},{"floor":32.0,"key":"REST"},{"data":"Forethought","floor":46.0,"key":"SMITH"},{"floor":49.0,"key":"REST"}],"circlet_count":0,"master_deck":["Strike_R","Strike_R","Strike_R","Strike_R","Strike_R","Defend_R","Defend_R","Defend_R","Defend_R","Bash","Warcry","Inflame","Metallicize","Shockwave+1","Inflame+1","Seeing Red","Blood for Blood","Dark Embrace","Armaments","Feed","Headbutt+1","Seeing Red","Flame Barrier+1","Shrug It Off","Pommel Strike","Iron Wave","Blood for Blood+1","Barricade+1","Disarm","Inflame+1","True Grit+1","Metallicize+1","Shockwave+1","Fire Breathing+1","Fire Breathing+1","Forethought+1","Magnetism+1","Blind","Mayhem+1","Discovery"],"relics":["Burning Blood","NeowsBlessing","Bag of Preparation","Gremlin Horn","StoneCalendar","Mark of Pain","Lizard Tail","Magic Flower","Bag of Marbles","Juzu Bracelet","Frozen Egg 2","Boot","Kunai","Snecko Eye","Old Coin","Bottled Tornado","Pocketwatch","MawBank","Girya","Lantern","TungstenRod","ClockworkSouvenir"],"acts_visited":["Exordium","TheCity","TheBeyond"],"potions_floor_usage":[50],"damage_taken":[{"damage":0.0,"enemies":"2 Louse","floor":1.0,"turns":1.0},{"damage":0.0,"enemies":"Small Slimes","floor":2.0,"turns":1.0},{"damage":0.0,"enemies":"Cultist","floor":3.0,"turns":1.0},{"damage":38.0,"enemies":"Gremlin Gang","floor":4.0,"turns":7.0},{"damage":34.0,"enemies":"3 Sentries","floor":6.0,"turns":9.0},{"damage":33.0,"enemies":"Gremlin Nob","floor":11.0,"turns":5.0},{"damage":14.0,"enemies":"Exordium Wildlife","floor":12.0,"turns":4.0},{"damage":10.0,"enemies":"Large Slime","floor":13.0,"turns":6.0},{"damage":27.0,"enemies":"The Guardian","floor":16.0,"turns":10.0},{"damage":31.0,"enemies":"Chosen","floor":18.0,"turns":7.0},{"damage":34.0,"enemies":"2 Thieves","floor":20.0,"turns":4.0},{"damage":19.0,"enemies":"Snecko","floor":22.0,"turns":5.0},{"damage":34.0,"enemies":"Gremlin Leader","floor":24.0,"turns":5.0},{"damage":40.0,"enemies":"Slavers","floor":27.0,"turns":7.0},{"damage":6.0,"enemies":"Centurion and Healer","floor":30.0,"turns":7.0},{"damage":10.0,"enemies":"Book of Stabbing","floor":31.0,"turns":5.0},{"damage":73.0,"enemies":"Champ","floor":33.0,"turns":10.0},{"damage":9.0,"enemies":"3 Shapes","floor":35.0,"turns":5.0},{"damage":31.0,"enemies":"Orb Walker","floor":36.0,"turns":6.0},{"damage":2.0,"enemies":"Mind Bloom Boss Battle","floor":37.0,"turns":5.0},{"damage":29.0,"enemies":"Writhing Mass","floor":38.0,"turns":7.0},{"damage":6.0,"enemies":"Jaw Worm Horde","floor":39.0,"turns":4.0},{"damage":26.0,"enemies":"Reptomancer","floor":40.0,"turns":9.0},{"damage":21.0,"enemies":"2 Orb Walkers","floor":41.0,"turns":7.0},{"damage":17.0,"enemies":"4 Shapes","floor":42.0,"turns":4.0},{"damage":0.0,"enemies":"Giant Head","floor":44.0,"turns":8.0},{"damage":105,"enemies":"Awakened One","floor":50,"turns":11}],"seed_played":"-7548660930976331923","potions_obtained":[{"floor":3.0,"key":"Regen Potion"},{"floor":6.0,"key":"ElixirPotion"},{"floor":12.0,"key":"Ancient Potion"},{"floor":13.0,"key":"Weak Potion"},{"floor":16.0,"key":"FairyPotion"},{"floor":22.0,"key":"Fire Potion"},{"floor":24.0,"key":"Weak Potion"},{"floor":29.0,"key":"ColorlessPotion"},{"floor":29.0,"key":"Block Potion"},{"floor":30.0,"key":"SpeedPotion"},{"floor":36.0,"key":"ColorlessPotion"},{"floor":38.0,"key":"DistilledChaos"},{"floor":39.0,"key":"Dexterity Potion"},{"floor":41.0,"key":"Regen Potion"},{"floor":42.0,"key":"Weak Potion"},{"floor":44.0,"key":"FairyPotion"}],"is_trial":false,"path_per_floor":["M","M","M","M","?","E","$","R","T","R","E","M","M","?","R","B",null,"M","?","M","T","M","R","E","R","T","E","?","?","M","E","R","B",null,"M","M","?","M","M","E","?","M","T","E","?","R","$","?","R","B",null],"character_chosen":"IRONCLAD","items_purchased":["Inflame","Seeing Red","Lantern","TungstenRod","ClockworkSouvenir","Mayhem+1","Discovery"],"campfire_rested":5,"item_purchase_floors":[7,7,47,47,47,47,47],"current_hp_per_floor":[80,80,80,62,80,52,52,52,52,52,25,17,13,13,37,16,80,55,55,27,27,17,41,16,40,40,14,14,14,22,26,52,48,89,89,67,74,54,62,45,33,44,44,53,43,43,43,43,70,24],"gold":514,"neow_bonus":"THREE_ENEMY_KILL","is_daily":false,"chose_seed":false,"campfire_upgraded":3,"win_rate":0.0,"timestamp":1609740520,"path_taken":["M","M","M","M","?","E","$","R","T","R","E","M","M","?","R","BOSS","M","?","M","?","M","R","E","R","T","E","?","?","M","E","R","BOSS","M","M","?","M","M","E","?","M","T","E","?","R","$","?","R","BOSS"],"items_purchased_type":["Card","Card","Relic","Relic","Relic","Card","Card"],"build_version":"2020-12-22","purchased_purges":0,"victory":true,"max_hp_per_floor":[80,80,80,80,80,80,80,80,80,80,80,80,80,80,80,80,80,80,80,80,80,80,80,80,80,80,83,83,83,86,89,89,89,89,89,89,89,89,92,92,92,92,92,92,92,92,92,92,92,92],"card_choices":[{"not_picked":["Anger","Clothesline"],"picked":"Warcry","floor":1.0},{"not_picked":["Clothesline","Warcry"],"picked":"Pommel Strike","floor":2.0},{"not_picked":["Sever Soul","Headbutt"],"picked":"Inflame","floor":3.0},{"not_picked":["Pommel Strike","Flex"],"picked":"Metallicize","floor":4.0},{"not_picked":["Pommel Strike","Searing Blow"],"picked":"Shockwave","floor":6.0},{"not_picked":["Searing Blow","Burning Pact"],"picked":"Blood for Blood","floor":11.0},{"not_picked":["Shrug It Off","Pommel Strike"],"picked":"Dark Embrace","floor":12.0},{"not_picked":["Rampage","Clash"],"picked":"Armaments","floor":13.0},{"not_picked":["Fiend Fire","Corruption"],"picked":"Feed","floor":16.0},{"not_picked":["Thunderclap","Twin Strike+1"],"picked":"Headbutt+1","floor":18.0},{"not_picked":["Blood for Blood","Anger+1"],"picked":"Seeing Red","floor":20.0},{"not_picked":["Warcry+1","Headbutt"],"picked":"Flame Barrier+1","floor":22.0},{"not_picked":["Power Through","Thunderclap"],"picked":"Shrug It Off","floor":24.0},{"not_picked":["Brutality+1","Pummel+1"],"picked":"Pommel Strike","floor":27.0},{"not_picked":["Cleave","Sword Boomerang"],"picked":"Iron Wave","floor":30.0},{"not_picked":["Battle Trance","Fiend Fire"],"picked":"Blood for Blood+1","floor":31.0},{"not_picked":["Juggernaut+1","Double Tap"],"picked":"Barricade+1","floor":33.0},{"not_picked":["True Grit","Clash","Sword Boomerang"],"picked":"SKIP","floor":35.0},{"not_picked":["Pommel Strike+1","Combust+1"],"picked":"Disarm","floor":36.0},{"not_picked":["Cleave","Dark Embrace+1"],"picked":"Inflame+1","floor":37.0},{"not_picked":["Combust+1","Second Wind+1"],"picked":"True Grit+1","floor":38.0},{"not_picked":["Dark Embrace+1","Combust+1"],"picked":"Metallicize+1","floor":39.0},{"not_picked":["Iron Wave+1","Hemokinesis","Armaments"],"picked":"SKIP","floor":40.0},{"not_picked":["Pummel","Rupture+1"],"picked":"Shockwave+1","floor":41.0},{"not_picked":["Second Wind+1","Juggernaut+1"],"picked":"Fire Breathing+1","floor":42.0},{"not_picked":["Anger","Second Wind"],"picked":"Fire Breathing+1","floor":44.0},{"not_picked":["Secret Weapon","Sadistic Nature+1"],"picked":"Forethought","floor":45.0},{"not_picked":["Blind","PanicButton"],"picked":"Magnetism+1","floor":45.0},{"not_picked":["Secret Technique","Panacea"],"picked":"Blind","floor":45.0}],"player_experience":115,"relics_obtained":[{"floor":6.0,"key":"Bag of Preparation"},{"floor":9.0,"key":"Gremlin Horn"},{"floor":11.0,"key":"StoneCalendar"},{"floor":21.0,"key":"Magic Flower"},{"floor":24.0,"key":"Bag of Marbles"},{"floor":26.0,"key":"Juzu Bracelet"},{"floor":27.0,"key":"Frozen Egg 2"},{"floor":31.0,"key":"Kunai"},{"floor":37.0,"key":"Old Coin"},{"floor":40.0,"key":"Bottled Tornado"},{"floor":41.0,"key":"Pocketwatch"},{"floor":43.0,"key":"MawBank"},{"floor":44.0,"key":"Girya"}],"event_choices":[{"damage_healed":20.0,"max_hp_gain":0.0,"max_hp_loss":0.0,"gold_gain":0.0,"event_name":"The Cleric","player_choice":"Healed","floor":5.0,"gold_loss":35.0,"damage_taken":0.0},{"damage_healed":0.0,"max_hp_gain":0.0,"max_hp_loss":0.0,"gold_gain":69.0,"event_name":"Golden Wing","player_choice":"Gained Gold","floor":14.0,"gold_loss":0.0,"damage_taken":0.0},{"cards_removed":["Pommel Strike"],"damage_healed":0.0,"max_hp_gain":0.0,"max_hp_loss":0.0,"gold_gain":0.0,"event_name":"WeMeetAgain","player_choice":"Gave Card","floor":19.0,"gold_loss":0.0,"damage_taken":0.0,"relics_obtained":["Lizard Tail"]},{"damage_healed":0.0,"max_hp_gain":0.0,"max_hp_loss":0.0,"gold_gain":0.0,"event_name":"The Mausoleum","player_choice":"Opened","floor":28.0,"gold_loss":0.0,"damage_taken":0.0,"relics_obtained":["Boot"]},{"damage_healed":0.0,"max_hp_gain":0.0,"max_hp_loss":0.0,"gold_gain":0.0,"event_name":"Lab","player_choice":"Got Potions","floor":29.0,"gold_loss":0.0,"damage_taken":0.0},{"damage_healed":0.0,"max_hp_gain":0.0,"max_hp_loss":0.0,"gold_gain":0.0,"event_name":"MindBloom","player_choice":"Fight","floor":37.0,"gold_loss":0.0,"damage_taken":0.0},{"damage_healed":0.0,"max_hp_gain":0.0,"max_hp_loss":0.0,"gold_gain":0.0,"event_name":"Mysterious Sphere","player_choice":"Fight","floor":41.0,"gold_loss":0.0,"damage_taken":0.0},{"damage_healed":0.0,"max_hp_gain":0.0,"max_hp_loss":0.0,"gold_gain":0.0,"event_name":"SensoryStone","player_choice":"Memory 3","floor":45.0,"gold_loss":0.0,"damage_taken":10.0},{"damage_healed":0.0,"max_hp_gain":0.0,"max_hp_loss":0.0,"gold_gain":300.0,"event_name":"Wheel of Change","player_choice":"Gold","floor":48.0,"gold_loss":0.0,"damage_taken":0.0}],"is_beta":false,"boss_relics":[{"not_picked":["Cursed Key","Astrolabe"],"picked":"Mark of Pain"},{"not_picked":["Tiny House","Runic Cube"],"picked":"Snecko Eye"}],"items_purged_floors":[],"is_endless":false,"potions_floor_spawned":[3,6,12,13,16,22,24,30,36,38,39,41,42,44],"ascension_level":0}}