{"host":"m6aaltr68g9tvoay","time":1609731904,"event":{"mods":["AchievementEnabler","BaseMod","Colored Map","Minty Spire (QoL Compilation)","StSLib"],"gold_per_floor":[110,124,135,60,80,80,93,93,93,93,110,126,126,126,126,198,198,212,40,55,55,55],"floor_reached":21,"playtime":747,"items_purged":[],"score":329,"play_id":"541dcb7e-aa1d-450d-a92c-04e88e2dbf2c","local_time":"20210103194504","is_ascension_mode":true,"campfire_choices":[{"data":"Armaments","floor":6,"key":"SMITH"},{"data":"Infernal Blade","floor":8,"key":"SMITH"},{"data":"Ghostly Armor","floor":10,"key":"SMITH"},{"data":"Rampage","floor":13,"key":"SMITH"},{"floor":15,"key":"REST"}],"circlet_count":0,"master_deck":["AscendersBane","Strike_R","Strike_R","Strike_R","Defend_R","Defend_R","Defend_R","Defend_R","Bash","Clothesline","Ghostly Armor+1","Armaments+1","Infernal Blade+1","Rampage+1","Feel No Pain+1","Feed","Uppercut","Fire Breathing"],"relics":["Burning Blood","Gambling Chip","Empty Cage","Toolbox"],"acts_visited":["Exordium","TheCity"],"potions_floor_usage":[5,16,16,16,16,21],"damage_taken":[{"damage":12,"enemies":"Cultist","floor":1,"turns":4},{"damage":8,"enemies":"Jaw Worm","floor":2,"turns":5},{"damage":7,"enemies":"Small Slimes","floor":3,"turns":3},{"damage":11,"enemies":"Looter","floor":5,"turns":2},{"damage":10,"enemies":"Large Slime","floor":7,"turns":8},{"damage":0,"enemies":"2 Fungi Beasts","floor":11,"turns":3},{"damage":18,"enemies":"Lots of Slimes","floor":12,"turns":4},{"damage":28,"enemies":"The Guardian","floor":16,"turns":9},{"damage":27,"enemies":"Shell Parasite","floor":18,"turns":12},{"damage":33,"enemies":"Spheric Guardian","floor":20,"turns":6},{"damage":44,"enemies":"Snecko","floor":21,"turns":5}],"seed_played":"5514543977498409649","potions_obtained":[{"floor":1,"key":"EssenceOfSteel"},{"floor":2,"key":"AttackPotion"},{"floor":12,"key":"EntropicBrew"},{"floor":16,"key":"Explosive Potion"}],"is_trial":false,"path_per_floor":["M","M","M","$","M","R","M","R","T","R","M","M","R","?","R","B",null,"M","$","M","M"],"character_chosen":"IRONCLAD","items_purchased":["Infernal Blade","Toolbox"],"campfire_rested":1,"item_purchase_floors":[4,19],"current_hp_per_floor":[69,67,66,66,61,61,57,57,57,57,63,51,51,51,75,53,75,54,54,27,0,0],"gold":55,"neow_bonus":"TEN_PERCENT_HP_BONUS","is_daily":false,"chose_seed":false,"campfire_upgraded":4,"win_rate":0.0,"timestamp":1609731904,"path_taken":["M","M","M","$","?","R","?","R","T","R","M","M","R","?","R","BOSS","M","$","?","M"],"items_purchased_type":["Card","Relic"],"build_version":"2020-12-22","purchased_purges":0,"victory":false,"max_hp_per_floor":[82,82,82,82,82,82,82,82,82,82,82,82,82,82,82,82,82,82,82,82,82,82],"card_choices":[{"not_picked":["Burning Pact","Headbutt"],"picked":"Clothesline","floor":1},{"not_picked":["Searing Blow","True Grit"],"picked":"Ghostly Armor","floor":2},{"not_picked":["Dark Embrace","Headbutt"],"picked":"Armaments","floor":3},{"not_picked":["Clash","Entrench","Anger"],"picked":"SKIP","floor":5},{"not_picked":["Ghostly Armor","Shrug It Off","Havoc"],"picked":"SKIP","floor":7},{"not_picked":["Twin Strike","Shrug It Off"],"picked":"Rampage","floor":11},{"not_picked":["Iron Wave","Armaments"],"picked":"Feel No Pain","floor":12},{"not_picked":["Corruption","Bludgeon"],"picked":"Feed","floor":16},{"not_picked":["Perfected Strike","Flex"],"picked":"Uppercut","floor":18},{"not_picked":["Rampage","Intimidate"],"picked":"Fire Breathing","floor":20}],"player_experience":1331674,"relics_obtained":[{"floor":9,"key":"Gambling Chip"}],"event_choices":[{"damage_healed":0,"gold_gain":0,"player_choice":"Upgraded","damage_taken":0,"max_hp_gain":0,"max_hp_loss":0,"event_name":"Upgrade Shrine","floor":14,"gold_loss":0,"cards_upgraded":["Feel No Pain"]}],"is_beta":false,"boss_relics":[{"not_picked":["Pandora\u0027s Box","Philosopher\u0027s Stone"],"picked":"Empty Cage"}],"items_purged_floors":[],"is_endless":false,"potions_floor_spawned":[1,2,12,16],"killed_by":"Snecko","ascension_level":18}}