{"host":"ormi09wwzv7sq47a","time":1609779338,"event":{"mods":["2.2 Compatiblity","AchievementEnabler","Act Like it!","BaseMod","Bestiary","Better Altar","Better Note","Better Sensory Stone","Better Skull","Better Third Choice","Better Vampires","BetterRewards","Block Reminder","Card Forge","Colored Map","Colored Powertips","Curses Come First","DeckTracker","Downfall","Highlight Path","Minty Spire (QoL Compilation)","Permanent Neow","Quick Restart","Rare Cards Sparkle","Relic Stats","Shop Mod","StSLib","The Jungle"],"gold_per_floor":[55,75,75,175,194,194,225,225,273,291,308,308,322,335,335,439,439,449,460,23,23,35,35,69,69,142,241,241,267,267,267,267,364,364,384,401,416,366,366,399,47,47,47,73,91,126,126,140,140,140,140,140,4,31,31],"floor_reached":56,"playtime":4436,"items_purged":["Guardian:Strike_Guardian","Guardian:Strike_Guardian","Guardian:Defend_Guardian"],"score":2330,"play_id":"42839e98-0144-497e-83f2-a365e1d3b877","local_time":"20210104145538","is_ascension_mode":true,"campfire_choices":[{"data":"Guardian:CurlUp","floor":6.0,"key":"SMITH"},{"data":"Guardian:TwinSlam","floor":8.0,"key":"SMITH"},{"data":"Guardian:MultiBeam","floor":15.0,"key":"SMITH"},{"data":"Guardian:ArmoredProtocol","floor":23.0,"key":"SMITH"},{"data":"Guardian:Planning","floor":25.0,"key":"SMITH"},{"data":"Guardian:VentSteam","floor":30.0,"key":"SMITH"},{"data":"Guardian:BronzeArmor","floor":32.0,"key":"SMITH"},{"data":"Guardian:Preprogram","floor":42.0,"key":"SMITH"},{"floor":47.0,"key":"RECALL"},{"data":"Guardian:SphericShield","floor":49.0,"key":"SMITH"},{"data":"Master of Strategy","floor":52.0,"key":"SMITH"}],"circlet_count":0,"master_deck":["Guardian:Defend_Guardian","Guardian:Defend_Guardian","Guardian:CurlUp+1","Guardian:TwinSlam+1","Guardian:ShieldCharger","Guardian:Planning+1","Guardian:Preprogram+1","Guardian:ArmoredProtocol+1","Guardian:MultiBeam+1","Guardian:VentSteam+1","Guardian:GemFire","Guardian:TemporalShield+1","Guardian:PolyBeam+1","Guardian:Recover+1","Guardian:BronzeArmor+1","Guardian:ShieldCharger","Guardian:SphericShield+1","Guardian:TemporalShield+1","Guardian:TemporalStrike+1","Master of Strategy+1","Violence","Guardian:Suspension+1","Guardian:Suspension+1","Guardian:Gem_Synthetic"],"relics":["Guardian:ModeShifter","Hammer of Thor","Seething Fire","Anvil of the Gods","Guardian:StasisUpgradeRelic","Guardian:PickAxe","Omamori","Ancient Tea Set","Black Star","Bag of Preparation","Matryoshka","Smiling Mask","StrikeDummy","Eternal Feather","Juzu Bracelet","Kunai","Art of War","Guardian:PocketSentry","Lantern","MealTicket","Blood Vial","CaptainsWheel","Akabeko","Lizard Tail","Du-Vu Doll","Ginger","Pen Nib"],"acts_visited":["Exordium","TheCity","TheBeyond","TheEnding"],"potions_floor_usage":[55],"damage_taken":[{"damage":0.0,"enemies":"Small Slimes","floor":1.0,"turns":5.0},{"damage":7.0,"enemies":"Jaw Worm","floor":2.0,"turns":7.0},{"damage":6.0,"enemies":"Jaw Worm","floor":3.0,"turns":6.0},{"damage":3.0,"enemies":"Cultist","floor":5.0,"turns":5.0},{"damage":10.0,"enemies":"3 Sentries","floor":7.0,"turns":8.0},{"damage":0.0,"enemies":"2 Fungi Beasts","floor":10.0,"turns":3.0},{"damage":0.0,"enemies":"Gremlin Gang","floor":11.0,"turns":4.0},{"damage":1.0,"enemies":"Exordium Wildlife","floor":13.0,"turns":4.0},{"damage":0.0,"enemies":"2 Fungi Beasts","floor":14.0,"turns":2.0},{"damage":3.0,"enemies":"Hexaghost","floor":16.0,"turns":7.0},{"damage":0.0,"enemies":"Chosen","floor":18.0,"turns":3.0},{"damage":0.0,"enemies":"3 Byrds","floor":19.0,"turns":3.0},{"damage":5.0,"enemies":"Snake Plant","floor":22.0,"turns":3.0},{"damage":0.0,"enemies":"Gremlin Leader","floor":24.0,"turns":4.0},{"damage":5.0,"enemies":"Slavers","floor":29.0,"turns":4.0},{"damage":0.0,"enemies":"Automaton","floor":33.0,"turns":6.0},{"damage":0.0,"enemies":"3 Shapes","floor":35.0,"turns":1.0},{"damage":4.0,"enemies":"3 Darklings","floor":36.0,"turns":5.0},{"damage":24.0,"enemies":"Transient","floor":37.0,"turns":5.0},{"damage":0.0,"enemies":"Reptomancer","floor":40.0,"turns":5.0},{"damage":0.0,"enemies":"Nemesis","floor":44.0,"turns":3.0},{"damage":0.0,"enemies":"Maw","floor":45.0,"turns":5.0},{"damage":2.0,"enemies":"Reptomancer","floor":46.0,"turns":4.0},{"damage":0.0,"enemies":"Spire Growth","floor":48.0,"turns":2.0},{"damage":0.0,"enemies":"Awakened One","floor":50.0,"turns":7.0},{"damage":0,"enemies":"Shield and Spear","floor":54,"turns":3},{"damage":2,"enemies":"The Heart","floor":55,"turns":8}],"seed_played":"7513522015616269177","potions_obtained":[{"floor":2.0,"key":"champ:CounterPotion"},{"floor":7.0,"key":"LiquidBronze"},{"floor":10.0,"key":"ColorlessPotion"},{"floor":13.0,"key":"Regen Potion"},{"floor":14.0,"key":"SpeedPotion"},{"floor":16.0,"key":"Fire Potion"},{"floor":18.0,"key":"sneckomod:MuddlingPotion"},{"floor":19.0,"key":"Dexterity Potion"},{"floor":33.0,"key":"BlessingOfTheForge"},{"floor":35.0,"key":"Block Potion"},{"floor":40.0,"key":"DistilledChaos"},{"floor":46.0,"key":"Energy Potion"}],"is_trial":false,"path_per_floor":["M","M","?","?","M","R","E","R","T","M","M","?","M","M","R","B",null,"M","M","$","?","M","R","E","R","T","?","?","E","R","?","R","B",null,"M","M","M","$","?","E","$","R","T","E","M","E","R","M","R","B",null,"R","$","E","B",null],"character_chosen":"GUARDIAN","items_purchased":["Guardian:StasisUpgradeRelic","Bag of Preparation","Matryoshka","Guardian:Gem_Cyan","Lantern","MealTicket","Guardian:Gem_Synthetic"],"campfire_rested":0,"item_purchase_floors":[0,20,20,20,41,41,53],"current_hp_per_floor":[72,65,53,53,50,50,40,40,40,40,40,40,39,44,44,41,70,70,70,70,70,65,65,65,65,65,65,65,60,72,72,80,80,80,80,76,52,52,52,52,52,64,64,66,68,68,80,80,80,80,80,80,80,80,78],"gold":31,"neow_bonus":"","is_daily":false,"chose_seed":false,"campfire_upgraded":10,"win_rate":0.0,"timestamp":1609779338,"path_taken":["M","M","?","?","M","R","E","R","T","M","?","?","M","?","R","BOSS","M","M","$","?","M","R","E","R","T","?","?","E","R","?","R","BOSS","M","M","M","$","?","E","$","R","T","E","M","E","R","M","R","BOSS","R","$","E","BOSS"],"items_purchased_type":["Relic","Relic","Relic","Card","Relic","Relic","Card"],"build_version":"2020-12-22","purchased_purges":3,"victory":true,"max_hp_per_floor":[80,80,80,80,80,80,80,80,80,80,80,80,80,80,80,80,80,80,80,80,80,80,80,80,80,80,80,80,80,80,80,80,80,80,80,80,80,80,80,80,80,80,80,80,80,80,80,80,80,80,80,80,80,80,80],"relic_stats":{"counters":[61,323],"Eternal Feather":44,"Pen Nib":[2],"Bag of Preparation":[30],"Juzu Bracelet":1,"Ginger":[2],"Smiling Mask":125,"Blood Vial":6,"Lizard Tail":0,"MealTicket":0,"Black Star":6,"Art of War":[2],"Kunai":[30],"obtain_stats":[{"Lantern":31,"Guardian:ModeShifterPlus":34,"Guardian:StasisCodex":9,"Mango":0,"Hammer of Thor":0,"Incense Burner":36,"Bag of Preparation":20,"Juzu Bracelet":29,"Ginger":54,"Bottled Tornado":44,"Ancient Tea Set":9,"Smiling Mask":24,"Guardian:PickAxe":3,"Blood Vial":43,"Lizard Tail":46,"Matryoshka":20,"Philosopher\u0027s Stone":17,"MealTicket":41,"WingedGreaves":7,"Red Mask":47,"Kunai":23,"Guardian:BottledStasis":41,"Guardian:ModeShifter":0,"Oddly Smooth Stone":42,"Eternal Feather":26,"PreservedInsect":43,"Pen Nib":54,"Guardian:PocketSentry":8,"Omamori":7,"Seething Fire":0,"War Paint":0,"Akabeko":44,"Du-Vu Doll":46,"Guardian:StasisUpgradeRelic":0,"Bottled Flame":54,"CaptainsWheel":44,"Anvil of the Gods":0,"Bird Faced Urn":0,"Black Star":17,"Art of War":40,"StrikeDummy":48},{"Lantern":16,"Guardian:ModeShifterPlus":17,"Guardian:StasisCodex":3,"Mango":26,"Hammer of Thor":0,"Incense Burner":19,"Bag of Preparation":46,"Juzu Bracelet":49,"Ginger":60,"Bottled Tornado":21,"Ancient Tea Set":39,"Smiling Mask":48,"Guardian:PickAxe":2,"Blood Vial":54,"Lizard Tail":57,"Matryoshka":46,"Philosopher\u0027s Stone":7,"MealTicket":54,"WingedGreaves":30,"Red Mask":22,"Kunai":12,"Guardian:BottledStasis":20,"Guardian:ModeShifter":0,"Oddly Smooth Stone":21,"Eternal Feather":48,"PreservedInsect":21,"Pen Nib":60,"Guardian:PocketSentry":3,"Omamori":39,"Seething Fire":0,"War Paint":26,"Akabeko":55,"Du-Vu Doll":57,"Guardian:StasisUpgradeRelic":34,"Bottled Flame":25,"CaptainsWheel":55,"Anvil of the Gods":0,"Bird Faced Urn":0,"Black Star":44,"Art of War":54,"StrikeDummy":23},{"Lantern":84,"Guardian:ModeShifterPlus":96,"Guardian:StasisCodex":9,"Mango":157,"Hammer of Thor":0,"Incense Burner":108,"Bag of Preparation":258,"Juzu Bracelet":269,"Ginger":315,"Bottled Tornado":118,"Ancient Tea Set":232,"Smiling Mask":265,"Guardian:PickAxe":6,"Blood Vial":291,"Lizard Tail":303,"Matryoshka":258,"Philosopher\u0027s Stone":33,"MealTicket":291,"WingedGreaves":172,"Red Mask":126,"Kunai":60,"Guardian:BottledStasis":111,"Guardian:ModeShifter":0,"Oddly Smooth Stone":118,"Eternal Feather":265,"PreservedInsect":118,"Pen Nib":315,"Guardian:PocketSentry":9,"Omamori":232,"Seething Fire":0,"War Paint":157,"Akabeko":294,"Du-Vu Doll":303,"Guardian:StasisUpgradeRelic":201,"Bottled Flame":152,"CaptainsWheel":294,"Anvil of the Gods":0,"Bird Faced Urn":0,"Black Star":252,"Art of War":291,"StrikeDummy":135}]},"card_choices":[{"not_picked":["Guardian:FloatingOrbs","Guardian:Gem_Blue"],"picked":"Guardian:ShieldCharger","floor":1.0},{"not_picked":["Guardian:CrystalBeam","Guardian:Incinerate"],"picked":"Guardian:Planning","floor":2.0},{"not_picked":["Guardian:FloatingOrbs","Guardian:Gem_Red"],"picked":"Guardian:Preprogram","floor":5.0},{"not_picked":["Guardian:Emergency","Guardian:GuardianWhirl"],"picked":"Guardian:Gem_Orange","floor":7.0},{"not_picked":["Guardian:PiercingHide","Guardian:Gem_Green"],"picked":"Guardian:ArmoredProtocol","floor":10.0},{"not_picked":["Guardian:Preprogram","Guardian:EvasiveProtocol"],"picked":"Guardian:MultiBeam","floor":11.0},{"not_picked":["Guardian:Preprogram","Guardian:Gem_Green"],"picked":"Guardian:VentSteam","floor":13.0},{"not_picked":["Guardian:VentSteam","Guardian:Preprogram","Guardian:RefractedBeam"],"picked":"SKIP","floor":14.0},{"not_picked":["Guardian:RevengeProtocol","Guardian:GemFinder"],"picked":"Guardian:GemFire","floor":16.0},{"not_picked":["Guardian:PrimingBeam+1","Guardian:BronzeOrb"],"picked":"Guardian:TemporalShield+1","floor":18.0},{"not_picked":["Guardian:Gem_Lightblue","Guardian:VentSteam+1"],"picked":"Guardian:PolyBeam+1","floor":19.0},{"not_picked":["Guardian:ChargeUp","Guardian:GuardianWhirl","Guardian:VentSteam"],"picked":"SKIP","floor":22.0},{"not_picked":["Guardian:ChargeUp","Guardian:Gem_White"],"picked":"Guardian:Recover+1","floor":24.0},{"not_picked":["Guardian:DecasProtection","Guardian:Preprogram"],"picked":"Guardian:Gem_Yellow","floor":29.0},{"not_picked":["Guardian:CompilePackage","Guardian:StasisStrike"],"picked":"Guardian:SphericShield","floor":33.0},{"not_picked":["Guardian:CrystalBeam","Guardian:TemporalStrike+1"],"picked":"Guardian:TemporalShield+1","floor":35.0},{"not_picked":["Guardian:DecasProtection+1","Guardian:FloatingOrbs"],"picked":"Guardian:TemporalStrike+1","floor":36.0},{"not_picked":["Guardian:Incinerate+1","Guardian:Preprogram","Guardian:Planning+1"],"picked":"SKIP","floor":37.0},{"not_picked":["Apotheosis","Dark Shackles"],"picked":"Master of Strategy","floor":39.0},{"not_picked":["expansioncontent:FaceSlap","expansioncontent:PrepareCrush"],"picked":"Violence","floor":39.0},{"not_picked":["Guardian:Gem_Lightblue","Guardian:Planning"],"picked":"Guardian:Gem_White","floor":40.0},{"not_picked":["Guardian:TimeBomb+1","Guardian:SpikerProtocol"],"picked":"Guardian:Suspension+1","floor":44.0},{"not_picked":["Guardian:Gem_Red","Guardian:AncientConstruct"],"picked":"Guardian:Gem_White","floor":45.0},{"not_picked":["Guardian:CrystalBeam","Guardian:Incinerate+1"],"picked":"Guardian:Suspension+1","floor":46.0},{"not_picked":["Guardian:Preprogram","Guardian:Incinerate","Guardian:TemporalShield"],"picked":"SKIP","floor":48.0},{"not_picked":["Guardian:Gem_Cyan","Guardian:BronzeArmor","Guardian:TimeBomb"],"picked":"SKIP","floor":54}],"player_experience":857288,"relics_obtained":[{"floor":7.0,"key":"Omamori"},{"floor":9.0,"key":"Ancient Tea Set"},{"floor":24.0,"key":"Smiling Mask"},{"floor":26.0,"key":"StrikeDummy"},{"floor":26.0,"key":"Eternal Feather"},{"floor":29.0,"key":"Juzu Bracelet"},{"floor":29.0,"key":"Kunai"},{"floor":40.0,"key":"Art of War"},{"floor":40.0,"key":"Guardian:PocketSentry"},{"floor":43.0,"key":"Blood Vial"},{"floor":44.0,"key":"CaptainsWheel"},{"floor":44.0,"key":"Akabeko"},{"floor":46.0,"key":"Lizard Tail"},{"floor":46.0,"key":"Du-Vu Doll"},{"floor":54,"key":"Ginger"},{"floor":54,"key":"Pen Nib"}],"event_choices":[{"damage_healed":0.0,"max_hp_gain":0.0,"max_hp_loss":0.0,"gold_gain":100.0,"event_name":"Golden Shrine","player_choice":"Pray","floor":4.0,"gold_loss":0.0,"damage_taken":0.0},{"damage_healed":0.0,"max_hp_gain":0.0,"max_hp_loss":0.0,"gold_gain":0.0,"cards_transformed":["Guardian:Defend_Guardian"],"event_name":"Transmorgrifier","player_choice":"Transformed","floor":12.0,"gold_loss":0.0,"damage_taken":0.0,"cards_obtained":["Guardian:Gem_Blue"]},{"cards_removed":["Guardian:Strike_Guardian"],"damage_healed":0.0,"max_hp_gain":0.0,"max_hp_loss":0.0,"gold_gain":0.0,"event_name":"betterNote:BetterNote","player_choice":"Give","floor":21.0,"gold_loss":0.0,"damage_taken":0.0,"cards_obtained":["Guardian:Strike_Guardian"]},{"damage_healed":0.0,"max_hp_gain":0.0,"max_hp_loss":0.0,"gold_gain":99.0,"event_name":"betterThird:BetterNest","player_choice":"Steal","floor":27.0,"gold_loss":0.0,"damage_taken":0.0},{"damage_healed":0.0,"max_hp_gain":0.0,"max_hp_loss":0.0,"gold_gain":0.0,"event_name":"Match and Keep!","player_choice":"1 cards matched","floor":28.0,"gold_loss":0.0,"damage_taken":0.0,"cards_obtained":["Guardian:Gem_Red"]},{"damage_healed":0.0,"max_hp_gain":0.0,"max_hp_loss":0.0,"gold_gain":0.0,"cards_transformed":["Guardian:Strike_Guardian","Guardian:Strike_Guardian"],"event_name":"Drug Dealer","player_choice":"Became Test Subject","floor":31.0,"gold_loss":0.0,"damage_taken":0.0,"cards_obtained":["Guardian:BronzeArmor","Guardian:ShieldCharger"]},{"damage_healed":0.0,"max_hp_gain":0.0,"max_hp_loss":0.0,"gold_gain":3.0,"event_name":"betterStone:BetterStone","player_choice":"1","floor":39.0,"gold_loss":0.0,"damage_taken":0.0}],"is_beta":false,"boss_relics":[{"not_picked":["Busted Crown","Cursed Key"],"picked":"Black Star"},{"not_picked":["Fusion Hammer","Runic Dome","Velvet Choker"]}],"items_purged_floors":[0,38,41],"is_endless":false,"potions_floor_spawned":[2,7,10,13,14,16,18,19,33,35,40,46],"ascension_level":9}}