{"host":"rmsq46plbpwfbxcc","time":1609724561,"event":{"mods":["AchievementEnabler","BaseMod","Colored Map","Colored Powertips","DeckTracker","KOR Keyword Fix","Minty Spire (QoL Compilation)","Permanent Neow","Quick Restart","SuperFastMode"],"gold_per_floor":[110,120,140,65,65,65,77,105,128,139,152,152,181,196,196,301,301,315,315,333,348,368,368,385,414,437,437,163,163,176,211,211,307,307,325,342,355,405,759,411,411,439,439,455,480,480,492,222,222,222,222],"floor_reached":50,"playtime":1890,"items_purged":["Strike_G","Defend_G","Strike_G","Strike_G"],"score":897,"play_id":"37fe9920-1bd4-4e3e-9bfa-dfba807e65de","local_time":"20210104104241","is_ascension_mode":true,"campfire_choices":[{"data":"Predator","floor":6.0,"key":"SMITH"},{"data":"Cloak And Dagger","floor":12.0,"key":"SMITH"},{"data":"Footwork","floor":15.0,"key":"SMITH"},{"data":"Blade Dance","floor":23.0,"key":"SMITH"},{"data":"Accuracy","floor":27.0,"key":"SMITH"},{"data":"Neutralize","floor":29.0,"key":"SMITH"},{"data":"Choke","floor":32.0,"key":"SMITH"},{"data":"A Thousand Cuts","floor":41,"key":"SMITH"},{"floor":49,"key":"RECALL"}],"circlet_count":0,"master_deck":["Strike_G+1","Strike_G+1","Defend_G","Defend_G","Defend_G","Survivor","Neutralize+1","Escape Plan","Predator+1","Footwork+1","PiercingWail","Cloak And Dagger+1","Blur","Acrobatics","Die Die Die","Backflip","Blade Dance+1","Tactician","Accuracy+1","Choke+1","Burst","Backflip+1","A Thousand Cuts+1","Well Laid Plans","Predator+1"],"relics":["Coffee Dripper","MealTicket","Oddly Smooth Stone","Toy Ornithopter","Sozu","PreservedInsect","Blood Vial","Membership Card","Pen Nib","Centennial Puzzle","WristBlade","Peace Pipe","Old Coin","Singing Bowl","Molten Egg 2","Whetstone","Ginger","Pear","Sling"],"acts_visited":["Exordium","TheCity","TheBeyond"],"potions_floor_usage":[],"damage_taken":[{"damage":0.0,"enemies":"Small Slimes","floor":1.0,"turns":5.0},{"damage":0.0,"enemies":"Jaw Worm","floor":2.0,"turns":5.0},{"damage":0.0,"enemies":"Cultist","floor":3.0,"turns":5.0},{"damage":0.0,"enemies":"Gremlin Gang","floor":7.0,"turns":5.0},{"damage":8.0,"enemies":"Gremlin Nob","floor":8.0,"turns":4.0},{"damage":4.0,"enemies":"Exordium Thugs","floor":10.0,"turns":7.0},{"damage":0.0,"enemies":"Blue Slaver","floor":11.0,"turns":4.0},{"damage":7.0,"enemies":"Lagavulin","floor":13.0,"turns":9.0},{"damage":0.0,"enemies":"Large Slime","floor":14.0,"turns":5.0},{"damage":0.0,"enemies":"Hexaghost","floor":16.0,"turns":10.0},{"damage":0.0,"enemies":"Shell Parasite","floor":18.0,"turns":6.0},{"damage":0.0,"enemies":"Chosen","floor":20.0,"turns":5.0},{"damage":15.0,"enemies":"3 Cultists","floor":21.0,"turns":7.0},{"damage":8.0,"enemies":"Snecko","floor":22.0,"turns":7.0},{"damage":18.0,"enemies":"Snake Plant","floor":24.0,"turns":6.0},{"damage":0.0,"enemies":"Gremlin Leader","floor":25.0,"turns":6.0},{"damage":6.0,"enemies":"Chosen and Byrds","floor":30.0,"turns":5.0},{"damage":0.0,"enemies":"Book of Stabbing","floor":31.0,"turns":3.0},{"damage":27.0,"enemies":"Collector","floor":33.0,"turns":8.0},{"damage":0.0,"enemies":"3 Shapes","floor":35.0,"turns":4.0},{"damage":10.0,"enemies":"Orb Walker","floor":36.0,"turns":3.0},{"damage":6.0,"enemies":"Spire Growth","floor":37.0,"turns":3.0},{"damage":0.0,"enemies":"Mind Bloom Boss Battle","floor":38.0,"turns":5.0},{"damage":9.0,"enemies":"2 Orb Walkers","floor":39.0,"turns":4.0},{"damage":0,"enemies":"Giant Head","floor":42,"turns":4},{"damage":35,"enemies":"Transient","floor":44,"turns":5},{"damage":0,"enemies":"Reptomancer","floor":45,"turns":4},{"damage":6,"enemies":"3 Darklings","floor":47,"turns":3},{"damage":75,"enemies":"Donu and Deca","floor":50,"turns":5}],"seed_played":"4577549676817728924","potions_obtained":[{"floor":3.0,"key":"CultistPotion"},{"floor":7.0,"key":"Block Potion"},{"floor":10.0,"key":"Block Potion"}],"is_trial":false,"path_per_floor":["M","M","M","$","?","R","M","E","T","M","M","R","E","M","R","B",null,"M","?","M","M","M","R","M","E","T","R","$","R","M","E","R","B",null,"M","M","M","?","?","$","R","E","T","M","E","?","M","$","R","B"],"character_chosen":"THE_SILENT","items_purchased":["Membership Card","Pen Nib","Singing Bowl","Molten Egg 2","Well Laid Plans","Pear","Sling"],"campfire_rested":0,"item_purchase_floors":[28,28,40,40,40,48,48],"current_hp_per_floor":[70,70,70,70,70,70,70,62,62,58,58,58,51,51,51,56,70,70,70,70,55,52,52,34,34,34,34,49,49,45,47,47,22,70,70,60,56,58,56,70,70,70,70,37,41,41,39,64,64,0,0],"gold":222,"neow_bonus":"BOSS_RELIC","is_daily":false,"chose_seed":false,"campfire_upgraded":8,"win_rate":0.0,"timestamp":1609724561,"path_taken":["M","M","M","$","?","R","M","E","T","M","M","R","E","M","R","BOSS","M","?","M","?","M","R","M","E","T","R","$","R","M","E","R","BOSS","M","M","?","?","?","$","R","E","T","M","E","?","?","$","R","BOSS"],"items_purchased_type":["Relic","Relic","Relic","Relic","Card","Relic","Relic"],"build_version":"2020-12-22","purchased_purges":4,"victory":false,"max_hp_per_floor":[70,70,70,70,70,70,70,70,70,70,70,70,70,70,70,70,70,70,70,70,70,70,70,70,70,70,70,70,70,70,70,70,70,70,70,70,70,70,70,70,70,70,70,72,74,74,76,86,86,86,86],"card_choices":[{"not_picked":["Underhanded Strike","Slice"],"picked":"Escape Plan","floor":1.0},{"not_picked":["Dagger Throw","Infinite Blades"],"picked":"Predator","floor":2.0},{"not_picked":["Backstab","Flying Knee"],"picked":"Footwork","floor":3.0},{"not_picked":["Dagger Spray","Flying Knee","Slice"],"picked":"SKIP","floor":7.0},{"not_picked":["Skewer","A Thousand Cuts"],"picked":"PiercingWail","floor":8.0},{"not_picked":["Underhanded Strike","Concentrate"],"picked":"Cloak And Dagger","floor":10.0},{"not_picked":["Deadly Poison","Dagger Throw"],"picked":"Blur","floor":11.0},{"not_picked":["Dodge and Roll","Blur","Flying Knee"],"picked":"SKIP","floor":13.0},{"not_picked":["Eviscerate","Deflect"],"picked":"Acrobatics","floor":14.0},{"not_picked":["Wraith Form v2","A Thousand Cuts"],"picked":"Die Die Die","floor":16.0},{"not_picked":["Bane","Catalyst"],"picked":"Backflip","floor":18.0},{"not_picked":["PiercingWail","Underhanded Strike","Acrobatics"],"picked":"SKIP","floor":20.0},{"not_picked":["Bane","Tactician"],"picked":"Blade Dance","floor":21.0},{"not_picked":["Reflex+1","Quick Slash"],"picked":"Tactician","floor":22.0},{"not_picked":["Outmaneuver","Venomology"],"picked":"Accuracy","floor":24.0},{"not_picked":["Acrobatics","Bane","Outmaneuver+1"],"picked":"SKIP","floor":25.0},{"not_picked":["Masterful Stab","Expertise"],"picked":"Choke","floor":30.0},{"not_picked":["Setup","All Out Attack","Outmaneuver"],"picked":"SKIP","floor":31.0},{"not_picked":["Grand Finale","Night Terror"],"picked":"Burst","floor":33.0},{"not_picked":["Poisoned Stab","Dagger Throw+1"],"picked":"Backflip+1","floor":35.0},{"not_picked":["Cloak And Dagger","Quick Slash+1","Deadly Poison+1"],"picked":"SKIP","floor":36.0},{"not_picked":["Quick Slash+1","Bane"],"picked":"A Thousand Cuts","floor":37.0},{"not_picked":["Slice+1","Venomology","Blur"],"picked":"SKIP","floor":42},{"not_picked":["Sucker Punch+1","Cloak And Dagger+1","Blur"],"picked":"Singing Bowl","floor":44},{"not_picked":["Bouncing Flask","Dash+1","Poisoned Stab+1"],"picked":"Singing Bowl","floor":45},{"not_picked":["Slice+1","Quick Slash+1","Calculated Gamble"],"picked":"Singing Bowl","floor":47}],"player_experience":638838,"relics_obtained":[{"floor":8.0,"key":"MealTicket"},{"floor":9.0,"key":"Oddly Smooth Stone"},{"floor":13.0,"key":"Toy Ornithopter"},{"floor":25.0,"key":"PreservedInsect"},{"floor":26.0,"key":"Blood Vial"},{"floor":31.0,"key":"Centennial Puzzle"},{"floor":38.0,"key":"Peace Pipe"},{"floor":39.0,"key":"Old Coin"},{"floor":42,"key":"Whetstone"},{"floor":45,"key":"Ginger"}],"event_choices":[{"damage_healed":0.0,"max_hp_gain":0.0,"max_hp_loss":0.0,"gold_gain":0.0,"event_name":"Liars Game","player_choice":"Ignored","floor":5.0,"gold_loss":0.0,"damage_taken":0.0},{"damage_healed":0.0,"max_hp_gain":0.0,"max_hp_loss":0.0,"gold_gain":0.0,"event_name":"Lab","player_choice":"Got Potions","floor":19.0,"gold_loss":0.0,"damage_taken":0.0},{"damage_healed":0.0,"max_hp_gain":0.0,"max_hp_loss":0.0,"gold_gain":0.0,"event_name":"MindBloom","player_choice":"Fight","floor":38.0,"gold_loss":0.0,"damage_taken":0.0},{"damage_healed":0.0,"max_hp_gain":0.0,"max_hp_loss":0.0,"gold_gain":0.0,"event_name":"Mysterious Sphere","player_choice":"Fight","floor":39.0,"gold_loss":0.0,"damage_taken":0.0},{"damage_healed":0,"gold_gain":0,"cards_transformed":["Defend_G"],"player_choice":"Transformed","damage_taken":0,"max_hp_gain":0,"max_hp_loss":0,"event_name":"Transmorgrifier","floor":46,"gold_loss":0,"cards_obtained":["Predator"]}],"is_beta":false,"boss_relics":[{"not_picked":["Runic Dome","Snecko Eye"],"picked":"Sozu"},{"not_picked":["Busted Crown","Astrolabe"],"picked":"WristBlade"}],"items_purged_floors":[4,28,40,48],"is_endless":false,"potions_floor_spawned":[3,7,10,13,20,25,30,33,35,38,44],"killed_by":"Donu and Deca","ascension_level":4}}