{"host":"p7j7o00jacnw7qzt","time":1609729726,"event":{"mods":["BaseMod","Colored Map","Colored Powertips","DeckTracker","Highlight Path","Minty Spire (QoL Compilation)","Relic Stats"],"gold_per_floor":[114,128,146,146,15,15,48,48,48,63,74,74,74,74,74],"floor_reached":14,"playtime":458,"items_purged":["Strike_R"],"score":180,"play_id":"fc54a467-3c90-4483-ba66-eea6f17b7bb5","local_time":"20210103220846","is_ascension_mode":true,"campfire_choices":[{"data":"Cleave","floor":6.0,"key":"SMITH"},{"floor":8.0,"key":"RECALL"},{"floor":13.0,"key":"REST"}],"circlet_count":0,"master_deck":["AscendersBane","Defend_R","Defend_R","Defend_R","Defend_R","Bash","Cleave+1"],"relics":["Burning Blood","Centennial Puzzle","Frozen Egg 2"],"acts_visited":["Exordium"],"potions_floor_usage":[14],"damage_taken":[{"damage":9.0,"enemies":"Jaw Worm","floor":1.0,"turns":6.0},{"damage":5.0,"enemies":"2 Louse","floor":2.0,"turns":4.0},{"damage":10.0,"enemies":"Small Slimes","floor":3.0,"turns":5.0},{"damage":20.0,"enemies":"3 Sentries","floor":7.0,"turns":5.0},{"damage":8.0,"enemies":"Blue Slaver","floor":10.0,"turns":6.0},{"damage":0.0,"enemies":"Gremlin Gang","floor":11.0,"turns":3.0},{"damage":50,"enemies":"Lagavulin","floor":14,"turns":5}],"seed_played":"-3825278778635307371","potions_obtained":[{"floor":7.0,"key":"Ancient Potion"},{"floor":10.0,"key":"DistilledChaos"},{"floor":11.0,"key":"SkillPotion"}],"is_trial":false,"path_per_floor":["M","M","M","?","$","R","E","R","T","M","M","?","R","E"],"character_chosen":"IRONCLAD","items_purchased":["AttackPotion"],"campfire_rested":1,"item_purchase_floors":[5],"current_hp_per_floor":[47,48,44,44,44,44,30,30,30,28,34,27,49,0,0],"gold":74,"neow_bonus":"REMOVE_TWO","is_daily":false,"chose_seed":false,"campfire_upgraded":1,"win_rate":0.0,"timestamp":1609729726,"path_taken":["M","M","M","?","$","R","E","R","T","M","M","?","R","E"],"items_purchased_type":["Potion"],"build_version":"2020-12-22","purchased_purges":1,"victory":false,"max_hp_per_floor":[75,75,75,75,75,75,75,75,75,75,75,75,75,75,75],"relic_stats":{"Centennial Puzzle":[6],"counters":[7,34],"obtain_stats":[{"Centennial Puzzle":7,"Frozen Egg 2":9,"Burning Blood":0},{"Centennial Puzzle":4,"Frozen Egg 2":4,"Burning Blood":0},{"Centennial Puzzle":20,"Frozen Egg 2":20,"Burning Blood":0}],"Burning Blood":36},"card_choices":[{"not_picked":["Wild Strike","Iron Wave","Perfected Strike"],"picked":"SKIP","floor":1.0},{"not_picked":["Havoc","Perfected Strike","Reckless Charge"],"picked":"SKIP","floor":2.0},{"not_picked":["True Grit","Rage"],"picked":"Cleave","floor":3.0},{"not_picked":["Flex","Flame Barrier","Havoc"],"picked":"SKIP","floor":7.0},{"not_picked":["Armaments","Metallicize+1","Hemokinesis"],"picked":"SKIP","floor":10.0},{"not_picked":["Armaments","Metallicize+1","Hemokinesis"],"picked":"SKIP","floor":10.0},{"not_picked":["Perfected Strike","Clash","Pummel"],"picked":"SKIP","floor":11.0},{"not_picked":["Perfected Strike","Clash","Pummel"],"picked":"SKIP","floor":11.0}],"player_experience":985123,"relics_obtained":[{"floor":7.0,"key":"Centennial Puzzle"},{"floor":9.0,"key":"Frozen Egg 2"}],"event_choices":[{"cards_removed":["Strike_R"],"damage_healed":0.0,"max_hp_gain":0.0,"max_hp_loss":0.0,"gold_gain":0.0,"event_name":"Living Wall","player_choice":"Forget","floor":4.0,"gold_loss":0.0,"damage_taken":0.0},{"cards_removed":["Strike_R"],"damage_healed":0.0,"max_hp_gain":0.0,"max_hp_loss":0.0,"gold_gain":0.0,"event_name":"Golden Wing","player_choice":"Card Removal","floor":12.0,"gold_loss":0.0,"damage_taken":7.0}],"is_beta":false,"boss_relics":[],"items_purged_floors":[5],"is_endless":false,"potions_floor_spawned":[7,10,11],"killed_by":"Lagavulin","ascension_level":20}}