{"host":"tw7a6rmo9h75ssrt","time":1609752617,"event":{"mods":["AchievementEnabler","Act Like it!","BaseMod","Colored Map","Highlight Path","Minty Spire (QoL Compilation)","Permanent Neow","Quick Restart","Relic Stats","SuperFastMode"],"gold_per_floor":[119,119,44,55,130,130,130,130,130,145,145,145,177,191,191,296,296,311,311,328,342,342,342,356,356,402,402,430,430,355,374,374,374,374],"floor_reached":33,"playtime":1142,"items_purged":["Strike_R"],"score":243,"play_id":"2d498933-b8da-4365-ad4c-f8414b1cffd9","local_time":"20210104173017","is_ascension_mode":false,"campfire_choices":[{"data":"Bash","floor":6.0,"key":"SMITH"},{"data":"Searing Blow","floor":12.0,"key":"SMITH"},{"data":"Searing Blow+1","floor":15.0,"key":"SMITH"},{"data":"Searing Blow+2","floor":23.0,"key":"SMITH"},{"data":"Demon Form","floor":25.0,"key":"SMITH"},{"data":"Searing Blow+3","floor":27.0,"key":"SMITH"},{"data":"Searing Blow+4","floor":29.0,"key":"SMITH"},{"data":"Burning Pact","floor":32.0,"key":"SMITH"}],"circlet_count":0,"master_deck":["Strike_R","Strike_R","Strike_R","Strike_R","Defend_R+1","Defend_R+1","Defend_R","Defend_R","Bash+1","Searing Blow+5","Dual Wield","Demon Form+1","Burning Pact+1","Double Tap","Armaments"],"relics":["Burning Blood","NeowsBlessing","Shuriken","Potion Belt","Mummified Hand","Philosopher\u0027s Stone","War Paint","Red Mask"],"acts_visited":["Exordium","TheCity"],"potions_floor_usage":[],"damage_taken":[{"damage":0.0,"enemies":"2 Louse","floor":1.0,"turns":1.0},{"damage":0.0,"enemies":"Cultist","floor":4.0,"turns":1.0},{"damage":0.0,"enemies":"Jaw Worm","floor":10.0,"turns":1.0},{"damage":16.0,"enemies":"3 Sentries","floor":13.0,"turns":6.0},{"damage":13.0,"enemies":"2 Fungi Beasts","floor":14.0,"turns":4.0},{"damage":36.0,"enemies":"The Guardian","floor":16.0,"turns":13.0},{"damage":31.0,"enemies":"2 Thieves","floor":18.0,"turns":5.0},{"damage":6.0,"enemies":"Spheric Guardian","floor":20.0,"turns":3.0},{"damage":14.0,"enemies":"Centurion and Healer","floor":21.0,"turns":6.0},{"damage":17.0,"enemies":"Snecko","floor":24.0,"turns":5.0},{"damage":28.0,"enemies":"Masked Bandits","floor":28.0,"turns":4.0},{"damage":8.0,"enemies":"Chosen and Byrds","floor":31.0,"turns":4.0},{"damage":75,"enemies":"Collector","floor":33,"turns":6}],"seed_played":"1543359404283041359","potions_obtained":[{"floor":2.0,"key":"ElixirPotion"},{"floor":2.0,"key":"PowerPotion"},{"floor":2.0,"key":"HeartOfIron"},{"floor":10.0,"key":"BloodPotion"},{"floor":13.0,"key":"SneckoOil"},{"floor":16.0,"key":"Block Potion"},{"floor":18.0,"key":"Swift Potion"},{"floor":20.0,"key":"Swift Potion"},{"floor":24.0,"key":"BloodPotion"}],"is_trial":false,"path_per_floor":["M","?","$","M","?","R","?","T","T","M","?","R","E","M","R","B",null,"M","?","M","M","?","R","M","R","T","R","?","R","?","M","R","B"],"character_chosen":"IRONCLAD","items_purchased":[],"campfire_rested":0,"item_purchase_floors":[],"current_hp_per_floor":[80,80,80,80,69,69,69,69,69,75,80,80,70,63,63,33,85,60,60,60,52,52,52,41,41,41,41,53,53,53,51,51,0,0],"gold":374,"neow_bonus":"THREE_ENEMY_KILL","is_daily":false,"chose_seed":false,"campfire_upgraded":8,"win_rate":0.0,"timestamp":1609752617,"path_taken":["M","?","$","?","?","R","?","?","T","M","?","R","E","M","R","BOSS","M","?","M","M","?","R","M","R","T","R","?","R","?","M","R","BOSS"],"items_purchased_type":[],"build_version":"2020-12-22","purchased_purges":1,"victory":false,"max_hp_per_floor":[80,80,80,80,80,80,80,80,80,80,85,85,85,85,85,85,85,85,85,85,85,85,85,85,85,85,85,85,85,85,85,85,85,85],"relic_stats":{"counters":[13,59],"Shuriken":[7],"Mummified Hand":[3],"War Paint":["Defend_R","Defend_R"],"obtain_stats":[{"Potion Belt":9,"NeowsBlessing":0,"Shuriken":8,"Mummified Hand":13,"Philosopher\u0027s Stone":17,"Red Mask":28,"War Paint":26,"Burning Blood":0},{"Potion Belt":2,"NeowsBlessing":0,"Shuriken":2,"Mummified Hand":4,"Philosopher\u0027s Stone":6,"Red Mask":11,"War Paint":10,"Burning Blood":0},{"Potion Belt":2,"NeowsBlessing":0,"Shuriken":2,"Mummified Hand":9,"Philosopher\u0027s Stone":26,"Red Mask":49,"War Paint":45,"Burning Blood":0}],"Burning Blood":60},"card_choices":[{"not_picked":["Clash","Wild Strike","Flame Barrier"],"picked":"SKIP","floor":1.0},{"not_picked":["Seeing Red","Dropkick","Sword Boomerang"],"picked":"SKIP","floor":4.0},{"not_picked":["Combust","Headbutt"],"picked":"Searing Blow","floor":10.0},{"not_picked":["Perfected Strike","Rupture"],"picked":"Dual Wield","floor":13.0},{"not_picked":["Clothesline","Warcry","Power Through"],"picked":"SKIP","floor":14.0},{"not_picked":["Bludgeon","Juggernaut"],"picked":"Demon Form","floor":16.0},{"not_picked":["Ghostly Armor","Hemokinesis"],"picked":"Burning Pact","floor":18.0},{"not_picked":["Rampage","Twin Strike","Body Slam"],"picked":"SKIP","floor":20.0},{"not_picked":["Flex","Clothesline+1","Clash+1"],"picked":"SKIP","floor":21.0},{"not_picked":["Iron Wave","Cleave","Hemokinesis"],"picked":"SKIP","floor":24.0},{"not_picked":["Seeing Red","Dark Embrace"],"picked":"Double Tap","floor":28.0},{"not_picked":["Feel No Pain+1","Havoc"],"picked":"Armaments","floor":31.0}],"player_experience":489,"relics_obtained":[{"floor":8.0,"key":"Shuriken"},{"floor":9.0,"key":"Potion Belt"},{"floor":13.0,"key":"Mummified Hand"},{"floor":26.0,"key":"War Paint"},{"floor":28.0,"key":"Red Mask"}],"event_choices":[{"damage_healed":0.0,"max_hp_gain":0.0,"max_hp_loss":0.0,"gold_gain":0.0,"event_name":"Lab","player_choice":"Got Potions","floor":2.0,"gold_loss":0.0,"damage_taken":0.0},{"damage_healed":0.0,"max_hp_gain":0.0,"max_hp_loss":0.0,"gold_gain":75.0,"event_name":"World of Goop","player_choice":"Gather Gold","floor":5.0,"gold_loss":0.0,"damage_taken":11.0},{"damage_healed":0.0,"max_hp_gain":0.0,"max_hp_loss":0.0,"gold_gain":0.0,"event_name":"Shining Light","player_choice":"Ignored","floor":7.0,"gold_loss":0.0,"damage_taken":0.0},{"damage_healed":0.0,"max_hp_gain":5.0,"max_hp_loss":0.0,"gold_gain":0.0,"event_name":"Big Fish","player_choice":"Donut","floor":11.0,"gold_loss":0.0,"damage_taken":0.0},{"damage_healed":0.0,"max_hp_gain":0.0,"max_hp_loss":0.0,"gold_gain":0.0,"event_name":"Vampires","player_choice":"Ignored","floor":19.0,"gold_loss":0.0,"damage_taken":0.0},{"damage_healed":0.0,"max_hp_gain":0.0,"max_hp_loss":0.0,"gold_gain":0.0,"event_name":"Forgotten Altar","player_choice":"Smashed Altar","floor":22.0,"gold_loss":0.0,"damage_taken":0.0,"cards_obtained":["Decay"]},{"damage_healed":0.0,"max_hp_gain":0.0,"max_hp_loss":0.0,"gold_gain":0.0,"event_name":"Masked Bandits","player_choice":"Fought Bandits","floor":28.0,"gold_loss":0.0,"damage_taken":0.0},{"cards_removed":["Decay"],"damage_healed":0.0,"max_hp_gain":0.0,"max_hp_loss":0.0,"gold_gain":0.0,"event_name":"Beggar","player_choice":"Gave Gold","floor":30.0,"gold_loss":75.0,"damage_taken":0.0}],"is_beta":false,"boss_relics":[{"not_picked":["Black Star","Ectoplasm"],"picked":"Philosopher\u0027s Stone"}],"items_purged_floors":[3],"is_endless":false,"potions_floor_spawned":[10,13,16,18,20,24],"killed_by":"Collector","ascension_level":0}}