{"host":"waq1ashgqt0tulkv","time":1609745345,"event":{"mods":["Aspiration","BaseMod","BetterRewards","Colored Powertips","Conspire","Downfall","Duelist Mod","Hermit","Hubris","Infinite Spire","Minty Spire (QoL Compilation)","Quick Restart","Rare Cards Sparkle","Replay The Spire","StSLib","SuperFastMode","The Animator","The Bug Knight","The Construct","The Cursed","The Disciple","The Hierophant","The Necromancer","The Runesmith","The Servant 0.9.4","egg"],"gold_per_floor":[118,118,132,53,70,97,97,124,124,141,141,174,174,192,192,293,293,303,303,319,319,319,319],"floor_reached":22,"playtime":497,"items_purged":[],"score":229,"play_id":"2a908fdc-d723-4d39-8e3b-72e1ddbb8fbe","local_time":"20210104002905","is_ascension_mode":false,"campfire_choices":[{"floor":7.0,"key":"REST"},{"floor":13.0,"key":"REST"},{"data":"BasicCrystalCard","floor":15.0,"key":"SMITH"}],"circlet_count":0,"master_deck":["Strike_B","Strike_B","Strike_B","Strike_B","Defend_B","Defend_B","Defend_B","Defend_B","Zap","Dualcast","Streamline","aspiration:Polymerization","Static Discharge","aspiration:Polymerization","Echo Form+1","Redo","Sweeping Beam","BasicCrystalCard+1","Loop","Seek","BootSequence","Coolheaded"],"relics":["Cracked Core","aspiration:Nostalgia","m_RuneBlood","Replay:Rubber Ducky","Potion Belt","Regal Pillow","Pen Nib","Ring of Chaos"],"acts_visited":["Exordium","TheCity"],"potions_floor_usage":[],"damage_taken":[{"damage":0.0,"enemies":"Small Slimes","floor":1.0,"turns":2.0},{"damage":0.0,"enemies":"2 Louse","floor":3.0,"turns":2.0},{"damage":6.0,"enemies":"Jaw Worm","floor":5.0,"turns":3.0},{"damage":31.0,"enemies":"3 Sentries","floor":6.0,"turns":7.0},{"damage":25.0,"enemies":"Gremlin Nob","floor":8.0,"turns":4.0},{"damage":12.0,"enemies":"2 Fungi Beasts","floor":10.0,"turns":4.0},{"damage":0.0,"enemies":"Lagavulin","floor":12.0,"turns":2.0},{"damage":13.0,"enemies":"Red Slaver","floor":14.0,"turns":2.0},{"damage":41.0,"enemies":"Hexaghost","floor":16.0,"turns":8.0},{"damage":19.0,"enemies":"Shell Parasite","floor":18.0,"turns":6.0},{"damage":20.0,"enemies":"Chosen","floor":20.0,"turns":7.0}],"seed_played":"2453519506596334234","potions_obtained":[{"floor":8.0,"key":"infinitespire:BlackPotion"},{"floor":12.0,"key":"ColorlessPotion"},{"floor":16.0,"key":"ColorlessPotion"},{"floor":20.0,"key":"champ:CounterPotion"}],"is_trial":false,"path_per_floor":["M","$","M","$","M","E","R","E","T","M","?","E","R","M","R","B",null,"M","?","M","?","AVR"],"character_chosen":"DEFECT","items_purchased":["Static Discharge"],"campfire_rested":2,"item_purchase_floors":[4],"current_hp_per_floor":[75,75,75,75,72,44,66,44,44,35,35,38,75,65,65,27,75,59,59,42,28,28,28],"gold":319,"neow_bonus":"NOSTALGIA","is_daily":false,"chose_seed":false,"campfire_upgraded":1,"win_rate":0.0,"timestamp":1609745345,"path_taken":["M","$","M","$","M","E","R","E","T","M","?","E","R","M","R","BOSS","M","?","M","?","AVR"],"items_purchased_type":["Card"],"build_version":"2020-12-13","purchased_purges":0,"victory":false,"max_hp_per_floor":[75,75,75,75,75,75,75,75,75,75,75,75,75,75,75,75,75,75,75,75,80,80,80],"card_choices":[{"not_picked":["Armaments","hubris:Ukulele"],"picked":"Streamline","floor":1.0},{"not_picked":["Leap","Compile Driver"],"picked":"aspiration:Polymerization","floor":3.0},{"not_picked":["Gash","Streamline"],"picked":"aspiration:Polymerization","floor":5.0},{"not_picked":["Cold Snap","Runesmith:ShiftingStrike"],"picked":"Echo Form","floor":6.0},{"not_picked":["Compile Driver","Hologram"],"picked":"Redo","floor":8.0},{"not_picked":["ReplayGash","Blizzard"],"picked":"Sweeping Beam","floor":10.0},{"not_picked":["Capacitor","ReplayRNGCard"],"picked":"BasicCrystalCard","floor":12.0},{"not_picked":["Armaments","Panic Button"],"picked":"Loop","floor":14.0},{"not_picked":["All For One","Fission"],"picked":"Seek","floor":16.0},{"not_picked":["Hologram","Streamline"],"picked":"BootSequence","floor":18.0},{"not_picked":["Stack+1","Conserve Battery"],"picked":"Coolheaded","floor":20.0}],"player_experience":33409,"relics_obtained":[{"floor":6.0,"key":"Replay:Rubber Ducky"},{"floor":8.0,"key":"Potion Belt"},{"floor":9.0,"key":"Regal Pillow"},{"floor":12.0,"key":"Pen Nib"}],"event_choices":[{"damage_healed":0.0,"max_hp_gain":0.0,"max_hp_loss":0.0,"gold_gain":0.0,"event_name":"Vampires","player_choice":"Ignored","floor":19.0,"gold_loss":0.0,"damage_taken":0.0},{"damage_healed":0.0,"max_hp_gain":5.0,"max_hp_loss":0.0,"gold_gain":0.0,"event_name":"Forgotten Altar","player_choice":"Shed Blood","floor":21.0,"gold_loss":0.0,"damage_taken":19.0}],"is_beta":false,"boss_relics":[{"not_picked":["Replay:Ancient Bell","aspiration:SecretTechniqueScroll"],"picked":"Ring of Chaos"}],"items_purged_floors":[],"is_endless":false,"potions_floor_spawned":[8,12,16,20],"ascension_level":0}}