{"host":"7o30bgpqouqblh42","time":1609785687,"event":{"mods":["AchievementEnabler","Aspiration","BaseMod","Colored Map","Downfall","Highlight Path","Minty Spire (QoL Compilation)","StSLib","SuperFastMode"],"gold_per_floor":[114,125,125,79,79,79,112,129,210,221,2,35,54,67,67,164,164,180,180,180,180,180,180,180,180,248,262,296,206,106,118,118,217,217,232,246,24,43,61,61,61],"floor_reached":40,"playtime":3288,"items_purged":["Pain","Bite"],"score":516,"play_id":"4b75fdea-471b-40eb-ab6a-b5f003db21ef","local_time":"20210104134127","is_ascension_mode":false,"campfire_choices":[{"data":"Consecrate","floor":6,"key":"SMITH"},{"floor":15,"key":"REST"},{"floor":23,"key":"RECALL"},{"floor":25,"key":"REST"},{"floor":32,"key":"REST"}],"circlet_count":0,"master_deck":["Defend_P","Defend_P+1","Defend_P+1","Eruption","Vigilance","Consecrate+1","Worship","Prostrate+1","DeusExMachina","Perseverance","Sanctity","Study","DevaForm","Vault","SandsOfTime","Bite","Bite","Bite+1","Bite","RitualDagger","ForeignInfluence","ReachHeaven+1","Vengeance","Judgement","CurseOfTheBell","ReachHeaven+1","EmptyMind+1","Halt+1"],"relics":["PureWater","NeowsBlessing","WarpedTongs","War Paint","Matryoshka","Happy Flower","Potion Belt","Fusion Hammer","Enchiridion","Lantern","Anchor","WingedGreaves","Calling Bell","Blood Vial","Meat on the Bone","Gambling Chip","Membership Card","aspiration:Lifesprig"],"acts_visited":["Exordium","TheCity","TheBeyond"],"potions_floor_usage":[10,16,16,16,27,33],"damage_taken":[{"damage":0,"enemies":"Jaw Worm","floor":1,"turns":1},{"damage":0,"enemies":"Cultist","floor":2,"turns":1},{"damage":0,"enemies":"Gremlin Nob","floor":7,"turns":1},{"damage":1,"enemies":"Small Slimes","floor":8,"turns":3},{"damage":2,"enemies":"2 Fungi Beasts","floor":10,"turns":3},{"damage":1,"enemies":"3 Sentries","floor":12,"turns":6},{"damage":9,"enemies":"3 Louse","floor":13,"turns":4},{"damage":4,"enemies":"Exordium Thugs","floor":14,"turns":2},{"damage":18,"enemies":"The Guardian","floor":16,"turns":8},{"damage":8,"enemies":"Shell Parasite","floor":18,"turns":6},{"damage":13,"enemies":"2 Thieves","floor":27,"turns":4},{"damage":0,"enemies":"Gremlin Leader","floor":28,"turns":5},{"damage":18,"enemies":"3 Cultists","floor":31,"turns":3},{"damage":1,"enemies":"Champ","floor":33,"turns":6},{"damage":22,"enemies":"3 Darklings","floor":35,"turns":4},{"damage":13,"enemies":"Orb Walker","floor":36,"turns":3},{"damage":1,"enemies":"4 Shapes","floor":38,"turns":4},{"damage":12,"enemies":"Jaw Worm Horde","floor":39,"turns":4},{"damage":65,"enemies":"Giant Head","floor":40,"turns":9}],"seed_played":"-4522141794805475380","potions_obtained":[{"floor":2,"key":"EssenceOfSteel"},{"floor":7,"key":"SkillPotion"},{"floor":8,"key":"Block Potion"},{"floor":13,"key":"FearPotion"},{"floor":14,"key":"Guardian:BlockOnCardUsePotion"},{"floor":16,"key":"BlessingOfTheForge"},{"floor":18,"key":"SteroidPotion"},{"floor":35,"key":"GamblersBrew"},{"floor":39,"key":"LiquidBronze"}],"is_trial":false,"path_per_floor":["M","M","?","$","?","R","E","M","T","M","$","E","M","M","R","B",null,"M","?","?","?","?","R","?","R","T","M","E","?","$","M","R","B",null,"M","M","$","M","M","E"],"character_chosen":"WATCHER","items_purchased":["Prostrate","Happy Flower","Membership Card","aspiration:Lifesprig"],"campfire_rested":3,"item_purchase_floors":[4,11,37,37],"current_hp_per_floor":[72,72,58,58,58,58,58,57,57,55,55,54,45,41,62,44,72,64,48,48,42,42,42,42,50,50,43,50,50,50,32,47,50,50,35,31,31,37,34,0,0],"gold":61,"neow_bonus":"THREE_ENEMY_KILL","is_daily":false,"chose_seed":false,"campfire_upgraded":1,"win_rate":0.0,"timestamp":1609785687,"path_taken":["M","M","?","$","?","R","E","M","T","?","?","E","M","M","R","BOSS","M","?","?","?","?","R","?","R","T","?","E","?","$","M","R","BOSS","M","M","$","M","M","E"],"items_purchased_type":["Card","Relic","Relic","Relic"],"build_version":"2020-12-22","purchased_purges":2,"victory":false,"max_hp_per_floor":[72,72,72,72,72,72,72,72,72,72,72,72,72,72,72,72,72,72,72,50,50,50,50,50,50,50,50,50,50,50,50,50,50,50,50,50,50,50,50,50,50],"card_choices":[{"not_picked":["ClearTheMind","BowlingBash"],"picked":"Consecrate","floor":1},{"not_picked":["Protect","Prostrate"],"picked":"Worship","floor":2},{"not_picked":["ClearTheMind","BowlingBash"],"picked":"DeusExMachina","floor":7},{"not_picked":["SashWhip","EmptyFist"],"picked":"Perseverance","floor":8},{"not_picked":["TalkToTheHand","EmptyBody"],"picked":"Sanctity","floor":10},{"not_picked":["Weave","CutThroughFate"],"picked":"Study","floor":12},{"not_picked":["FollowUp","Prostrate","CrushJoints"],"picked":"SKIP","floor":13},{"not_picked":["FollowUp","SashWhip"],"picked":"DevaForm","floor":14},{"not_picked":["DeusExMachina","Judgement"],"picked":"Vault","floor":16},{"not_picked":["SashWhip","FearNoEvil"],"picked":"SandsOfTime","floor":18},{"not_picked":["FlyingSleeves","Evaluate","SashWhip"],"picked":"SKIP","floor":27},{"not_picked":["SashWhip","Crescendo"],"picked":"ReachHeaven+1","floor":28},{"not_picked":["Crescendo+1","EmptyFist"],"picked":"Vengeance","floor":31},{"not_picked":["DevaForm","Blasphemy"],"picked":"Judgement","floor":33},{"not_picked":["EmptyMind","EmptyFist"],"picked":"ReachHeaven+1","floor":35},{"not_picked":["JustLucky","ForeignInfluence","BowlingBash"],"picked":"SKIP","floor":36},{"not_picked":["Prostrate+1","Collect"],"picked":"EmptyMind+1","floor":38},{"not_picked":["LessonLearned","Crescendo+1"],"picked":"Halt+1","floor":39}],"player_experience":227255,"relics_obtained":[{"floor":7,"key":"War Paint"},{"floor":9,"key":"Matryoshka"},{"floor":12,"key":"Potion Belt"},{"floor":19,"key":"Enchiridion"},{"floor":26,"key":"Anchor"},{"floor":28,"key":"WingedGreaves"},{"floor":34,"key":"Blood Vial"},{"floor":34,"key":"Meat on the Bone"},{"floor":34,"key":"Gambling Chip"}],"event_choices":[{"damage_healed":0,"gold_gain":0,"player_choice":"Entered Light","damage_taken":14,"max_hp_gain":0,"max_hp_loss":0,"event_name":"Shining Light","floor":3,"gold_loss":0,"cards_upgraded":["Defend_P","Strike_P"]},{"damage_healed":0,"gold_gain":0,"player_choice":"Rummage","damage_taken":0,"relics_obtained":["WarpedTongs"],"max_hp_gain":0,"max_hp_loss":0,"event_name":"Accursed Blacksmith","floor":5,"gold_loss":0,"cards_obtained":["Pain"]},{"damage_healed":0,"gold_gain":0,"player_choice":"Obtained Book","damage_taken":16,"max_hp_gain":0,"max_hp_loss":0,"event_name":"Cursed Tome","floor":19,"gold_loss":0},{"damage_healed":0,"gold_gain":0,"player_choice":"Became a vampire","damage_taken":0,"max_hp_gain":0,"max_hp_loss":22,"event_name":"Vampires","floor":20,"gold_loss":0,"cards_obtained":["Bite","Bite","Bite","Bite","Bite"]},{"damage_healed":0,"gold_gain":0,"player_choice":"Joined the Cult","damage_taken":6,"max_hp_gain":0,"max_hp_loss":0,"event_name":"Nest","floor":21,"gold_loss":0,"cards_obtained":["RitualDagger"]},{"damage_healed":0,"gold_gain":0,"player_choice":"Read","damage_taken":0,"max_hp_gain":0,"max_hp_loss":0,"event_name":"The Library","floor":22,"gold_loss":0,"cards_obtained":["ForeignInfluence"]},{"damage_healed":0,"gold_gain":0,"player_choice":"Gave Potion","damage_taken":0,"relics_obtained":["Lantern"],"max_hp_gain":0,"max_hp_loss":0,"event_name":"WeMeetAgain","floor":24,"gold_loss":0},{"cards_removed":["Defend_P"],"damage_healed":0,"gold_gain":0,"player_choice":"Upgrade and Remove","damage_taken":0,"max_hp_gain":0,"max_hp_loss":0,"event_name":"Designer","floor":29,"gold_loss":90,"cards_upgraded":["Bite"]}],"is_beta":false,"boss_relics":[{"not_picked":["Tiny House","Runic Dome"],"picked":"Fusion Hammer"},{"not_picked":["VioletLotus","SlaversCollar"],"picked":"Calling Bell"}],"items_purged_floors":[11,30],"is_endless":false,"potions_floor_spawned":[2,7,8,13,14,16,18,35,39],"killed_by":"Giant Head","ascension_level":0}}