{"host":"armnliea5o2aqs4b","time":1609727258,"event":{"mods":["BaseMod","Hubris","Infinite Spire","Minty Spire (QoL Compilation)","Quick Restart","StSLib"],"gold_per_floor":[110,60,60,60,60,95,95,126,126,126,45,63,81,109,109,109,109],"floor_reached":16,"playtime":278,"items_purged":[],"score":174,"play_id":"d5399614-0ab5-432e-aac8-5a5eb4d6b59c","local_time":"20210104132738","is_ascension_mode":true,"campfire_choices":[{"data":"Stack","floor":7.0,"key":"SMITH"},{"data":"Zap","floor":10.0,"key":"SMITH"},{"data":"White Noise","floor":15,"key":"SMITH"}],"circlet_count":0,"master_deck":["Strike_B","Strike_B","Strike_B+1","Defend_B","Defend_B","Defend_B+1","Defend_B","Zap+1","Dualcast","Stack+1","Auto Shields","Hello World","White Noise+1","Coolheaded"],"relics":["Cracked Core","NeowsBlessing","hubris:Icosahedron","CaptainsWheel","Bag of Marbles","hubris:Potato","HornCleat"],"acts_visited":["Exordium"],"potions_floor_usage":[],"damage_taken":[{"damage":0.0,"enemies":"2 Louse","floor":1.0,"turns":1.0},{"damage":0.0,"enemies":"Gremlin Nob","floor":6.0,"turns":1.0},{"damage":0.0,"enemies":"3 Sentries","floor":8.0,"turns":1.0},{"damage":0,"enemies":"Jaw Worm","floor":12,"turns":3},{"damage":0,"enemies":"Cultist","floor":13,"turns":3},{"damage":18,"enemies":"Gremlin Nob","floor":14,"turns":5},{"damage":1,"enemies":"The Guardian","floor":16,"turns":5}],"seed_played":"-6157119993672379271","potions_obtained":[{"floor":12,"key":"Strength Potion"},{"floor":13,"key":"DistilledChaos"},{"floor":14,"key":"Regen Potion"}],"is_trial":false,"path_per_floor":["M","?","?","?","$","E","R","E","T","R","$","M","M","E","R","B"],"character_chosen":"DEFECT","items_purchased":["Hello World"],"campfire_rested":0,"item_purchase_floors":[11],"current_hp_per_floor":[75,75,60,60,60,60,60,60,60,60,60,60,60,42,42,41,41],"gold":109,"neow_bonus":"THREE_ENEMY_KILL","is_daily":false,"chose_seed":false,"campfire_upgraded":3,"win_rate":0.0,"timestamp":1609727258,"path_taken":["M","?","?","?","?","E","R","E","T","R","$","?","M","E","R","BOSS"],"items_purchased_type":["Card"],"build_version":"2020-12-22","purchased_purges":0,"victory":false,"max_hp_per_floor":[75,75,75,75,75,75,75,75,75,75,75,75,75,75,75,75,75],"card_choices":[{"not_picked":["Static Discharge","Stack","Heatsinks"],"picked":"SKIP","floor":1.0},{"not_picked":["Ball Lightning","Beam Cell"],"picked":"Stack","floor":6.0},{"not_picked":["Static Discharge","Cold Snap"],"picked":"Auto Shields","floor":8.0},{"not_picked":["Stack","Sweeping Beam","Leap"],"picked":"SKIP","floor":12},{"not_picked":["Gash","Sweeping Beam"],"picked":"White Noise","floor":13},{"not_picked":["Force Field","Rebound"],"picked":"Coolheaded","floor":14}],"player_experience":177923,"relics_obtained":[{"floor":6.0,"key":"CaptainsWheel"},{"floor":8.0,"key":"Bag of Marbles"},{"floor":9.0,"key":"hubris:Potato"},{"floor":14,"key":"HornCleat"}],"event_choices":[{"cards_removed":["Strike_B"],"damage_healed":0.0,"max_hp_gain":0.0,"max_hp_loss":0.0,"gold_gain":0.0,"event_name":"The Cleric","player_choice":"Card Removal","floor":2.0,"gold_loss":50.0,"damage_taken":0.0},{"damage_healed":0.0,"max_hp_gain":0.0,"max_hp_loss":0.0,"gold_gain":0.0,"event_name":"Shining Light","player_choice":"Entered Light","floor":3.0,"gold_loss":0.0,"damage_taken":15.0,"cards_upgraded":["Strike_B","Defend_B"]}],"is_beta":false,"boss_relics":[],"items_purged_floors":[],"is_endless":false,"potions_floor_spawned":[12,13,14],"killed_by":"The Guardian","ascension_level":1}}