{"host":"9d9dhukr2jywmy0f","time":1609767959,"event":{"mods":["2.2 Compatiblity","Alarm Clock","BaseMod","Bestiary","Block Reminder","Colored Map","Colored Powertips","Curses Come First","DeckTracker","Highlight Path","Infinite Spire","Key Reminder","Keyboard Shortcuts","Minty Spire (QoL Compilation)","MonsterHotkey","Quick Restart","Rare Cards Sparkle","Relic Sorter","Relic Stats","Spire Birthday Party","StSLib","SuperFastMode","Synergy Search","Unceasing Turn Reminder","Unknown Chances"],"gold_per_floor":[113,113,127,52,52,87,87,107,107,136,152,152,152,192,192,192,192],"floor_reached":16,"playtime":523,"items_purged":["Strike_R"],"score":266,"play_id":"8fefabf3-ebe5-4e67-b109-bccee6b96350","local_time":"20210104214559","is_ascension_mode":true,"campfire_choices":[{"data":"Berserk","floor":7.0,"key":"SMITH"},{"data":"Body Slam","floor":13.0,"key":"SMITH"},{"data":"Fire Breathing","floor":15.0,"key":"SMITH"}],"circlet_count":0,"master_deck":["AscendersBane","Strike_R","Strike_R","Strike_R","Strike_R","Defend_R","Defend_R","Defend_R","Defend_R","Bash","Havoc","Berserk+1","True Grit","Body Slam+1","Fire Breathing+1","infinitespire:NeuralNetwork","Exhume"],"relics":["Burning Blood","NeowsBlessing","Golden Idol","Eternal Feather","Meat on the Bone","Odd Mushroom","Centennial Puzzle","keyreminder:keyreminder"],"acts_visited":["Exordium"],"potions_floor_usage":[],"damage_taken":[{"damage":0.0,"enemies":"2 Louse","floor":1.0,"turns":1.0},{"damage":0.0,"enemies":"Cultist","floor":3.0,"turns":1.0},{"damage":0.0,"enemies":"Lagavulin","floor":6.0,"turns":1.0},{"damage":14.0,"enemies":"Jaw Worm","floor":8.0,"turns":5.0},{"damage":6.0,"enemies":"The Mushroom Lair","floor":10.0,"turns":6.0},{"damage":7.0,"enemies":"2 Fungi Beasts","floor":11.0,"turns":4.0},{"damage":33.0,"enemies":"3 Sentries","floor":14.0,"turns":6.0},{"damage":26,"enemies":"Hexaghost","floor":16,"turns":9}],"seed_played":"-5615762700630970648","potions_obtained":[{"floor":2.0,"key":"Fire Potion"},{"floor":2.0,"key":"SmokeBomb"},{"floor":10.0,"key":"Energy Potion"},{"floor":11.0,"key":"Energy Potion"}],"is_trial":false,"path_per_floor":["M","?","M","$","?","E","R","M","T","?","M","?","R","E","R","B"],"character_chosen":"IRONCLAD","items_purchased":[],"campfire_rested":0,"item_purchase_floors":[],"current_hp_per_floor":[74,74,75,75,49,55,61,53,53,53,52,33,42,27,36,10,10],"gold":192,"neow_bonus":"THREE_ENEMY_KILL","is_daily":false,"chose_seed":false,"campfire_upgraded":3,"win_rate":0.0,"timestamp":1609767959,"path_taken":["M","?","?","$","?","E","R","M","T","?","M","?","R","E","R","BOSS"],"items_purchased_type":[],"build_version":"2020-11-30","purchased_purges":1,"victory":false,"max_hp_per_floor":[75,75,75,75,75,75,75,75,75,75,75,75,75,75,75,75,75],"relic_stats":{"Centennial Puzzle":[3],"counters":[8,33],"Golden Idol":28,"Eternal Feather":24,"obtain_stats":[{"keyreminder:keyreminder":14,"Centennial Puzzle":14,"NeowsBlessing":0,"Golden Idol":5,"Eternal Feather":6,"Odd Mushroom":10,"Burning Blood":0,"Meat on the Bone":9},{"keyreminder:keyreminder":7,"Centennial Puzzle":7,"NeowsBlessing":0,"Golden Idol":2,"Eternal Feather":3,"Odd Mushroom":5,"Burning Blood":0,"Meat on the Bone":4},{"keyreminder:keyreminder":24,"Centennial Puzzle":24,"NeowsBlessing":0,"Golden Idol":2,"Eternal Feather":3,"Odd Mushroom":14,"Burning Blood":0,"Meat on the Bone":8}],"Burning Blood":37,"Meat on the Bone":12},"card_choices":[{"not_picked":["Metallicize","Headbutt","Heavy Blade"],"picked":"SKIP","floor":1.0},{"not_picked":["Flex","Headbutt"],"picked":"Havoc","floor":3.0},{"not_picked":["Sword Boomerang","Clothesline"],"picked":"Berserk","floor":6.0},{"not_picked":["Rupture","Headbutt"],"picked":"True Grit","floor":8.0},{"not_picked":["Dark Embrace","Rampage"],"picked":"Body Slam","floor":10.0},{"not_picked":["Sword Boomerang","Shockwave"],"picked":"Fire Breathing","floor":11.0},{"not_picked":["infinitespire:Menacing","infinitespire:FutureSight"],"picked":"infinitespire:NeuralNetwork","floor":12.0},{"not_picked":["Pommel Strike","Carnage"],"picked":"Exhume","floor":14.0}],"player_experience":767699,"relics_obtained":[{"floor":6.0,"key":"Eternal Feather"},{"floor":9.0,"key":"Meat on the Bone"},{"floor":10.0,"key":"Odd Mushroom"},{"floor":14.0,"key":"Centennial Puzzle"}],"event_choices":[{"damage_healed":0.0,"max_hp_gain":0.0,"max_hp_loss":0.0,"gold_gain":0.0,"event_name":"Lab","player_choice":"Got Potions","floor":2.0,"gold_loss":0.0,"damage_taken":0.0},{"damage_healed":0.0,"max_hp_gain":0.0,"max_hp_loss":0.0,"gold_gain":0.0,"event_name":"Golden Idol","player_choice":"Take Damage","floor":5.0,"gold_loss":0.0,"damage_taken":26.0,"relics_obtained":["Golden Idol"]},{"damage_healed":0.0,"max_hp_gain":0.0,"max_hp_loss":0.0,"gold_gain":0.0,"event_name":"Mushrooms","player_choice":"Fought Mushrooms","floor":10.0,"gold_loss":0.0,"damage_taken":0.0}],"is_beta":false,"boss_relics":[],"items_purged_floors":[4],"is_endless":false,"potions_floor_spawned":[10,11],"killed_by":"Hexaghost","ascension_level":20}}