{"host":"d2y4rmbezebiv8aj","time":1609742713,"event":{"mods":["AchievementEnabler","BaseMod","BetterRewards","Colored Map","Colored Powertips","Custom Start","Highlight Path","Minty Spire (QoL Compilation)","Rare Cards Sparkle","Shop Mod","StSLib","SuperFastMode","Synergy Search"],"gold_per_floor":[116,136,136,148,165,192,253,253,253,204,224,299,14,14,14],"floor_reached":14,"playtime":422,"items_purged":[],"score":108,"play_id":"d3cbab38-fbe1-45cf-9e78-6716b109410c","local_time":"20210104074513","is_ascension_mode":true,"campfire_choices":[{"data":"All Out Attack","floor":8,"key":"SMITH"}],"circlet_count":0,"master_deck":["Strike_G","Strike_G","Strike_G","Strike_G","Strike_G","Defend_G","Defend_G","Defend_G","Defend_G","Survivor","Neutralize","Sucker Punch","All Out Attack+1","PiercingWail","Footwork","Quick Slash","Endless Agony","Outmaneuver","Dagger Spray","Infinite Blades"],"relics":["Ring of the Snake","NeowsBlessing","Bottled Flame","Gremlin Horn","Shuriken","Pantograph"],"acts_visited":["Exordium"],"potions_floor_usage":[6],"damage_taken":[{"damage":0,"enemies":"Jaw Worm","floor":1,"turns":1},{"damage":0,"enemies":"Cultist","floor":2,"turns":1},{"damage":0,"enemies":"Small Slimes","floor":4,"turns":1},{"damage":1,"enemies":"Blue Slaver","floor":5,"turns":6},{"damage":14,"enemies":"Lagavulin","floor":6,"turns":8},{"damage":25,"enemies":"Gremlin Nob","floor":7,"turns":5},{"damage":0,"enemies":"Large Slime","floor":11,"turns":4},{"damage":26,"enemies":"Gremlin Nob","floor":14,"turns":4}],"seed_played":"838378696056768380","potions_obtained":[{"floor":4,"key":"SkillPotion"}],"is_trial":false,"path_per_floor":["M","M","?","M","M","E","?","R","T","$","M","?","$","E"],"character_chosen":"THE_SILENT","items_purchased":["Outmaneuver","Pantograph","Infinite Blades"],"campfire_rested":0,"item_purchase_floors":[10,13,13],"current_hp_per_floor":[70,70,70,70,69,55,30,30,30,30,30,19,19,0,0],"gold":14,"neow_bonus":"THREE_ENEMY_KILL","is_daily":false,"chose_seed":false,"campfire_upgraded":1,"win_rate":0.0,"timestamp":1609742713,"path_taken":["M","M","?","M","?","E","?","R","T","$","M","?","$","E"],"items_purchased_type":["Card","Relic","Card"],"build_version":"2020-12-22","purchased_purges":0,"victory":false,"max_hp_per_floor":[70,70,70,70,70,70,70,70,70,70,70,70,70,70,70],"card_choices":[{"not_picked":["Underhanded Strike","Bane"],"picked":"Sucker Punch","floor":1},{"not_picked":["Quick Slash","Escape Plan"],"picked":"All Out Attack","floor":2},{"not_picked":["Sucker Punch","Acrobatics"],"picked":"PiercingWail","floor":4},{"not_picked":["Bane","Acrobatics"],"picked":"Footwork","floor":5},{"not_picked":["Sucker Punch","Wraith Form v2"],"picked":"Quick Slash","floor":6},{"not_picked":["Quick Slash","PiercingWail"],"picked":"Endless Agony","floor":7},{"not_picked":["Backflip","Flying Knee"],"picked":"Dagger Spray","floor":11}],"player_experience":333801,"relics_obtained":[{"floor":6,"key":"Bottled Flame"},{"floor":7,"key":"Gremlin Horn"},{"floor":9,"key":"Shuriken"}],"event_choices":[{"cards_removed":["Defend_G"],"damage_healed":0,"gold_gain":0,"player_choice":"Offered Basic","damage_taken":0,"max_hp_gain":0,"max_hp_loss":0,"event_name":"Bonfire Elementals","floor":3,"gold_loss":0},{"damage_healed":0,"gold_gain":30,"player_choice":"Searched \u00272\u0027 times","damage_taken":0,"max_hp_gain":0,"max_hp_loss":0,"event_name":"Dead Adventurer","floor":7,"gold_loss":0},{"damage_healed":0,"gold_gain":75,"player_choice":"Gather Gold","damage_taken":11,"max_hp_gain":0,"max_hp_loss":0,"event_name":"World of Goop","floor":12,"gold_loss":0}],"is_beta":false,"boss_relics":[],"items_purged_floors":[],"is_endless":false,"potions_floor_spawned":[4],"killed_by":"Gremlin Nob","ascension_level":4}}