{"host":"mcdusr64esz012l0","time":1609721694,"event":{"mods":["BaseMod","Minty Spire (QoL Compilation)","Relic Stats"],"gold_per_floor":[18,18,18,18,41,76,76,76,76,114,114,189,210,234,234,234,234],"floor_reached":16,"playtime":403,"items_purged":[],"score":216,"play_id":"2b81b71c-e3fc-4b68-8549-86056b2e9436","local_time":"20210103195454","is_ascension_mode":true,"campfire_choices":[{"data":"BowlingBash","floor":8,"key":"SMITH"},{"data":"Conclude","floor":11,"key":"SMITH"},{"data":"FlurryOfBlows","floor":15,"key":"SMITH"}],"circlet_count":0,"master_deck":["AscendersBane","Strike_P","Strike_P","Strike_P","Defend_P","Defend_P","Defend_P","Defend_P","Eruption","Vigilance","BowlingBash+1","FollowUp","FlurryOfBlows+1","Parasite","Conclude+1","ThirdEye","LessonLearned"],"relics":["PureWater","Du-Vu Doll","Golden Idol","Eternal Feather","Meat on the Bone","Ginger"],"acts_visited":["Exordium"],"potions_floor_usage":[6,10,16],"damage_taken":[{"damage":2,"enemies":"Small Slimes","floor":1,"turns":3},{"damage":0,"enemies":"Jaw Worm","floor":5,"turns":4},{"damage":45,"enemies":"Lagavulin","floor":6,"turns":4},{"damage":12,"enemies":"3 Sentries","floor":10,"turns":5},{"damage":0,"enemies":"2 Louse","floor":13,"turns":2},{"damage":0,"enemies":"Large Slime","floor":14,"turns":3},{"damage":59,"enemies":"The Guardian","floor":16,"turns":7}],"seed_played":"4522672271955005068","potions_obtained":[{"floor":5,"key":"Weak Potion"},{"floor":6,"key":"Dexterity Potion"},{"floor":13,"key":"Strength Potion"},{"floor":14,"key":"BottledMiracle"}],"is_trial":false,"path_per_floor":["M","?","?","$","M","E","?","R","T","E","R","?","M","M","R","B"],"character_chosen":"WATCHER","items_purchased":[],"campfire_rested":0,"item_purchase_floors":[],"current_hp_per_floor":[59,59,59,59,59,14,29,35,35,35,44,33,33,33,42,0,0],"gold":234,"neow_bonus":"ONE_RARE_RELIC","is_daily":false,"chose_seed":false,"campfire_upgraded":3,"win_rate":0.0,"timestamp":1609721694,"path_taken":["M","?","?","?","M","E","?","R","T","E","R","?","M","M","R","BOSS"],"items_purchased_type":[],"build_version":"2020-12-22","purchased_purges":0,"victory":false,"max_hp_per_floor":[68,68,62,62,62,62,62,62,62,62,62,62,62,62,62,62,62],"relic_stats":{"counters":[7,28],"Golden Idol":29,"Eternal Feather":24,"Ginger":[2],"obtain_stats":[{"Du-Vu Doll":0,"Golden Idol":3,"Eternal Feather":6,"Ginger":10,"PureWater":0,"Meat on the Bone":9},{"Du-Vu Doll":0,"Golden Idol":1,"Eternal Feather":3,"Ginger":4,"PureWater":0,"Meat on the Bone":3},{"Du-Vu Doll":0,"Golden Idol":3,"Eternal Feather":11,"Ginger":16,"PureWater":0,"Meat on the Bone":11}],"Meat on the Bone":12},"card_choices":[{"not_picked":["Evaluate","WaveOfTheHand"],"picked":"BowlingBash","floor":1},{"not_picked":["Evaluate","Pray"],"picked":"FollowUp","floor":5},{"not_picked":["CutThroughFate","InnerPeace"],"picked":"FlurryOfBlows","floor":6},{"not_picked":["Halt","Pray"],"picked":"Conclude","floor":10},{"not_picked":["PathToVictory","SandsOfTime"],"picked":"ThirdEye","floor":13},{"not_picked":["DeceiveReality","PathToVictory"],"picked":"LessonLearned","floor":14}],"player_experience":1034595,"relics_obtained":[{"floor":6,"key":"Eternal Feather"},{"floor":9,"key":"Meat on the Bone"},{"floor":10,"key":"Ginger"}],"event_choices":[{"cards_removed":["Strike_P"],"damage_healed":0,"gold_gain":0,"player_choice":"Forget","damage_taken":0,"max_hp_gain":0,"max_hp_loss":0,"event_name":"Living Wall","floor":2,"gold_loss":0},{"damage_healed":0,"gold_gain":0,"player_choice":"Lose Max HP","damage_taken":0,"relics_obtained":["Golden Idol"],"max_hp_gain":0,"max_hp_loss":6,"event_name":"Golden Idol","floor":3,"gold_loss":0},{"damage_healed":15,"gold_gain":0,"player_choice":"Healed and dodged fight","damage_taken":0,"max_hp_gain":0,"max_hp_loss":0,"event_name":"Mushrooms","floor":7,"gold_loss":0,"cards_obtained":["Parasite"]},{"damage_healed":0,"gold_gain":75,"player_choice":"Gather Gold","damage_taken":11,"max_hp_gain":0,"max_hp_loss":0,"event_name":"World of Goop","floor":12,"gold_loss":0}],"is_beta":false,"boss_relics":[],"items_purged_floors":[],"is_endless":false,"potions_floor_spawned":[5,6,13,14],"killed_by":"The Guardian","ascension_level":20}}