{"host":"nlbr7nnijupf3yfg","time":1609731947,"event":{"mods":["AchievementEnabler","BaseMod","Colored Powertips","DeckTracker","Downfall","Hubris","Minty Spire (QoL Compilation)","Replay The Spire","StSLib","SuperFastMode"],"gold_per_floor":[119,119,8,25,25,25,92,92,141,152,152,191,191,211,211,330,330,355,355,21,21,21,21,21],"floor_reached":23,"playtime":357,"items_purged":[],"score":185,"play_id":"4f5d78ea-0747-4637-8ef8-52ce054801cb","local_time":"20210103224547","is_ascension_mode":false,"campfire_choices":[{"data":"expansioncontent:PolyBeam","floor":6,"key":"SMITH"},{"data":"ReplayRNGCard","floor":8,"key":"SMITH"},{"floor":13,"key":"REST"}],"circlet_count":0,"master_deck":["Strike_B+1","Defend_B","Defend_B","Defend_B","Defend_B","Zap","Dualcast","ReplayRNGCard+1","Time Bomb","Conserve Battery","BasicCrystalCard","expansioncontent:PolyBeam+1","Sunder","BasicCrystalCard","Auto Shields+1","Multi-Cast","ReplaySort","Self Repair","Defragment"],"relics":["Cracked Core","Solar Panel","Simple Rune","Golden Idol","hubris:RGBLights","Inserter","hubris:Spice","hubris:BottledHeart","Vajra"],"acts_visited":["Exordium","TheCity"],"potions_floor_usage":[23],"damage_taken":[{"damage":0,"enemies":"2 Louse","floor":1,"turns":2},{"damage":1,"enemies":"Jaw Worm","floor":4,"turns":3},{"damage":5,"enemies":"Small Slimes","floor":10,"turns":3},{"damage":18,"enemies":"Replay:BlueRogue","floor":12,"turns":4},{"damage":0,"enemies":"3 Louse","floor":14,"turns":2},{"damage":48,"enemies":"Fading Forest","floor":16,"turns":11},{"damage":25,"enemies":"3 Byrds","floor":18,"turns":5},{"damage":13,"enemies":"Slavers","floor":23,"turns":3}],"seed_played":"2842579388663736856","potions_obtained":[{"floor":1,"key":"Energy Potion"},{"floor":14,"key":"Elixir"},{"floor":16,"key":"FairyPotion"}],"is_trial":false,"path_per_floor":["M","?","$","M","T","R","?","R","T","M","?","E","R","M","R","B",null,"M","?","$","?","?","E"],"character_chosen":"DEFECT","items_purchased":["BasicCrystalCard","expansioncontent:PolyBeam","hubris:Spice","Defragment"],"campfire_rested":1,"item_purchase_floors":[3,3,20,20],"current_hp_per_floor":[75,75,75,74,74,74,74,74,74,69,51,35,57,59,59,29,75,52,52,60,1,1,0,0],"gold":21,"neow_bonus":"ONE_RANDOM_RARE_CARD","is_daily":false,"chose_seed":false,"campfire_upgraded":2,"win_rate":0.0,"timestamp":1609731947,"path_taken":["M","?","$","M","?","R","?","R","T","M","?","E","R","M","R","BOSS","M","?","$","?","?","E"],"items_purchased_type":["Card","Card","Relic","Card"],"build_version":"2020-12-22","purchased_purges":0,"victory":false,"max_hp_per_floor":[75,75,75,75,75,75,75,75,75,75,75,75,75,75,75,75,75,75,75,83,1,1,1,1],"card_choices":[{"not_picked":["Consume","Streamline"],"picked":"Time Bomb","floor":1},{"not_picked":["Reinforced Body","Rip and Tear"],"picked":"Sunder","floor":4},{"not_picked":["Hologram","Darkness","hubris:Ukulele"],"picked":"SKIP","floor":10},{"not_picked":["Steam","Rip and Tear","Leap"],"picked":"SKIP","floor":12},{"not_picked":["Redo","hubris:Ukulele"],"picked":"BasicCrystalCard","floor":14},{"not_picked":["Biased Cognition","hubris:Prefetch"],"picked":"Multi-Cast","floor":16},{"not_picked":["Hologram","ReplaySolidLightProjector","Streamline"],"picked":"SKIP","floor":18}],"player_experience":34511,"relics_obtained":[{"floor":5,"key":"Solar Panel"},{"floor":9,"key":"Simple Rune"},{"floor":12,"key":"hubris:RGBLights"}],"event_choices":[{"damage_healed":0,"gold_gain":67,"player_choice":"Gained Gold","damage_taken":0,"max_hp_gain":0,"max_hp_loss":0,"event_name":"Golden Wing","floor":7,"gold_loss":0},{"damage_healed":0,"gold_gain":0,"player_choice":"Take Damage","damage_taken":18,"relics_obtained":["Golden Idol"],"max_hp_gain":0,"max_hp_loss":0,"event_name":"Golden Idol","floor":11,"gold_loss":0},{"damage_healed":0,"gold_gain":0,"cards_transformed":["Strike_B","Strike_B"],"player_choice":"Became Test Subject","damage_taken":0,"max_hp_gain":0,"max_hp_loss":0,"event_name":"Drug Dealer","floor":19,"gold_loss":0,"cards_obtained":["ReplaySort","Self Repair"]}],"is_beta":false,"boss_relics":[{"not_picked":["Replay:Bronze Core","FrozenCore"],"picked":"Inserter"}],"items_purged_floors":[],"is_endless":false,"potions_floor_spawned":[1,14,16,18],"killed_by":"Slavers","ascension_level":0}}