{"host":"ta9mufxydm4vkknf","time":1609797138,"event":{"mods":["AchievementEnabler","BaseMod","Minty Spire (QoL Compilation)","Quick Restart"],"gold_per_floor":[117,128,203,214,234,234,259,259,259,288,303,253,278,290,290,394,394,410,410,161,161,174,174,200,100,151,151,151],"floor_reached":27,"playtime":1337,"items_purged":["Strike_G","Defend_G"],"score":304,"play_id":"9ff30fd8-1f73-4d8a-8cb4-f075a39a73a6","local_time":"20210104225218","is_ascension_mode":true,"campfire_choices":[{"data":"Sucker Punch","floor":6,"key":"SMITH"},{"floor":8,"key":"REST"},{"floor":15,"key":"REST"},{"data":"Envenom","floor":23,"key":"SMITH"}],"circlet_count":0,"master_deck":["Strike_G","Strike_G","Defend_G","Defend_G","Defend_G","Survivor","Neutralize","Slice","Sucker Punch+1","Flying Knee","Masterful Stab","Leg Sweep","Quick Slash","Envenom+1","Outmaneuver","Adrenaline","Slice","Prepared","Footwork","Backflip+1"],"relics":["Empty Cage","Pen Nib","PreservedInsect","Darkstone Periapt","Ice Cream","HoveringKite","Oddly Smooth Stone","Happy Flower","Ancient Tea Set"],"acts_visited":["Exordium","TheCity"],"potions_floor_usage":[16],"damage_taken":[{"damage":6,"enemies":"Cultist","floor":1,"turns":6},{"damage":9,"enemies":"Jaw Worm","floor":2,"turns":4},{"damage":0,"enemies":"2 Louse","floor":4,"turns":4},{"damage":0,"enemies":"2 Fungi Beasts","floor":5,"turns":3},{"damage":28,"enemies":"3 Sentries","floor":7,"turns":11},{"damage":8,"enemies":"Lagavulin","floor":10,"turns":4},{"damage":18,"enemies":"Exordium Thugs","floor":11,"turns":6},{"damage":0,"enemies":"Gremlin Nob","floor":13,"turns":3},{"damage":2,"enemies":"Lots of Slimes","floor":14,"turns":4},{"damage":27,"enemies":"The Guardian","floor":16,"turns":14},{"damage":13,"enemies":"Shell Parasite","floor":18,"turns":7},{"damage":19,"enemies":"3 Byrds","floor":22,"turns":9},{"damage":13,"enemies":"Book of Stabbing","floor":24,"turns":7},{"damage":27,"enemies":"Gremlin Leader","floor":27,"turns":8}],"seed_played":"-1057064889828687315","potions_obtained":[{"floor":4,"key":"CunningPotion"},{"floor":7,"key":"Block Potion"},{"floor":10,"key":"FearPotion"},{"floor":18,"key":"Ancient Potion"},{"floor":22,"key":"SpeedPotion"}],"is_trial":false,"path_per_floor":["M","M","?","M","M","R","E","R","T","E","M","?","E","M","R","B",null,"M","?","$","?","M","R","E","$","T","E"],"character_chosen":"THE_SILENT","items_purchased":["Prepared","Oddly Smooth Stone"],"campfire_rested":2,"item_purchase_floors":[20,20],"current_hp_per_floor":[64,55,44,44,44,44,16,37,37,29,11,11,11,9,30,3,70,57,57,57,57,38,38,25,25,25,0,0],"gold":151,"neow_bonus":"BOSS_RELIC","is_daily":false,"chose_seed":false,"campfire_upgraded":2,"win_rate":0.0,"timestamp":1609797138,"path_taken":["M","?","?","M","M","R","E","R","T","E","M","?","E","M","R","BOSS","M","?","?","?","?","R","E","$","T","E"],"items_purchased_type":["Card","Relic"],"build_version":"2020-12-22","purchased_purges":2,"victory":false,"max_hp_per_floor":[70,70,70,70,70,70,70,70,70,70,70,70,70,70,70,70,70,70,70,70,70,70,70,70,70,70,70,70],"card_choices":[{"not_picked":["Riddle With Holes","All Out Attack"],"picked":"Slice","floor":1},{"not_picked":["Acrobatics","Concentrate"],"picked":"Sucker Punch","floor":2},{"not_picked":["Concentrate","Blade Dance"],"picked":"Flying Knee","floor":4},{"not_picked":["Deflect","Finisher"],"picked":"Masterful Stab","floor":5},{"not_picked":["Flying Knee","Bouncing Flask"],"picked":"Leg Sweep","floor":7},{"not_picked":["All Out Attack","Blur"],"picked":"Quick Slash","floor":10},{"not_picked":["Distraction","Blade Dance","Leg Sweep"],"picked":"SKIP","floor":11},{"not_picked":["Deflect","Noxious Fumes"],"picked":"Envenom","floor":13},{"not_picked":["Infinite Blades","Flying Knee"],"picked":"Outmaneuver","floor":14},{"not_picked":["Bullet Time","Wraith Form v2"],"picked":"Adrenaline","floor":16},{"not_picked":["Well Laid Plans","Outmaneuver"],"picked":"Slice","floor":18},{"not_picked":["PiercingWail","Tactician"],"picked":"Footwork","floor":22},{"not_picked":["Riddle With Holes","Outmaneuver"],"picked":"Backflip+1","floor":24}],"player_experience":207733,"relics_obtained":[{"floor":7,"key":"Pen Nib"},{"floor":9,"key":"PreservedInsect"},{"floor":10,"key":"Darkstone Periapt"},{"floor":13,"key":"Ice Cream"},{"floor":24,"key":"Happy Flower"},{"floor":26,"key":"Ancient Tea Set"}],"event_choices":[{"damage_healed":0,"gold_gain":75,"player_choice":"Gather Gold","damage_taken":11,"max_hp_gain":0,"max_hp_loss":0,"event_name":"World of Goop","floor":3,"gold_loss":0},{"cards_removed":["Strike_G"],"damage_healed":0,"gold_gain":0,"player_choice":"Card Removal","damage_taken":0,"max_hp_gain":0,"max_hp_loss":0,"event_name":"The Cleric","floor":12,"gold_loss":50},{"damage_healed":0,"gold_gain":0,"player_choice":"0 cards matched","damage_taken":0,"max_hp_gain":0,"max_hp_loss":0,"event_name":"Match and Keep!","floor":19,"gold_loss":0,"cards_obtained":[]},{"damage_healed":0,"gold_gain":0,"player_choice":"Bought 0 Potions","damage_taken":0,"max_hp_gain":0,"max_hp_loss":0,"event_name":"The Woman in Blue","floor":21,"gold_loss":0}],"is_beta":false,"boss_relics":[{"not_picked":["Busted Crown","Coffee Dripper"],"picked":"HoveringKite"}],"items_purged_floors":[20,25],"is_endless":false,"potions_floor_spawned":[4,7,10,18,22],"killed_by":"Gremlin Leader","ascension_level":2}}