{"host":"gkp57zoegrd3f2ij","time":1609764694,"event":{"mods":["BaseMod","Colored Map","Colored Powertips","Minty Spire (QoL Compilation)","StSLib"],"gold_per_floor":[109,18,28,28,41,71,82,82,82,82,96,96,113,127,127,229,229,249,249,263,26,93,93,93,93],"floor_reached":24,"playtime":1804,"items_purged":[],"score":230,"play_id":"73887182-7d1b-48f2-92aa-efc59b57c66d","local_time":"20210104135134","is_ascension_mode":true,"campfire_choices":[{"data":"Armaments","floor":8,"key":"SMITH"},{"data":"Bash","floor":10,"key":"SMITH"},{"data":"Whirlwind","floor":12,"key":"SMITH"},{"floor":15,"key":"REST"},{"data":"Anger","floor":23,"key":"SMITH"}],"circlet_count":0,"master_deck":["Strike_R","Strike_R","Strike_R","Strike_R","Defend_R","Defend_R","Defend_R","Bash+1","Armaments+1","Headbutt","Shrug It Off","Pummel","Ghostly Armor","Feel No Pain","Flame Barrier","Whirlwind+1","Anger+1","True Grit","Clothesline","Immolate","Sentinel+1","Demon Form+1","Writhe","Blood for Blood+1","Metallicize"],"relics":["Burning Blood","NeowsBlessing","Strawberry","Dream Catcher","Astrolabe","SsserpentHead","Bronze Scales"],"acts_visited":["Exordium","TheCity"],"potions_floor_usage":[6,14,14,20,20,24],"damage_taken":[{"damage":0,"enemies":"Cultist","floor":1,"turns":1},{"damage":0,"enemies":"Small Slimes","floor":3,"turns":2},{"damage":0,"enemies":"2 Louse","floor":5,"turns":1},{"damage":16,"enemies":"3 Sentries","floor":6,"turns":15},{"damage":24,"enemies":"Lots of Slimes","floor":7,"turns":7},{"damage":16,"enemies":"Gremlin Gang","floor":11,"turns":7},{"damage":2,"enemies":"Exordium Thugs","floor":13,"turns":3},{"damage":4,"enemies":"Exordium Wildlife","floor":14,"turns":4},{"damage":68,"enemies":"The Guardian","floor":16,"turns":15},{"damage":0,"enemies":"3 Byrds","floor":18,"turns":3},{"damage":3,"enemies":"Spheric Guardian","floor":20,"turns":4},{"damage":28,"enemies":"Centurion and Healer","floor":22,"turns":8},{"damage":65,"enemies":"Slavers","floor":24,"turns":4}],"seed_played":"4177677722182830829","potions_obtained":[{"floor":3,"key":"SkillPotion"},{"floor":6,"key":"GamblersBrew"},{"floor":7,"key":"Dexterity Potion"},{"floor":14,"key":"SneckoOil"},{"floor":16,"key":"Block Potion"},{"floor":18,"key":"AttackPotion"}],"is_trial":false,"path_per_floor":["M","$","M","?","M","E","M","R","T","R","M","R","M","M","R","B",null,"M","?","M","$","M","R","E"],"character_chosen":"IRONCLAD","items_purchased":["Headbutt","Shrug It Off","Bronze Scales","Metallicize"],"campfire_rested":1,"item_purchase_floors":[2,2,21,21],"current_hp_per_floor":[80,80,80,80,80,77,59,59,59,59,49,49,53,55,81,19,87,87,87,87,87,65,65,0,0],"gold":93,"neow_bonus":"THREE_ENEMY_KILL","is_daily":false,"chose_seed":false,"campfire_upgraded":4,"win_rate":0.0,"timestamp":1609764694,"path_taken":["M","$","?","?","M","E","?","R","T","R","M","R","M","M","R","BOSS","M","?","M","$","?","R","E"],"items_purchased_type":["Card","Card","Relic","Card"],"build_version":"2020-12-22","purchased_purges":0,"victory":false,"max_hp_per_floor":[80,80,80,80,80,87,87,87,87,87,87,87,87,87,87,87,87,87,87,87,87,87,87,87,87],"card_choices":[{"not_picked":["Pommel Strike","Wild Strike"],"picked":"Armaments","floor":1},{"not_picked":["Clash","Flex"],"picked":"Pummel","floor":3},{"not_picked":["Flex","True Grit"],"picked":"Ghostly Armor","floor":5},{"not_picked":["Body Slam","Thunderclap"],"picked":"Feel No Pain","floor":6},{"not_picked":["Dark Embrace","Pommel Strike"],"picked":"Flame Barrier","floor":7},{"not_picked":["Warcry","Cleave"],"picked":"Whirlwind","floor":11},{"not_picked":["Double Tap","Wild Strike"],"picked":"Anger","floor":13},{"not_picked":["Pommel Strike","Shrug It Off"],"picked":"True Grit","floor":14},{"not_picked":["Heavy Blade","Thunderclap"],"picked":"Clothesline","floor":15},{"not_picked":["Fiend Fire","Berserk"],"picked":"Immolate","floor":16},{"not_picked":["Warcry+1","Flame Barrier+1"],"picked":"Blood for Blood+1","floor":18},{"not_picked":["Body Slam","Thunderclap","Warcry"],"picked":"SKIP","floor":20},{"not_picked":["Perfected Strike","Cleave","Combust+1"],"picked":"SKIP","floor":22}],"player_experience":239587,"relics_obtained":[{"floor":6,"key":"Strawberry"},{"floor":9,"key":"Dream Catcher"}],"event_choices":[{"damage_healed":0,"gold_gain":0,"player_choice":"Cursed","damage_taken":0,"max_hp_gain":0,"max_hp_loss":0,"event_name":"Wheel of Change","floor":4,"gold_loss":0,"cards_obtained":["Decay"]},{"damage_healed":0,"gold_gain":0,"player_choice":"Trade","damage_taken":0,"relics_obtained":["SsserpentHead"],"max_hp_gain":0,"max_hp_loss":0,"event_name":"FaceTrader","floor":19,"gold_loss":0}],"is_beta":false,"boss_relics":[{"not_picked":["Black Star","Tiny House"],"picked":"Astrolabe"}],"items_purged_floors":[],"is_endless":false,"potions_floor_spawned":[3,6,7,14,16,18],"killed_by":"Slavers","ascension_level":3}}