{"host":"2lvuisjyit3p3u01","time":1609789358,"event":{"mods":["Act Like it!","BaseMod","Bestiary","Better Synergies","CapriCore","Colored Map","Colored Powertips","Duelist Mod","GifTheSpireLib","Minty Spire (QoL Compilation)","Quick Restart","Replay The Spire","StSLib"],"gold_per_floor":[144,144,144,144,158,158,158,158,158,182,220,241,9,29,29,148,148,171,186,206,227,27,27,66,66,66,79,79,79,79,79,79],"floor_reached":31,"playtime":1243,"items_purged":["Languid","theDuelist:CastleWalls"],"score":281,"play_id":"d2c1d414-d48f-48b0-92a8-5d15066756ac","local_time":"20210104214237","is_ascension_mode":true,"campfire_choices":[{"data":"theDuelist:TwinBarrelDragon","floor":6,"key":"SMITH"},{"data":"theDuelist:DragonCaptureJar","floor":8,"key":"SMITH"},{"floor":15,"key":"REST"},{"floor":23,"key":"REST"},{"floor":28,"key":"REST"},{"floor":30,"key":"REST"}],"circlet_count":0,"master_deck":["theDuelist:BabyDragon+1","theDuelist:CaveDragon","theDuelist:CaveDragon","theDuelist:LesserDragon","theDuelist:LesserDragon","theDuelist:Sparks","theDuelist:Sparks","theDuelist:YamataDragon","theDuelist:TwinBarrelDragon+1","theDuelist:DragonCaptureJar+1","theDuelist:CurseDragon","theDuelist:SliferSky","theDuelist:RedRisingDragon","theDuelist:GravityLash","theDuelist:CastleDragonSouls+1","theDuelist:TyrantWing"],"relics":["theDuelist:MillenniumPuzzle","theDuelist:CardPoolRelic","theDuelist:CardPoolBasicRelic","theDuelist:BoosterPackPoolRelic","theDuelist:CardPoolAddRelic","theDuelist:CardPoolMinusRelic","theDuelist:CardPoolSaveRelic","theDuelist:CardPoolOptionsRelic","Golden Idol","Singing Bowl","Omamori","PreservedInsect","Replay:Grab Bag","theDuelist:HauntedRelic","theDuelist:GamblerChip","Black Star","MealTicket","theDuelist:SummonAnchor","FaceOfCleric","Blue Candle","ReplayTheSpireMod:Ring of Collecting","Ring of Peace"],"acts_visited":["Exordium","TheCity"],"potions_floor_usage":[12,12,16,20,24,24],"damage_taken":[{"damage":1,"enemies":"Jaw Worm","floor":1,"turns":2},{"damage":4,"enemies":"2 Louse","floor":5,"turns":2},{"damage":0,"enemies":"Small Slimes","floor":10,"turns":2},{"damage":16,"enemies":"Lagavulin","floor":11,"turns":4},{"damage":15,"enemies":"Exordium Thugs","floor":12,"turns":3},{"damage":0,"enemies":"Looter","floor":14,"turns":2},{"damage":35,"enemies":"The Guardian","floor":16,"turns":8},{"damage":19,"enemies":"Shell Parasite","floor":18,"turns":3},{"damage":1,"enemies":"Chosen","floor":19,"turns":3},{"damage":7,"enemies":"Centurion and Healer","floor":20,"turns":6},{"damage":39,"enemies":"Sentry and Sphere","floor":21,"turns":6},{"damage":10,"enemies":"Gremlin Leader","floor":24,"turns":3},{"damage":26,"enemies":"Snake Plant","floor":27,"turns":4},{"damage":54,"enemies":"Cultist and Chosen","floor":31,"turns":5}],"seed_played":"3393973340802235929","potions_obtained":[{"floor":1,"key":"theDuelist:FlamingBottle"},{"floor":11,"key":"theDuelist:FireBottle"},{"floor":12,"key":"theDuelist:GiftPotion"},{"floor":18,"key":"theDuelist:FireBottle"},{"floor":20,"key":"theDuelist:ReducerPotion"},{"floor":21,"key":"theDuelist:SolderPotionB"}],"is_trial":false,"path_per_floor":["M","?","?","?","M","R","?","R","T","M","E","M","$","M","R","B",null,"M","M","M","M","$","R","E","?","T","M","R","?","R","M"],"character_chosen":"THE_DUELIST","items_purchased":["PreservedInsect","PowerPotion","theDuelist:BabyPotion"],"campfire_rested":4,"item_purchase_floors":[13,22,22],"current_hp_per_floor":[79,79,74,74,70,70,70,70,70,70,56,41,41,41,63,42,76,57,58,53,14,14,38,28,28,28,5,29,29,53,0,0],"gold":79,"neow_bonus":"RANDOM_EVENT","is_daily":false,"chose_seed":false,"campfire_upgraded":2,"win_rate":0.0,"timestamp":1609789357,"path_taken":["M","?","?","?","?","R","?","R","T","?","E","M","$","M","R","BOSS","M","M","M","M","$","R","E","?","T","?","R","?","R","M"],"items_purchased_type":["Relic","Potion","Potion"],"build_version":"2020-12-22","purchased_purges":2,"victory":false,"max_hp_per_floor":[80,80,74,74,74,74,74,74,74,74,76,76,76,76,76,76,76,76,78,80,80,80,80,80,80,80,83,83,83,83,83,83],"card_choices":[{"not_picked":["theDuelist:Hydrogeddon","theDuelist:BlackPtera","theDuelist:BlackBrutdrago","theDuelist:FireDarts"],"picked":"theDuelist:TwinBarrelDragon","floor":1},{"not_picked":["theDuelist:VeilDarkness+1","theDuelist:DragonShield+1","theDuelist:DefenseZone+1","theDuelist:DefenseDraw"],"picked":"theDuelist:DragonCaptureJar","floor":5},{"not_picked":["theDuelist:Kabazauls","theDuelist:SafeZone","theDuelist:Pyrorex","theDuelist:DarkDriceratops"],"picked":"theDuelist:CurseDragon","floor":10},{"not_picked":["theDuelist:BigFire","theDuelist:LightningDarts","theDuelist:RainbowOverdragon","theDuelist:BattleguardKing","theDuelist:Hinotama"],"picked":"Singing Bowl","floor":11},{"not_picked":["theDuelist:SeismicShockwave","theDuelist:Lancephorhynchus"],"picked":"theDuelist:SliferSky","floor":12},{"not_picked":["theDuelist:LesserDragon","theDuelist:AncientPixieDragon","theDuelist:MoltenDestruction","theDuelist:FrostflameDragon"],"picked":"theDuelist:RedRisingDragon","floor":14},{"not_picked":["theDuelist:SeismicShockwave","theDuelist:CyberDragonInfinity","theDuelist:ChimeratechOverdragon","theDuelist:BlasterDragonInfernos"],"picked":"theDuelist:GravityLash","floor":16},{"not_picked":["theDuelist:VoidOgreDragon","theDuelist:Scapegoat","theDuelist:LostWorld","theDuelist:DefensiveTactics"],"picked":"theDuelist:Lancephorhynchus","floor":18},{"not_picked":["theDuelist:YamataDragon","theDuelist:Pyrorex","theDuelist:MaskedDragon","theDuelist:BlackStego","theDuelist:SpiralSpearStrike"],"picked":"Singing Bowl","floor":19},{"not_picked":["theDuelist:BigFire+1","theDuelist:Hinotama","theDuelist:HaneHane","theDuelist:FeatherPho","theDuelist:MagicalStone"],"picked":"Singing Bowl","floor":20},{"not_picked":["theDuelist:ArmedDragon5","theDuelist:SuperStridentBlaze","theDuelist:ExploderDragonwing","theDuelist:ArtifactIgnition"],"picked":"theDuelist:CastleDragonSouls+1","floor":21},{"not_picked":["theDuelist:SpiralSpearStrike+1","theDuelist:DragonCaptureJar","theDuelist:DefenseZone+1","theDuelist:DefenseDraw+1"],"picked":"theDuelist:TyrantWing","floor":24},{"not_picked":["theDuelist:GaiaDragonChamp","theDuelist:DefensiveTactics","theDuelist:BSkullDragon"],"picked":"Singing Bowl","floor":27}],"player_experience":250773,"relics_obtained":[{"floor":9,"key":"Singing Bowl"},{"floor":11,"key":"Omamori"},{"floor":24,"key":"MealTicket"},{"floor":24,"key":"theDuelist:SummonAnchor"},{"floor":26,"key":"Blue Candle"},{"floor":29,"key":"ReplayTheSpireMod:Ring of Collecting"},{"floor":29,"key":"Ring of Peace"}],"event_choices":[{"damage_healed":0,"gold_gain":0,"player_choice":"Lose Max HP","damage_taken":0,"relics_obtained":["Golden Idol"],"max_hp_gain":0,"max_hp_loss":6,"event_name":"Golden Idol","floor":3,"gold_loss":0},{"damage_healed":0,"gold_gain":0,"player_choice":"Forge","damage_taken":0,"max_hp_gain":0,"max_hp_loss":0,"event_name":"Accursed Blacksmith","floor":4,"gold_loss":0,"cards_upgraded":["theDuelist:BabyDragon"]},{"damage_healed":0,"gold_gain":0,"player_choice":"Leave","duelist":true,"damage_taken":0,"max_hp_gain":0,"max_hp_loss":0,"event_name":"Card Trader","floor":7,"gold_loss":0},{"damage_healed":0,"gold_gain":0,"player_choice":"Trade","damage_taken":0,"relics_obtained":["FaceOfCleric"],"max_hp_gain":0,"max_hp_loss":0,"event_name":"FaceTrader","floor":25,"gold_loss":0}],"is_beta":false,"boss_relics":[{"not_picked":["Busted Crown","Philosopher\u0027s Stone"],"picked":"Replay:Grab Bag"},{"not_picked":["Ectoplasm","Cursed Key"],"picked":"theDuelist:HauntedRelic"},{"not_picked":["Electric Blood","theDuelist:ElectricKey"],"picked":"theDuelist:GamblerChip"},{"not_picked":["Astrolabe","Snecko Eye"],"picked":"Black Star"}],"items_purged_floors":[13,22],"is_endless":false,"potions_floor_spawned":[1,11,12,18,20,21],"killed_by":"Cultist and Chosen","ascension_level":2}}