{"host":"lzpp66udqthct9jv","time":1609727089,"event":{"mods":["Act Like it!","BaseMod","Better-Laid Plans","Chen","Emptier Cage","Gensokyo","Highlight Path","Koishi","Marisa£®ÏF”Í°°ƒß¿Ì…≥£©","Minty Spire (QoL Compilation)","Pale of the Ancients","Quick Restart","Reimu£®≤©¿ˆ¡È√Œ£©","Remilia£®¿Ÿ√◊¿Ú—«£©","Shop Mod","StSLib","The Administrix","The Servant 0.9.4","Yakumo Yukari mod","Youmu£®ªÍ∆«—˝√Œ£©","Yuyuko","ÛÙª÷∏ƒœ"],"gold_per_floor":[118,118,131,131,131,156,168,181,206,238,10,398,426,470,9,21,21],"floor_reached":16,"playtime":578,"items_purged":["Pain"],"score":161,"play_id":"d9db64cf-3352-431c-8702-d3dba77fb3ae","local_time":"20210104102449","is_ascension_mode":true,"campfire_choices":[],"circlet_count":0,"master_deck":["Strike_R","Strike_R","Strike_R","Strike_R","Strike_R","Defend_R","Defend_R","Defend_R","Defend_R","Bash","Uppercut+1","Power Through+1","Dark Embrace","Burning Pact","Shockwave","Gensokyo:MonkeysPaw","Immolate","Shrug It Off"],"relics":["Burning Blood","NeowsBlessing","Gensokyo:LunaticRedEyes","Akabeko","Red Skull","MawBank","Mastiff:ReiMu","Orichalcum","Mummified Hand","Brimstone"],"acts_visited":["Gensokyo:Gensokyo"],"potions_floor_usage":[14,14],"damage_taken":[{"damage":0.0,"enemies":"Gensokyo:3_Fairies","floor":1.0,"turns":1.0},{"damage":0.0,"enemies":"Gensokyo:Gryphon","floor":3.0,"turns":1.0},{"damage":1.0,"enemies":"Gensokyo:Cirno","floor":6.0,"turns":2.0},{"damage":3.0,"enemies":"Gensokyo:2_Kodama","floor":7.0,"turns":3.0},{"damage":4.0,"enemies":"Gensokyo:Kitsune","floor":8.0,"turns":3.0},{"damage":14.0,"enemies":"Gensokyo:Mamizou","floor":10.0,"turns":9.0},{"damage":65,"enemies":"Gensokyo:Aya","floor":12,"turns":7},{"damage":3,"enemies":"Gensokyo:Python_and_Kodama","floor":13,"turns":3},{"damage":9,"enemies":"Gensokyo:Cirno","floor":14,"turns":7},{"damage":25,"enemies":"Gensokyo:Yukari","floor":16,"turns":6}],"seed_played":"-6832423781221084174","potions_obtained":[{"floor":3.0,"key":"AttackPotion"},{"floor":6.0,"key":"Energy Potion"},{"floor":7.0,"key":"LiquidMemories"},{"floor":12,"key":"SpeedPotion"}],"is_trial":false,"path_per_floor":["M","?","M","?","?","E","M","M","T","E","COS","E","M","E","R","B"],"character_chosen":"IRONCLAD","items_purchased":["Mummified Hand","Brimstone"],"campfire_rested":0,"item_purchase_floors":[15,15],"current_hp_per_floor":[80,80,80,80,80,80,80,80,80,72,72,13,16,13,13,0,0],"gold":21,"neow_bonus":"THREE_ENEMY_KILL","is_daily":false,"chose_seed":false,"campfire_upgraded":0,"win_rate":0.0,"timestamp":1609727089,"path_taken":["M","?","M","?","?","E","M","?","T","E","COS","E","M","E","R","BOSS"],"items_purchased_type":["Relic","Relic"],"build_version":"2020-12-22","purchased_purges":1,"victory":false,"max_hp_per_floor":[80,80,80,80,80,80,80,80,80,80,80,80,80,80,80,80,80],"card_choices":[{"not_picked":["True Grit","Anger"],"picked":"Uppercut","floor":1.0},{"not_picked":["Iron Wave","Pummel","Body Slam"],"picked":"SKIP","floor":3.0},{"not_picked":["Clothesline","Carnage"],"picked":"Dark Embrace","floor":6.0},{"not_picked":["Clash","Flex","Corruption"],"picked":"SKIP","floor":7.0},{"not_picked":["Body Slam","Clash"],"picked":"Burning Pact","floor":8.0},{"not_picked":["Hemokinesis","Warcry"],"picked":"Shockwave","floor":10.0},{"not_picked":["Shrug It Off","Headbutt"],"picked":"Immolate","floor":12},{"not_picked":["Wild Strike","Thunderclap"],"picked":"Shrug It Off","floor":13},{"not_picked":["Demon Form","Anger","Entrench"],"picked":"SKIP","floor":14}],"player_experience":1819711,"relics_obtained":[{"floor":6.0,"key":"Akabeko"},{"floor":10.0,"key":"Red Skull"},{"floor":12,"key":"MawBank"},{"floor":14,"key":"Orichalcum"}],"event_choices":[],"is_beta":false,"boss_relics":[],"items_purged_floors":[15],"is_endless":false,"potions_floor_spawned":[3,6,7,12],"killed_by":"Gensokyo:Yukari","ascension_level":1}}