{"host":"m6aaltr68g9tvoay","time":1609723644,"event":{"mods":["AchievementEnabler","BaseMod","Colored Map","Minty Spire (QoL Compilation)","StSLib"],"gold_per_floor":[112,112,126,126,141,141,156,156,182,182,194,194,204,204,204,279,279,232,64,64,64,64,64,76,95,95,10,10,10,10],"floor_reached":29,"playtime":714,"items_purged":["Strike_R"],"score":456,"play_id":"4187081d-1c5c-4245-8c4a-73c8ec3c6a2c","local_time":"20210103172724","is_ascension_mode":true,"campfire_choices":[{"data":"Demon Form","floor":6.0,"key":"SMITH"},{"floor":8.0,"key":"REST"},{"data":"Ghostly Armor","floor":10.0,"key":"SMITH"},{"data":"Heavy Blade","floor":12.0,"key":"SMITH"},{"data":"True Grit","floor":15.0,"key":"SMITH"},{"floor":23,"key":"REST"},{"floor":28,"key":"REST"}],"circlet_count":0,"master_deck":["AscendersBane","Strike_R","Strike_R","Strike_R","Defend_R","Defend_R","Defend_R","Defend_R+1","Bash","Spot Weakness+1","Heavy Blade+1","Demon Form+1","Armaments+1","Ghostly Armor+1","Headbutt","True Grit+1","Feed","Whirlwind","Shockwave","Rampage"],"relics":["Burning Blood","War Paint","Black Star","Nilry\u0027s Codex","Vajra","Shuriken","Unceasing Top"],"acts_visited":["Exordium","TheCity"],"potions_floor_usage":[24],"damage_taken":[{"damage":19.0,"enemies":"Jaw Worm","floor":1.0,"turns":3.0},{"damage":6.0,"enemies":"Cultist","floor":3.0,"turns":3.0},{"damage":9.0,"enemies":"Small Slimes","floor":5.0,"turns":3.0},{"damage":26.0,"enemies":"Gremlin Gang","floor":7.0,"turns":6.0},{"damage":22.0,"enemies":"3 Louse","floor":11.0,"turns":3.0},{"damage":7.0,"enemies":"Large Slime","floor":13.0,"turns":6.0},{"damage":0.0,"enemies":"Gremlin Gang","floor":14.0,"turns":1.0},{"damage":3.0,"enemies":"Hexaghost","floor":16.0,"turns":9.0},{"damage":50.0,"enemies":"2 Thieves","floor":18.0,"turns":5.0},{"damage":17,"enemies":"Chosen","floor":24,"turns":7},{"damage":30,"enemies":"Snake Plant","floor":25,"turns":5},{"damage":46,"enemies":"Sentry and Sphere","floor":29,"turns":5}],"seed_played":"2788612054085008276","potions_obtained":[{"floor":3.0,"key":"SkillPotion"},{"floor":5.0,"key":"SmokeBomb"},{"floor":13.0,"key":"EssenceOfSteel"},{"floor":25,"key":"Strength Potion"}],"is_trial":false,"path_per_floor":["M","?","M","?","M","R","M","R","T","R","M","R","M","M","R","B",null,"M","$","?","?","$","R","M","M","T","?","R","M"],"character_chosen":"IRONCLAD","items_purchased":["Whirlwind","BloodPotion"],"campfire_rested":3,"item_purchase_floors":[19,19],"current_hp_per_floor":[62,62,62,62,59,59,39,63,63,63,47,47,46,52,52,55,75,31,31,10,10,10,34,39,15,15,15,39,0,0],"gold":10,"neow_bonus":"TEN_PERCENT_HP_BONUS","is_daily":false,"chose_seed":false,"campfire_upgraded":4,"win_rate":0.0,"timestamp":1609723644,"path_taken":["M","?","?","?","?","R","M","R","T","R","M","R","M","?","R","BOSS","M","$","?","?","$","R","M","?","T","?","R","M"],"items_purchased_type":["Card","Potion"],"build_version":"2020-12-22","purchased_purges":1,"victory":false,"max_hp_per_floor":[82,82,82,82,82,82,82,82,82,82,82,82,82,82,82,82,82,82,82,82,82,82,82,82,82,82,82,82,82,82],"card_choices":[{"not_picked":["Warcry","Seeing Red"],"picked":"Spot Weakness","floor":1.0},{"not_picked":["Clash","Body Slam"],"picked":"Heavy Blade","floor":3.0},{"not_picked":["Thunderclap","Metallicize"],"picked":"Armaments","floor":5.0},{"not_picked":["Wild Strike","Cleave"],"picked":"Ghostly Armor","floor":7.0},{"not_picked":["Metallicize","Flex"],"picked":"Headbutt","floor":11.0},{"not_picked":["Clash","Entrench"],"picked":"True Grit","floor":13.0},{"not_picked":["Juggernaut","Double Tap"],"picked":"Feed","floor":16.0},{"not_picked":["Perfected Strike","Warcry","True Grit"],"picked":"SKIP","floor":18.0},{"not_picked":["True Grit","Heavy Blade"],"picked":"Shockwave","floor":24},{"not_picked":["Thunderclap+1","Wild Strike"],"picked":"Rampage","floor":25}],"player_experience":1329283,"relics_obtained":[{"floor":9.0,"key":"War Paint"},{"floor":20.0,"key":"Nilry\u0027s Codex"},{"floor":21.0,"key":"Vajra"},{"floor":26,"key":"Shuriken"}],"event_choices":[{"damage_healed":0.0,"max_hp_gain":0.0,"max_hp_loss":0.0,"gold_gain":0.0,"event_name":"Accursed Blacksmith","player_choice":"Forge","floor":2.0,"gold_loss":0.0,"damage_taken":0.0,"cards_upgraded":["Spot Weakness"]},{"damage_healed":0.0,"max_hp_gain":0.0,"max_hp_loss":0.0,"gold_gain":0.0,"cards_transformed":["Strike_R"],"event_name":"Transmorgrifier","player_choice":"Transformed","floor":4.0,"gold_loss":0.0,"damage_taken":0.0,"cards_obtained":["Demon Form"]},{"damage_healed":0.0,"max_hp_gain":0.0,"max_hp_loss":0.0,"gold_gain":0.0,"event_name":"Cursed Tome","player_choice":"Obtained Book","floor":20.0,"gold_loss":0.0,"damage_taken":21.0},{"damage_healed":0.0,"max_hp_gain":0.0,"max_hp_loss":0.0,"gold_gain":0.0,"event_name":"Wheel of Change","player_choice":"Relic","floor":21.0,"gold_loss":0.0,"damage_taken":0.0},{"damage_healed":0,"gold_gain":0,"player_choice":"Obtained Relic","damage_taken":0,"relics_obtained":["Unceasing Top"],"max_hp_gain":0,"max_hp_loss":0,"event_name":"Addict","floor":27,"gold_loss":85}],"is_beta":false,"boss_relics":[{"not_picked":["Runic Dome","Busted Crown"],"picked":"Black Star"}],"items_purged_floors":[19],"is_endless":false,"potions_floor_spawned":[3,5,13,25],"killed_by":"Sentry and Sphere","ascension_level":18}}