{"host":"pbf6u3tyx46snqc7","time":1609777392,"event":{"mods":["AchievementEnabler","BaseMod","Colored Map","Minty Spire (QoL Compilation)","Rare Cards Sparkle","SuperFastMode"],"gold_per_floor":[16,16,35,47,47,47,58,83,83,101,112,112,122,272,272,347,647,666,616,114,134,146,146,146],"floor_reached":23,"playtime":896,"items_purged":["Doubt"],"score":390,"play_id":"e4fa8db7-c388-4271-b1fa-6faae82f0e82","local_time":"20210105012312","is_ascension_mode":true,"campfire_choices":[{"data":"Zap","floor":6.0,"key":"SMITH"},{"data":"Loop","floor":12.0,"key":"SMITH"},{"floor":15.0,"key":"REST"}],"circlet_count":0,"master_deck":["AscendersBane","Strike_B","Defend_B","Defend_B","Defend_B","Zap+1","Dualcast","FTL","Auto Shields","BootSequence","Cold Snap","Ball Lightning","Barrage","Loop+1","Capacitor","Amplify","CurseOfTheBell","Apotheosis","Consume","Go for the Eyes+1","Cold Snap"],"relics":["Cracked Core","Lizard Tail","Calling Bell","Potion Belt","Singing Bowl","Old Coin","Strawberry"],"acts_visited":["Exordium","TheCity"],"potions_floor_usage":[23],"damage_taken":[{"damage":4.0,"enemies":"Jaw Worm","floor":1.0,"turns":4.0},{"damage":1.0,"enemies":"Cultist","floor":3.0,"turns":3.0},{"damage":7.0,"enemies":"Small Slimes","floor":4.0,"turns":4.0},{"damage":30.0,"enemies":"Gremlin Gang","floor":7.0,"turns":4.0},{"damage":18.0,"enemies":"Lagavulin","floor":8.0,"turns":7.0},{"damage":6.0,"enemies":"Blue Slaver","floor":10.0,"turns":3.0},{"damage":3.0,"enemies":"Large Slime","floor":11.0,"turns":4.0},{"damage":12.0,"enemies":"Lots of Slimes","floor":13.0,"turns":4.0},{"damage":35.0,"enemies":"The Guardian","floor":16.0,"turns":10.0},{"damage":75.0,"enemies":"3 Byrds","floor":18.0,"turns":6.0},{"damage":3,"enemies":"Chosen","floor":21,"turns":4},{"damage":4,"enemies":"Centurion and Healer","floor":22,"turns":7},{"damage":30,"enemies":"Book of Stabbing","floor":23,"turns":5}],"seed_played":"7908489688417873576","potions_obtained":[{"floor":4.0,"key":"FocusPotion"},{"floor":10.0,"key":"FocusPotion"},{"floor":11.0,"key":"Swift Potion"},{"floor":13.0,"key":"FairyPotion"},{"floor":21,"key":"Explosive Potion"},{"floor":22,"key":"Regen Potion"}],"is_trial":false,"path_per_floor":["M","?","M","M","?","R","M","E","T","M","M","R","M","?","R","B",null,"M","?","$","M","M","E"],"character_chosen":"DEFECT","items_purchased":["Apotheosis","Consume","Strawberry"],"campfire_rested":1,"item_purchase_floors":[20,20,20],"current_hp_per_floor":[60,60,59,52,52,52,22,4,4,35,32,32,20,20,41,6,55,13,13,20,17,13,0,0],"gold":146,"neow_bonus":"REMOVE_TWO","is_daily":false,"chose_seed":false,"campfire_upgraded":2,"win_rate":0.0,"timestamp":1609777392,"path_taken":["M","?","?","M","?","R","M","E","T","?","M","R","M","?","R","BOSS","M","?","$","M","M","E"],"items_purchased_type":["Card","Card","Relic"],"build_version":"2020-12-22","purchased_purges":1,"victory":false,"max_hp_per_floor":[71,71,71,71,71,71,71,71,71,71,71,71,71,71,71,71,71,73,73,80,80,80,80,80],"card_choices":[{"not_picked":["Leap","Fusion"],"picked":"FTL","floor":1.0},{"not_picked":["Leap","Stack"],"picked":"BootSequence","floor":3.0},{"not_picked":["Rip and Tear","Turbo"],"picked":"Cold Snap","floor":4.0},{"not_picked":["Leap","Auto Shields"],"picked":"Ball Lightning","floor":7.0},{"not_picked":["Storm","Rebound","Double Energy"],"picked":"SKIP","floor":8.0},{"not_picked":["Heatsinks","Leap"],"picked":"Barrage","floor":10.0},{"not_picked":["Stack","Steam Power"],"picked":"Loop","floor":11.0},{"not_picked":["Barrage","Reboot"],"picked":"Capacitor","floor":13.0},{"not_picked":["Machine Learning","Multi-Cast"],"picked":"Amplify","floor":16.0},{"not_picked":["Storm","Genetic Algorithm","Streamline+1"],"picked":"Singing Bowl","floor":18.0},{"not_picked":["Beam Cell","Lockon"],"picked":"Go for the Eyes+1","floor":21},{"not_picked":["Go for the Eyes","Hologram"],"picked":"Cold Snap","floor":22}],"player_experience":380164,"relics_obtained":[{"floor":8.0,"key":"Lizard Tail"},{"floor":17.0,"key":"Potion Belt"},{"floor":17.0,"key":"Singing Bowl"},{"floor":17.0,"key":"Old Coin"}],"event_choices":[{"damage_healed":0.0,"max_hp_gain":0.0,"max_hp_loss":0.0,"gold_gain":0.0,"cards_transformed":["Defend_B"],"event_name":"Transmorgrifier","player_choice":"Transformed","floor":2.0,"gold_loss":0.0,"damage_taken":0.0,"cards_obtained":["Auto Shields"]},{"cards_removed":["Strike_B"],"damage_healed":0.0,"max_hp_gain":0.0,"max_hp_loss":0.0,"gold_gain":0.0,"event_name":"Purifier","player_choice":"Purged","floor":5.0,"gold_loss":0.0,"damage_taken":0.0},{"damage_healed":0.0,"max_hp_gain":0.0,"max_hp_loss":0.0,"gold_gain":150.0,"event_name":"Liars Game","player_choice":"AGREE","floor":14.0,"gold_loss":0.0,"damage_taken":0.0,"cards_obtained":["Doubt"]},{"damage_healed":0.0,"max_hp_gain":0.0,"max_hp_loss":0.0,"gold_gain":0.0,"event_name":"The Joust","player_choice":"Bet on Murderer","floor":19.0,"gold_loss":50.0,"damage_taken":0.0}],"is_beta":false,"boss_relics":[{"not_picked":["Sozu","Snecko Eye"],"picked":"Calling Bell"}],"items_purged_floors":[20],"is_endless":false,"potions_floor_spawned":[4,10,11,13,21,22],"killed_by":"Book of Stabbing","ascension_level":20}}