{"host":"6r4na9dgjsffx65e","time":1609768617,"event":{"mods":["BaseMod","Colored Map","Colored Powertips","Minty Spire (QoL Compilation)","Relic Stats","ojb\u0027s Info Mod"],"gold_per_floor":[115,134,134,8,26,26,56,56,56,87,87,87,187,202,202,298,298,311,325,325,244,62,62,87,87,112,112,127,127,154,9,9,112,112,122,175,195,209,209,241,241,241,241,259,272,49,49,84,84,84,84,84,12,37,37],"floor_reached":56,"playtime":4454,"items_purged":["Strike_B","Parasite"],"score":1549,"play_id":"0db0964c-eb68-46de-a396-d95bc4a887fb","local_time":"20210104145657","is_ascension_mode":true,"campfire_choices":[{"data":"Barrage","floor":6,"key":"SMITH"},{"data":"Sweeping Beam","floor":8,"key":"SMITH"},{"data":"Dualcast","floor":11,"key":"SMITH"},{"floor":15,"key":"REST"},{"data":"Loop","floor":23,"key":"SMITH"},{"floor":25,"key":"REST"},{"data":"Capacitor","floor":29,"key":"SMITH"},{"floor":32,"key":"REST"},{"floor":42,"key":"RECALL"},{"floor":49,"key":"REST"},{"floor":52,"key":"REST"}],"circlet_count":0,"master_deck":["Strike_B","Strike_B+1","Defend_B","Defend_B","Defend_B+1","Defend_B+1","Zap","Dualcast+1","Ball Lightning+1","Barrage+1","Coolheaded+1","Sweeping Beam+1","Redo+1","Fusion+1","Leap+1","Buffer+1","Beam Cell+1","Hologram+1","Loop+1","Capacitor+1","Consume+1","Conserve Battery+1","Fission+1","Machine Learning","Hologram+1","Defragment+1","White Noise+1","Force Field+1","Coolheaded+1","Thinking Ahead+1","Master of Strategy+1","Compile Driver","Chill+1"],"relics":["Cracked Core","NeowsBlessing","Toxic Egg 2","Potion Belt","Whetstone","StrikeDummy","SacredBark","Cauldron","Kunai","Vajra","Oddly Smooth Stone","Nuclear Battery","Calipers","Boot","Toy Ornithopter","War Paint","Ginger"],"acts_visited":["Exordium","TheCity","TheBeyond","TheEnding"],"potions_floor_usage":[10,16,24,24,24,36,36,38,45,50,50,55,55,55],"damage_taken":[{"damage":0,"enemies":"Small Slimes","floor":1,"turns":1},{"damage":0,"enemies":"Cultist","floor":2,"turns":1},{"damage":0,"enemies":"2 Louse","floor":5,"turns":1},{"damage":23,"enemies":"Gremlin Nob","floor":7,"turns":4},{"damage":18,"enemies":"Lagavulin","floor":10,"turns":6},{"damage":12,"enemies":"Exordium Thugs","floor":14,"turns":3},{"damage":0,"enemies":"Slime Boss","floor":16,"turns":4},{"damage":1,"enemies":"Spheric Guardian","floor":18,"turns":3},{"damage":36,"enemies":"Chosen","floor":19,"turns":5},{"damage":9,"enemies":"Book of Stabbing","floor":24,"turns":5},{"damage":0,"enemies":"Sentry and Sphere","floor":28,"turns":5},{"damage":11,"enemies":"Gremlin Leader","floor":30,"turns":7},{"damage":25,"enemies":"Champ","floor":33,"turns":10},{"damage":3,"enemies":"3 Shapes","floor":35,"turns":5},{"damage":33,"enemies":"2 Orb Walkers","floor":36,"turns":4},{"damage":24,"enemies":"3 Darklings","floor":37,"turns":6},{"damage":7,"enemies":"Sphere and 2 Shapes","floor":38,"turns":6},{"damage":19,"enemies":"Giant Head","floor":40,"turns":8},{"damage":2,"enemies":"Writhing Mass","floor":44,"turns":7},{"damage":1,"enemies":"3 Darklings","floor":45,"turns":5},{"damage":0,"enemies":"Nemesis","floor":48,"turns":6},{"damage":37,"enemies":"Time Eater","floor":50,"turns":16},{"damage":10,"enemies":"Shield and Spear","floor":54,"turns":6},{"damage":9,"enemies":"The Heart","floor":55,"turns":9}],"seed_played":"-1086375779419262124","potions_obtained":[{"floor":2,"key":"SteroidPotion"},{"floor":5,"key":"SteroidPotion"},{"floor":14,"key":"DistilledChaos"},{"floor":16,"key":"Ancient Potion"},{"floor":19,"key":"SmokeBomb"},{"floor":22,"key":"FairyPotion"},{"floor":22,"key":"LiquidMemories"},{"floor":22,"key":"Energy Potion"},{"floor":22,"key":"ColorlessPotion"},{"floor":30,"key":"GamblersBrew"},{"floor":33,"key":"FocusPotion"},{"floor":36,"key":"AttackPotion"},{"floor":38,"key":"LiquidBronze"},{"floor":44,"key":"AttackPotion"},{"floor":48,"key":"LiquidBronze"}],"is_trial":false,"path_per_floor":["M","M","?","$","M","R","E","R","T","E","R","?","?","M","R","B",null,"M","M","?","$","$","R","E","R","T","?","M","R","E","$","R","B",null,"M","?","M","M","?","E","?","R","T","M","M","$","?","E","R","B",null,"R","$","E","B",null],"character_chosen":"DEFECT","items_purchased":["Coolheaded+1","Loop","Capacitor","Cauldron","Fission+1","DistilledChaos","ColorlessPotion","Chill+1"],"campfire_rested":5,"item_purchase_floors":[4,21,22,22,31,46,46,53],"current_hp_per_floor":[68,68,68,68,68,68,45,45,45,27,27,27,27,15,37,37,66,65,29,29,29,29,29,20,42,42,42,42,42,31,31,53,28,63,60,27,3,45,45,26,26,26,26,24,28,28,23,23,43,16,55,68,68,58,63],"gold":37,"neow_bonus":"THREE_ENEMY_KILL","is_daily":false,"chose_seed":false,"campfire_upgraded":5,"win_rate":0.0,"timestamp":1609768617,"path_taken":["M","M","?","$","?","R","E","R","T","E","R","?","?","M","R","BOSS","M","M","?","?","$","R","E","R","T","?","M","R","E","$","R","BOSS","M","?","M","M","?","E","?","R","T","M","?","$","?","E","R","BOSS","R","$","E","BOSS"],"items_purchased_type":["Card","Card","Card","Relic","Card","Potion","Potion","Card"],"build_version":"2020-12-22","purchased_purges":2,"victory":true,"max_hp_per_floor":[75,75,75,75,75,75,75,75,75,75,75,75,75,75,75,75,75,75,75,75,75,75,75,75,75,75,75,75,75,75,75,75,75,75,75,75,75,75,71,71,71,71,71,71,71,68,68,68,68,68,68,68,68,68,68],"relic_stats":{"counters":[24,133],"Whetstone":["Strike_B","Ball Lightning"],"Kunai":[26],"Ginger":[2],"War Paint":["Defend_B","Defend_B"],"Boot":[72],"obtain_stats":[{"Potion Belt":7,"Calipers":36,"NeowsBlessing":0,"SacredBark":17,"Vajra":26,"Oddly Smooth Stone":30,"Whetstone":10,"Ginger":54,"War Paint":48,"Boot":40,"Nuclear Battery":34,"Cauldron":22,"Kunai":24,"Toxic Egg 2":3,"Cracked Core":0,"StrikeDummy":12,"Toy Ornithopter":43},{"Potion Belt":4,"Calipers":15,"NeowsBlessing":0,"SacredBark":7,"Vajra":10,"Oddly Smooth Stone":12,"Whetstone":5,"Ginger":23,"War Paint":21,"Boot":18,"Nuclear Battery":13,"Cauldron":9,"Kunai":10,"Toxic Egg 2":2,"Cracked Core":0,"StrikeDummy":5,"Toy Ornithopter":18},{"Potion Belt":7,"Calipers":64,"NeowsBlessing":0,"SacredBark":20,"Vajra":33,"Oddly Smooth Stone":45,"Whetstone":13,"Ginger":124,"War Paint":102,"Boot":84,"Nuclear Battery":55,"Cauldron":28,"Kunai":33,"Toxic Egg 2":2,"Cracked Core":0,"StrikeDummy":13,"Toy Ornithopter":84}],"Toy Ornithopter":29},"card_choices":[{"not_picked":["Compile Driver","Steam"],"picked":"Ball Lightning","floor":1},{"not_picked":["Ball Lightning","Sunder"],"picked":"Barrage","floor":2},{"not_picked":["Compile Driver","Rebound"],"picked":"Sweeping Beam","floor":5},{"not_picked":["Meteor Strike","Aggregate+1"],"picked":"Redo+1","floor":7},{"not_picked":["Hologram+1","Streamline"],"picked":"Fusion+1","floor":10},{"not_picked":["FTL","Sweeping Beam"],"picked":"Leap+1","floor":14},{"not_picked":["Hyperbeam","Machine Learning"],"picked":"Buffer","floor":16},{"not_picked":["Storm","Redo+1"],"picked":"Beam Cell+1","floor":18},{"not_picked":["Sweeping Beam","Undo+1"],"picked":"Hologram+1","floor":19},{"not_picked":["Redo+1","Loop+1"],"picked":"Consume+1","floor":24},{"not_picked":["Steam+1","Recycle+1"],"picked":"Conserve Battery+1","floor":28},{"not_picked":["Rip and Tear","Streamline","Fusion+1"],"picked":"SKIP","floor":30},{"not_picked":["Hyperbeam","Buffer"],"picked":"Machine Learning","floor":33},{"not_picked":["Ball Lightning+1","Barrage","Coolheaded+1"],"picked":"SKIP","floor":35},{"not_picked":["Beam Cell+1","Redo+1"],"picked":"Hologram+1","floor":36},{"not_picked":["Hologram+1","Barrage"],"picked":"Defragment+1","floor":37},{"not_picked":["Sweeping Beam","Leap+1"],"picked":"White Noise+1","floor":38},{"not_picked":["Rebound","Loop+1"],"picked":"Force Field+1","floor":40},{"not_picked":["Stack+1","Beam Cell+1"],"picked":"Coolheaded+1","floor":44},{"not_picked":["Gash+1","Rebound+1","All For One"],"picked":"SKIP","floor":45},{"not_picked":["Violence+1","Enlightenment+1"],"picked":"Thinking Ahead+1","floor":47},{"not_picked":["Swift Strike","Deep Breath+1"],"picked":"Master of Strategy+1","floor":47},{"not_picked":["Undo+1","Ball Lightning"],"picked":"Compile Driver","floor":48},{"not_picked":["Redo+1","Hologram+1","Gash"],"picked":"SKIP","floor":54}],"player_experience":502164,"relics_obtained":[{"floor":7,"key":"Potion Belt"},{"floor":10,"key":"Whetstone"},{"floor":24,"key":"Kunai"},{"floor":26,"key":"Vajra"},{"floor":30,"key":"Oddly Smooth Stone"},{"floor":36,"key":"Calipers"},{"floor":40,"key":"Boot"},{"floor":43,"key":"Toy Ornithopter"},{"floor":48,"key":"War Paint"},{"floor":54,"key":"Ginger"}],"event_choices":[{"damage_healed":0,"gold_gain":0,"player_choice":"Gave Potion","damage_taken":0,"relics_obtained":["Toxic Egg 2"],"max_hp_gain":0,"max_hp_loss":0,"event_name":"WeMeetAgain","floor":3,"gold_loss":0},{"damage_healed":0,"gold_gain":0,"player_choice":"Searched \u00271\u0027 times","damage_taken":0,"relics_obtained":["StrikeDummy"],"max_hp_gain":0,"max_hp_loss":0,"event_name":"Dead Adventurer","floor":12,"gold_loss":0},{"damage_healed":0,"gold_gain":100,"player_choice":"Pray","damage_taken":0,"max_hp_gain":0,"max_hp_loss":0,"event_name":"Golden Shrine","floor":13,"gold_loss":0},{"damage_healed":0,"gold_gain":0,"player_choice":"Forge","damage_taken":0,"max_hp_gain":0,"max_hp_loss":0,"event_name":"Accursed Blacksmith","floor":20,"gold_loss":0,"cards_upgraded":["Buffer"]},{"damage_healed":0,"gold_gain":0,"player_choice":"Ignored","damage_taken":0,"max_hp_gain":0,"max_hp_loss":0,"event_name":"Beggar","floor":27,"gold_loss":0},{"damage_healed":0,"gold_gain":0,"player_choice":"Fight","damage_taken":0,"max_hp_gain":0,"max_hp_loss":0,"event_name":"Mysterious Sphere","floor":36,"gold_loss":0},{"damage_healed":0,"gold_gain":0,"player_choice":"Max HP","damage_taken":0,"max_hp_gain":0,"max_hp_loss":4,"event_name":"Winding Halls","floor":39,"gold_loss":0},{"cards_removed":["Strike_B"],"damage_healed":0,"gold_gain":0,"player_choice":"Card Removal","damage_taken":0,"max_hp_gain":0,"max_hp_loss":0,"event_name":"Wheel of Change","floor":41,"gold_loss":0},{"damage_healed":0,"gold_gain":0,"player_choice":"Memory 2","damage_taken":5,"max_hp_gain":0,"max_hp_loss":0,"event_name":"SensoryStone","floor":47,"gold_loss":0}],"is_beta":false,"boss_relics":[{"not_picked":["Snecko Eye","Coffee Dripper"],"picked":"SacredBark"},{"not_picked":["Astrolabe","Tiny House"],"picked":"Nuclear Battery"}],"items_purged_floors":[4,46],"is_endless":false,"potions_floor_spawned":[2,5,14,16,19,30,33,36,38,44,48],"ascension_level":6}}