{"host":"armnliea5o2aqs4b","time":1609723746,"event":{"mods":["BaseMod","Hubris","Infinite Spire","Minty Spire (QoL Compilation)","Quick Restart","StSLib"],"gold_per_floor":[116,191,117,132,132,132,162,173,199,122,155,155,155,166,166,269,269,287,386,311,251,251],"floor_reached":21,"playtime":599,"items_purged":[],"score":221,"play_id":"7a8909db-424a-4748-bc07-35fc5f059401","local_time":"20210104122906","is_ascension_mode":true,"campfire_choices":[{"data":"Double Energy","floor":6,"key":"SMITH"},{"data":"Rainbow","floor":12,"key":"SMITH"},{"data":"Genetic Algorithm","floor":15,"key":"SMITH"}],"circlet_count":0,"master_deck":["Strike_B","Strike_B","Defend_B","Defend_B","Defend_B","Defend_B","Zap","Dualcast","Conserve Battery","Storm","Go for the Eyes","Double Energy+1","Reinforced Body","Stack","Rainbow+1","Genetic Algorithm+1","Buffer","Hello World"],"relics":["Cracked Core","NeowsBlessing","infinitespire:ShieldingShard","Nunchaku","Bag of Marbles","hubris:Towel","Cursed Key"],"acts_visited":["Exordium","TheCity"],"potions_floor_usage":[16],"damage_taken":[{"damage":0,"enemies":"2 Louse","floor":1,"turns":1},{"damage":0,"enemies":"Small Slimes","floor":4,"turns":1},{"damage":0,"enemies":"Gremlin Nob","floor":7,"turns":1},{"damage":4,"enemies":"Jaw Worm","floor":8,"turns":4},{"damage":15,"enemies":"3 Sentries","floor":11,"turns":8},{"damage":2,"enemies":"Exordium Thugs","floor":14,"turns":6},{"damage":22,"enemies":"Hexaghost","floor":16,"turns":13},{"damage":0,"enemies":"Shell Parasite","floor":18,"turns":7},{"damage":5,"enemies":"2 Thieves","floor":21,"turns":4}],"seed_played":"-4751018554559172186","potions_obtained":[{"floor":7,"key":"SmokeBomb"},{"floor":8,"key":"ColorlessPotion"}],"is_trial":false,"path_per_floor":["M","?","$","M","?","R","E","M","T","$","E","R","?","M","R","B",null,"M","?","?","M"],"character_chosen":"DEFECT","items_purchased":["Storm","Rainbow"],"campfire_rested":0,"item_purchase_floors":[3,10],"current_hp_per_floor":[75,64,64,64,64,64,64,60,60,60,45,45,45,43,43,21,75,75,75,75,70,70],"gold":251,"neow_bonus":"THREE_ENEMY_KILL","is_daily":false,"chose_seed":false,"campfire_upgraded":3,"win_rate":0.0,"timestamp":1609723746,"path_taken":["M","?","$","M","?","R","E","M","T","?","E","R","?","M","R","BOSS","M","?","?","M"],"items_purchased_type":["Card","Card"],"build_version":"2020-12-22","purchased_purges":0,"victory":false,"max_hp_per_floor":[75,75,75,75,75,75,75,75,75,75,75,75,75,75,75,75,75,75,75,75,75,75],"card_choices":[{"not_picked":["Rebound","Streamline"],"picked":"Conserve Battery","floor":1},{"not_picked":["Beam Cell","Redo"],"picked":"Go for the Eyes","floor":4},{"not_picked":["Leap","Force Field"],"picked":"Reinforced Body","floor":7},{"not_picked":["Conserve Battery","Streamline"],"picked":"Stack","floor":8},{"not_picked":["Machine Learning","Turbo"],"picked":"Genetic Algorithm","floor":11},{"not_picked":["Barrage","Conserve Battery","Leap"],"picked":"SKIP","floor":14},{"not_picked":["Machine Learning","All For One"],"picked":"Buffer","floor":16},{"not_picked":["Glacier","Gash"],"picked":"Hello World","floor":18}],"player_experience":174694,"relics_obtained":[{"floor":7,"key":"infinitespire:ShieldingShard"},{"floor":9,"key":"Nunchaku"},{"floor":11,"key":"Bag of Marbles"}],"event_choices":[{"damage_healed":0,"gold_gain":75,"player_choice":"Gather Gold","damage_taken":11,"max_hp_gain":0,"max_hp_loss":0,"event_name":"World of Goop","floor":2,"gold_loss":0},{"damage_healed":0,"gold_gain":0,"cards_transformed":["Strike_B"],"player_choice":"Change","damage_taken":0,"max_hp_gain":0,"max_hp_loss":0,"event_name":"Living Wall","floor":5,"gold_loss":0,"cards_obtained":["Double Energy"]},{"damage_healed":0,"gold_gain":99,"player_choice":"Stole From Cult","damage_taken":0,"max_hp_gain":0,"max_hp_loss":0,"event_name":"Nest","floor":19,"gold_loss":0},{"cards_removed":["Strike_B"],"damage_healed":0,"gold_gain":0,"player_choice":"Gave Gold","damage_taken":0,"max_hp_gain":0,"max_hp_loss":0,"event_name":"Beggar","floor":20,"gold_loss":75}],"is_beta":false,"boss_relics":[{"not_picked":["Coffee Dripper","Runic Pyramid"],"picked":"Cursed Key"}],"items_purged_floors":[],"is_endless":false,"potions_floor_spawned":[7,8],"killed_by":"2 Thieves","ascension_level":1}}