{"host":"ch74xfb1n85e86fc","time":1609741665,"event":{"mods":["AchievementEnabler","BaseMod","Colored Map","DeckTracker","Minty Spire (QoL Compilation)","Relic Stats","StSLib","SuperFastMode","everything is the same but u backflip on backflip"],"gold_per_floor":[109,129,129,142,92,112,133,177,177,190,41,41,41,57,57,178,178,198,198,219,144,168,168,168,217,217,257,281,324,152,166,166,295,295,318,318,342,90,115,115,149,149,149,213,232,275,275,185,185,185,185,185,61,95,95],"floor_reached":56,"playtime":2448,"items_purged":["Strike_G","Deadly Poison"],"score":1322,"play_id":"43138853-c1a7-4016-a21f-9c30111d00de","local_time":"20210104152745","is_ascension_mode":false,"campfire_choices":[{"floor":13,"key":"REST"},{"data":"Cloak And Dagger","floor":15,"key":"SMITH"},{"data":"Accuracy","floor":24,"key":"SMITH"},{"data":"Cloak And Dagger","floor":32,"key":"SMITH"},{"data":"Phantasmal Killer","floor":40,"key":"SMITH"},{"data":"After Image","floor":42,"key":"SMITH"},{"data":"Calculated Gamble","floor":47,"key":"SMITH"},{"floor":49,"key":"RECALL"},{"data":"Bullet Time","floor":52,"key":"SMITH"}],"circlet_count":0,"master_deck":["Defend_G","Survivor","Neutralize","Quick Slash","PiercingWail","Cloak And Dagger+1","Blade Dance","Dagger Spray","After Image+1","Deflect","Crippling Poison","Backflip","Accuracy+1","Adrenaline","Finisher","Bullet Time+1","Blade Dance+1","Cloak And Dagger+1","Backflip+1","Infinite Blades","Footwork","Phantasmal Killer+1","Calculated Gamble+1","Dodge and Roll","Blur+1","Backflip"],"relics":["Ring of the Snake","Golden Idol","Ice Cream","Bird Faced Urn","Orrery","Sozu","PreservedInsect","Pantograph","Darkstone Periapt","Gambling Chip","Empty Cage","Kunai","Meat on the Bone","Unceasing Top","Mango","Boot","Nunchaku"],"acts_visited":["Exordium","TheCity","TheBeyond","TheEnding"],"potions_floor_usage":[55,55],"damage_taken":[{"damage":2,"enemies":"2 Louse","floor":1,"turns":4},{"damage":0,"enemies":"Jaw Worm","floor":2,"turns":5},{"damage":2,"enemies":"Small Slimes","floor":4,"turns":3},{"damage":0,"enemies":"3 Louse","floor":6,"turns":4},{"damage":0,"enemies":"Large Slime","floor":7,"turns":7},{"damage":20,"enemies":"3 Sentries","floor":8,"turns":10},{"damage":1,"enemies":"2 Fungi Beasts","floor":10,"turns":3},{"damage":1,"enemies":"Looter","floor":14,"turns":3},{"damage":29,"enemies":"The Guardian","floor":16,"turns":10},{"damage":0,"enemies":"Shell Parasite","floor":18,"turns":4},{"damage":0,"enemies":"2 Thieves","floor":20,"turns":5},{"damage":6,"enemies":"Centurion and Healer","floor":22,"turns":9},{"damage":22,"enemies":"Gremlin Leader","floor":27,"turns":5},{"damage":4,"enemies":"Snake Plant","floor":28,"turns":4},{"damage":4,"enemies":"Book of Stabbing","floor":29,"turns":2},{"damage":0,"enemies":"Cultist and Chosen","floor":31,"turns":4},{"damage":2,"enemies":"Automaton","floor":33,"turns":8},{"damage":3,"enemies":"3 Darklings","floor":35,"turns":4},{"damage":0,"enemies":"3 Shapes","floor":37,"turns":3},{"damage":4,"enemies":"Jaw Worm Horde","floor":39,"turns":6},{"damage":0,"enemies":"Giant Head","floor":41,"turns":2},{"damage":0,"enemies":"2 Orb Walkers","floor":44,"turns":4},{"damage":16,"enemies":"Spire Growth","floor":45,"turns":3},{"damage":0,"enemies":"Nemesis","floor":46,"turns":7},{"damage":3,"enemies":"Awakened One","floor":50,"turns":10},{"damage":0,"enemies":"Shield and Spear","floor":54,"turns":5},{"damage":75,"enemies":"The Heart","floor":55,"turns":10}],"seed_played":"6474647124972181773","potions_obtained":[{"floor":1,"key":"LiquidBronze"},{"floor":7,"key":"SteroidPotion"},{"floor":8,"key":"AttackPotion"}],"is_trial":false,"path_per_floor":["M","M","?","M","?","M","M","E","T","M","$","?","R","M","R","B",null,"M","?","M","?","M","?","R","T","T","E","M","E","$","M","R","B",null,"M","T","M","$","M","R","E","R","T","?","M","E","R","?","R","B",null,"R","$","E","B",null],"character_chosen":"THE_SILENT","items_purchased":["Orrery","Backflip","Infinite Blades","Kunai","Backflip"],"campfire_rested":1,"item_purchase_floors":[11,30,30,38,53],"current_hp_per_floor":[68,68,51,49,49,49,49,29,29,28,28,21,42,43,43,18,70,70,70,70,70,64,64,64,64,64,46,46,46,46,52,52,68,70,67,67,70,70,70,70,70,70,70,84,68,76,76,76,76,84,84,84,84,84,21],"gold":95,"neow_bonus":"REMOVE_CARD","is_daily":false,"chose_seed":false,"campfire_upgraded":7,"win_rate":0.0,"timestamp":1609741665,"path_taken":["M","M","?","M","?","M","M","E","T","M","$","?","R","M","R","BOSS","M","?","M","?","M","?","R","?","T","E","M","E","$","M","R","BOSS","M","?","M","$","M","R","E","R","T","?","M","E","R","?","R","BOSS","R","$","E","BOSS"],"items_purchased_type":["Relic","Card","Card","Relic","Card"],"build_version":"2020-12-22","purchased_purges":2,"victory":true,"max_hp_per_floor":[70,70,70,70,70,70,70,70,70,70,70,70,70,70,70,70,70,70,70,70,70,70,70,70,70,70,70,70,70,70,70,70,70,70,70,70,70,70,70,70,70,70,70,84,84,84,84,84,84,84,84,84,84,84,84],"relic_stats":{"Darkstone Periapt":0,"counters":[27,144],"Golden Idol":220,"PreservedInsect":329,"Boot":[25],"Sozu":8,"Nunchaku":[4],"Bird Faced Urn":[42],"Pantograph":26,"Gambling Chip":[35],"Kunai":[52],"obtain_stats":[{"Ice Cream":8,"Darkstone Periapt":27,"Golden Idol":3,"Mango":44,"PreservedInsect":25,"Empty Cage":34,"Boot":46,"Sozu":17,"Nunchaku":54,"Bird Faced Urn":9,"Pantograph":26,"Gambling Chip":29,"Orrery":11,"Kunai":38,"Unceasing Top":43,"Ring of the Snake":0,"Meat on the Bone":41},{"Ice Cream":6,"Darkstone Periapt":13,"Golden Idol":2,"Mango":22,"PreservedInsect":12,"Empty Cage":17,"Boot":24,"Sozu":9,"Nunchaku":26,"Bird Faced Urn":6,"Pantograph":12,"Gambling Chip":15,"Orrery":7,"Kunai":19,"Unceasing Top":21,"Ring of the Snake":0,"Meat on the Bone":21},{"Ice Cream":33,"Darkstone Periapt":72,"Golden Idol":9,"Mango":109,"PreservedInsect":67,"Empty Cage":90,"Boot":119,"Sozu":49,"Nunchaku":134,"Bird Faced Urn":33,"Pantograph":67,"Gambling Chip":78,"Orrery":36,"Kunai":97,"Unceasing Top":105,"Ring of the Snake":0,"Meat on the Bone":105}],"Unceasing Top":[5],"Ring of the Snake":[54],"Meat on the Bone":12},"card_choices":[{"not_picked":["Accuracy","Skewer"],"picked":"Quick Slash","floor":1},{"not_picked":["Underhanded Strike","Quick Slash"],"picked":"Bouncing Flask","floor":2},{"not_picked":["Dodge and Roll","Quick Slash"],"picked":"PiercingWail","floor":4},{"not_picked":["Escape Plan","PiercingWail"],"picked":"Cloak And Dagger","floor":6},{"not_picked":["Bane","Dodge and Roll"],"picked":"Blade Dance","floor":7},{"not_picked":["Tools of the Trade","Underhanded Strike","Bane"],"picked":"SKIP","floor":8},{"not_picked":["Noxious Fumes","Sucker Punch"],"picked":"Dagger Spray","floor":10},{"not_picked":["Deflect","Acrobatics"],"picked":"After Image","floor":11},{"not_picked":["Endless Agony","Poisoned Stab"],"picked":"Deflect","floor":11},{"not_picked":["Infinite Blades","Well Laid Plans"],"picked":"Crippling Poison","floor":11},{"not_picked":["Deadly Poison","Slice"],"picked":"Backflip","floor":11},{"not_picked":["Outmaneuver","Flying Knee"],"picked":"Accuracy","floor":14},{"not_picked":["Tools of the Trade","After Image"],"picked":"Adrenaline","floor":16},{"not_picked":["Caltrops+1","Dodge and Roll","Quick Slash"],"picked":"SKIP","floor":18},{"not_picked":["All Out Attack","Deadly Poison"],"picked":"Finisher","floor":20},{"not_picked":["Poisoned Stab","Catalyst","Endless Agony"],"picked":"SKIP","floor":22},{"not_picked":["Slice","Riddle With Holes+1","Glass Knife"],"picked":"SKIP","floor":27},{"not_picked":["Catalyst","Dodge and Roll"],"picked":"Blade Dance+1","floor":28},{"not_picked":["Venomology","Bane"],"picked":"Cloak And Dagger","floor":29},{"not_picked":["Underhanded Strike+1","Infinite Blades"],"picked":"Footwork","floor":31},{"not_picked":["Malaise","Bullet Time"],"picked":"Phantasmal Killer","floor":33},{"not_picked":["Riddle With Holes","Dash","Sucker Punch+1"],"picked":"SKIP","floor":35},{"not_picked":["Caltrops","Noxious Fumes+1"],"picked":"Calculated Gamble","floor":37},{"not_picked":["Poisoned Stab+1","Bouncing Flask+1","Underhanded Strike"],"picked":"SKIP","floor":39},{"not_picked":["Phantasmal Killer","Catalyst"],"picked":"Dodge and Roll","floor":41},{"not_picked":["Backflip","Flying Knee+1"],"picked":"Blur+1","floor":45},{"not_picked":["Heel Hook+1","Wraith Form v2","Masterful Stab+1"],"picked":"SKIP","floor":46},{"not_picked":["Dagger Spray+1","Flying Knee","Riddle With Holes+1"],"picked":"SKIP","floor":54}],"player_experience":21856,"relics_obtained":[{"floor":8,"key":"Ice Cream"},{"floor":9,"key":"Bird Faced Urn"},{"floor":25,"key":"PreservedInsect"},{"floor":26,"key":"Pantograph"},{"floor":27,"key":"Darkstone Periapt"},{"floor":29,"key":"Gambling Chip"},{"floor":41,"key":"Meat on the Bone"},{"floor":43,"key":"Unceasing Top"},{"floor":44,"key":"Mango"},{"floor":46,"key":"Boot"},{"floor":54,"key":"Nunchaku"}],"event_choices":[{"damage_healed":0,"gold_gain":0,"player_choice":"Take Damage","damage_taken":17,"relics_obtained":["Golden Idol"],"max_hp_gain":0,"max_hp_loss":0,"event_name":"Golden Idol","floor":3,"gold_loss":0},{"cards_removed":["Strike_G"],"damage_healed":0,"gold_gain":0,"player_choice":"Card Removal","damage_taken":0,"max_hp_gain":0,"max_hp_loss":0,"event_name":"The Cleric","floor":5,"gold_loss":50},{"cards_removed":["Strike_G"],"damage_healed":0,"gold_gain":0,"player_choice":"Card Removal","damage_taken":7,"max_hp_gain":0,"max_hp_loss":0,"event_name":"Golden Wing","floor":12,"gold_loss":0},{"damage_healed":0,"gold_gain":0,"player_choice":"Ignored","damage_taken":0,"max_hp_gain":0,"max_hp_loss":0,"event_name":"Ghosts","floor":19,"gold_loss":0},{"cards_removed":["Strike_G"],"damage_healed":0,"gold_gain":0,"player_choice":"Gave Gold","damage_taken":0,"max_hp_gain":0,"max_hp_loss":0,"event_name":"Beggar","floor":21,"gold_loss":75},{"damage_healed":0,"gold_gain":0,"cards_transformed":["Strike_G","Defend_G"],"player_choice":"Became Test Subject","damage_taken":0,"max_hp_gain":0,"max_hp_loss":0,"event_name":"Drug Dealer","floor":23,"gold_loss":0,"cards_obtained":["Bullet Time","Deadly Poison"]},{"damage_healed":0,"gold_gain":0,"player_choice":"Fight","damage_taken":0,"max_hp_gain":0,"max_hp_loss":0,"event_name":"Mysterious Sphere","floor":44,"gold_loss":0},{"cards_removed":["Bouncing Flask"],"damage_healed":0,"gold_gain":0,"player_choice":"Upgrade and Remove","damage_taken":0,"max_hp_gain":0,"max_hp_loss":0,"event_name":"Designer","floor":48,"gold_loss":90,"cards_upgraded":["Backflip"]}],"is_beta":false,"boss_relics":[{"not_picked":["Runic Pyramid","Ring of the Serpent"],"picked":"Sozu"},{"not_picked":["Black Star","Tiny House"],"picked":"Empty Cage"}],"items_purged_floors":[30,53],"is_endless":false,"potions_floor_spawned":[1,7,8,10,14,16,20,22,28,33,35,41,44,46],"ascension_level":0}}