{"host":"8z6cx8b9r5qs18cp","time":1609801575,"event":{"mods":["AchievementEnabler","Act Like it!","Bard","BaseMod","GifTheSpireLib","Googly Eyes","Hermit","Hubris","Infinite Spire","Marked Mod","Minty Spire (QoL Compilation)","Permanent Neow","Rare Cards Sparkle","Relic Stats","Replay The Spire","StSLib","Stuff the Spire","The Animator","The Bug Knight","The Cursed","The Servant 0.9.4"],"gold_per_floor":[163,163,177,191,206,206,17,28,74,103,103,132,142,154,119,222,222,234,184,195,60,76,76,76],"floor_reached":23,"playtime":1449,"items_purged":[],"score":226,"play_id":"d113b0fa-2f29-4300-ba6a-93aedeb4690e","local_time":"20210104170615","is_ascension_mode":true,"campfire_choices":[{"data":"Backstab","floor":6,"key":"SMITH"},{"data":"ReplayTheSpireMod:Scrap Shanks","floor":11,"key":"SMITH"}],"circlet_count":0,"master_deck":["Strike_G","Strike_G","Strike_G","Strike_G","Strike_G","Defend_G","Defend_G+1","Defend_G","Defend_G","Defend_G","Survivor","Neutralize","Backstab+1","Backstab","Flying Knee","Slice","Slice","ReplayTheSpireMod:Scrap Shanks+1","Flying Knee+1","Concentrate","hubris:SlightOfHand","Cloak And Dagger","Calculated Gamble","Calculated Gamble","Envenom","Backstab","Blade Dance","Footwork","Footwork","Good Instincts","Dagger Throw"],"relics":["Tiny House","Blue Doll","Bottled Tornado","StuffTheSpire:GrapeVine","Black Star"],"acts_visited":["Exordium","TheCity"],"potions_floor_usage":[10,16,16,18,23,23],"damage_taken":[{"damage":4,"enemies":"Small Slimes","floor":1,"turns":5},{"damage":9,"enemies":"infinitespire:Voidling","floor":3,"turns":5},{"damage":0,"enemies":"Cultist","floor":4,"turns":2},{"damage":1,"enemies":"Looter","floor":5,"turns":3},{"damage":9,"enemies":"Exordium Thugs","floor":8,"turns":4},{"damage":10,"enemies":"3 Sentries","floor":10,"turns":8},{"damage":24,"enemies":"Gremlin Nob","floor":12,"turns":4},{"damage":1,"enemies":"2 Fungi Beasts","floor":13,"turns":3},{"damage":5,"enemies":"3 Louse","floor":14,"turns":2},{"damage":38,"enemies":"Fading Forest","floor":16,"turns":11},{"damage":6,"enemies":"Chosen","floor":18,"turns":3},{"damage":3,"enemies":"Spheric Guardian","floor":20,"turns":3},{"damage":40,"enemies":"Cultist and Chosen","floor":22,"turns":8},{"damage":38,"enemies":"Nightmare","floor":23,"turns":4}],"seed_played":"-3865730810767422978","potions_obtained":[{"floor":0,"key":"Regen Potion"},{"floor":4,"key":"Dexterity Potion"},{"floor":12,"key":"SteroidPotion"},{"floor":16,"key":"Adrenaline Potion"},{"floor":18,"key":"EssenceOfSteel"},{"floor":22,"key":"SteroidPotion"}],"is_trial":false,"path_per_floor":["M","?","M","M","M","R","$","M","T","E","R","E","M","M","R","B",null,"M","?","M","$","M","NM"],"character_chosen":"THE_SILENT","items_purchased":["ReplayTheSpireMod:Scrap Shanks","Flying Knee+1","Regen Potion","Footwork","Good Instincts"],"campfire_rested":0,"item_purchase_floors":[7,7,7,21,21],"current_hp_per_floor":[71,71,71,71,70,70,70,61,61,66,66,42,41,36,54,41,75,69,69,66,66,26,0,0],"gold":76,"neow_bonus":"BOSS_RELIC","is_daily":false,"chose_seed":false,"campfire_upgraded":2,"win_rate":0.0,"timestamp":1609801575,"path_taken":["M","?","M","M","?","R","?","M","T","E","R","E","M","M","R","BOSS","M","?","?","$","M","NM"],"items_purchased_type":["Card","Card","Potion","Card","Card"],"build_version":"2020-12-22","purchased_purges":0,"victory":false,"max_hp_per_floor":[75,75,75,75,75,75,75,75,75,75,75,75,75,75,75,75,75,75,75,75,75,75,75,75],"relic_stats":{"counters":[14,64],"Black Star":0,"obtain_stats":[{"Tiny House":0,"Blue Doll":9,"StuffTheSpire:GrapeVine":12,"Black Star":17,"Bottled Tornado":10,"Ring of the Snake":0},{"Tiny House":0,"Blue Doll":5,"StuffTheSpire:GrapeVine":7,"Black Star":10,"Bottled Tornado":6,"Ring of the Snake":0},{"Tiny House":0,"Blue Doll":19,"StuffTheSpire:GrapeVine":31,"Black Star":47,"Bottled Tornado":27,"Ring of the Snake":0}]},"card_choices":[{"not_picked":["Dodge and Roll","StuffTheSpire:BumpUp"],"picked":"Backstab","floor":0},{"not_picked":["Sucker Punch","StuffTheSpire:ClusterCrunch"],"picked":"Backstab","floor":1},{"not_picked":["StuffTheSpire:Python","hubris:Counter"],"picked":"Flying Knee","floor":3},{"not_picked":["Acrobatics","Flechettes"],"picked":"Slice","floor":4},{"not_picked":["Prepared","ReplayTheSpireMod:Tripwire"],"picked":"Slice","floor":5},{"not_picked":["StuffTheSpire:ClusterCrunch","Predator"],"picked":"Concentrate","floor":8},{"not_picked":["All Out Attack","Distraction"],"picked":"hubris:SlightOfHand","floor":10},{"not_picked":["StuffTheSpire:Incantation","Prepared"],"picked":"Cloak And Dagger","floor":12},{"not_picked":["Sucker Punch","hubris:SlightOfHand"],"picked":"Calculated Gamble","floor":13},{"not_picked":["Prepared","Outmaneuver"],"picked":"Calculated Gamble","floor":14},{"not_picked":["Venomology","Atom Bomb"],"picked":"Envenom","floor":16},{"not_picked":["hubris:SlightOfHand","StuffTheSpire:Python"],"picked":"Backstab","floor":18},{"not_picked":["Dodge and Roll","hubris:SlightOfHand"],"picked":"Blade Dance","floor":20},{"not_picked":["Acrobatics","Deflect"],"picked":"Dagger Throw","floor":22}],"player_experience":200061,"relics_obtained":[{"floor":9,"key":"Blue Doll"},{"floor":10,"key":"Bottled Tornado"},{"floor":12,"key":"StuffTheSpire:GrapeVine"}],"event_choices":[{"damage_healed":0,"gold_gain":0,"player_choice":"Ignored","damage_taken":0,"max_hp_gain":0,"max_hp_loss":0,"event_name":"Purifier","floor":2,"gold_loss":0},{"damage_healed":18,"gold_gain":0,"player_choice":"Healed","damage_taken":0,"max_hp_gain":0,"max_hp_loss":0,"event_name":"The Cleric","floor":15,"gold_loss":35},{"damage_healed":0,"gold_gain":0,"player_choice":"Bet on Murderer","damage_taken":0,"max_hp_gain":0,"max_hp_loss":0,"event_name":"The Joust","floor":19,"gold_loss":50}],"is_beta":false,"boss_relics":[{"not_picked":["StuffTheSpire:Kangaroo","Cursed Key"],"picked":"Black Star"}],"items_purged_floors":[],"is_endless":false,"potions_floor_spawned":[4,12,16,18,22],"killed_by":"Nightmare","ascension_level":2}}