{"host":"y3ukzuzbm6pszj00","time":1609733052,"event":{"mods":["A Magickal Journey","Astrologer","Bard","BaseMod","Downfall","Hubris","Minty Spire (QoL Compilation)","Quick Restart","Replay The Spire","Robot Space Explorer","StSLib","The Bug Knight","The Construct","The Cursed","The Disciple","The Factory","The Hayseed","The Hierophant","The Jungle","The Marked","The Necromancer","The Poker Player","The Problem Sleuth","The Runesmith"],"gold_per_floor":[119,134,161,161,184,184,215,251,274,274,314,314,354,413,413,401,401],"floor_reached":16,"playtime":1402,"items_purged":[],"score":123,"play_id":"c316f4e2-a19b-493b-ba00-1286b9026a56","local_time":"20210103220412","is_ascension_mode":false,"campfire_choices":[{"data":"hierophant:ChurchCoffers","floor":6,"key":"SMITH"},{"data":"hierophant:FaithHealing","floor":10,"key":"SMITH"},{"data":"hierophant:Doomsaying","floor":12,"key":"SMITH"},{"floor":15,"key":"REST"}],"circlet_count":0,"master_deck":["hierophant:Strike_Hierophant","hierophant:Strike_Hierophant","hierophant:Strike_Hierophant","hierophant:Strike_Hierophant","hierophant:Punish","hierophant:Defend_Hierophant","hierophant:Defend_Hierophant","hierophant:Defend_Hierophant","hierophant:Defend_Hierophant","hierophant:ChurchCoffers+1","hierophant:FaithHealing+1","hierophant:Doubloon","hierophant:CoinFling","hierophant:Smite","Injury","hierophant:Doubloon","hierophant:ThreeLashes","hierophant:Martyrdom","hierophant:Doomsaying+1","hierophant:Doubloon","hierophant:Dazzle","hierophant:RustyCrate","hierophant:Doubloon","hierophant:Doubloon"],"relics":["hierophant:PropheticMaskRelic","NeowsBlessing","Golden Idol","CeramicFish"],"acts_visited":["Exordium"],"potions_floor_usage":[14,16,16],"damage_taken":[{"damage":0,"enemies":"Jaw Worm","floor":1,"turns":1},{"damage":0,"enemies":"Small Slimes","floor":2,"turns":1},{"damage":0,"enemies":"Cultist","floor":3,"turns":1},{"damage":21,"enemies":"Large Slime","floor":5,"turns":7},{"damage":1,"enemies":"2 Fungi Beasts","floor":7,"turns":3},{"damage":13,"enemies":"Lots of Slimes","floor":8,"turns":4},{"damage":5,"enemies":"Looter","floor":11,"turns":3},{"damage":20,"enemies":"Exordium Thugs","floor":13,"turns":3},{"damage":0,"enemies":"Gremlin Gang","floor":14,"turns":2},{"damage":39,"enemies":"Slime Boss","floor":16,"turns":7}],"seed_played":"895078477857766009","potions_obtained":[{"floor":2,"key":"GamblersBrew"},{"floor":7,"key":"Block Potion"},{"floor":13,"key":"Explosive Potion"},{"floor":14,"key":"Energy Potion"}],"is_trial":false,"path_per_floor":["M","M","M","?","M","R","M","M","T","R","M","R","M","M","R","B"],"character_chosen":"HIEROPHANT","items_purchased":[],"campfire_rested":1,"item_purchase_floors":[],"current_hp_per_floor":[75,75,75,75,54,54,53,40,40,40,35,35,15,15,37,0,0],"gold":401,"neow_bonus":"THREE_ENEMY_KILL","is_daily":false,"chose_seed":false,"campfire_upgraded":3,"win_rate":0.0,"timestamp":1609733052,"path_taken":["M","M","M","?","M","R","M","M","T","R","M","R","M","M","R","BOSS"],"items_purchased_type":[],"build_version":"2020-12-22","purchased_purges":0,"victory":false,"max_hp_per_floor":[75,75,75,75,75,75,75,75,75,75,75,75,75,75,75,75,75],"card_choices":[{"not_picked":["hierophant:SealAway","hierophant:Remorse"],"picked":"hierophant:FaithHealing","floor":1},{"not_picked":["hierophant:SolarFlare","hierophant:Exaltation"],"picked":"hierophant:CoinFling","floor":2},{"not_picked":["hierophant:Embezzle","hierophant:CoinFling"],"picked":"hierophant:Smite","floor":3},{"not_picked":["hierophant:OrnateJavelin","hierophant:MirrorShield"],"picked":"hierophant:Doubloon","floor":5},{"not_picked":["hierophant:AuricBeam","hierophant:Shelter"],"picked":"hierophant:ThreeLashes","floor":7},{"not_picked":["hierophant:Doubloon","hierophant:EyeForCoin"],"picked":"hierophant:Martyrdom","floor":8},{"not_picked":["hierophant:Doubloon","hierophant:OrnateJavelin"],"picked":"hierophant:Doomsaying","floor":11},{"not_picked":["hierophant:Blessing","hierophant:HammerAndAnvil"],"picked":"hierophant:Dazzle","floor":13},{"not_picked":["hierophant:Refuge","hierophant:Community"],"picked":"hierophant:RustyCrate","floor":14}],"player_experience":354971,"relics_obtained":[{"floor":9,"key":"CeramicFish"}],"event_choices":[{"damage_healed":0,"gold_gain":0,"player_choice":"Take Wound","damage_taken":0,"relics_obtained":["Golden Idol"],"max_hp_gain":0,"max_hp_loss":0,"event_name":"Golden Idol","floor":4,"gold_loss":0,"cards_obtained":["Injury"]}],"is_beta":false,"boss_relics":[],"items_purged_floors":[],"is_endless":false,"potions_floor_spawned":[2,7,13,14],"killed_by":"Slime Boss","ascension_level":0}}