{"host":"0ydzwspkajt4brzd","time":1609759888,"event":{"mods":["AchievementEnabler","BaseMod","Colored Map","DeckTracker","Googly Eyes","Highlight Path","Minty Spire (QoL Compilation)","Quick Restart","Random Character Button","Rare Cards Sparkle"],"gold_per_floor":[112,112,130,149,74,104,116,116,116,116,149,149,159,185,185,263,263,280,280,300,300,300,300,334,334,334,334,346,346,362,397,397,471,471,483,483,483,508,518,518,563,563,563,583,608,0,20,36,36,36],"floor_reached":51,"playtime":2222,"items_purged":["Strike_R","Strike_R"],"score":1259,"play_id":"d4032cb4-a88b-4154-bb7f-af8ff9a8f540","local_time":"20210104033128","is_ascension_mode":true,"campfire_choices":[{"data":"Uppercut","floor":8.0,"key":"SMITH"},{"floor":15.0,"key":"REST"},{"data":"Carnage","floor":23.0,"key":"SMITH"},{"data":"Shockwave","floor":25.0,"key":"SMITH"},{"data":"Immolate","floor":27.0,"key":"SMITH"},{"data":"RitualDagger","floor":29.0,"key":"SMITH"},{"data":"Heavy Blade","floor":32.0,"key":"SMITH"},{"data":"Limit Break","floor":40.0,"key":"SMITH"},{"data":"Demon Form","floor":42.0,"key":"SMITH"},{"data":"Impatience","floor":49,"key":"SMITH"}],"circlet_count":0,"master_deck":["AscendersBane","Strike_R","Strike_R","Defend_R","Defend_R","Defend_R","Bash+1","Twin Strike","Iron Wave","Spot Weakness+1","Uppercut+1","Heavy Blade+1","Ghostly Armor+1","Carnage+1","Inflame","Immolate+1","Inflame+1","RitualDagger+1","Shockwave+1","Shrug It Off","Necronomicurse","Shrug It Off","Demon Form+1","Impervious","Limit Break+1","Sword Boomerang","Impervious","Pommel Strike+1","Blood for Blood+1","Impatience+1","Battle Trance+1","True Grit+1"],"relics":["Burning Blood","Shuriken","Nunchaku","Mercury Hourglass","Du-Vu Doll","FossilizedHelix","Black Star","Necronomicon","Toy Ornithopter","War Paint","Bottled Lightning","Question Card","PreservedInsect","Sozu","Bird Faced Urn","Prayer Wheel","Letter Opener","Strawberry","Bronze Scales","InkBottle"],"acts_visited":["Exordium","TheCity","TheBeyond"],"potions_floor_usage":[50],"damage_taken":[{"damage":7.0,"enemies":"Small Slimes","floor":1.0,"turns":4.0},{"damage":6.0,"enemies":"Jaw Worm","floor":3.0,"turns":4.0},{"damage":6.0,"enemies":"2 Louse","floor":4.0,"turns":3.0},{"damage":35.0,"enemies":"3 Sentries","floor":6.0,"turns":10.0},{"damage":1.0,"enemies":"2 Fungi Beasts","floor":7.0,"turns":4.0},{"damage":27.0,"enemies":"Gremlin Nob","floor":11.0,"turns":4.0},{"damage":0.0,"enemies":"Large Slime","floor":13.0,"turns":4.0},{"damage":15.0,"enemies":"Lagavulin","floor":14.0,"turns":4.0},{"damage":12.0,"enemies":"Hexaghost","floor":16.0,"turns":7.0},{"damage":6.0,"enemies":"Chosen","floor":18.0,"turns":4.0},{"damage":0.0,"enemies":"Spheric Guardian","floor":20.0,"turns":3.0},{"damage":30.0,"enemies":"Gremlin Leader","floor":24.0,"turns":5.0},{"damage":0.0,"enemies":"3 Cultists","floor":28.0,"turns":3.0},{"damage":0.0,"enemies":"Shelled Parasite and Fungi","floor":30.0,"turns":3.0},{"damage":10.0,"enemies":"Book of Stabbing","floor":31.0,"turns":3.0},{"damage":42.0,"enemies":"Champ","floor":33.0,"turns":8.0},{"damage":0.0,"enemies":"3 Shapes","floor":35.0,"turns":2.0},{"damage":12.0,"enemies":"Mind Bloom Boss Battle","floor":38.0,"turns":3.0},{"damage":0.0,"enemies":"Orb Walker","floor":39.0,"turns":2.0},{"damage":15.0,"enemies":"2 Orb Walkers","floor":41.0,"turns":3.0},{"damage":0.0,"enemies":"Writhing Mass","floor":44.0,"turns":4.0},{"damage":0.0,"enemies":"Reptomancer","floor":45.0,"turns":2.0},{"damage":0,"enemies":"Spire Growth","floor":47,"turns":3},{"damage":0,"enemies":"Maw","floor":48,"turns":5},{"damage":50,"enemies":"Time Eater","floor":50,"turns":6}],"seed_played":"-4344833133180461385","potions_obtained":[{"floor":1.0,"key":"DuplicationPotion"},{"floor":6.0,"key":"Explosive Potion"},{"floor":14.0,"key":"Block Potion"},{"floor":18.0,"key":"Regen Potion"},{"floor":24.0,"key":"DuplicationPotion"},{"floor":28.0,"key":"LiquidMemories"},{"floor":33.0,"key":"Energy Potion"}],"is_trial":false,"path_per_floor":["M","?","M","M","$","E","M","R","T","?","E","?","M","E","R","B",null,"M","?","M","?","?","R","E","R","T","R","M","R","M","E","R","B",null,"M","?","?","?","M","R","?","R","T","M","E","$","M","M","R","B",null],"character_chosen":"IRONCLAD","items_purchased":["Bronze Scales","InkBottle","Impatience"],"campfire_rested":1,"item_purchase_floors":[46,46,46],"current_hp_per_floor":[71,68,68,68,68,39,44,44,44,44,23,23,29,20,44,38,70,70,64,70,70,54,54,39,39,39,39,45,45,56,57,57,21,65,71,71,71,65,75,75,66,66,66,72,85,85,87,87,87,54],"gold":36,"neow_bonus":"REMOVE_CARD","is_daily":false,"chose_seed":false,"campfire_upgraded":9,"win_rate":0.0,"timestamp":1609759888,"path_taken":["M","?","M","M","$","E","M","R","T","?","E","?","?","E","R","BOSS","M","?","M","?","?","R","E","R","T","R","M","R","?","E","R","BOSS","M","?","?","?","M","R","?","R","T","M","E","$","M","M","R","BOSS"],"items_purchased_type":["Relic","Relic","Card"],"build_version":"2020-12-22","purchased_purges":2,"victory":true,"max_hp_per_floor":[80,80,80,80,80,80,80,80,80,80,80,80,80,80,80,80,80,80,80,80,80,80,80,80,80,80,80,80,80,80,80,80,80,80,80,80,80,80,80,80,80,80,80,80,87,87,87,87,87,87],"card_choices":[{"not_picked":["Flame Barrier","Wild Strike"],"picked":"Twin Strike","floor":1.0},{"not_picked":["Anger","Thunderclap"],"picked":"Iron Wave","floor":3.0},{"not_picked":["Infernal Blade","Pommel Strike"],"picked":"Spot Weakness","floor":4.0},{"not_picked":["Seeing Red","Headbutt"],"picked":"Uppercut","floor":6.0},{"not_picked":["Cleave","Perfected Strike"],"picked":"Heavy Blade","floor":7.0},{"not_picked":["Thunderclap","Perfected Strike"],"picked":"Ghostly Armor","floor":11.0},{"not_picked":["Intimidate","Rage"],"picked":"Carnage","floor":13.0},{"not_picked":["Evolve","Brutality"],"picked":"Inflame","floor":14.0},{"not_picked":["Juggernaut","Brutality"],"picked":"Immolate","floor":16.0},{"not_picked":["Twin Strike","Cleave"],"picked":"Inflame+1","floor":18.0},{"not_picked":["Fire Breathing","Clash+1"],"picked":"Shockwave","floor":20.0},{"not_picked":["Havoc","Dual Wield","Wild Strike"],"picked":"SKIP","floor":24.0},{"not_picked":["Cleave","Rupture+1"],"picked":"Shrug It Off","floor":28.0},{"not_picked":["Hemokinesis","Sever Soul"],"picked":"Demon Form","floor":30.0},{"not_picked":["Bloodletting","Rampage"],"picked":"Impervious","floor":31.0},{"not_picked":["Feed","Corruption","Reaper"],"picked":"Limit Break","floor":33.0},{"not_picked":["Cleave","True Grit","Rupture+1","Headbutt"],"picked":"SKIP","floor":35.0},{"not_picked":["Flex","Body Slam","Armaments"],"picked":"Sword Boomerang","floor":38.0},{"not_picked":["Thunderclap","Headbutt","Anger"],"picked":"Impervious","floor":39.0},{"not_picked":["Headbutt","Cleave","Dropkick"],"picked":"Pommel Strike+1","floor":41.0},{"not_picked":["Warcry+1","Armaments","Twin Strike"],"picked":"Blood for Blood+1","floor":44.0},{"not_picked":["Havoc","Twin Strike","Flex","Clothesline+1"],"picked":"SKIP","floor":44.0},{"not_picked":["Twin Strike","Feel No Pain","Bludgeon","Reckless Charge"],"picked":"SKIP","floor":45.0},{"not_picked":["Sword Boomerang","Heavy Blade+1","Iron Wave"],"picked":"Battle Trance+1","floor":47},{"not_picked":["Perfected Strike+1","Inflame","Rage","Clash"],"picked":"SKIP","floor":47},{"not_picked":["Body Slam","Wild Strike","Searing Blow"],"picked":"True Grit+1","floor":48},{"not_picked":["Warcry+1","Armaments","Clash","True Grit"],"picked":"SKIP","floor":48}],"player_experience":470109,"relics_obtained":[{"floor":6.0,"key":"Nunchaku"},{"floor":9.0,"key":"Mercury Hourglass"},{"floor":11.0,"key":"Du-Vu Doll"},{"floor":14.0,"key":"FossilizedHelix"},{"floor":22.0,"key":"Necronomicon"},{"floor":24.0,"key":"Toy Ornithopter"},{"floor":24.0,"key":"War Paint"},{"floor":26.0,"key":"Bottled Lightning"},{"floor":31.0,"key":"Question Card"},{"floor":31.0,"key":"PreservedInsect"},{"floor":38.0,"key":"Bird Faced Urn"},{"floor":41.0,"key":"Prayer Wheel"},{"floor":45.0,"key":"Letter Opener"},{"floor":45.0,"key":"Strawberry"}],"event_choices":[{"damage_healed":0.0,"max_hp_gain":0.0,"max_hp_loss":0.0,"gold_gain":0.0,"event_name":"Scrap Ooze","player_choice":"Success","floor":2.0,"gold_loss":0.0,"damage_taken":3.0,"relics_obtained":["Shuriken"]},{"damage_healed":0.0,"max_hp_gain":0.0,"max_hp_loss":0.0,"gold_gain":0.0,"event_name":"Liars Game","player_choice":"Ignored","floor":10.0,"gold_loss":0.0,"damage_taken":0.0},{"damage_healed":0.0,"max_hp_gain":0.0,"max_hp_loss":0.0,"gold_gain":0.0,"event_name":"Living Wall","player_choice":"Grow","floor":12.0,"gold_loss":0.0,"damage_taken":0.0,"cards_upgraded":["Bash"]},{"damage_healed":0.0,"max_hp_gain":0.0,"max_hp_loss":0.0,"gold_gain":0.0,"event_name":"Nest","player_choice":"Joined the Cult","floor":19.0,"gold_loss":0.0,"damage_taken":6.0,"cards_obtained":["RitualDagger"]},{"damage_healed":0.0,"max_hp_gain":0.0,"max_hp_loss":0.0,"gold_gain":0.0,"event_name":"The Library","player_choice":"Read","floor":21.0,"gold_loss":0.0,"damage_taken":0.0,"cards_obtained":["Shrug It Off"]},{"damage_healed":0.0,"max_hp_gain":0.0,"max_hp_loss":0.0,"gold_gain":0.0,"event_name":"Cursed Tome","player_choice":"Obtained Book","floor":22.0,"gold_loss":0.0,"damage_taken":16.0},{"damage_healed":0.0,"max_hp_gain":0.0,"max_hp_loss":0.0,"gold_gain":0.0,"event_name":"Tomb of Lord Red Mask","player_choice":"Ignored","floor":36.0,"gold_loss":0.0,"damage_taken":0.0},{"cards_removed":["Defend_R"],"damage_healed":0.0,"max_hp_gain":0.0,"max_hp_loss":0.0,"gold_gain":0.0,"event_name":"Falling","player_choice":"Removed Skill","floor":37.0,"gold_loss":0.0,"damage_taken":0.0},{"damage_healed":0.0,"max_hp_gain":0.0,"max_hp_loss":0.0,"gold_gain":0.0,"event_name":"MindBloom","player_choice":"Fight","floor":38.0,"gold_loss":0.0,"damage_taken":0.0},{"damage_healed":0.0,"max_hp_gain":0.0,"max_hp_loss":0.0,"gold_gain":0.0,"event_name":"Mysterious Sphere","player_choice":"Fight","floor":41.0,"gold_loss":0.0,"damage_taken":0.0}],"is_beta":false,"boss_relics":[{"not_picked":["Fusion Hammer","Pandora\u0027s Box"],"picked":"Black Star"},{"not_picked":["Runic Cube","Coffee Dripper"],"picked":"Sozu"}],"items_purged_floors":[5,46],"is_endless":false,"potions_floor_spawned":[1,6,14,18,24,28,33,41,44,47,48],"ascension_level":13}}