{"host":"egwexuw5uvnxf11j","time":1609736435,"event":{"mods":["2.2 Compatiblity","Aspiration","BaseMod","Better Altar","Better Note","Better Sensory Stone","Better Third Choice","Displayed Cursed Tome","Downfall","Hermit","Key Reminder","Koishi","Marisa????????","Minty Spire (QoL Compilation)","Quick Restart","Shade Mod","Spicy Shops","StSLib","The Construct","The Cursed","The Hierophant","The Runesmith","The Senshi","The Servant 0.9.4","Transform Curses"],"gold_per_floor":[115,128,23,35,47,88,88,116,116,116,141,216,216,225,225,330,389,417,137,137,187,203,203,219,245,268,368,368,368],"floor_reached":28,"playtime":991,"items_purged":[],"score":274,"play_id":"6c4a9ed9-8553-4680-b92a-2281b15d9110","local_time":"20210104000035","is_ascension_mode":true,"campfire_choices":[{"floor":10.0,"key":"REST"},{"floor":13.0,"key":"REST"},{"data":"Streamline","floor":15.0,"key":"SMITH"},{"floor":23.0,"key":"REST"}],"circlet_count":0,"master_deck":["Strike_B","Strike_B+1","Strike_B","Strike_B","Defend_B","Defend_B","Defend_B","Defend_B","Zap","Dualcast","Glacier","Blizzard","Coolheaded","Streamline+1","Melter","Sweeping Beam","Loop","Sunder","Gash","Parasite","All For One","FTL","Cold Snap","Defragment","Chaos","Barrage","Go for the Eyes","Stack","Auto Shields+1"],"relics":["Cracked Core","keyreminder:keyreminder","Tiny Chest","aspiration:HummingbirdHeart","Tiny House","Sling","Nloth\u0027s Gift","Oddly Smooth Stone","Bottled Flame","Orichalcum"],"acts_visited":["Exordium","TheCity"],"potions_floor_usage":[24,25,25],"damage_taken":[{"damage":7.0,"enemies":"Small Slimes","floor":1.0,"turns":3.0},{"damage":1.0,"enemies":"Jaw Worm","floor":2.0,"turns":4.0},{"damage":7.0,"enemies":"2 Louse","floor":4.0,"turns":2.0},{"damage":2.0,"enemies":"2 Fungi Beasts","floor":5.0,"turns":4.0},{"damage":32.0,"enemies":"Gremlin Nob","floor":6.0,"turns":4.0},{"damage":3.0,"enemies":"Red Slaver","floor":8.0,"turns":6.0},{"damage":5.0,"enemies":"Looter","floor":11.0,"turns":4.0},{"damage":23.0,"enemies":"The Guardian","floor":16.0,"turns":13.0},{"damage":11.0,"enemies":"Spheric Guardian","floor":18.0,"turns":5.0},{"damage":20.0,"enemies":"2 Thieves","floor":22.0,"turns":4.0},{"damage":11,"enemies":"Snecko","floor":24,"turns":5},{"damage":68,"enemies":"Gremlin Leader","floor":25,"turns":9},{"damage":11,"enemies":"3 Cultists","floor":28,"turns":3}],"seed_played":"-2681968888875245652","potions_obtained":[{"floor":1.0,"key":"Slimebound:ThreeZeroPotion"},{"floor":2.0,"key":"Block Potion"},{"floor":4.0,"key":"SteroidPotion"},{"floor":11.0,"key":"PowerPotion"},{"floor":16.0,"key":"Ancient Potion"},{"floor":22.0,"key":"Dexterity Potion"},{"floor":24,"key":"Dexterity Potion"}],"is_trial":false,"path_per_floor":["M","M","$","M","M","E","?","M","T","R","M","?","R","?","R","B",null,"M","$","?","T","M","R","M","E","T","?","M"],"character_chosen":"DEFECT","items_purchased":["Coolheaded","Streamline","Defragment","Chaos","Barrage","Sling"],"campfire_rested":3,"item_purchase_floors":[3,3,19,19,19,19],"current_hp_per_floor":[75,74,74,67,65,33,21,18,18,42,37,26,50,70,70,47,87,76,76,76,76,56,82,71,3,3,3,0,0],"gold":368,"neow_bonus":"TEN_PERCENT_HP_BONUS","is_daily":false,"chose_seed":false,"campfire_upgraded":1,"win_rate":0.0,"timestamp":1609736435,"path_taken":["M","M","$","M","M","E","?","M","T","R","M","?","R","?","R","BOSS","M","$","?","?","M","R","M","E","T","?","?"],"items_purchased_type":["Card","Card","Card","Card","Card","Relic"],"build_version":"2020-12-22","purchased_purges":0,"victory":false,"max_hp_per_floor":[82,82,82,82,82,82,82,82,82,82,82,82,82,82,82,82,87,87,87,87,87,87,87,87,87,87,87,87,87],"card_choices":[{"not_picked":["Skim","Compile Driver"],"picked":"Glacier","floor":1.0},{"not_picked":["Consume","Hello World"],"picked":"Blizzard","floor":2.0},{"not_picked":["Rebound","Streamline"],"picked":"Melter","floor":4.0},{"not_picked":["Hologram","Steam Power"],"picked":"Sweeping Beam","floor":5.0},{"not_picked":["Ball Lightning","Turbo"],"picked":"Loop","floor":6.0},{"not_picked":["Hologram","Go for the Eyes"],"picked":"Sunder","floor":8.0},{"not_picked":["Compile Driver","Cold Snap"],"picked":"Gash","floor":11.0},{"not_picked":["Amplify","Multi-Cast"],"picked":"All For One","floor":16.0},{"not_picked":["Sunder","Redo"],"picked":"FTL","floor":17.0},{"not_picked":["Reprogram","Redo"],"picked":"Cold Snap","floor":18.0},{"not_picked":["Hello World","All For One"],"picked":"Go for the Eyes","floor":22.0},{"not_picked":["Streamline","Glacier"],"picked":"Stack","floor":24},{"not_picked":["Hello World","Scrape+1"],"picked":"Auto Shields+1","floor":25}],"player_experience":2136612,"relics_obtained":[{"floor":6.0,"key":"CeramicFish"},{"floor":9.0,"key":"aspiration:HummingbirdHeart"},{"floor":21.0,"key":"Oddly Smooth Stone"},{"floor":25,"key":"Bottled Flame"},{"floor":26,"key":"Orichalcum"}],"event_choices":[{"damage_healed":0.0,"max_hp_gain":0.0,"max_hp_loss":0.0,"gold_gain":0.0,"event_name":"betterThird:BetterScrap","player_choice":"Relic ","floor":7.0,"gold_loss":0.0,"damage_taken":12.0,"cards_obtained":["Spot Weakness"]},{"damage_healed":0.0,"max_hp_gain":0.0,"max_hp_loss":0.0,"gold_gain":75.0,"event_name":"betterThird:BetterGoop","player_choice":"Gold","floor":12.0,"gold_loss":0.0,"damage_taken":11.0},{"damage_healed":20.0,"max_hp_gain":0.0,"max_hp_loss":0.0,"gold_gain":0.0,"event_name":"Mushrooms","player_choice":"Healed and dodged fight","floor":14.0,"gold_loss":0.0,"damage_taken":0.0,"cards_obtained":["Parasite"]},{"damage_healed":0.0,"max_hp_gain":0.0,"max_hp_loss":0.0,"gold_gain":0.0,"event_name":"N\u0027loth","player_choice":"Traded Relic","floor":20.0,"relics_lost":["CeramicFish"],"gold_loss":0.0,"damage_taken":0.0,"relics_obtained":["Nloth\u0027s Gift"]},{"damage_healed":0,"gold_gain":100,"player_choice":"Pray","damage_taken":0,"max_hp_gain":0,"max_hp_loss":0,"event_name":"Golden Shrine","floor":27,"gold_loss":0}],"is_beta":false,"boss_relics":[{"not_picked":["aspiration:SecretTechniqueScroll","aspiration:WatcherSkillbook"],"picked":"Tiny House"}],"items_purged_floors":[],"is_endless":false,"potions_floor_spawned":[1,2,4,11,16,22,24],"killed_by":"3 Cultists","ascension_level":3}}