{"host":"5dk97cf2ubw2v967","time":1609782945,"event":{"mods":["AlwaysNeverKeys","BaseMod","Better Altar","Better Vampires","Block Reminder","Colored Powertips","Downfall","Googly Eyes","Highlight Path","Minty Spire (QoL Compilation)","Permanent Neow","Potion Indicator Mod","Quick Restart","Relic Filter","Relic Stats","Say the Spire","Spicy Shops","StSLib","Waifu the Spire","everything is the same but u backflip on backflip"],"gold_per_floor":[110,110,124,124,142,142,174,174,174,174,208,133,133,14,14,14,14],"floor_reached":16,"playtime":599,"items_purged":["Defend_G"],"score":212,"play_id":"b6d942bb-af03-4c42-b63e-c1edea384c53","local_time":"20210104175545","is_ascension_mode":true,"campfire_choices":[{"data":"Skewer","floor":6.0,"key":"SMITH"},{"floor":8.0,"key":"REST"},{"floor":10.0,"key":"REST"},{"data":"Neutralize","floor":13,"key":"SMITH"},{"data":"Backflip","floor":15,"key":"SMITH"}],"circlet_count":0,"master_deck":["AscendersBane","Strike_G","Strike_G","Strike_G","Defend_G","Defend_G","Defend_G","Survivor","Neutralize+1","Blade Dance+1","Well Laid Plans","Skewer+1","Blur","Backflip+1"],"relics":["Ring of the Snake","Pantograph","Oddly Smooth Stone","The Courier","Singing Bowl"],"acts_visited":["Exordium"],"potions_floor_usage":[11],"damage_taken":[{"damage":9.0,"enemies":"Jaw Worm","floor":1.0,"turns":6.0},{"damage":0.0,"enemies":"Cultist","floor":3.0,"turns":3.0},{"damage":1.0,"enemies":"2 Louse","floor":5.0,"turns":3.0},{"damage":29.0,"enemies":"Gremlin Nob","floor":7.0,"turns":4.0},{"damage":21,"enemies":"3 Sentries","floor":11,"turns":7},{"damage":42,"enemies":"Slime Boss","floor":16,"turns":12}],"seed_played":"-6908578752934940566","potions_obtained":[{"floor":3.0,"key":"SkillPotion"},{"floor":7.0,"key":"SteroidPotion"}],"is_trial":false,"path_per_floor":["M","?","M","?","M","R","E","R","T","R","E","?","R","$","R","B"],"character_chosen":"THE_SILENT","items_purchased":["Backflip"],"campfire_rested":2,"item_purchase_floors":[14],"current_hp_per_floor":[50,50,50,32,31,31,2,20,20,38,19,19,19,19,19,2,2],"gold":14,"neow_bonus":"REMOVE_TWO","is_daily":false,"chose_seed":false,"campfire_upgraded":3,"win_rate":0.0,"timestamp":1609782945,"path_taken":["M","?","?","?","M","R","E","R","T","R","E","?","R","$","R","BOSS"],"items_purchased_type":["Card"],"build_version":"2020-12-22","purchased_purges":1,"victory":false,"max_hp_per_floor":[60,60,60,60,60,60,60,60,60,60,62,62,62,62,62,62,62],"relic_stats":{"Singing Bowl":2,"counters":[6,35],"Pantograph":25,"obtain_stats":[{"Singing Bowl":11,"Pantograph":4,"Oddly Smooth Stone":7,"The Courier":9,"Ring of the Snake":0},{"Singing Bowl":5,"Pantograph":2,"Oddly Smooth Stone":4,"The Courier":4,"Ring of the Snake":0},{"Singing Bowl":23,"Pantograph":9,"Oddly Smooth Stone":16,"The Courier":16,"Ring of the Snake":0}],"Ring of the Snake":[12]},"card_choices":[{"not_picked":["Acrobatics","Sucker Punch"],"picked":"Blade Dance","floor":1.0},{"not_picked":["Prepared","Flying Knee"],"picked":"Well Laid Plans","floor":3.0},{"not_picked":["Noxious Fumes","Outmaneuver"],"picked":"Skewer","floor":5.0},{"not_picked":["Deflect","Deadly Poison"],"picked":"Blur","floor":7.0},{"not_picked":["Noxious Fumes","Expertise","Cloak And Dagger"],"picked":"Singing Bowl","floor":11}],"player_experience":1295114,"relics_obtained":[{"floor":7.0,"key":"Oddly Smooth Stone"},{"floor":9.0,"key":"The Courier"},{"floor":11,"key":"Singing Bowl"}],"event_choices":[{"damage_healed":0.0,"max_hp_gain":0.0,"max_hp_loss":0.0,"gold_gain":0.0,"event_name":"Upgrade Shrine","player_choice":"Upgraded","floor":2.0,"gold_loss":0.0,"damage_taken":0.0,"cards_upgraded":["Blade Dance"]},{"damage_healed":0.0,"max_hp_gain":0.0,"max_hp_loss":0.0,"gold_gain":0.0,"event_name":"Scrap Ooze","player_choice":"Success","floor":4.0,"gold_loss":0.0,"damage_taken":18.0,"relics_obtained":["Pantograph"]},{"cards_removed":["Strike_G"],"damage_healed":0,"gold_gain":0,"player_choice":"Card Removal","damage_taken":0,"max_hp_gain":0,"max_hp_loss":0,"event_name":"The Cleric","floor":12,"gold_loss":75}],"is_beta":false,"boss_relics":[],"items_purged_floors":[14],"is_endless":false,"potions_floor_spawned":[3,7],"killed_by":"Slime Boss","ascension_level":20}}