{"host":"8kweeulvvasqx820","time":1609721295,"event":{"mods":["Aspiration","BaseMod","Better Altar","Better Match","Better Note","Better Sensory Stone","Better Skull","Better Third Choice","BetterRewards","CatGirl Mod","Colored Map","Conspire","Displayed Cursed Tome","Downfall","Hubris","Infinite Spire","Jorbs\u0027s Wanderer Trilogy","Minty Spire (QoL Compilation)","Relic Stats","Replay The Spire","Spicy Shops","StSLib","SuperFastMode","Swap Starting Deck Mod","The Construct","The Marked","The Mystic","The Necromancer","The Servant 0.9.4","TheBandit","everything is the same but u backflip on backflip","slay the spire mod where everything is the same but ironclad has a cowboy hat"],"gold_per_floor":[99,113,113,113,133,33,33,60,45,45,65,65,50,70,90,194,194,194,213,229,229,229,247,265,265,333,350,363,363,463,463,463],"floor_reached":31,"playtime":3578,"items_purged":[],"score":262,"play_id":"f53b417a-2035-4ca5-ae47-2b36eee99ab5","local_time":"20210103194815","is_ascension_mode":false,"campfire_choices":[{"data":"sneckomod:SnekBite","floor":1.0,"key":"SMITH"},{"data":"Ghostly","floor":10,"key":"SMITH"},{"data":"sneckomod:UnknownClassINFINITE_BLACK","floor":12,"key":"SMITH"},{"floor":18,"key":"DIG"},{"floor":29,"key":"REST"}],"circlet_count":0,"master_deck":["sneckomod:Strike","sneckomod:Strike","sneckomod:Defend","sneckomod:Defend","sneckomod:Defend","sneckomod:TailWhip","sneckomod:SnekBite+1","sneckomod:Unknown","sneckomod:Unknown","sneckomod:IronFang+1","sneckomod:UnknownBlock+1","Ghostly+1","sneckomod:UnknownClassMYSTIC_PURPLE","sneckomod:UnknownClassINFINITE_BLACK+1","sneckomod:Unknown0Cost","sneckomod:SlitherStrike","sneckomod:DiceBlock","sneckomod:SerpentIdol","sneckomod:SoulExchange","sneckomod:QuickBite","sneckomod:UnknownBlock","sneckomod:ImprovisedAttack","sneckomod:IronFang+1","sneckomod:MorePower","sneckomod:UnknownRareAttack+1","sneckomod:DiceBoulder+1"],"relics":["sneckomod:SneckoSoul","m_SnakeBloodCore","infinitespire:WardingShard","Strawberry","Replay:Grab Bag","hubris:RunicObelisk","conspire:SeveredTorchhead","hubris:Backtick","hubris:CrystalStatue","Boot","aspiration:FrozenJewel","downfall:GremlinWheel"],"acts_visited":["Exordium","TheCity"],"potions_floor_usage":[16,30,31,31],"damage_taken":[{"damage":5.0,"enemies":"Small Slimes","floor":2.0,"turns":3.0},{"damage":7.0,"enemies":"2 Louse","floor":5.0,"turns":2.0},{"damage":8.0,"enemies":"Gremlin Nob","floor":8.0,"turns":5.0},{"damage":0,"enemies":"downfall:FleeingMerchant","floor":9,"turns":4},{"damage":8,"enemies":"Jaw Worm","floor":11,"turns":2},{"damage":9,"enemies":"downfall:FleeingMerchant","floor":13,"turns":4},{"damage":8,"enemies":"3 Louse","floor":14,"turns":4},{"damage":0,"enemies":"Large Slime","floor":15,"turns":7},{"damage":52,"enemies":"downfall:Watcher","floor":16,"turns":13},{"damage":14,"enemies":"Chosen","floor":19,"turns":5},{"damage":23,"enemies":"Shell Parasite","floor":20,"turns":4},{"damage":52,"enemies":"Cultist and Chosen","floor":23,"turns":9},{"damage":9,"enemies":"Snake Plant","floor":24,"turns":5},{"damage":14,"enemies":"Snecko","floor":27,"turns":6},{"damage":3,"enemies":"conspire:HollyBat","floor":28,"turns":10},{"damage":40,"enemies":"conspire:HollyBat","floor":30,"turns":5},{"damage":19,"enemies":"Gremlin Leader","floor":31,"turns":7}],"seed_played":"994650598508267006","potions_obtained":[{"floor":11,"key":"Guardian:BlockOnCardUsePotion"},{"floor":14,"key":"champ:CounterPotion"},{"floor":15,"key":"DuplicationPotion"},{"floor":20,"key":"Strength Potion"},{"floor":28,"key":"Adrenaline Potion"}],"is_trial":false,"path_per_floor":["R","M","?","?","M","?","T","E","$","R","M","R","$","M","M","B",null,"R_BF","M","M","PTL","PTL","M","M","?","T","M","M","R","?","E"],"character_chosen":"THE_SNECKO","items_purchased":[],"campfire_rested":1,"item_purchase_floors":[],"current_hp_per_floor":[99,94,94,94,91,91,91,94,98,98,94,94,88,86,89,40,110,110,99,88,88,88,39,33,25,25,14,15,48,11,0,0],"gold":463,"neow_bonus":"TEN_PERCENT_HP_BONUS","is_daily":false,"chose_seed":false,"campfire_upgraded":3,"win_rate":0.0,"timestamp":1609721295,"path_taken":["R","M","?","?","M","?","T","E","?","R","M","R","$","M","M","BOSS","R_BF","M","M","PTL","PTL","M","M","?","T","M","M","R","?","E"],"items_purchased_type":[],"build_version":"2020-12-22","purchased_purges":0,"victory":false,"max_hp_per_floor":[99,99,99,99,100,100,100,108,109,109,110,110,110,110,110,110,110,110,110,111,111,111,111,111,111,111,111,112,112,112,112,112],"relic_stats":{"counters":[17,95],"Boot":[65],"obtain_stats":[{"conspire:SeveredTorchhead":17,"hubris:Backtick":17,"hubris:CrystalStatue":17,"downfall:GremlinWheel":30,"m_SnakeBloodCore":3,"infinitespire:WardingShard":7,"Strawberry":8,"Replay:Grab Bag":17,"hubris:RunicObelisk":17,"sneckomod:SneckoSoul":0,"Boot":18,"aspiration:FrozenJewel":26},{"conspire:SeveredTorchhead":9,"hubris:Backtick":9,"hubris:CrystalStatue":9,"downfall:GremlinWheel":16,"m_SnakeBloodCore":1,"infinitespire:WardingShard":2,"Strawberry":3,"Replay:Grab Bag":9,"hubris:RunicObelisk":9,"sneckomod:SneckoSoul":0,"Boot":9,"aspiration:FrozenJewel":13},{"conspire:SeveredTorchhead":44,"hubris:Backtick":44,"hubris:CrystalStatue":44,"downfall:GremlinWheel":88,"m_SnakeBloodCore":3,"infinitespire:WardingShard":5,"Strawberry":10,"Replay:Grab Bag":44,"hubris:RunicObelisk":44,"sneckomod:SneckoSoul":0,"Boot":44,"aspiration:FrozenJewel":67}]},"card_choices":[{"not_picked":["sneckomod:UnknownCommonAttack","sneckomod:UnknownStrike"],"picked":"sneckomod:IronFang","floor":2.0},{"not_picked":["ReplayTheSpireMod:GoodbyeWorld","Recycle"],"picked":"sneckomod:UnknownBlock","floor":5.0},{"not_picked":["sneckomod:DiceCrush","sneckomod:UnknownWeak"],"picked":"sneckomod:UnknownClassMYSTIC_PURPLE","floor":8.0},{"not_picked":["sneckomod:Unknown2Cost","sneckomod:Unknown1Cost"],"picked":"sneckomod:UnknownClassINFINITE_BLACK","floor":9},{"not_picked":["sneckomod:Unknown1Cost","sneckomod:UnknownVulnerable"],"picked":"sneckomod:Unknown0Cost","floor":11},{"not_picked":["sneckomod:CheapStock","sneckomod:UnknownWeak"],"picked":"sneckomod:SlitherStrike","floor":13},{"not_picked":["sneckomod:UnknownCommonAttack","sneckomod:Unknown1Cost"],"picked":"sneckomod:DiceBlock","floor":14},{"not_picked":["sneckomod:DangerNoodle","sneckomod:DiceCrush"],"picked":"sneckomod:SerpentIdol","floor":15},{"not_picked":["sneckomod:DangerNoodle","sneckomod:UnlimitedRolls"],"picked":"sneckomod:SoulExchange","floor":16},{"not_picked":["sneckomod:SoulRoll+1","sneckomod:Unknown1Cost"],"picked":"sneckomod:QuickBite","floor":19},{"not_picked":["sneckomod:UnknownWeak","sneckomod:UnknownStrike"],"picked":"sneckomod:UnknownBlock","floor":20},{"not_picked":["sneckomod:QuickBite","sneckomod:UnknownEthereal"],"picked":"sneckomod:ImprovisedAttack","floor":23},{"not_picked":["sneckomod:UnknownClassCONSTRUCTMOD","sneckomod:SoulDraw"],"picked":"sneckomod:IronFang+1","floor":24},{"not_picked":["sneckomod:DiceCrush+1","sneckomod:UnknownBlock"],"picked":"sneckomod:MorePower","floor":27},{"not_picked":["sneckomod:UnknownClassRED+1","sneckomod:UnknownStrike+1"],"picked":"sneckomod:UnknownRareAttack+1","floor":28},{"not_picked":["sneckomod:SoulDraw","sneckomod:UnknownClassCONSTRUCTMOD"],"picked":"sneckomod:DiceBoulder+1","floor":28}],"player_experience":27114,"relics_obtained":[{"floor":7.0,"key":"infinitespire:WardingShard"},{"floor":8.0,"key":"Strawberry"},{"floor":18,"key":"Boot"},{"floor":26,"key":"aspiration:FrozenJewel"},{"floor":30,"key":"downfall:GremlinWheel"}],"event_choices":[{"damage_healed":0.0,"max_hp_gain":0.0,"max_hp_loss":0.0,"gold_gain":0.0,"event_name":"conspire:LoneGhost","player_choice":"Argue","floor":6.0,"gold_loss":0.0,"damage_taken":0.0}],"is_beta":false,"boss_relics":[{"not_picked":["aspiration:PoetsPen_weak","conspire:RoyalGoblet"],"picked":"Replay:Grab Bag"},{"not_picked":["conspire:SlowCooker","Sozu"],"picked":"hubris:RunicObelisk"},{"not_picked":["ReplayTheSpireMod:DimensionalGlitch","ChewingGum"],"picked":"conspire:SeveredTorchhead"},{"not_picked":["sneckomod:SuperSneckoSoul","Replay:Drink Me"],"picked":"hubris:Backtick"}],"items_purged_floors":[],"is_endless":false,"potions_floor_spawned":[11,14,15,20,28],"killed_by":"Gremlin Leader","ascension_level":0}}