{"host":"dpbezu80jg8zk7un","time":1609734499,"event":{"mods":["BaseMod","Colored Map","Colored Powertips","Custom Start","DeckTracker","Minty Spire (QoL Compilation)","Quick Restart","StSLib","SuperFastMode"],"gold_per_floor":[110,128,128,146,71,71,71,99,99,99,133,149,181,191,191,267,267,285,285,185,204,214,239,114,129,203,233,248,268,283,303,303,377,377,390,404,404,254,272,300,300,330,354,354,367,367,367,381,381,381,381,381,381,34,68,68],"floor_reached":57,"playtime":3526,"items_purged":["Strike_P","Decay","Defend_P","Strike_P","Strike_P"],"score":3077,"play_id":"41b927ae-956a-4e1c-97c7-bd449a464843","local_time":"20210104132819","is_ascension_mode":true,"campfire_choices":[{"data":"Eruption","floor":6.0,"key":"SMITH"},{"data":"Ragnarok","floor":10.0,"key":"SMITH"},{"data":"Tantrum","floor":15.0,"key":"SMITH"},{"data":"Scrawl","floor":32.0,"key":"SMITH"},{"data":"Adaptation","floor":41.0,"key":"SMITH"},{"data":"Adaptation","floor":44.0,"key":"SMITH"},{"floor":46.0,"key":"RECALL"},{"data":"Master of Strategy","floor":49.0,"key":"SMITH"},{"data":"Vigilance","floor":53.0,"key":"SMITH"}],"circlet_count":0,"master_deck":["AscendersBane","Defend_P","Defend_P","Eruption+1","Vigilance+1","Tantrum+1","Ragnarok+1","FlurryOfBlows","FearNoEvil","TalkToTheHand+1","Scrawl+1","CrushJoints+1","Adaptation+1","Adaptation+1","Master of Strategy+1","Scrawl+1"],"relics":["PureWater","Thread and Needle","Meat on the Bone","Molten Egg 2","PreservedInsect","Black Star","Ancient Tea Set","Bronze Scales","TeardropLocket","White Beast Statue","Centennial Puzzle","VioletLotus","CloakClasp","Juzu Bracelet","Letter Opener","StoneCalendar","DollysMirror","Bag of Marbles","Bag of Preparation"],"acts_visited":["Exordium","TheCity","TheBeyond","TheEnding"],"potions_floor_usage":[56],"damage_taken":[{"damage":0.0,"enemies":"Small Slimes","floor":1.0,"turns":2.0},{"damage":7.0,"enemies":"Jaw Worm","floor":2.0,"turns":3.0},{"damage":0.0,"enemies":"Cultist","floor":4.0,"turns":3.0},{"damage":0.0,"enemies":"Lagavulin","floor":8.0,"turns":4.0},{"damage":0.0,"enemies":"Gremlin Nob","floor":11.0,"turns":2.0},{"damage":0.0,"enemies":"Exordium Wildlife","floor":12.0,"turns":4.0},{"damage":0.0,"enemies":"Lagavulin","floor":13.0,"turns":5.0},{"damage":2.0,"enemies":"Red Slaver","floor":14.0,"turns":2.0},{"damage":23.0,"enemies":"Slime Boss","floor":16.0,"turns":9.0},{"damage":0.0,"enemies":"Chosen","floor":18.0,"turns":2.0},{"damage":17.0,"enemies":"Shell Parasite","floor":21.0,"turns":2.0},{"damage":0.0,"enemies":"Snecko","floor":22.0,"turns":2.0},{"damage":0.0,"enemies":"Gremlin Leader","floor":23.0,"turns":4.0},{"damage":2.0,"enemies":"Snake Plant","floor":25.0,"turns":3.0},{"damage":24.0,"enemies":"Slavers","floor":27.0,"turns":3.0},{"damage":0.0,"enemies":"Shelled Parasite and Fungi","floor":28.0,"turns":1.0},{"damage":0.0,"enemies":"Sentry and Sphere","floor":29.0,"turns":2.0},{"damage":0.0,"enemies":"Centurion and Healer","floor":30.0,"turns":2.0},{"damage":7.0,"enemies":"Snake Plant","floor":31.0,"turns":3.0},{"damage":8.0,"enemies":"Champ","floor":33.0,"turns":7.0},{"damage":0.0,"enemies":"3 Darklings","floor":35.0,"turns":2.0},{"damage":15.0,"enemies":"3 Shapes","floor":36.0,"turns":4.0},{"damage":3.0,"enemies":"Writhing Mass","floor":39.0,"turns":3.0},{"damage":0.0,"enemies":"Reptomancer","floor":40.0,"turns":2.0},{"damage":0.0,"enemies":"Giant Head","floor":42.0,"turns":1.0},{"damage":5.0,"enemies":"3 Darklings","floor":45.0,"turns":3.0},{"damage":0.0,"enemies":"4 Shapes","floor":48.0,"turns":1.0},{"damage":29.0,"enemies":"Donu and Deca","floor":50.0,"turns":4.0},{"damage":6.0,"enemies":"Awakened One","floor":51.0,"turns":3.0},{"damage":0.0,"enemies":"Shield and Spear","floor":55.0,"turns":1.0},{"damage":69,"enemies":"The Heart","floor":56,"turns":7}],"seed_played":"8030638762969893592","potions_obtained":[{"floor":2.0,"key":"GamblersBrew"},{"floor":11.0,"key":"Dexterity Potion"},{"floor":13.0,"key":"Energy Potion"},{"floor":14.0,"key":"StancePotion"},{"floor":19.0,"key":"FairyPotion"},{"floor":21.0,"key":"Swift Potion"},{"floor":25.0,"key":"Dexterity Potion"},{"floor":27.0,"key":"PowerPotion"},{"floor":33.0,"key":"BlessingOfTheForge"},{"floor":35.0,"key":"Ambrosia"},{"floor":36.0,"key":"LiquidBronze"},{"floor":39.0,"key":"StancePotion"},{"floor":55.0,"key":"AttackPotion"}],"is_trial":false,"path_per_floor":["M","M","?","M","$","R","?","E","T","R","E","M","E","M","R","B",null,"M","?","$","M","M","E","$","M","T","E","M","M","M","M","R","B",null,"M","M","?","$","M","E","R","E","T","R","M","R","?","M","R","B","B",null,"R","$","E","B",null],"character_chosen":"WATCHER","items_purchased":["DollysMirror"],"campfire_rested":0,"item_purchase_floors":[54],"current_hp_per_floor":[43,36,36,36,36,36,36,36,36,36,36,36,36,46,46,35,60,60,60,60,43,43,43,43,41,41,29,41,41,41,46,46,38,61,61,46,46,46,43,43,43,43,43,43,38,38,28,40,40,23,29,58,58,58,58,24],"gold":68,"neow_bonus":"TRANSFORM_TWO_CARDS","is_daily":false,"chose_seed":false,"campfire_upgraded":8,"win_rate":0.0,"timestamp":1609734499,"path_taken":["M","M","?","M","$","R","?","E","T","R","E","?","E","M","R","BOSS","M","?","$","M","M","E","$","M","T","E","M","M","?","M","R","BOSS","M","M","?","?","M","E","R","E","T","R","M","R","?","M","R","BOSS","BOSS","R","$","E","BOSS"],"items_purchased_type":["Relic"],"build_version":"2020-12-22","purchased_purges":5,"victory":true,"max_hp_per_floor":[68,68,68,68,68,68,68,68,68,68,68,68,68,68,68,68,68,68,68,68,68,68,68,68,68,68,68,68,68,68,68,68,68,68,68,68,68,68,68,68,68,68,68,68,68,68,68,68,68,68,68,68,68,68,68,68],"card_choices":[{"not_picked":["PathToVictory","Consecrate","Study"],"picked":"SKIP","floor":1.0},{"not_picked":["WaveOfTheHand","Study"],"picked":"FlurryOfBlows","floor":2.0},{"not_picked":["Consecrate","Crescendo","Sanctity"],"picked":"SKIP","floor":4.0},{"not_picked":["Indignation","Prostrate"],"picked":"FearNoEvil","floor":8.0},{"not_picked":["BowlingBash+1","Halt","PathToVictory"],"picked":"SKIP","floor":11.0},{"not_picked":["Crescendo","Wish"],"picked":"TalkToTheHand+1","floor":12.0},{"not_picked":["FlyingSleeves+1","TalkToTheHand+1","Crescendo"],"picked":"SKIP","floor":13.0},{"not_picked":["EmptyBody","FlyingSleeves+1","Protect"],"picked":"SKIP","floor":14.0},{"not_picked":["ThirdEye","WaveOfTheHand","EmptyBody+1"],"picked":"SKIP","floor":18.0},{"not_picked":["ClearTheMind+1","Prostrate","FearNoEvil+1"],"picked":"SKIP","floor":21.0},{"not_picked":["WaveOfTheHand","Conclude+1","Tantrum+1"],"picked":"SKIP","floor":22.0},{"not_picked":["Indignation","Evaluate"],"picked":"Scrawl","floor":23.0},{"not_picked":["ClearTheMind","Wireheading","ThirdEye"],"picked":"SKIP","floor":25.0},{"not_picked":["FlyingSleeves+1","Brilliance+1","ClearTheMind"],"picked":"SKIP","floor":27.0},{"not_picked":["Indignation","ThirdEye"],"picked":"CrushJoints+1","floor":28.0},{"not_picked":["Indignation","ClearTheMind"],"picked":"Adaptation","floor":29.0},{"not_picked":["PathToVictory","Wireheading","FlurryOfBlows+1"],"picked":"SKIP","floor":30.0},{"not_picked":["CutThroughFate+1","Consecrate+1"],"picked":"Adaptation","floor":31.0},{"not_picked":["Vengeance+1","Crescendo+1","Consecrate+1"],"picked":"SKIP","floor":35.0},{"not_picked":["ThirdEye+1","Evaluate","ClearTheMind"],"picked":"SKIP","floor":36.0},{"not_picked":["EmptyMind","WreathOfFlame","WheelKick+1"],"picked":"SKIP","floor":39.0},{"not_picked":["ThirdEye","Omniscience","Halt+1"],"picked":"SKIP","floor":40.0},{"not_picked":["Evaluate","BowlingBash+1","Protect"],"picked":"SKIP","floor":42.0},{"not_picked":["FlurryOfBlows+1","Crescendo","Worship"],"picked":"SKIP","floor":45.0},{"not_picked":["Apotheosis","HandOfGreed+1"],"picked":"Master of Strategy","floor":47.0},{"not_picked":["Conclude+1","Evaluate","InnerPeace"],"picked":"SKIP","floor":48.0},{"not_picked":["CrushJoints+1","PathToVictory","Prostrate"],"picked":"SKIP","floor":55.0}],"player_experience":2825719,"relics_obtained":[{"floor":8.0,"key":"Thread and Needle"},{"floor":9.0,"key":"Meat on the Bone"},{"floor":11.0,"key":"Molten Egg 2"},{"floor":13.0,"key":"PreservedInsect"},{"floor":23.0,"key":"Ancient Tea Set"},{"floor":23.0,"key":"Bronze Scales"},{"floor":26.0,"key":"TeardropLocket"},{"floor":27.0,"key":"White Beast Statue"},{"floor":27.0,"key":"Centennial Puzzle"},{"floor":40.0,"key":"CloakClasp"},{"floor":40.0,"key":"Juzu Bracelet"},{"floor":42.0,"key":"Letter Opener"},{"floor":42.0,"key":"StoneCalendar"},{"floor":55.0,"key":"Bag of Marbles"},{"floor":55.0,"key":"Bag of Preparation"}],"event_choices":[{"damage_healed":0.0,"max_hp_gain":0.0,"max_hp_loss":0.0,"gold_gain":0.0,"event_name":"Shining Light","player_choice":"Ignored","floor":3.0,"gold_loss":0.0,"damage_taken":0.0},{"damage_healed":0.0,"max_hp_gain":0.0,"max_hp_loss":0.0,"gold_gain":0.0,"event_name":"Wheel of Change","player_choice":"Cursed","floor":7.0,"gold_loss":0.0,"damage_taken":0.0,"cards_obtained":["Decay"]},{"damage_healed":0.0,"max_hp_gain":0.0,"max_hp_loss":0.0,"gold_gain":0.0,"event_name":"Lab","player_choice":"Got Potions","floor":19.0,"gold_loss":0.0,"damage_taken":0.0},{"damage_healed":0.0,"max_hp_gain":0.0,"max_hp_loss":0.0,"gold_gain":0.0,"event_name":"Tomb of Lord Red Mask","player_choice":"Ignored","floor":37.0,"gold_loss":0.0,"damage_taken":0.0},{"damage_healed":0.0,"max_hp_gain":0.0,"max_hp_loss":0.0,"gold_gain":0.0,"event_name":"SensoryStone","player_choice":"Memory 3","floor":47.0,"gold_loss":0.0,"damage_taken":10.0}],"is_beta":false,"boss_relics":[{"not_picked":["Tiny House","Ectoplasm"],"picked":"Black Star"},{"not_picked":["Astrolabe","Sozu"],"picked":"VioletLotus"}],"items_purged_floors":[5,20,24,38,54],"is_endless":false,"potions_floor_spawned":[2,11,13,14,21,25,27,28,29,30,31,33,35,36,39,40,45,48,55],"ascension_level":20}}