{"host":"mcdusr64esz012l0","time":1609723125,"event":{"mods":["BaseMod","Minty Spire (QoL Compilation)","Relic Stats"],"gold_per_floor":[113,113,34,34,49,49,82,101,101,140,163,178,193,193,193],"floor_reached":14,"playtime":577,"items_purged":[],"score":204,"play_id":"8adae96f-02f7-4f8e-8503-548b0a55210d","local_time":"20210103201845","is_ascension_mode":true,"campfire_choices":[{"data":"WheelKick","floor":6,"key":"SMITH"}],"circlet_count":0,"master_deck":["AscendersBane","Eruption","Vigilance","PathToVictory","ConjureBlade","CutThroughFate","DeceiveReality","PathToVictory","Pray","Judgement","ConjureBlade","WheelKick+1","Wallop","Evaluate","SpiritShield","ThirdEye","Protect","TalkToTheHand","Vault"],"relics":["Pandora\u0027s Box","Golden Idol","Singing Bowl","StoneCalendar"],"acts_visited":["Exordium"],"potions_floor_usage":[7,14],"damage_taken":[{"damage":0,"enemies":"Cultist","floor":1,"turns":3},{"damage":0,"enemies":"Jaw Worm","floor":5,"turns":1},{"damage":6,"enemies":"Lagavulin","floor":7,"turns":5},{"damage":0,"enemies":"Small Slimes","floor":8,"turns":3},{"damage":22,"enemies":"Gremlin Nob","floor":10,"turns":3},{"damage":0,"enemies":"Looter","floor":11,"turns":4},{"damage":7,"enemies":"Red Slaver","floor":12,"turns":4},{"damage":0,"enemies":"3 Louse","floor":13,"turns":3},{"damage":20,"enemies":"Lagavulin","floor":14,"turns":6}],"seed_played":"4982611946837884547","potions_obtained":[{"floor":5,"key":"SkillPotion"},{"floor":10,"key":"Dexterity Potion"},{"floor":12,"key":"SmokeBomb"}],"is_trial":false,"path_per_floor":["M","?","$","?","M","R","E","M","T","E","M","M","M","E"],"character_chosen":"WATCHER","items_purchased":["Wallop"],"campfire_rested":0,"item_purchase_floors":[3],"current_hp_per_floor":[61,61,61,52,52,52,46,46,46,24,24,19,19,0,0],"gold":193,"neow_bonus":"BOSS_RELIC","is_daily":false,"chose_seed":false,"campfire_upgraded":1,"win_rate":0.0,"timestamp":1609723125,"path_taken":["M","?","$","?","M","R","E","M","T","E","?","M","?","E"],"items_purchased_type":["Card"],"build_version":"2020-12-22","purchased_purges":0,"victory":false,"max_hp_per_floor":[68,62,62,62,62,62,62,62,62,62,62,64,64,64,64],"relic_stats":{"Singing Bowl":2,"counters":[9,32],"Golden Idol":33,"Pandora\u0027s Box":["PathToVictory","ConjureBlade","CutThroughFate","DeceiveReality","PathToVictory","Pray","Judgement","ConjureBlade"],"StoneCalendar":[0],"obtain_stats":[{"Singing Bowl":7,"Golden Idol":2,"Pandora\u0027s Box":0,"StoneCalendar":10,"PureWater":0},{"Singing Bowl":3,"Golden Idol":1,"Pandora\u0027s Box":0,"StoneCalendar":5,"PureWater":0},{"Singing Bowl":9,"Golden Idol":3,"Pandora\u0027s Box":0,"StoneCalendar":15,"PureWater":0}]},"card_choices":[{"not_picked":["Consecrate","Swivel"],"picked":"WheelKick","floor":1},{"not_picked":["FollowUp","SashWhip"],"picked":"Evaluate","floor":5},{"not_picked":["JustLucky","FlyingSleeves"],"picked":"SpiritShield","floor":7},{"not_picked":["FollowUp","FlyingSleeves"],"picked":"ThirdEye","floor":8},{"not_picked":["Consecrate","EmptyBody"],"picked":"Protect","floor":10},{"not_picked":["EmptyBody","Weave"],"picked":"TalkToTheHand","floor":11},{"not_picked":["WaveOfTheHand","Prostrate","Vengeance"],"picked":"Singing Bowl","floor":12},{"not_picked":["SashWhip","CutThroughFate"],"picked":"Vault","floor":13}],"player_experience":1035818,"relics_obtained":[{"floor":7,"key":"Singing Bowl"},{"floor":10,"key":"StoneCalendar"}],"event_choices":[{"damage_healed":0,"gold_gain":0,"player_choice":"Lose Max HP","damage_taken":0,"relics_obtained":["Golden Idol"],"max_hp_gain":0,"max_hp_loss":6,"event_name":"Golden Idol","floor":2,"gold_loss":0},{"damage_healed":0,"gold_gain":0,"player_choice":"Damaged","damage_taken":9,"max_hp_gain":0,"max_hp_loss":0,"event_name":"Wheel of Change","floor":4,"gold_loss":0}],"is_beta":false,"boss_relics":[],"items_purged_floors":[],"is_endless":false,"potions_floor_spawned":[5,10,12],"killed_by":"Lagavulin","ascension_level":20}}