{"host":"uflv0e3ja7hvnij7","time":1609795790,"event":{"mods":["Aspiration","BaseMod","Better Altar","Better Match","Better Note","Better Sensory Stone","Better Skull","Better Third Choice","Hubris","Minty Spire (QoL Compilation)","Permanent Neow","Shop Mod","StSLib"],"gold_per_floor":[115,115,127,127,144,144,164,164,219,219,219],"floor_reached":10,"playtime":357,"items_purged":[],"score":73,"play_id":"f458cb4f-b0df-4d80-8329-71de432b5cbf","local_time":"20210104162950","is_ascension_mode":true,"campfire_choices":[],"circlet_count":0,"master_deck":["Strike_P","Strike_P","Strike_P","Strike_P","Defend_P","Defend_P","Defend_P","Defend_P","Eruption","Vigilance","ClearTheMind","Discovery","EmptyBody","Regret"],"relics":["Runic Dome","hubris:Icosahedron","Bronze Scales","Smiling Mask"],"acts_visited":["Exordium"],"potions_floor_usage":[10],"damage_taken":[{"damage":4,"enemies":"Jaw Worm","floor":1,"turns":3},{"damage":0,"enemies":"Small Slimes","floor":3,"turns":2},{"damage":0,"enemies":"Cultist","floor":5,"turns":2},{"damage":0,"enemies":"Blue Slaver","floor":7,"turns":4},{"damage":13,"enemies":"3 Sentries","floor":10,"turns":3}],"seed_played":"3276445664157454432","potions_obtained":[{"floor":3,"key":"BottledMiracle"},{"floor":5,"key":"DistilledChaos"}],"is_trial":false,"path_per_floor":["M","?","M","$","M","?","M","?","T","E"],"character_chosen":"WATCHER","items_purchased":[],"campfire_rested":0,"item_purchase_floors":[],"current_hp_per_floor":[68,68,68,68,68,68,68,68,68,55,55],"gold":219,"neow_bonus":"BOSS_RELIC","is_daily":false,"chose_seed":false,"campfire_upgraded":0,"win_rate":0.0,"timestamp":1609795790,"path_taken":["M","?","?","$","M","?","M","?","T","E"],"items_purchased_type":[],"build_version":"2020-12-22","purchased_purges":0,"victory":false,"max_hp_per_floor":[72,72,72,72,72,72,72,72,72,72,72],"card_choices":[{"not_picked":["FlurryOfBlows","Indignation"],"picked":"ClearTheMind","floor":1},{"not_picked":["Mayhem","Chrysalis"],"picked":"Discovery","floor":2},{"not_picked":["SignatureMove","Worship","FlyingSleeves"],"picked":"SKIP","floor":3},{"not_picked":["Protect","WaveOfTheHand"],"picked":"EmptyBody","floor":5},{"not_picked":["CrushJoints","FollowUp","ClearTheMind"],"picked":"SKIP","floor":7}],"player_experience":479715,"relics_obtained":[{"floor":9,"key":"Smiling Mask"}],"event_choices":[{"damage_healed":0,"gold_gain":1,"player_choice":"1","damage_taken":0,"max_hp_gain":0,"max_hp_loss":0,"event_name":"betterStone:BetterStone","floor":2,"gold_loss":0},{"damage_healed":0,"gold_gain":0,"player_choice":"Box","damage_taken":0,"relics_obtained":["Bronze Scales"],"max_hp_gain":0,"max_hp_loss":0,"event_name":"Big Fish","floor":8,"gold_loss":0,"cards_obtained":["Regret"]}],"is_beta":false,"boss_relics":[],"items_purged_floors":[],"is_endless":false,"potions_floor_spawned":[3,5],"killed_by":"3 Sentries","ascension_level":5}}