{"host":"ewfe3cr33ktd9xzj","time":1609741690,"event":{"mods":["AchievementEnabler","BaseMod","Colored Map","Custom Start","DeckTracker","Minty Spire (QoL Compilation)","Rare Cards Sparkle","StSLib","everything is the same but u backflip on backflip"],"gold_per_floor":[16,32,42,57,71,103,103,103,103,116,146,157,167,167,167,167,167],"floor_reached":16,"playtime":392,"items_purged":[],"score":232,"play_id":"9af0fe9b-6f30-4dcc-94bd-7da59ad6fb75","local_time":"20210104152810","is_ascension_mode":true,"campfire_choices":[{"data":"Setup","floor":7,"key":"SMITH"},{"floor":15,"key":"REST"}],"circlet_count":0,"master_deck":["AscendersBane","Strike_G","Strike_G","Strike_G","Strike_G","Defend_G","Defend_G","Defend_G","Defend_G","Defend_G","Survivor","Neutralize","Corpse Explosion","Masterful Stab","Dagger Spray","Dagger Throw","Backstab","Setup+1","Burst","Distraction","Calculated Gamble"],"relics":["Ring of the Snake","Bag of Marbles","The Specimen","Sundial"],"acts_visited":["Exordium"],"potions_floor_usage":[6,6,11,16],"damage_taken":[{"damage":1,"enemies":"Cultist","floor":1,"turns":4},{"damage":3,"enemies":"2 Louse","floor":2,"turns":2},{"damage":1,"enemies":"Small Slimes","floor":3,"turns":4},{"damage":5,"enemies":"3 Louse","floor":4,"turns":2},{"damage":0,"enemies":"2 Fungi Beasts","floor":5,"turns":3},{"damage":12,"enemies":"3 Sentries","floor":6,"turns":3},{"damage":0,"enemies":"Exordium Wildlife","floor":10,"turns":1},{"damage":26,"enemies":"Gremlin Nob","floor":11,"turns":4},{"damage":0,"enemies":"3 Louse","floor":12,"turns":1},{"damage":1,"enemies":"Blue Slaver","floor":13,"turns":2},{"damage":26,"enemies":"Hexaghost","floor":16,"turns":9}],"seed_played":"7225776269035193412","potions_obtained":[{"floor":3,"key":"EntropicBrew"},{"floor":5,"key":"Poison Potion"},{"floor":11,"key":"Dexterity Potion"},{"floor":13,"key":"LiquidMemories"}],"is_trial":false,"path_per_floor":["M","M","M","M","M","E","R","?","T","M","E","M","M","?","R","B"],"character_chosen":"THE_SILENT","items_purchased":[],"campfire_rested":1,"item_purchase_floors":[],"current_hp_per_floor":[58,55,54,49,49,37,37,37,37,37,11,11,10,10,29,3,3],"gold":167,"neow_bonus":"THREE_RARE_CARDS","is_daily":false,"chose_seed":false,"campfire_upgraded":1,"win_rate":0.0,"timestamp":1609741690,"path_taken":["M","M","?","M","?","E","R","?","T","?","E","M","M","?","R","BOSS"],"items_purchased_type":[],"build_version":"2020-12-22","purchased_purges":0,"victory":false,"max_hp_per_floor":[66,66,66,66,66,66,66,66,66,66,66,66,66,66,66,66,66],"card_choices":[{"not_picked":["Wraith Form v2","Die Die Die"],"picked":"Corpse Explosion","floor":0},{"not_picked":["Blade Dance","Acrobatics"],"picked":"Masterful Stab","floor":1},{"not_picked":["Dodge and Roll","All Out Attack"],"picked":"Dagger Spray","floor":2},{"not_picked":["Quick Slash","Acrobatics"],"picked":"Dagger Throw","floor":3},{"not_picked":["A Thousand Cuts","Dodge and Roll"],"picked":"Backstab","floor":4},{"not_picked":["Blade Dance","PiercingWail"],"picked":"Setup","floor":5},{"not_picked":["Slice","Blade Dance"],"picked":"Burst","floor":6},{"not_picked":["Underhanded Strike","Sucker Punch","Quick Slash"],"picked":"SKIP","floor":10},{"not_picked":["Prepared","Outmaneuver","Expertise"],"picked":"SKIP","floor":11},{"not_picked":["PiercingWail","Dagger Spray"],"picked":"Calculated Gamble","floor":12},{"not_picked":["Distraction","Eviscerate","Acrobatics"],"picked":"SKIP","floor":13}],"player_experience":2610,"relics_obtained":[{"floor":6,"key":"Bag of Marbles"},{"floor":9,"key":"The Specimen"},{"floor":11,"key":"Sundial"}],"event_choices":[{"damage_healed":0,"gold_gain":0,"cards_transformed":["Strike_G"],"player_choice":"Transformed","damage_taken":0,"max_hp_gain":0,"max_hp_loss":0,"event_name":"Transmorgrifier","floor":8,"gold_loss":0,"cards_obtained":["Distraction"]},{"damage_healed":0,"gold_gain":0,"player_choice":"Ignored","damage_taken":0,"max_hp_gain":0,"max_hp_loss":0,"event_name":"Shining Light","floor":14,"gold_loss":0}],"is_beta":false,"boss_relics":[],"items_purged_floors":[],"is_endless":false,"potions_floor_spawned":[3,5,10,11,13],"killed_by":"Hexaghost","ascension_level":20}}