{"host":"ixqzyafodex1tsi5","time":1609756420,"event":{"mods":["ATMod(°¢èªMod)","AchievementEnabler","Act Like it!","BaseMod","Gensokyo","GifTheSpireLib","Lobotomy","LobotomyExtend","Luminous","Minty Spire (QoL Compilation)","Relic Stats","Replay The Spire","RumiaBox-Â¶Ã×æ«µÄÉñÃØºÐ×Ó","Shop Mod","Spicy Shops","StSLib","The Cursed","[IsaacMod]ÒÔÈö¼âËþ","¡¾¹¦ÄÜMod¡¿»ìãçÖ®»·ÐÞ¸´²¹¶¡","¡¾ÒÅÎï¿¨ÅÆ¡¿REMEMod"],"gold_per_floor":[217,24,40,129,142,142,155,155,155,155,288,300,300,66,66,161,161,178,178,178,178,178,178,192,192,262,396,413,36,114,132,132,334,384,399,399,399,399,419,419,419,436,515,529,546,546,565,692,692,792,792],"floor_reached":52,"playtime":1230,"items_purged":["Defend_R","Decay","Defend_R"],"score":850,"play_id":"1f3bb84a-819f-4e03-a811-efd411c94ff3","local_time":"20210104183340","is_ascension_mode":false,"campfire_choices":[{"data":"AT_IchimonjiDouble","floor":6,"key":"SMITH"},{"data":"REME_Cut","floor":10,"key":"SMITH"},{"data":"Replay:Many Hands","floor":13,"key":"SMITH"},{"data":"Pommel Strike","floor":15,"key":"SMITH"},{"data":"Inflame","floor":23,"key":"SMITH"},{"data":"Hemokinesis","floor":25,"key":"SMITH"},{"data":"Bash","floor":32,"key":"SMITH"},{"data":"Blood for Blood","floor":40,"key":"SMITH"},{"floor":49,"key":"REST"}],"circlet_count":0,"master_deck":["Strike_R","Strike_R+1","Strike_R","Strike_R","Defend_R","Bash+1","AT_IchimonjiDouble+1","Replay:Many Hands+1","REME_Cut+1","Pommel Strike+1","Inflame+1","Defend_R+1","Double Tap","Hemokinesis+1","Writhe","Iron Wave+1","Immolate+1","Eclipse","REME_Cut","Blood for Blood+1","Voices","REME_Scribble+1","Anger","AT_DrawKnifeCut","AT_CaressingTears+1"],"relics":["Burning Blood","REME_ComplimentaryCards","HushsDoor","AT_ATBox","GuppysTail","LetterFromLob","Membership Card","Darkstone Periapt","AT_TheCollector","FossilizedHelix","SSSystem","DeadEye","ReplayTheSpireMod:DimensionalGlitch","REME_HandOfSuture","MutagenicStrength","Onion Ring","AT_SpeedBoots","GodSword1","Whetstone","Gremlin Horn","Paper Frog","Tiny House","Ring of Chaos","LastBattle","Red Skull"],"acts_visited":["Exordium","TheCity","TheBeyond"],"potions_floor_usage":[11,45,48,48,50],"damage_taken":[{"damage":13,"enemies":"Jaw Worm","floor":1,"turns":3},{"damage":11,"enemies":"2 Louse","floor":3,"turns":3},{"damage":3,"enemies":"Cultist","floor":5,"turns":3},{"damage":15,"enemies":"Large Slime","floor":7,"turns":4},{"damage":18,"enemies":"Lagavulin","floor":11,"turns":3},{"damage":0,"enemies":"Exordium Wildlife","floor":12,"turns":3},{"damage":7,"enemies":"Slime Boss","floor":16,"turns":6},{"damage":5,"enemies":"Chosen","floor":18,"turns":2},{"damage":3,"enemies":"Shell Parasite","floor":24,"turns":3},{"damage":26,"enemies":"Replay:Snechameleon","floor":27,"turns":3},{"damage":15,"enemies":"Centurion and Healer","floor":28,"turns":3},{"damage":0,"enemies":"Cultist and Chosen","floor":31,"turns":2},{"damage":31,"enemies":"Automaton","floor":33,"turns":6},{"damage":0,"enemies":"Orb Walker","floor":35,"turns":1},{"damage":26,"enemies":"3 Shapes","floor":39,"turns":2},{"damage":16,"enemies":"Spire Growth","floor":42,"turns":2},{"damage":5,"enemies":"Transient","floor":44,"turns":5},{"damage":0,"enemies":"3 Darklings","floor":45,"turns":2},{"damage":12,"enemies":"Writhing Mass","floor":47,"turns":3},{"damage":38,"enemies":"Nemesis","floor":48,"turns":3},{"damage":30,"enemies":"Time Eater","floor":50,"turns":4}],"seed_played":"6593354993814275950","potions_obtained":[{"floor":5,"key":"SteroidPotion"},{"floor":11,"key":"BloodPotion"},{"floor":16,"key":"Fire Potion"},{"floor":31,"key":"Block Potion"},{"floor":45,"key":"Strength Potion"},{"floor":47,"key":"Energy Potion"}],"is_trial":false,"path_per_floor":["M","$","M","?","M","R","M","?","T","R","E","M","R","$","R","B",null,"M","?","?","?","?","R","M","R","T","E","M","$","T","M","R","B",null,"M","?","?","?","M","R","T","M","T","M","M","?","M","E","R","B",null,null],"character_chosen":"IRONCLAD","items_purchased":["Membership Card","Darkstone Periapt","SSSystem","DeadEye","GodSword1","Whetstone","Gremlin Horn"],"campfire_rested":1,"item_purchase_floors":[2,2,14,14,29,29,29],"current_hp_per_floor":[73,79,74,53,56,56,47,47,47,47,35,41,41,41,41,40,86,84,90,90,90,90,90,90,90,90,67,55,55,55,58,58,30,97,97,97,103,103,80,80,80,69,69,69,96,104,97,64,99,72,72],"gold":792,"neow_bonus":"HUNDRED_GOLD","is_daily":false,"chose_seed":false,"campfire_upgraded":8,"win_rate":0.0,"timestamp":1609756420,"path_taken":["M","$","M","?","M","R","M","?","T","R","E","M","R","$","R","BOSS","M","?","?","?","?","R","M","R","T","E","?","$","?","?","R","BOSS","M","?","?","?","M","R","?","M","T","M","M","?","?","E","R","BOSS"],"items_purchased_type":["Relic","Relic","Relic","Relic","Relic","Relic","Relic"],"build_version":"2020-12-22","purchased_purges":3,"victory":true,"max_hp_per_floor":[80,86,86,86,86,86,86,86,86,86,86,86,86,86,86,86,86,86,92,92,92,92,92,92,92,92,92,92,92,92,92,92,92,97,97,97,103,103,103,103,103,106,106,109,112,112,115,118,118,118,118],"relic_stats":{"Darkstone Periapt":18,"Gremlin Horn":[6,6],"counters":[21,66],"Whetstone":["Immolate","Strike_R"],"obtain_stats":[{"Darkstone Periapt":2,"GuppysTail":0,"AT_ATBox":0,"Tiny House":34,"Gremlin Horn":29,"SSSystem":14,"DeadEye":14,"Whetstone":29,"Burning Blood":0,"Red Skull":48,"Paper Frog":30,"KeepersGift":0,"Ring of Chaos":37,"LastBattle":41,"AT_SpeedBoots":27,"AT_TheCollector":9,"MutagenicStrength":21,"Onion Ring":26,"REME_HandOfSuture":19,"LetterFromLob":1,"Membership Card":2,"HushsDoor":0,"ReplayTheSpireMod:DimensionalGlitch":17,"FossilizedHelix":11,"REME_ComplimentaryCards":0,"GodSword1":29},{"Darkstone Periapt":1,"GuppysTail":0,"AT_ATBox":0,"Tiny House":13,"Gremlin Horn":11,"SSSystem":6,"DeadEye":6,"Whetstone":11,"Burning Blood":0,"Red Skull":20,"Paper Frog":11,"KeepersGift":0,"Ring of Chaos":14,"LastBattle":15,"AT_SpeedBoots":10,"AT_TheCollector":4,"MutagenicStrength":8,"Onion Ring":9,"REME_HandOfSuture":8,"LetterFromLob":1,"Membership Card":1,"HushsDoor":0,"ReplayTheSpireMod:DimensionalGlitch":7,"FossilizedHelix":5,"REME_ComplimentaryCards":0,"GodSword1":11},{"Darkstone Periapt":3,"GuppysTail":0,"AT_ATBox":0,"Tiny House":44,"Gremlin Horn":36,"SSSystem":19,"DeadEye":19,"Whetstone":36,"Burning Blood":0,"Red Skull":62,"Paper Frog":36,"KeepersGift":0,"Ring of Chaos":45,"LastBattle":47,"AT_SpeedBoots":33,"AT_TheCollector":13,"MutagenicStrength":27,"Onion Ring":30,"REME_HandOfSuture":27,"LetterFromLob":3,"Membership Card":3,"HushsDoor":0,"ReplayTheSpireMod:DimensionalGlitch":25,"FossilizedHelix":16,"REME_ComplimentaryCards":0,"GodSword1":36}],"Burning Blood":81},"card_choices":[{"not_picked":["Entrench","AT_BodySlamDance"],"picked":"AT_IchimonjiDouble","floor":1},{"not_picked":["AT_IchimonjiDouble","Carnage"],"picked":"Replay:Many Hands","floor":3},{"not_picked":["Bomb","Headbutt"],"picked":"REME_Cut","floor":4},{"not_picked":["ReplayTheSpireMod:Strike From Hell","Flex"],"picked":"Pommel Strike","floor":4},{"not_picked":["Havoc","Clothesline","Intimidate"],"picked":"SKIP","floor":5},{"not_picked":["Replay:Undeath\u0027s Touch","Wild Strike"],"picked":"Inflame","floor":7},{"not_picked":["ReplayTheSpireMod:Strike From Hell","AT_DiedThrough","Flame Barrier"],"picked":"SKIP","floor":11},{"not_picked":["Run Through","Heavy Blade","Dark Embrace"],"picked":"SKIP","floor":12},{"not_picked":["REME_Fury","Corruption"],"picked":"Double Tap","floor":16},{"not_picked":["Flex","Thunderclap"],"picked":"Hemokinesis","floor":18},{"not_picked":["AT_IchimonjiDouble","Flex"],"picked":"Iron Wave+1","floor":24},{"not_picked":["Berserk","Pommel Strike"],"picked":"Immolate","floor":27},{"not_picked":["Headbutt","True Grit+1","Wild Strike+1"],"picked":"SKIP","floor":28},{"not_picked":["Reckless Charge+1","ReplayReversal","AT_BodySlamDance"],"picked":"SKIP","floor":31},{"not_picked":["Juggernaut","Brutality"],"picked":"Eclipse","floor":33},{"not_picked":["Clothesline","Whirlwind"],"picked":"REME_Cut","floor":34},{"not_picked":["Replay:Undeath\u0027s Touch+1","Wild Strike+1","ReplayTheSpireMod:Strike From Hell+1"],"picked":"SKIP","floor":35},{"not_picked":["AT_IchimonjiDouble","Anger+1"],"picked":"REME_Scribble+1","floor":39},{"not_picked":["REME_FearOfPain","Havoc+1"],"picked":"Anger","floor":42},{"not_picked":["Body Slam","Fire Breathing","Flame Barrier+1"],"picked":"SKIP","floor":44},{"not_picked":["AT_IchimonjiDouble+1","Hemokinesis+1"],"picked":"AT_DrawKnifeCut","floor":45},{"not_picked":["Carnage+1","Flex+1","Dropkick"],"picked":"SKIP","floor":47},{"not_picked":["Wild Strike+1","Iron Wave+1"],"picked":"AT_CaressingTears+1","floor":48}],"player_experience":222713,"relics_obtained":[{"floor":1,"key":"LetterFromLob"},{"floor":9,"key":"AT_TheCollector"},{"floor":11,"key":"FossilizedHelix"},{"floor":26,"key":"Onion Ring"},{"floor":27,"key":"AT_SpeedBoots"},{"floor":30,"key":"Paper Frog"},{"floor":37,"key":"Ring of Chaos"},{"floor":41,"key":"LastBattle"},{"floor":48,"key":"Red Skull"}],"event_choices":[{"damage_healed":0,"gold_gain":0,"player_choice":"Opened","damage_taken":0,"relics_obtained":["REME_HandOfSuture"],"max_hp_gain":0,"max_hp_loss":0,"event_name":"The Mausoleum","floor":19,"gold_loss":0,"cards_obtained":["Writhe"]},{"damage_healed":0,"gold_gain":0,"player_choice":"Inject Mutagens","damage_taken":0,"relics_obtained":["MutagenicStrength"],"max_hp_gain":0,"max_hp_loss":0,"event_name":"Drug Dealer","floor":21,"gold_loss":0},{"damage_healed":0,"gold_gain":0,"cards_transformed":["Defend_R"],"player_choice":"Transformed","damage_taken":0,"max_hp_gain":0,"max_hp_loss":0,"event_name":"Transmorgrifier","floor":36,"gold_loss":0,"cards_obtained":["Blood for Blood"]},{"cards_removed":["Strike_R"],"damage_healed":0,"gold_gain":0,"player_choice":"Removed Attack","damage_taken":0,"max_hp_gain":0,"max_hp_loss":0,"event_name":"Falling","floor":38,"gold_loss":0}],"is_beta":false,"boss_relics":[{"not_picked":["Painkiller Herb","AddBug"],"picked":"ReplayTheSpireMod:DimensionalGlitch"},{"not_picked":[]},{"not_picked":["Calling Bell","Kintsugi"],"picked":"Tiny House"},{"not_picked":[]}],"items_purged_floors":[14,29,29],"is_endless":false,"potions_floor_spawned":[5,11,16,31,33,42,45,47],"ascension_level":0}}