{"host":"344lv32hnei0mdhu","time":1609724622,"event":{"mods":["Act Like it!","BaseMod","Better Match","Better Sensory Stone","Better Skull","Better Third Choice","Better Vampires","Colored Powertips","Highlight Path","Minty Spire (QoL Compilation)","Quick Restart","Random Character Button","Rare Cards Sparkle","StSLib"],"gold_per_floor":[110,41,141,151,165,165,185,198,198,226,242,242,294,306,318,428,440,466,478,504,516,545,557,569,569],"floor_reached":24,"playtime":1190,"items_purged":[],"score":290,"play_id":"8c01f4b2-df53-48d1-81b2-b11606c984f8","local_time":"20210103194342","is_ascension_mode":true,"campfire_choices":[{"data":"Searing Blow","floor":6.0,"key":"SMITH"},{"data":"Searing Blow+1","floor":12.0,"key":"SMITH"},{"data":"Searing Blow+2","floor":15.0,"key":"SMITH"},{"floor":23.0,"key":"REST"}],"circlet_count":0,"master_deck":["Strike_R","Strike_R","Strike_R","Strike_R","Strike_R","Defend_R","Defend_R","Defend_R","Defend_R","Bash","Twin Strike","Searing Blow+3","Disarm","Uppercut","Twin Strike","Shockwave","Shrug It Off","Disarm","Immolate","CurseOfTheBell","Body Slam+1","Clothesline+1","Heavy Blade","Shockwave"],"relics":["Burning Blood","NeowsBlessing","Blood Vial","Dream Catcher","MawBank","Calling Bell","Akabeko","Mummified Hand","Shovel","Gremlin Horn"],"acts_visited":["Exordium","TheCity"],"potions_floor_usage":[],"damage_taken":[{"damage":0.0,"enemies":"2 Louse","floor":1.0,"turns":1.0},{"damage":0.0,"enemies":"Cultist","floor":4.0,"turns":1.0},{"damage":0.0,"enemies":"Jaw Worm","floor":5.0,"turns":1.0},{"damage":9.0,"enemies":"3 Louse","floor":7.0,"turns":3.0},{"damage":0.0,"enemies":"Large Slime","floor":8.0,"turns":4.0},{"damage":43.0,"enemies":"3 Sentries","floor":10.0,"turns":9.0},{"damage":0.0,"enemies":"Red Slaver","floor":11.0,"turns":4.0},{"damage":0.0,"enemies":"Looter","floor":14.0,"turns":1.0},{"damage":46.0,"enemies":"Slime Boss","floor":16.0,"turns":9.0},{"damage":38.0,"enemies":"Spheric Guardian","floor":18.0,"turns":5.0},{"damage":18.0,"enemies":"2 Thieves","floor":20.0,"turns":3.0},{"damage":26.0,"enemies":"Snecko","floor":22.0,"turns":5.0},{"damage":45,"enemies":"Gremlin Leader","floor":24,"turns":10}],"seed_played":"1760544918782801929","potions_obtained":[{"floor":4.0,"key":"EssenceOfSteel"},{"floor":5.0,"key":"ColorlessPotion"},{"floor":7.0,"key":"BlessingOfTheForge"},{"floor":10.0,"key":"HeartOfIron"},{"floor":11.0,"key":"SmokeBomb"},{"floor":18.0,"key":"SpeedPotion"}],"is_trial":false,"path_per_floor":["M","$","?","M","M","R","M","M","T","E","M","R","T","M","R","B",null,"M","?","M","?","M","R","E"],"character_chosen":"IRONCLAD","items_purchased":["Searing Blow"],"campfire_rested":1,"item_purchase_floors":[2],"current_hp_per_floor":[78,78,78,80,80,80,77,80,80,43,51,51,51,59,59,21,65,35,35,25,25,7,31,0,0],"gold":569,"neow_bonus":"THREE_ENEMY_KILL","is_daily":false,"chose_seed":false,"campfire_upgraded":3,"win_rate":0.0,"timestamp":1609724622,"path_taken":["M","$","?","M","?","R","M","M","T","E","?","R","?","M","R","BOSS","M","?","M","?","M","R","E"],"items_purchased_type":["Card"],"build_version":"2020-12-22","purchased_purges":0,"victory":false,"max_hp_per_floor":[80,80,80,80,80,80,80,80,80,80,80,80,80,80,80,80,80,80,80,80,80,80,80,80,80],"card_choices":[{"not_picked":["Pommel Strike","Clothesline"],"picked":"Twin Strike","floor":1.0},{"not_picked":["Clothesline","Burning Pact"],"picked":"Disarm","floor":4.0},{"not_picked":["Flex","Power Through"],"picked":"Uppercut","floor":5.0},{"not_picked":["Cleave","Havoc"],"picked":"Twin Strike","floor":7.0},{"not_picked":["Disarm","Burning Pact"],"picked":"Shockwave","floor":8.0},{"not_picked":["Headbutt","Uppercut"],"picked":"Shrug It Off","floor":10.0},{"not_picked":["Rupture","Havoc"],"picked":"Disarm","floor":11.0},{"not_picked":["Double Tap","Bludgeon"],"picked":"Immolate","floor":16.0},{"not_picked":["Thunderclap","Clothesline"],"picked":"Body Slam+1","floor":18.0},{"not_picked":["Thunderclap","Reckless Charge+1"],"picked":"Clothesline+1","floor":20.0},{"not_picked":["Heavy Blade","Armaments","Dual Wield"],"picked":"SKIP","floor":22.0},{"not_picked":["Armaments","Dual Wield"],"picked":"Heavy Blade","floor":22.0},{"not_picked":["Sever Soul+1","Dark Embrace"],"picked":"Shockwave","floor":23.0}],"player_experience":307139,"relics_obtained":[{"floor":9.0,"key":"Blood Vial"},{"floor":10.0,"key":"Dream Catcher"},{"floor":13.0,"key":"MawBank"},{"floor":17.0,"key":"Akabeko"},{"floor":17.0,"key":"Mummified Hand"},{"floor":17.0,"key":"Shovel"}],"event_choices":[{"damage_healed":0.0,"max_hp_gain":0.0,"max_hp_loss":0.0,"gold_gain":100.0,"event_name":"Wheel of Change","player_choice":"Gold","floor":3.0,"gold_loss":0.0,"damage_taken":0.0},{"damage_healed":0.0,"max_hp_gain":0.0,"max_hp_loss":0.0,"gold_gain":0.0,"event_name":"The Mausoleum","player_choice":"Opened","floor":19.0,"gold_loss":0.0,"damage_taken":0.0,"relics_obtained":["Gremlin Horn"]},{"damage_healed":0.0,"max_hp_gain":0.0,"max_hp_loss":0.0,"gold_gain":0.0,"event_name":"Cursed Tome","player_choice":"Ignored","floor":21.0,"gold_loss":0.0,"damage_taken":0.0}],"is_beta":false,"boss_relics":[{"not_picked":["Cursed Key","Coffee Dripper"],"picked":"Calling Bell"}],"items_purged_floors":[],"is_endless":false,"potions_floor_spawned":[4,5,7,10,11,18],"killed_by":"Gremlin Leader","ascension_level":9}}