{"host":"vlqejv0notyktumz","time":1609723422,"event":{"mods":["AchievementEnabler","BaseMod","Googly Eyes","Minty Spire (QoL Compilation)"],"gold_per_floor":[218,235,13,13,31,31,60,60,87,100,100,110,29,57,57,152,152,168,183,183,143,163,163,178,178,178,178,29,29,44,44,44,44,44],"floor_reached":33,"playtime":668,"items_purged":["Strike_B"],"score":357,"play_id":"4f69f273-7c1b-4afe-9c6a-5cc7e45a1752","local_time":"20210103192342","is_ascension_mode":true,"campfire_choices":[{"data":"Zap","floor":6,"key":"SMITH"},{"data":"Lockon","floor":8,"key":"SMITH"},{"data":"Doom and Gloom","floor":11,"key":"SMITH"},{"data":"Lockon","floor":15,"key":"SMITH"},{"data":"Loop","floor":23,"key":"SMITH"},{"data":"Conserve Battery","floor":25,"key":"SMITH"},{"data":"Storm","floor":27,"key":"SMITH"},{"floor":32,"key":"REST"}],"circlet_count":0,"master_deck":["Defend_B","Defend_B","Defend_B","Defend_B","Zap+1","Dualcast","Conserve Battery+1","Lockon+1","Self Repair","Lockon+1","Doom and Gloom+1","Rip and Tear+1","Storm+1","Multi-Cast","Bite","Bite","Bite","Bite","Bite+1","Loop+1"],"relics":["Cracked Core","DataDisk","NlothsMask","MealTicket","Sozu","Bird Faced Urn","HandDrill"],"acts_visited":["Exordium","TheCity"],"potions_floor_usage":[14,14,16,24,24],"damage_taken":[{"damage":8,"enemies":"Small Slimes","floor":1,"turns":3},{"damage":0,"enemies":"Cultist","floor":2,"turns":3},{"damage":0,"enemies":"Jaw Worm","floor":5,"turns":3},{"damage":18,"enemies":"Lagavulin","floor":7,"turns":6},{"damage":0,"enemies":"2 Fungi Beasts","floor":10,"turns":3},{"damage":6,"enemies":"Exordium Wildlife","floor":12,"turns":2},{"damage":15,"enemies":"3 Sentries","floor":14,"turns":4},{"damage":30,"enemies":"Hexaghost","floor":16,"turns":6},{"damage":6,"enemies":"Spheric Guardian","floor":18,"turns":3},{"damage":11,"enemies":"Shell Parasite","floor":19,"turns":4},{"damage":33,"enemies":"Sentry and Sphere","floor":22,"turns":4},{"damage":40,"enemies":"Shelled Parasite and Fungi","floor":24,"turns":5},{"damage":35,"enemies":"Snake Plant","floor":30,"turns":4},{"damage":94,"enemies":"Automaton","floor":33,"turns":6}],"seed_played":"6804892189229627936","potions_obtained":[{"floor":1,"key":"Strength Potion"},{"floor":12,"key":"EntropicBrew"},{"floor":16,"key":"ColorlessPotion"}],"is_trial":false,"path_per_floor":["M","M","$","?","M","R","E","R","T","M","R","M","$","E","R","B",null,"M","M","?","?","M","R","M","R","T","R","$","?","M","$","R","B"],"character_chosen":"DEFECT","items_purchased":["DataDisk","Rip and Tear","HandDrill"],"campfire_rested":1,"item_purchase_floors":[3,13,28],"current_hp_per_floor":[60,60,60,60,60,60,49,49,49,58,58,54,54,48,48,27,63,59,57,57,57,42,42,20,20,20,20,35,35,24,39,61,0,0],"gold":44,"neow_bonus":"HUNDRED_GOLD","is_daily":false,"chose_seed":false,"campfire_upgraded":7,"win_rate":0.0,"timestamp":1609723422,"path_taken":["M","M","$","?","M","R","E","R","T","?","R","M","$","E","R","BOSS","M","M","?","?","M","R","?","R","T","R","$","?","M","$","R","BOSS"],"items_purchased_type":["Relic","Card","Relic"],"build_version":"2020-12-22","purchased_purges":1,"victory":false,"max_hp_per_floor":[75,75,75,75,75,75,75,75,75,75,75,75,75,75,75,75,75,75,75,75,75,75,75,75,75,75,75,75,75,75,75,75,75,75],"card_choices":[{"not_picked":["Cold Snap","Go for the Eyes"],"picked":"Conserve Battery","floor":1},{"not_picked":["Turbo","Beam Cell"],"picked":"Lockon","floor":2},{"not_picked":["Stack","Steam"],"picked":"Self Repair","floor":5},{"not_picked":["Go for the Eyes","Coolheaded"],"picked":"Lockon","floor":7},{"not_picked":["Recycle","Go for the Eyes"],"picked":"Doom and Gloom","floor":10},{"not_picked":["Go for the Eyes","Capacitor","Barrage"],"picked":"SKIP","floor":12},{"not_picked":["Gash","Fission"],"picked":"Storm","floor":14},{"not_picked":["Amplify","Buffer"],"picked":"Multi-Cast","floor":16},{"not_picked":["Streamline","Hello World+1","Conserve Battery"],"picked":"SKIP","floor":18},{"not_picked":["Undo","Self Repair","Static Discharge+1"],"picked":"SKIP","floor":19},{"not_picked":["Double Energy","Streamline"],"picked":"Loop","floor":22},{"not_picked":["FTL","Lockon+1","Rebound+1"],"picked":"SKIP","floor":24},{"not_picked":["Streamline","Cold Snap","Beam Cell"],"picked":"SKIP","floor":30}],"player_experience":285681,"relics_obtained":[{"floor":7,"key":"Blood Vial"},{"floor":14,"key":"MealTicket"},{"floor":26,"key":"Bird Faced Urn"}],"event_choices":[{"damage_healed":0,"gold_gain":0,"player_choice":"Trade","damage_taken":0,"relics_obtained":["NlothsMask"],"max_hp_gain":0,"max_hp_loss":0,"event_name":"FaceTrader","floor":4,"gold_loss":0},{"damage_healed":0,"gold_gain":0,"player_choice":"Became a vampire (Vial)","damage_taken":0,"max_hp_gain":0,"max_hp_loss":0,"event_name":"Vampires","floor":20,"relics_lost":["Blood Vial"],"gold_loss":0,"cards_obtained":["Bite","Bite","Bite","Bite","Bite"]},{"damage_healed":0,"gold_gain":0,"player_choice":"Upgraded Two","damage_taken":0,"max_hp_gain":0,"max_hp_loss":0,"event_name":"Designer","floor":21,"gold_loss":40,"cards_upgraded":["Rip and Tear","Bite"]},{"damage_healed":0,"gold_gain":0,"player_choice":"Ignored","damage_taken":0,"max_hp_gain":0,"max_hp_loss":0,"event_name":"Cursed Tome","floor":29,"gold_loss":0}],"is_beta":false,"boss_relics":[{"not_picked":["Inserter","Cursed Key"],"picked":"Sozu"}],"items_purged_floors":[3],"is_endless":false,"potions_floor_spawned":[1,12,14,16,22,24],"killed_by":"Automaton","ascension_level":6}}