{"host":"5fasz840ryq7obdf","time":1609751328,"event":{"mods":["2.2 Compatiblity","AchievementEnabler","BaseMod","Bestiary","Better Altar","Better Skull","Better Third Choice","BetterRewards","Block Reminder","Colored Powertips","Curses Come First","Downfall","Minty Spire (QoL Compilation)","Quick Restart","Relic Sorter","Relic Stats","Shop Mod","Spicy Shops","StSLib","SuperFastMode","ojb\u0027s Better Paths Mod","ojb\u0027s Info Mod"],"gold_per_floor":[99,99,119,139,139,167,167,197,5,34,34,51,51,64,83,83,83,83],"floor_reached":16,"playtime":1166,"items_purged":["Pain"],"score":132,"play_id":"b51fae28-2e8c-495f-b9f6-3a86d21dce9b","local_time":"20210104090848","is_ascension_mode":true,"campfire_choices":[{"data":"champ:Taunt","floor":1.0,"key":"SMITH"},{"floor":11.0,"key":"REST"},{"data":"Decay","floor":13.0,"key":"PURGE"}],"circlet_count":0,"master_deck":["champ:Strike","champ:Strike","champ:Strike","champ:Strike","champ:Defend","champ:Defend","champ:Defend","champ:Defend","champ:Execute","champ:Taunt+1","Sadistic Nature","champ:GutPunch","champ:Lariat+1","champ:Circumvent","champ:DeathBlow","champ:Devastate","champ:Control","champ:RageSigil","champ:HeartStrike","champ:Backstep","champ:ShieldSlam"],"relics":["champ:ChampionCrown","WarpedTongs","Question Card","Peace Pipe","Pen Nib","Shuriken"],"acts_visited":["Exordium"],"potions_floor_usage":[16,16],"damage_taken":[{"damage":14.0,"enemies":"Small Slimes","floor":3.0,"turns":3.0},{"damage":16.0,"enemies":"Cultist","floor":4.0,"turns":4.0},{"damage":29.0,"enemies":"Gremlin Nob","floor":6.0,"turns":4.0},{"damage":47.0,"enemies":"3 Sentries","floor":8.0,"turns":10.0},{"damage":22.0,"enemies":"downfall:FleeingMerchant","floor":9.0,"turns":4.0},{"damage":24.0,"enemies":"Lagavulin","floor":10.0,"turns":6.0},{"damage":11.0,"enemies":"Jaw Worm","floor":12.0,"turns":3.0},{"damage":9.0,"enemies":"2 Fungi Beasts","floor":14.0,"turns":2.0},{"damage":0.0,"enemies":"Blue Slaver","floor":15.0,"turns":3.0},{"damage":34,"enemies":"downfall:Watcher","floor":16,"turns":5}],"seed_played":"-4741613359609830535","potions_obtained":[{"floor":3.0,"key":"Block Potion"},{"floor":10.0,"key":"SteroidPotion"},{"floor":12.0,"key":"champ:TechniquePotion"},{"floor":15.0,"key":"Dexterity Potion"}],"is_trial":false,"path_per_floor":["R","?","M","M","?","E","T","E","$","E","R","M","R","M","M","B"],"character_chosen":"THE_CHAMP","items_purchased":["champ:Control"],"campfire_rested":1,"item_purchase_floors":[9],"current_hp_per_floor":[90,90,81,75,75,51,51,29,25,15,42,36,36,32,32,0,0,0],"gold":83,"neow_bonus":"RANDOM_COLORLESS_2","is_daily":false,"chose_seed":false,"campfire_upgraded":1,"win_rate":0.0,"timestamp":1609751328,"path_taken":["R","?","?","M","?","E","T","E","$","E","R","M","R","M","M","BOSS"],"items_purchased_type":["Card"],"build_version":"2020-12-22","purchased_purges":1,"victory":false,"max_hp_per_floor":[90,90,90,90,90,90,90,90,90,90,90,90,90,90,90,90,90,90],"relic_stats":{"Peace Pipe":1,"counters":[10,44],"Shuriken":[0],"Pen Nib":[3],"Question Card":6,"obtain_stats":[{"Peace Pipe":7,"Shuriken":10,"champ:ChampionCrown":0,"Pen Nib":8,"Question Card":6,"WarpedTongs":2},{"Peace Pipe":3,"Shuriken":6,"champ:ChampionCrown":0,"Pen Nib":4,"Question Card":3,"WarpedTongs":0},{"Peace Pipe":11,"Shuriken":31,"champ:ChampionCrown":0,"Pen Nib":21,"Question Card":11,"WarpedTongs":0}],"WarpedTongs":[43]},"card_choices":[{"not_picked":["Transmutation","Secret Technique"],"picked":"Sadistic Nature","floor":0.0},{"not_picked":["champ:CrookedStrike","champ:Haymaker"],"picked":"champ:GutPunch","floor":3.0},{"not_picked":["champ:CrookedStrike","champ:PerfectedStrike"],"picked":"champ:Lariat","floor":4.0},{"not_picked":["champ:BringItOn","champ:GladiatorStyle"],"picked":"champ:Circumvent","floor":6.0},{"not_picked":["champ:FocusedBerserking","champ:Aggression","champ:FightOn"],"picked":"champ:DeathBlow","floor":8.0},{"not_picked":["champ:HeartStrike","champ:Circumvent","champ:Backstep"],"picked":"champ:Devastate","floor":9.0},{"not_picked":["champ:Balance","champ:ShieldSigil","champ:Haymaker"],"picked":"champ:RageSigil","floor":10.0},{"not_picked":["champ:RecklessLeap","champ:EndlessRage","champ:TornadoPunch"],"picked":"champ:HeartStrike","floor":12.0},{"not_picked":["champ:ViciousMockery","champ:SkillfulDodge","champ:CrookedStrike"],"picked":"champ:Backstep","floor":14.0},{"not_picked":["champ:PerfectedStrike","champ:DeathBlow","champ:FocusedBerserking"],"picked":"champ:ShieldSlam","floor":15.0}],"player_experience":1466199,"relics_obtained":[{"floor":6.0,"key":"Question Card"},{"floor":7.0,"key":"Peace Pipe"},{"floor":8.0,"key":"Pen Nib"},{"floor":10.0,"key":"Shuriken"}],"event_choices":[{"damage_healed":0.0,"max_hp_gain":0.0,"max_hp_loss":0.0,"gold_gain":0.0,"event_name":"Accursed Blacksmith","player_choice":"Rummage","floor":2.0,"gold_loss":0.0,"damage_taken":0.0,"relics_obtained":["WarpedTongs"],"cards_obtained":["Pain"]},{"damage_healed":0.0,"max_hp_gain":0.0,"max_hp_loss":0.0,"gold_gain":0.0,"event_name":"Upgrade Shrine","player_choice":"Upgraded","floor":5.0,"gold_loss":0.0,"damage_taken":0.0,"cards_upgraded":["champ:Lariat"]}],"is_beta":false,"boss_relics":[],"items_purged_floors":[9],"is_endless":false,"potions_floor_spawned":[3,10,12,15],"killed_by":"downfall:Watcher","ascension_level":2}}