{"host":"ty2cix8xj6r3ad26","time":1609773583,"event":{"mods":["AchievementEnabler","BaseMod","BetterRewards","Minty Spire (QoL Compilation)","Replay The Spire","StSLib","SuperFastMode"],"gold_per_floor":[118,132,207,157,507,519,138,138,192,225,100,132,160,178,214,309,309,326,251,251,262,12,42,42,42,87,105,18,18,18,18,18,121,121,139,187,12,61,61,61,61,61,61,78,78,128,163,39,39,39,39,39,4,38,38],"floor_reached":56,"playtime":8623,"items_purged":["Strike_G","Sickly","Shame","Strike_G","ReplayTheSpireMod:Splinters"],"score":1667,"play_id":"ab4c3ae9-b15b-4f9c-84f8-6c757a7c7fe5","local_time":"20210104171943","is_ascension_mode":true,"campfire_choices":[{"data":"Envenom","floor":6,"key":"SMITH"},{"data":"ReplayTheSpireMod:Faulty Equipment","floor":8,"key":"SMITH"},{"data":"Footwork","floor":25,"key":"SMITH"},{"data":"Infinite Blades","floor":29,"key":"SMITH"},{"floor":32,"key":"RECALL"},{"data":"Phantasmal Killer","floor":40,"key":"SMITH"},{"data":"Replay:Bag of Tricks","floor":42,"key":"SMITH"},{"data":"Prepared","floor":45,"key":"SMITH"},{"data":"Accuracy","floor":49,"key":"SMITH"},{"data":"Sickly","floor":52,"key":"PURGE"}],"circlet_count":0,"master_deck":["Strike_G","Strike_G+1","Defend_G","Defend_G","Defend_G+1","Defend_G","Survivor","Neutralize+1","Well Laid Plans","Sadistic Nature","Envenom+1","Prepared+1","Dagger Spray","Blade Dance","Injury","Backstab","ReplayTheSpireMod:Scrap Shanks","Replay:Bag of Tricks+1","Footwork+1","Backflip","Terror","Infinite Blades+1","Phantasmal Killer+1","Accuracy+1","Prepared+1","Dramatic Entrance","ReplayTheSpireMod:Faulty Equipment","Reflex+1","Slice+1","Footwork","Tools of the Trade"],"relics":["Ring of the Serpent","Meat on the Bone","Tough Bandages","ClockworkSouvenir","TwistedFunnel","Incense Burner","Ring of Greed","Old Coin","MawBank","Ring of Fury","Sling","War Paint","Whetstone","Toy Ornithopter","Garlic","Odd Mushroom","Juzu Bracelet","Replay:Grab Bag","Coffee Dripper","Philosopher\u0027s Stone","WristBlade","Bag of Marbles","BargainBundle","InkBottle","Turnip","Chameleon Ring","The Specimen","Shuriken","Replay:Multitool","Potion Belt","ReplayTheSpireMod:Shallot"],"acts_visited":["Exordium","TheCity","TheBeyond","TheEnding"],"potions_floor_usage":[16,16,23,33,38,38,50,50,50,55],"damage_taken":[{"damage":4,"enemies":"Jaw Worm","floor":1,"turns":3},{"damage":0,"enemies":"Small Slimes","floor":2,"turns":3},{"damage":0,"enemies":"Gremlin Nob","floor":10,"turns":2},{"damage":2,"enemies":"Lagavulin","floor":12,"turns":3},{"damage":16,"enemies":"The Mushroom Lair","floor":13,"turns":3},{"damage":0,"enemies":"2 Louse","floor":14,"turns":1},{"damage":7,"enemies":"Fading Forest","floor":16,"turns":11},{"damage":0,"enemies":"Shell Parasite","floor":18,"turns":2},{"damage":0,"enemies":"3 Byrds","floor":21,"turns":3},{"damage":0,"enemies":"Gremlin Leader","floor":23,"turns":2},{"damage":0,"enemies":"Snake Plant","floor":27,"turns":2},{"damage":14,"enemies":"Collector","floor":33,"turns":5},{"damage":5,"enemies":"Orb Walker","floor":35,"turns":2},{"damage":0,"enemies":"2 Orb Walkers","floor":38,"turns":2},{"damage":7,"enemies":"3 Darklings","floor":44,"turns":3},{"damage":4,"enemies":"Mind Bloom Boss Battle","floor":46,"turns":3},{"damage":4,"enemies":"Giant Head","floor":47,"turns":3},{"damage":0,"enemies":"Replay:Hell Engine","floor":50,"turns":4},{"damage":0,"enemies":"Shield and Spear","floor":54,"turns":2},{"damage":51,"enemies":"The Heart","floor":55,"turns":7}],"seed_played":"-2142079573210273022","potions_obtained":[{"floor":13,"key":"Regen Potion"},{"floor":15,"key":"Milkshake"},{"floor":16,"key":"Reflective Coating"},{"floor":35,"key":"Adrenaline Potion"},{"floor":47,"key":"Languid Potion"}],"is_trial":false,"path_per_floor":["M","M","?","?","?","R","$","R","T","E","$","E","?","M","R","B",null,"M","?","T","M","$","E","$","R","T","M","$","R","T","$","R","B",null,"M","?","$","?","?","R","?","R","T","M","R","?","E","$","R","B",null,"R","$","E","B",null],"character_chosen":"THE_SILENT","items_purchased":["Meat on the Bone","Well Laid Plans","ClockworkSouvenir","Sadistic Nature","Envenom","TwistedFunnel","Incense Burner","Prepared","Sling","War Paint","BargainBundle","Footwork","Backflip","BlessingOfTheForge","Poison Potion","Infinite Blades","Dexterity Potion","LifebloodPotion","Adrenaline Potion","Footwork"],"campfire_rested":0,"item_purchase_floors":[0,0,0,0,0,0,0,0,7,7,22,22,22,22,22,28,28,48,48,53],"current_hp_per_floor":[29,41,30,30,30,30,30,30,30,42,42,40,36,36,8,38,62,62,62,62,62,62,67,67,67,67,67,67,67,67,67,67,56,67,62,45,45,55,50,50,50,50,50,43,43,39,47,47,47,62,68,68,68,68,34],"gold":38,"neow_bonus":"","is_daily":false,"chose_seed":false,"campfire_upgraded":8,"win_rate":0.0,"timestamp":1609773583,"path_taken":["M","M","?","?","?","R","$","R","T","E","$","E","?","M","R","BOSS","M","?","?","M","$","E","?","R","T","M","?","R","?","$","R","BOSS","M","?","?","?","?","R","?","R","T","M","R","?","E","$","R","BOSS","R","$","E","BOSS"],"items_purchased_type":["Relic","Card","Relic","Card","Card","Relic","Relic","Card","Relic","Relic","Relic","Card","Card","Potion","Potion","Card","Potion","Potion","Potion","Card"],"build_version":"2020-12-22","purchased_purges":5,"victory":true,"max_hp_per_floor":[70,70,70,70,70,70,70,70,70,70,70,70,70,70,70,70,70,70,70,70,70,70,70,70,70,70,70,70,70,70,70,70,70,70,70,70,70,70,70,70,70,70,70,70,70,70,70,70,70,70,70,70,70,70,70],"card_choices":[{"not_picked":["Dagger Throw","Flying Knee"],"picked":"Dagger Spray","floor":1},{"not_picked":["Heel Hook","Backflip"],"picked":"Blade Dance","floor":2},{"not_picked":["Dagger Spray","ReplayTheSpireMod:The Works","Dagger Throw"],"picked":"SKIP","floor":10},{"not_picked":["Grand Finale","Skewer","Dagger Throw"],"picked":"SKIP","floor":12},{"not_picked":["Grand Finale","Skewer","Dagger Throw"],"picked":"SKIP","floor":12},{"not_picked":["Sucker Punch","ReplayTheSpireMod:Shiv Toss"],"picked":"Backstab","floor":13},{"not_picked":["Well Laid Plans","Dash","Bane"],"picked":"SKIP","floor":14},{"not_picked":["Outmaneuver","Underhanded Strike"],"picked":"ReplayTheSpireMod:Scrap Shanks","floor":15},{"not_picked":["Envenom","Corpse Explosion"],"picked":"Replay:Bag of Tricks","floor":16},{"not_picked":["Deflect","Toxin Wave","PiercingWail"],"picked":"SKIP","floor":18},{"not_picked":["Slice","Caltrops","ReplayTheSpireMod:Shiv Toss+1"],"picked":"SKIP","floor":21},{"not_picked":["Die Die Die","Poisoned Stab","ReplayTheSpireMod:Tripwire"],"picked":"SKIP","floor":23},{"not_picked":["Fluid Movement","Deflect"],"picked":"Terror","floor":27},{"not_picked":["Venomology","Doppelganger"],"picked":"Phantasmal Killer","floor":33},{"not_picked":["Crippling Poison","Slice+1","Draining Mist+1"],"picked":"SKIP","floor":35},{"not_picked":["Crippling Poison","Slice+1","Draining Mist+1"],"picked":"SKIP","floor":35},{"not_picked":["Cloak And Dagger","ReplayTheSpireMod:Tripwire"],"picked":"Accuracy","floor":36},{"not_picked":["Dodge and Roll","Well Laid Plans"],"picked":"Prepared+1","floor":38},{"not_picked":["ReplayTheSpireMod:Necrogeddon","Replay:Parry"],"picked":"Dramatic Entrance","floor":39},{"not_picked":["Dagger Spray+1","Skewer+1","Dagger Throw"],"picked":"SKIP","floor":44},{"not_picked":["Outmaneuver+1","Draining Mist+1"],"picked":"Reflex+1","floor":46},{"not_picked":["Caltrops","Backflip"],"picked":"Slice+1","floor":47},{"not_picked":["Finisher+1","Escape Plan+1"],"picked":"Tools of the Trade","floor":54}],"player_experience":415367,"relics_obtained":[{"floor":5,"key":"Ring of Greed"},{"floor":5,"key":"Old Coin"},{"floor":5,"key":"MawBank"},{"floor":5,"key":"Ring of Fury"},{"floor":9,"key":"Whetstone"},{"floor":10,"key":"Toy Ornithopter"},{"floor":12,"key":"Garlic"},{"floor":13,"key":"Odd Mushroom"},{"floor":15,"key":"Juzu Bracelet"},{"floor":20,"key":"Bag of Marbles"},{"floor":23,"key":"InkBottle"},{"floor":30,"key":"Turnip"},{"floor":36,"key":"Chameleon Ring"},{"floor":38,"key":"The Specimen"},{"floor":43,"key":"Shuriken"},{"floor":46,"key":"Replay:Multitool"},{"floor":47,"key":"Potion Belt"},{"floor":54,"key":"ReplayTheSpireMod:Shallot"}],"event_choices":[{"damage_healed":0,"gold_gain":75,"player_choice":"Gather Gold","damage_taken":11,"max_hp_gain":0,"max_hp_loss":0,"event_name":"World of Goop","floor":3,"gold_loss":0},{"cards_removed":["Strike_G"],"damage_healed":0,"gold_gain":0,"player_choice":"Card Removal","damage_taken":0,"max_hp_gain":0,"max_hp_loss":0,"event_name":"The Cleric","floor":4,"gold_loss":50},{"damage_healed":0,"gold_gain":0,"player_choice":"Fought Mushrooms","damage_taken":0,"max_hp_gain":0,"max_hp_loss":0,"event_name":"Mushrooms","floor":13,"gold_loss":0},{"cards_removed":["Overencumbered"],"damage_healed":0,"gold_gain":0,"player_choice":"Gave Gold","damage_taken":0,"max_hp_gain":0,"max_hp_loss":0,"event_name":"Beggar","floor":19,"gold_loss":75},{"damage_healed":0,"gold_gain":0,"player_choice":"Fight","damage_taken":0,"max_hp_gain":0,"max_hp_loss":0,"event_name":"Mysterious Sphere","floor":38,"gold_loss":0},{"damage_healed":0,"gold_gain":0,"player_choice":"Memory 2","damage_taken":5,"max_hp_gain":0,"max_hp_loss":0,"event_name":"SensoryStone","floor":39,"gold_loss":0},{"cards_removed":["Defend_G"],"damage_healed":0,"gold_gain":0,"player_choice":"Removed Skill","damage_taken":0,"max_hp_gain":0,"max_hp_loss":0,"event_name":"Falling","floor":41,"gold_loss":0},{"damage_healed":0,"gold_gain":0,"player_choice":"Fight","damage_taken":0,"max_hp_gain":0,"max_hp_loss":0,"event_name":"MindBloom","floor":46,"gold_loss":0}],"is_beta":false,"boss_relics":[{"not_picked":["Black Star","Replay:Ancient Bell"],"picked":"Replay:Grab Bag"},{"not_picked":["Fusion Hammer","Abe\u0027s Treasure"],"picked":"Coffee Dripper"},{"not_picked":["Sozu","ReplayTheSpireMod:Onyx Gauntlets"],"picked":"Philosopher\u0027s Stone"},{"not_picked":["Astrolabe","SlaversCollar"],"picked":"WristBlade"},{"not_picked":["Honey Jar","Tiny House"],"picked":"Ring of the Serpent"}],"items_purged_floors":[0,7,11,22,37],"is_endless":false,"potions_floor_spawned":[13,16,35,47],"ascension_level":8}}