{"host":"rmsq46plbpwfbxcc","time":1609750848,"event":{"mods":["AchievementEnabler","BaseMod","Colored Map","Colored Powertips","DeckTracker","KOR Keyword Fix","Minty Spire (QoL Compilation)","Permanent Neow","Quick Restart","SuperFastMode"],"gold_per_floor":[115,115,126,143,154,154,189,189,189,81,81,99,133,143,143,240,240,258,9,22,38,38,38,66,84,84,113,113,13,48,48,48,144,194,204,40,60,76,92,92,120,120,120,120,120,120,134,163,163,163,163,163,3,35,35,35],"floor_reached":55,"playtime":1747,"items_purged":["Defend_G","Strike_G","Strike_G"],"score":1148,"play_id":"45c78050-1db7-4544-bf8e-c801f7b0b699","local_time":"20210104180048","is_ascension_mode":true,"campfire_choices":[{"data":"Blade Dance","floor":6.0,"key":"SMITH"},{"data":"Neutralize","floor":8.0,"key":"SMITH"},{"data":"Choke","floor":11.0,"key":"SMITH"},{"data":"Accuracy","floor":15.0,"key":"SMITH"},{"data":"Footwork","floor":23.0,"key":"SMITH"},{"data":"Venomology","floor":28.0,"key":"SMITH"},{"data":"Envenom","floor":32.0,"key":"SMITH"},{"data":"A Thousand Cuts","floor":40.0,"key":"SMITH"},{"data":"Finisher","floor":42.0,"key":"SMITH"},{"floor":46.0,"key":"RECALL"},{"data":"Backflip","floor":49.0,"key":"SMITH"},{"data":"Escape Plan","floor":52.0,"key":"SMITH"}],"circlet_count":0,"master_deck":["Strike_G","Strike_G","Defend_G","Defend_G","Defend_G","Survivor","Neutralize+1","Backstab+1","Blade Dance+1","Choke+1","Accuracy+1","Escape Plan+1","Venomology+1","Footwork+1","Backflip+1","Envenom+1","Finisher+1","A Thousand Cuts+1","Sadistic Nature+1","Acrobatics+1","Parasite","Cloak And Dagger+1","Infinite Blades"],"relics":["Coffee Dripper","StrikeDummy","Ice Cream","WingedGreaves","WristBlade","Mummified Hand","Meat on the Bone","Letter Opener","Shuriken","Mercury Hourglass","Tiny House","The Specimen","Eternal Feather","Juzu Bracelet","Bag of Preparation"],"acts_visited":["Exordium","TheCity","TheBeyond","TheEnding"],"potions_floor_usage":[55,55,55,55],"damage_taken":[{"damage":0.0,"enemies":"Small Slimes","floor":1.0,"turns":4.0},{"damage":0.0,"enemies":"Cultist","floor":3.0,"turns":6.0},{"damage":0.0,"enemies":"2 Louse","floor":4.0,"turns":2.0},{"damage":0.0,"enemies":"Gremlin Gang","floor":5.0,"turns":6.0},{"damage":27.0,"enemies":"3 Sentries","floor":7.0,"turns":12.0},{"damage":1.0,"enemies":"Red Slaver","floor":12.0,"turns":2.0},{"damage":10.0,"enemies":"Lagavulin","floor":13.0,"turns":5.0},{"damage":4.0,"enemies":"Blue Slaver","floor":14.0,"turns":2.0},{"damage":0.0,"enemies":"Slime Boss","floor":16.0,"turns":2.0},{"damage":0.0,"enemies":"Chosen","floor":18.0,"turns":2.0},{"damage":23.0,"enemies":"2 Thieves","floor":20.0,"turns":3.0},{"damage":1.0,"enemies":"Snecko","floor":21.0,"turns":3.0},{"damage":12.0,"enemies":"Book of Stabbing","floor":24.0,"turns":3.0},{"damage":1.0,"enemies":"Centurion and Healer","floor":25.0,"turns":5.0},{"damage":0.0,"enemies":"Gremlin Leader","floor":27.0,"turns":3.0},{"damage":8.0,"enemies":"Slavers","floor":30.0,"turns":3.0},{"damage":15.0,"enemies":"Collector","floor":33.0,"turns":4.0},{"damage":0.0,"enemies":"3 Shapes","floor":35.0,"turns":4.0},{"damage":9.0,"enemies":"3 Darklings","floor":37.0,"turns":3.0},{"damage":12.0,"enemies":"Writhing Mass","floor":38.0,"turns":4.0},{"damage":3.0,"enemies":"Sphere and 2 Shapes","floor":39.0,"turns":4.0},{"damage":38.0,"enemies":"Nemesis","floor":41.0,"turns":4.0},{"damage":13.0,"enemies":"Maw","floor":47.0,"turns":4.0},{"damage":31.0,"enemies":"Reptomancer","floor":48.0,"turns":4.0},{"damage":29.0,"enemies":"Donu and Deca","floor":50.0,"turns":4.0},{"damage":26,"enemies":"Shield and Spear","floor":54,"turns":4},{"damage":63,"enemies":"The Heart","floor":55,"turns":3}],"seed_played":"3177567360901986391","potions_obtained":[{"floor":3.0,"key":"Poison Potion"},{"floor":7.0,"key":"Strength Potion"},{"floor":14.0,"key":"Explosive Potion"},{"floor":25.0,"key":"FearPotion"},{"floor":27.0,"key":"ColorlessPotion"},{"floor":34.0,"key":"GhostInAJar"},{"floor":41.0,"key":"Strength Potion"}],"is_trial":false,"path_per_floor":["M","?","M","M","M","R","E","R","T","$","R","M","E","M","R","B",null,"M","$","M","M","?","R","E","M","T","E","R","$","E","?","R","B",null,"M","$","M","M","M","R","E","R","T","T","?","R","M","E","R","B",null,"R","$","E","B"],"character_chosen":"THE_SILENT","items_purchased":["Accuracy","Mummified Hand","Sadistic Nature","Infinite Blades"],"campfire_rested":0,"item_purchase_floors":[10,19,36,53],"current_hp_per_floor":[63,63,63,63,63,63,36,36,36,36,36,35,25,21,21,21,58,58,58,35,34,34,34,22,33,33,45,45,45,37,37,37,34,66,66,66,66,54,51,51,25,25,25,25,25,37,36,17,29,34,65,75,75,49,0,0],"gold":35,"neow_bonus":"BOSS_RELIC","is_daily":false,"chose_seed":false,"campfire_upgraded":11,"win_rate":0.0,"timestamp":1609750848,"path_taken":["M","?","M","M","M","R","E","R","T","$","R","M","E","?","R","BOSS","M","$","M","M","?","R","E","M","T","E","R","$","E","?","R","BOSS","M","$","M","?","M","R","E","R","T","?","?","R","?","E","R","BOSS","R","$","E","BOSS"],"items_purchased_type":["Card","Relic","Card","Card"],"build_version":"2020-12-22","purchased_purges":3,"victory":false,"max_hp_per_floor":[70,70,70,70,70,70,70,70,70,70,70,70,70,70,70,70,70,70,70,70,70,70,70,70,70,70,70,70,70,70,70,70,70,75,75,75,75,75,75,75,75,75,75,75,75,75,75,75,75,75,75,75,75,75,75,75],"card_choices":[{"not_picked":["Deflect","Prepared"],"picked":"Backstab","floor":1.0},{"not_picked":["Underhanded Strike","Caltrops","Sucker Punch"],"picked":"SKIP","floor":3.0},{"not_picked":["Dagger Throw","Adrenaline"],"picked":"Blade Dance","floor":4.0},{"not_picked":["Dagger Spray","Flying Knee","Prepared"],"picked":"SKIP","floor":5.0},{"not_picked":["Dodge and Roll","Dagger Throw"],"picked":"Choke","floor":7.0},{"not_picked":["Deadly Poison","Slice","Sucker Punch"],"picked":"SKIP","floor":12.0},{"not_picked":["Poisoned Stab","Dagger Spray","Slice"],"picked":"SKIP","floor":13.0},{"not_picked":["Noxious Fumes","Tactician"],"picked":"Escape Plan","floor":14.0},{"not_picked":["Unload","Corpse Explosion"],"picked":"Venomology","floor":16.0},{"not_picked":["Deadly Poison+1","Catalyst+1"],"picked":"Footwork","floor":18.0},{"not_picked":["Eviscerate","Sucker Punch"],"picked":"Backflip","floor":20.0},{"not_picked":["Quick Slash+1","Poisoned Stab","Deflect"],"picked":"SKIP","floor":21.0},{"not_picked":["Doppelganger","Underhanded Strike","Choke"],"picked":"SKIP","floor":24.0},{"not_picked":["Underhanded Strike","Poisoned Stab+1","Noxious Fumes"],"picked":"SKIP","floor":25.0},{"not_picked":["Concentrate","Crippling Poison","Blade Dance"],"picked":"SKIP","floor":27.0},{"not_picked":["Noxious Fumes","Acrobatics+1"],"picked":"Envenom","floor":30.0},{"not_picked":["Night Terror","Grand Finale"],"picked":"A Thousand Cuts","floor":33.0},{"not_picked":["Outmaneuver+1","Deflect+1","Choke+1"],"picked":"SKIP","floor":35.0},{"not_picked":["Slice","Deflect"],"picked":"Acrobatics+1","floor":37.0},{"not_picked":["Backflip+1","Poisoned Stab"],"picked":"Cloak And Dagger+1","floor":38.0},{"not_picked":["Backstab","Catalyst","Acrobatics+1"],"picked":"SKIP","floor":39.0},{"not_picked":["Eviscerate+1","Backflip+1","Prepared+1"],"picked":"SKIP","floor":41.0},{"not_picked":["Dagger Throw+1","Slice+1","Underhanded Strike+1"],"picked":"SKIP","floor":47.0},{"not_picked":["Flechettes+1","Poisoned Stab","Masterful Stab+1"],"picked":"SKIP","floor":48.0},{"not_picked":["Deflect+1","Distraction+1","Bouncing Flask+1"],"picked":"SKIP","floor":54}],"player_experience":649681,"relics_obtained":[{"floor":7.0,"key":"StrikeDummy"},{"floor":9.0,"key":"Ice Cream"},{"floor":13.0,"key":"WingedGreaves"},{"floor":24.0,"key":"Meat on the Bone"},{"floor":26.0,"key":"Letter Opener"},{"floor":27.0,"key":"Shuriken"},{"floor":30.0,"key":"Mercury Hourglass"},{"floor":41.0,"key":"The Specimen"},{"floor":44.0,"key":"Eternal Feather"},{"floor":48.0,"key":"Juzu Bracelet"},{"floor":54,"key":"Bag of Preparation"}],"event_choices":[{"cards_removed":["Strike_G"],"damage_healed":0.0,"max_hp_gain":0.0,"max_hp_loss":0.0,"gold_gain":0.0,"event_name":"Bonfire Elementals","player_choice":"Offered Basic","floor":2.0,"gold_loss":0.0,"damage_taken":0.0},{"damage_healed":0.0,"max_hp_gain":0.0,"max_hp_loss":0.0,"gold_gain":0.0,"event_name":"Vampires","player_choice":"Ignored","floor":22.0,"gold_loss":0.0,"damage_taken":0.0},{"damage_healed":0.0,"max_hp_gain":0.0,"max_hp_loss":0.0,"gold_gain":0.0,"cards_transformed":["Defend_G"],"event_name":"Transmorgrifier","player_choice":"Transformed","floor":31.0,"gold_loss":0.0,"damage_taken":0.0,"cards_obtained":["Finisher"]},{"damage_healed":0.0,"max_hp_gain":0.0,"max_hp_loss":0.0,"gold_gain":0.0,"event_name":"Accursed Blacksmith","player_choice":"Forge","floor":45.0,"gold_loss":0.0,"damage_taken":0.0,"cards_upgraded":["Sadistic Nature"]}],"is_beta":false,"boss_relics":[{"not_picked":["Pandora\u0027s Box","Astrolabe"],"picked":"WristBlade"},{"not_picked":["Sozu","Runic Dome"],"picked":"Tiny House"}],"items_purged_floors":[10,29,53],"is_endless":false,"potions_floor_spawned":[3,7,14,21,25,27,30,35,38,41],"killed_by":"The Heart","ascension_level":8}}