{"host":"tb138zs7vhci6g1j","time":1609803824,"event":{"mods":["2.2 Compatiblity","Aspiration","BaseMod","Better Note","Friendly Minions","Minty Spire (QoL Compilation)","RNG Fix","Rare Cards Sparkle","StSLib","The Marked"],"gold_per_floor":[116,129,129,145,158,158,188,188,188,188,226,226,242,263,263,263,263],"floor_reached":16,"playtime":822,"items_purged":[],"score":133,"play_id":"2e66b2e1-c9a1-4388-b3a0-5888ddba5d01","local_time":"20210105014344","is_ascension_mode":true,"campfire_choices":[{"data":"theMarked:AttractMetal","floor":6.0,"key":"SMITH"},{"data":"theMarked:SoldierOfQuellstein","floor":8,"key":"SMITH"},{"data":"theMarked:ComboAttacks","floor":15,"key":"SMITH"}],"circlet_count":0,"master_deck":["theMarked:Strike","theMarked:Strike+1","theMarked:Strike","theMarked:Defend","theMarked:Defend","theMarked:Defend","theMarked:Defend","theMarked:SoldierOfQuellstein+1","theMarked:Polarize+1","theMarked:AttractMetal+1","theMarked:ResourceFulStrike","theMarked:HeightenedSenses","theMarked:TwofoldDefense","theMarked:Defy","Injury","theMarked:ChainLightning","theMarked:Overcharge","theMarked:ComboAttacks+1"],"relics":["theMarked:ArtifactOfAir","Pantograph","theMarked:SecretDocuments","Golden Idol","Odd Mushroom"],"acts_visited":["Exordium"],"potions_floor_usage":[7,7],"damage_taken":[{"damage":3.0,"enemies":"Jaw Worm","floor":1.0,"turns":4.0},{"damage":0.0,"enemies":"2 Louse","floor":2.0,"turns":2.0},{"damage":2.0,"enemies":"Small Slimes","floor":4.0,"turns":3.0},{"damage":5.0,"enemies":"3 Louse","floor":5.0,"turns":3.0},{"damage":5,"enemies":"Gremlin Nob","floor":7,"turns":3},{"damage":0,"enemies":"The Mushroom Lair","floor":11,"turns":4},{"damage":2,"enemies":"2 Fungi Beasts","floor":13,"turns":2},{"damage":0,"enemies":"Gremlin Gang","floor":14,"turns":1},{"damage":52,"enemies":"The Guardian","floor":16,"turns":9}],"seed_played":"4855620623333013689","potions_obtained":[{"floor":4.0,"key":"theMarked:ChargePotion"},{"floor":5.0,"key":"SteroidPotion"},{"floor":7,"key":"Ancient Potion"}],"is_trial":false,"path_per_floor":["M","M","?","M","M","R","E","R","T","?","?","?","M","M","R","B"],"character_chosen":"THE_DEFAULT","items_purchased":[],"campfire_rested":0,"item_purchase_floors":[],"current_hp_per_floor":[60,60,53,51,46,46,41,41,41,41,41,27,25,25,25,0,0],"gold":263,"neow_bonus":"TRANSFORM_CARD","is_daily":false,"chose_seed":false,"campfire_upgraded":3,"win_rate":0.0,"timestamp":1609803824,"path_taken":["M","M","?","M","?","R","E","R","T","?","?","?","?","?","R","BOSS"],"items_purchased_type":[],"build_version":"2020-12-22","purchased_purges":0,"victory":false,"max_hp_per_floor":[70,70,70,70,70,70,70,70,70,70,70,70,70,70,70,70,70],"card_choices":[{"not_picked":["theMarked:RepellingDischarge","theMarked:Overthink"],"picked":"theMarked:AttractMetal","floor":1.0},{"not_picked":["theMarked:SwordAndMagic","theMarked:BanishingStrike"],"picked":"theMarked:ResourceFulStrike","floor":2.0},{"not_picked":["theMarked:EmpowerWeapon","theMarked:RogueSparks"],"picked":"theMarked:HeightenedSenses","floor":4.0},{"not_picked":["theMarked:Standoff","theMarked:HeightenedSenses"],"picked":"theMarked:TwofoldDefense","floor":5.0},{"not_picked":["theMarked:Seal","theMarked:EmpowerWeapon"],"picked":"theMarked:Defy","floor":7},{"not_picked":["theMarked:Opportunist","theMarked:SwordAndMagic"],"picked":"theMarked:ChainLightning","floor":11},{"not_picked":["theMarked:BanishingStrike","theMarked:Reabsorb"],"picked":"theMarked:Overcharge","floor":13},{"not_picked":["theMarked:CreepingChasm","theMarked:WastefulAttack"],"picked":"theMarked:ComboAttacks","floor":14}],"player_experience":1720570,"relics_obtained":[{"floor":7,"key":"Pantograph"},{"floor":9,"key":"theMarked:SecretDocuments"},{"floor":11,"key":"Odd Mushroom"}],"event_choices":[{"cards_removed":["theMarked:Strike"],"damage_healed":0.0,"max_hp_gain":0.0,"max_hp_loss":0.0,"gold_gain":0.0,"event_name":"Golden Wing","player_choice":"Card Removal","floor":3.0,"gold_loss":0.0,"damage_taken":7.0},{"damage_healed":0,"gold_gain":0,"player_choice":"Take Wound","damage_taken":0,"relics_obtained":["Golden Idol"],"max_hp_gain":0,"max_hp_loss":0,"event_name":"Golden Idol","floor":10,"gold_loss":0,"cards_obtained":["Injury"]},{"damage_healed":0,"gold_gain":0,"player_choice":"Fought Mushrooms","damage_taken":0,"max_hp_gain":0,"max_hp_loss":0,"event_name":"Mushrooms","floor":11,"gold_loss":0},{"damage_healed":0,"gold_gain":0,"player_choice":"Entered Light","damage_taken":14,"max_hp_gain":0,"max_hp_loss":0,"event_name":"Shining Light","floor":12,"gold_loss":0,"cards_upgraded":["theMarked:Strike","theMarked:Polarize"]}],"is_beta":false,"boss_relics":[],"items_purged_floors":[],"is_endless":false,"potions_floor_spawned":[4,5,7],"killed_by":"The Guardian","ascension_level":6}}