{"host":"2se5dq1do2gp0x9k","time":1609747496,"event":{"mods":["AchievementEnabler","BaseMod","Block Reminder","Colored Map","Colored Powertips","Minty Spire (QoL Compilation)","Relic Stats","StSLib","SuperFastMode"],"gold_per_floor":[117,17,92,106,106,139,139,155,155,165,165,182,182,216,216,316,316,329,329,339,339,339,339],"floor_reached":22,"playtime":671,"items_purged":[],"score":350,"play_id":"418ea4d5-9c3c-4361-bca3-fa0902e9be45","local_time":"20210104000456","is_ascension_mode":true,"campfire_choices":[{"data":"PathToVictory","floor":7,"key":"SMITH"},{"data":"PathToVictory","floor":11,"key":"SMITH"},{"data":"LikeWater","floor":15,"key":"SMITH"}],"circlet_count":0,"master_deck":["AscendersBane","Strike_P","Strike_P","Strike_P","Strike_P","Defend_P","Defend_P","Defend_P","Defend_P","Eruption","Vigilance","JustLucky","PathToVictory+1","Consecrate","LikeWater+1","Wireheading","ClearTheMind","PathToVictory+1","ThirdEye","InnerPeace","Scrawl","Swivel","InnerPeace"],"relics":["PureWater","NeowsBlessing","Question Card","Yang","Sundial","Molten Egg 2","Snecko Eye","Nilry\u0027s Codex"],"acts_visited":["Exordium","TheCity"],"potions_floor_usage":[],"damage_taken":[{"damage":0,"enemies":"Jaw Worm","floor":1,"turns":1},{"damage":0,"enemies":"Cultist","floor":4,"turns":1},{"damage":0,"enemies":"3 Sentries","floor":6,"turns":1},{"damage":0,"enemies":"Small Slimes","floor":8,"turns":2},{"damage":8,"enemies":"Red Slaver","floor":10,"turns":4},{"damage":4,"enemies":"2 Fungi Beasts","floor":12,"turns":3},{"damage":16,"enemies":"Gremlin Nob","floor":14,"turns":3},{"damage":11,"enemies":"Hexaghost","floor":16,"turns":7},{"damage":12,"enemies":"Spheric Guardian","floor":18,"turns":5},{"damage":22,"enemies":"Chosen","floor":20,"turns":5},{"damage":0,"enemies":"Shelled Parasite and Fungi","floor":22,"turns":1}],"seed_played":"-2517334316985677051","potions_obtained":[{"floor":6,"key":"BlessingOfTheForge"},{"floor":8,"key":"PowerPotion"},{"floor":14,"key":"PowerPotion"}],"is_trial":false,"path_per_floor":["M","$","?","M","?","E","R","M","T","M","R","M","?","E","R","B",null,"M","$","M","?","M"],"character_chosen":"WATCHER","items_purchased":["PathToVictory","Consecrate"],"campfire_rested":0,"item_purchase_floors":[2,2],"current_hp_per_floor":[65,65,58,58,63,63,63,63,63,55,55,51,51,35,35,24,64,52,52,30,14,14,14],"gold":339,"neow_bonus":"THREE_ENEMY_KILL","is_daily":false,"chose_seed":false,"campfire_upgraded":3,"win_rate":0.0,"timestamp":1609747496,"path_taken":["M","$","?","?","?","E","R","M","T","M","R","M","?","E","R","BOSS","M","$","M","?","M"],"items_purchased_type":["Card","Card"],"build_version":"2020-12-22","purchased_purges":0,"victory":false,"max_hp_per_floor":[72,72,72,72,77,77,77,77,77,77,77,77,77,77,77,77,77,77,77,77,77,77,77],"relic_stats":{"counters":[11,33],"Sundial":[4],"Snecko Eye":[26,15,16,23],"Yang":[36],"Question Card":7,"obtain_stats":[{"NeowsBlessing":0,"Sundial":13,"Nilry\u0027s Codex":21,"Snecko Eye":17,"Yang":9,"Molten Egg 2":14,"PureWater":0,"Question Card":6},{"NeowsBlessing":0,"Sundial":6,"Nilry\u0027s Codex":10,"Snecko Eye":8,"Yang":4,"Molten Egg 2":7,"PureWater":0,"Question Card":3},{"NeowsBlessing":0,"Sundial":12,"Nilry\u0027s Codex":32,"Snecko Eye":22,"Yang":5,"Molten Egg 2":15,"PureWater":0,"Question Card":3}]},"card_choices":[{"not_picked":["Protect","SashWhip"],"picked":"JustLucky","floor":1},{"not_picked":["Evaluate","ForeignInfluence"],"picked":"LikeWater","floor":4},{"not_picked":["Crescendo","WaveOfTheHand"],"picked":"Wireheading","floor":6},{"not_picked":["Collect","DeceiveReality","EmptyBody"],"picked":"ClearTheMind","floor":8},{"not_picked":["CrushJoints","Study","Pray"],"picked":"PathToVictory","floor":10},{"not_picked":["Evaluate","EmptyBody","Vault"],"picked":"ThirdEye","floor":12},{"not_picked":["ClearTheMind","WreathOfFlame","Vault"],"picked":"InnerPeace","floor":14},{"not_picked":["Judgement","Omniscience","Brilliance+1"],"picked":"Scrawl","floor":16},{"not_picked":["ClearTheMind","Crescendo","CrushJoints+1"],"picked":"Swivel","floor":18},{"not_picked":["CrushJoints+1","SashWhip+1","Consecrate+1"],"picked":"InnerPeace","floor":20}],"player_experience":3765240,"relics_obtained":[{"floor":6,"key":"Question Card"},{"floor":9,"key":"Yang"},{"floor":14,"key":"Molten Egg 2"},{"floor":21,"key":"Nilry\u0027s Codex"}],"event_choices":[{"damage_healed":0,"gold_gain":75,"player_choice":"Touch","damage_taken":7,"max_hp_gain":0,"max_hp_loss":0,"event_name":"FaceTrader","floor":3,"gold_loss":0},{"damage_healed":0,"gold_gain":0,"player_choice":"Donut","damage_taken":0,"max_hp_gain":5,"max_hp_loss":0,"event_name":"Big Fish","floor":5,"gold_loss":0},{"damage_healed":0,"gold_gain":0,"player_choice":"Gave Potion","damage_taken":0,"relics_obtained":["Sundial"],"max_hp_gain":0,"max_hp_loss":0,"event_name":"WeMeetAgain","floor":13,"gold_loss":0},{"damage_healed":0,"gold_gain":0,"player_choice":"Obtained Book","damage_taken":16,"max_hp_gain":0,"max_hp_loss":0,"event_name":"Cursed Tome","floor":21,"gold_loss":0}],"is_beta":false,"boss_relics":[{"not_picked":["Ectoplasm","Black Star"],"picked":"Snecko Eye"}],"items_purged_floors":[],"is_endless":false,"potions_floor_spawned":[6,8,14,16],"killed_by":"Shelled Parasite and Fungi","ascension_level":12}}