{"host":"dw8ij7emqco3quom","time":1609802063,"event":{"mods":["BaseMod","Minty Spire (QoL Compilation)"],"gold_per_floor":[217,217,6,19,33,33,66,66,66,66,77,152,152,181,181,181,181],"floor_reached":16,"playtime":798,"items_purged":[],"score":130,"play_id":"2633edee-696e-4308-a52d-c45353161faa","local_time":"20210105001423","is_ascension_mode":true,"campfire_choices":[{"data":"Zap","floor":6,"key":"SMITH"},{"data":"Dualcast","floor":10,"key":"SMITH"},{"floor":13,"key":"REST"},{"floor":15,"key":"REST"}],"circlet_count":0,"master_deck":["Strike_B","Strike_B+1","Strike_B+1","Defend_B","Defend_B","Defend_B","Defend_B","Zap+1","Dualcast+1","Genetic Algorithm+1","Melter","Gash","Leap","Biased Cognition","Lockon","Undo","Loop","Skim","Rebound"],"relics":["Cracked Core","Dream Catcher","Blue Candle","Whetstone"],"acts_visited":["Exordium"],"potions_floor_usage":[7,16,16],"damage_taken":[{"damage":3.0,"enemies":"2 Louse","floor":1.0,"turns":2.0},{"damage":6.0,"enemies":"Cultist","floor":4.0,"turns":4.0},{"damage":1.0,"enemies":"Jaw Worm","floor":5.0,"turns":3.0},{"damage":6,"enemies":"Lagavulin","floor":7,"turns":7},{"damage":2,"enemies":"3 Louse","floor":11,"turns":3},{"damage":32,"enemies":"Gremlin Nob","floor":14,"turns":4},{"damage":59,"enemies":"Slime Boss","floor":16,"turns":10}],"seed_played":"-5886331518799588248","potions_obtained":[{"floor":1.0,"key":"Dexterity Potion"},{"floor":11,"key":"Dexterity Potion"},{"floor":14,"key":"SneckoOil"}],"is_trial":false,"path_per_floor":["M","?","$","M","M","R","E","?","T","R","M","?","R","E","R","B"],"character_chosen":"DEFECT","items_purchased":["Dream Catcher","Melter"],"campfire_rested":2,"item_purchase_floors":[3,3],"current_hp_per_floor":[72,72,72,66,65,65,59,59,59,59,57,46,68,36,58,0,0],"gold":181,"neow_bonus":"HUNDRED_GOLD","is_daily":false,"chose_seed":false,"campfire_upgraded":2,"win_rate":0.0,"timestamp":1609802063,"path_taken":["M","?","$","?","M","R","E","?","T","R","M","?","R","E","R","BOSS"],"items_purchased_type":["Relic","Card"],"build_version":"2020-12-22","purchased_purges":0,"victory":false,"max_hp_per_floor":[75,75,75,75,75,75,75,75,75,75,75,75,75,75,75,75,75],"card_choices":[{"not_picked":["Streamline","Rebound"],"picked":"Genetic Algorithm","floor":1.0},{"not_picked":["Barrage","Hologram"],"picked":"Gash","floor":4.0},{"not_picked":["Sunder","Turbo"],"picked":"Leap","floor":5.0},{"not_picked":["Conserve Battery","Double Energy"],"picked":"Biased Cognition","floor":7},{"not_picked":["Turbo","Stack"],"picked":"Undo","floor":11},{"not_picked":["Stack","Heatsinks"],"picked":"Loop","floor":13},{"not_picked":["Hello World","Streamline"],"picked":"Skim","floor":14},{"not_picked":["Hologram","Turbo"],"picked":"Rebound","floor":15}],"player_experience":611242,"relics_obtained":[{"floor":7,"key":"Blue Candle"},{"floor":14,"key":"Whetstone"}],"event_choices":[{"damage_healed":0.0,"max_hp_gain":0.0,"max_hp_loss":0.0,"gold_gain":0.0,"event_name":"Upgrade Shrine","player_choice":"Upgraded","floor":2.0,"gold_loss":0.0,"damage_taken":0.0,"cards_upgraded":["Genetic Algorithm"]},{"damage_healed":0,"gold_gain":0,"cards_transformed":["Strike_B"],"player_choice":"Change","damage_taken":0,"max_hp_gain":0,"max_hp_loss":0,"event_name":"Living Wall","floor":8,"gold_loss":0,"cards_obtained":["Lockon"]},{"damage_healed":0,"gold_gain":75,"player_choice":"Gather Gold","damage_taken":11,"max_hp_gain":0,"max_hp_loss":0,"event_name":"World of Goop","floor":12,"gold_loss":0}],"is_beta":false,"boss_relics":[],"items_purged_floors":[],"is_endless":false,"potions_floor_spawned":[1,11,14],"killed_by":"Slime Boss","ascension_level":4}}