{"host":"2lvuisjyit3p3u01","time":1609791529,"event":{"mods":["Act Like it!","BaseMod","Bestiary","Better Synergies","CapriCore","Colored Map","Colored Powertips","Duelist Mod","GifTheSpireLib","Minty Spire (QoL Compilation)","Quick Restart","Replay The Spire","StSLib"],"gold_per_floor":[237,237,248,173,13,13,41,41,41,41,66,79,93,125,125,225,225,237,250,54,70,80,80,107,124,124,124,124,124,143,156,156,252,302,317,40,60,71,71,100,110,110,185,185,285,316,334,334,334],"floor_reached":48,"playtime":2015,"items_purged":["theDuelist:CastleWalls","theDuelist:CastleWalls","theDuelist:ArmedDragon5+1"],"score":828,"play_id":"c3ef827e-b8e9-4dd7-a3c4-2b0f99c0d881","local_time":"20210104221848","is_ascension_mode":true,"campfire_choices":[{"data":"theDuelist:Lancephorhynchus","floor":6.0,"key":"SMITH"},{"data":"theDuelist:TotemDragon","floor":15.0,"key":"SMITH"},{"floor":23.0,"key":"REST"},{"floor":29.0,"key":"REST"},{"floor":32.0,"key":"REST"},{"floor":42.0,"key":"REST"},{"floor":44.0,"key":"REST"}],"circlet_count":0,"master_deck":["theDuelist:BabyDragon+1","theDuelist:CaveDragon","theDuelist:LesserDragon","theDuelist:LesserDragon","theDuelist:YamataDragon","theDuelist:Lancephorhynchus+1","theDuelist:BoosterDragon+1","theDuelist:TotemDragon+1","Parasite","theDuelist:PotGreed","theDuelist:CyberTwinDragon","theDuelist:MaskedDragon+1","theDuelist:MirageDragon+1","theDuelist:RedRisingDragon+1","theDuelist:GravityLash","theDuelist:BurstBreath","theDuelist:CyberTwinDragon+1","theDuelist:DragonMastery","theDuelist:EvilMind","theDuelist:CurseAging","theDuelist:GenesisDragon","theDuelist:Mountain+1","theDuelist:GenesisDragon","theDuelist:GenesisDragon"],"relics":["theDuelist:MillenniumPuzzle","theDuelist:CardPoolRelic","theDuelist:CardPoolBasicRelic","theDuelist:CardPoolAddRelic","theDuelist:CardPoolMinusRelic","theDuelist:CardPoolSaveRelic","theDuelist:CardPoolOptionsRelic","ReplayTheSpireMod:Spearhead","Ice Cream","Gremlin Horn","theDuelist:WhiteBowlRelic","Replay:Grab Bag","ReplayTheSpireMod:DimensionalGlitch","Ooze Armor","Astrolabe","Vajra","ReplayFunnel","theDuelist:YugiMirror","Nloth\u0027s Gift","Tiny House","Gremlin Food","theDuelist:ResummonBranch","MealTicket","Replay:WaspNest","Bag of Marbles"],"acts_visited":["Exordium","TheCity","TheBeyond"],"potions_floor_usage":[],"damage_taken":[{"damage":7.0,"enemies":"Jaw Worm","floor":1.0,"turns":2.0},{"damage":0.0,"enemies":"Cultist","floor":3.0,"turns":2.0},{"damage":14.0,"enemies":"3 Sentries","floor":7.0,"turns":6.0},{"damage":22.0,"enemies":"Lagavulin","floor":11.0,"turns":6.0},{"damage":0.0,"enemies":"Small Slimes","floor":12.0,"turns":1.0},{"damage":0.0,"enemies":"3 Louse","floor":13.0,"turns":1.0},{"damage":0.0,"enemies":"Gremlin Nob","floor":14.0,"turns":3.0},{"damage":36.0,"enemies":"The Guardian","floor":16.0,"turns":9.0},{"damage":23.0,"enemies":"2 Thieves","floor":18.0,"turns":3.0},{"damage":8.0,"enemies":"Chosen","floor":19.0,"turns":3.0},{"damage":9.0,"enemies":"Centurion and Healer","floor":21.0,"turns":3.0},{"damage":18.0,"enemies":"Shelled Parasite and Fungi","floor":22.0,"turns":3.0},{"damage":50.0,"enemies":"Slavers","floor":24.0,"turns":6.0},{"damage":9.0,"enemies":"Snake Plant","floor":25.0,"turns":3.0},{"damage":8.0,"enemies":"Snecko","floor":30.0,"turns":3.0},{"damage":6.0,"enemies":"Shelled Parasite and Fungi","floor":31.0,"turns":2.0},{"damage":12.0,"enemies":"Pondfish","floor":33.0,"turns":6.0},{"damage":0.0,"enemies":"Orb Walker","floor":35.0,"turns":2.0},{"damage":4.0,"enemies":"3 Shapes","floor":37.0,"turns":4.0},{"damage":29.0,"enemies":"Maw","floor":38.0,"turns":5.0},{"damage":64.0,"enemies":"R_Hoarder","floor":40.0,"turns":5.0},{"damage":0.0,"enemies":"3 Darklings","floor":41.0,"turns":2.0},{"damage":39.0,"enemies":"Reptomancer","floor":46.0,"turns":3.0},{"damage":15.0,"enemies":"Writhing Mass","floor":47.0,"turns":2.0},{"damage":22,"enemies":"Maw","floor":48,"turns":2}],"seed_played":"5695754537261358422","potions_obtained":[{"floor":1.0,"key":"EntropicBrew"},{"floor":11.0,"key":"SpeedPotion"},{"floor":12.0,"key":"SkillPotion"},{"floor":19.0,"key":"DistilledChaos"},{"floor":21.0,"key":"Reflective Coating"},{"floor":24.0,"key":"Energy Potion"},{"floor":33.0,"key":"Fruit Juice"},{"floor":34.0,"key":"FairyPotion"},{"floor":35.0,"key":"SkillPotion"},{"floor":47.0,"key":"theDuelist:MegaupgradePotion"}],"is_trial":false,"path_per_floor":["M","?","M","$","$","R","E","?","T","$","E","M","M","E","R","B",null,"M","M","$","M","M","R","E","M","T","?","?","R","M","M","R","B",null,"M","$","M","M","?","E","M","R","T","R","?","E","M","M"],"character_chosen":"THE_DUELIST","items_purchased":["theDuelist:BoosterDragon+1","Vajra","theDuelist:BottledKuriboh","Gremlin Food"],"campfire_rested":5,"item_purchase_floors":[5,20,20,36],"current_hp_per_floor":[73,73,73,73,73,73,59,79,79,79,57,57,57,57,57,21,80,57,49,49,40,22,46,12,3,3,3,3,27,19,13,37,25,85,88,88,84,55,55,9,9,36,36,63,63,24,9,0,0],"gold":334,"neow_bonus":"HUNDRED_GOLD","is_daily":false,"chose_seed":false,"campfire_upgraded":2,"win_rate":0.0,"timestamp":1609791528,"path_taken":["M","?","M","?","$","R","E","?","T","$","E","M","M","E","R","BOSS","M","M","$","M","M","R","E","M","T","?","?","R","M","?","R","BOSS","M","$","M","M","?","E","M","R","T","R","?","E","M","?"],"items_purchased_type":["Card","Relic","Potion","Relic"],"build_version":"2020-12-22","purchased_purges":3,"victory":false,"max_hp_per_floor":[80,80,80,80,80,80,80,80,80,80,80,80,80,80,80,80,80,80,80,80,80,80,80,80,80,80,80,80,80,80,80,80,80,85,90,90,90,90,90,90,90,90,90,90,90,90,90,90,90],"card_choices":[{"not_picked":["theDuelist:BlackVeloci","theDuelist:BlackTyranno","theDuelist:Beatraptor","theDuelist:Anthrosaurus"],"picked":"theDuelist:Lancephorhynchus","floor":1.0},{"not_picked":["theDuelist:FiendSkull","theDuelist:RedHeadedOni","theDuelist:ThunderDragon","theDuelist:Carboneddon","theDuelist:Lancephorhynchus"],"picked":"SKIP","floor":3.0},{"not_picked":["theDuelist:DragonRavine","theDuelist:CastleDragonSouls","theDuelist:Berserking"],"picked":"theDuelist:TotemDragon","floor":7.0},{"not_picked":["theDuelist:BigFire","theDuelist:BattleguardKing","theDuelist:ShardGreed","theDuelist:DarkCreator"],"picked":"theDuelist:PotGreed","floor":11.0},{"not_picked":["theDuelist:Hinotama","theDuelist:LightningDarts","theDuelist:BlueBloodedOni","theDuelist:Reload","theDuelist:PreventRat"],"picked":"SKIP","floor":12.0},{"not_picked":["theDuelist:BlackVeloci","theDuelist:DarkDriceratops","theDuelist:LostWorld","theDuelist:CyberDragonInfinity"],"picked":"theDuelist:CyberTwinDragon","floor":13.0},{"not_picked":["theDuelist:Hydrogeddon","theDuelist:BlackPtera","theDuelist:Beatraptor","theDuelist:CyberDragon"],"picked":"theDuelist:MaskedDragon","floor":14.0},{"not_picked":["theDuelist:ArmedDragon5","theDuelist:Carboneddon+1","theDuelist:AmuletDragon","theDuelist:Frostosaurus"],"picked":"theDuelist:GravityLash","floor":18.0},{"not_picked":["theDuelist:Kabazauls","theDuelist:BlackStego+1","theDuelist:BlackBrutdrago+1","theDuelist:Beatraptor","theDuelist:AncientGearGadjiltron"],"picked":"SKIP","floor":19.0},{"not_picked":["theDuelist:TailSwipe+1","theDuelist:SurvivalFittest","theDuelist:Lancephorhynchus","theDuelist:DoomkaiserDragon","theDuelist:BSkullDragon"],"picked":"SKIP","floor":21.0},{"not_picked":["theDuelist:VeilDarkness+1","theDuelist:SafeZone+1","theDuelist:FireDarts","theDuelist:DefenseZone+1","theDuelist:DefenseDraw"],"picked":"SKIP","floor":22.0},{"not_picked":["theDuelist:Pyrorex","theDuelist:LesserDragon","theDuelist:CyberValley","theDuelist:BlackPtera","theDuelist:CurseDragon+1"],"picked":"SKIP","floor":24.0},{"not_picked":["theDuelist:RedEyesZombie","theDuelist:BlackTyranno","theDuelist:BarrelDragon","theDuelist:GravityLash+1"],"picked":"theDuelist:BurstBreath","floor":25.0},{"not_picked":["theDuelist:CurseDragon","theDuelist:Beatraptor+1","theDuelist:DefenseZone","theDuelist:CaveDragon","theDuelist:ClawHermos"],"picked":"SKIP","floor":30.0},{"not_picked":["theDuelist:PotGreed","theDuelist:BurstBreath"],"picked":"SKIP","floor":31.0},{"not_picked":["theDuelist:VoidOgreDragon","theDuelist:BusterBladerDDS+1","theDuelist:BlasterDragonInfernos","theDuelist:BerserkScales+1"],"picked":"theDuelist:DragonMastery","floor":33.0},{"not_picked":["theDuelist:DarkHorus+1","theDuelist:BlackTyranno","theDuelist:TrihornedDragon","theDuelist:DreadnoughtDreadnoid"],"picked":"theDuelist:EvilMind","floor":34.0},{"not_picked":["theDuelist:Hydrogeddon+1","theDuelist:DarkHorus+1","theDuelist:MegafleetDragon","theDuelist:DefenseDraw","theDuelist:CyberLaserDragon+1"],"picked":"SKIP","floor":35.0},{"not_picked":["theDuelist:StampingDestruction","theDuelist:Earthquake","theDuelist:SuperStridentBlaze+1","theDuelist:CyberEmergency+1","theDuelist:VeilDarkness"],"picked":"SKIP","floor":37.0},{"not_picked":["theDuelist:LordD+1","theDuelist:DefenseZone","theDuelist:AquaDolphin+1","theDuelist:AmuletDragon+1","theDuelist:CyberEmergency+1"],"picked":"SKIP","floor":38.0},{"not_picked":["theDuelist:TotemDragon+1","theDuelist:MirageDragon+1","theDuelist:RedHeadedOni+1","theDuelist:CyberDragonVier"],"picked":"theDuelist:GenesisDragon","floor":40.0},{"not_picked":["theDuelist:BusterBlader","theDuelist:CyberDragonCore","theDuelist:TwinHeadedFire","theDuelist:CyberDragonNachster"],"picked":"theDuelist:Mountain+1","floor":41.0},{"not_picked":["theDuelist:Hinotama","theDuelist:ScrapFactory","theDuelist:BigEye+1","theDuelist:StrayLambs","theDuelist:ShardGreed"],"picked":"SKIP","floor":46.0},{"not_picked":["theDuelist:PotGreed","theDuelist:EvilMind+1","theDuelist:DragonMastery+1","theDuelist:DragonMirror+1","theDuelist:Mountain+1"],"picked":"SKIP","floor":47.0}],"player_experience":250773,"relics_obtained":[{"floor":7.0,"key":"ReplayTheSpireMod:Spearhead"},{"floor":9.0,"key":"Ice Cream"},{"floor":11.0,"key":"Gremlin Horn"},{"floor":14.0,"key":"theDuelist:WhiteBowlRelic"},{"floor":24.0,"key":"ReplayFunnel"},{"floor":26.0,"key":"theDuelist:YugiMirror"},{"floor":40.0,"key":"MealTicket"},{"floor":43.0,"key":"Replay:WaspNest"},{"floor":46.0,"key":"Bag of Marbles"}],"event_choices":[{"damage_healed":0.0,"max_hp_gain":0.0,"max_hp_loss":0.0,"gold_gain":0.0,"event_name":"The Woman in Blue","player_choice":"Bought 0 Potions","floor":2.0,"gold_loss":0.0,"damage_taken":0.0},{"damage_healed":20.0,"max_hp_gain":0.0,"max_hp_loss":0.0,"gold_gain":0.0,"event_name":"Mushrooms","player_choice":"Healed and dodged fight","floor":8.0,"gold_loss":0.0,"damage_taken":0.0,"cards_obtained":["Parasite"]},{"damage_healed":0.0,"max_hp_gain":0.0,"max_hp_loss":0.0,"gold_gain":0.0,"event_name":"Relic Duplicator","player_choice":"Leave","duelist":true,"floor":27.0,"gold_loss":0.0,"damage_taken":0.0},{"damage_healed":0.0,"max_hp_gain":0.0,"max_hp_loss":0.0,"gold_gain":0.0,"event_name":"N\u0027loth","player_choice":"Traded Relic","floor":28.0,"relics_lost":["theDuelist:BoosterPackPoolRelic"],"gold_loss":0.0,"damage_taken":0.0,"relics_obtained":["Nloth\u0027s Gift"]},{"damage_healed":0.0,"max_hp_gain":0.0,"max_hp_loss":0.0,"gold_gain":0.0,"event_name":"Millennium Items","player_choice":"Took item - Received: Millennium Branch","duelist":true,"floor":39.0,"gold_loss":0.0,"damage_taken":0.0},{"damage_healed":0.0,"max_hp_gain":0.0,"max_hp_loss":0.0,"gold_gain":100.0,"event_name":"Golden Shrine","player_choice":"Pray","floor":45.0,"gold_loss":0.0,"damage_taken":0.0}],"is_beta":false,"boss_relics":[{"not_picked":["Empty Cage","Sozu"],"picked":"Replay:Grab Bag"},{"not_picked":["ChewingGum","Electric Blood"],"picked":"ReplayTheSpireMod:DimensionalGlitch"},{"not_picked":["Fusion Hammer","Runic Dome"],"picked":"Ooze Armor"},{"not_picked":["Snecko Eye","SacredBark"],"picked":"Astrolabe"},{"not_picked":["Inserter","Black Star"],"picked":"Tiny House"}],"items_purged_floors":[4,5,36],"is_endless":false,"potions_floor_spawned":[1,11,12,19,21,24,33,35,37,47],"killed_by":"Maw","ascension_level":2}}