{"host":"3z9xbwjeimmg738z","time":1609795442,"event":{"mods":["100% Spire Juice","2.2 Compatiblity","Act Like it!","AlwaysNeverKeys","Bard","BaseMod","Beaked The Cultist","Better Altar","Better Match","Better Note","Better Sensory Stone","Better Skull","Better Synergies","Better Third Choice","CapriCore","Colored Powertips","Defuse TimeMaze Blight","Dio Mod","Displayed Cursed Tome","Emptier Cage","Faster Ascension Climbing","GifTheSpireLib","Minty Spire (QoL Compilation)","Permanent Neow","Replay The Spire","StSLib","The Showman","TheBandit","Uncapped"],"gold_per_floor":[112,112,92,105,105,139,29,56,56,56,69,98,98,132,12,110,110,128,83,95,95,45,76,87,114,139,170,50,50,50,75,75,179,59,69,80,94,124,333,333,368,388,388,399,399,410,335,360,360,360],"floor_reached":51,"playtime":4758,"items_purged":[],"score":1011,"play_id":"86f7796a-bf7b-412c-91fd-65d5b84d7d20","local_time":"20210104132402","daily_mods":["ControlledChaos"],"is_ascension_mode":true,"campfire_choices":[{"data":"Moonworks:EvilSpyWorkPreparation","floor":15,"key":"SMITH"},{"data":"Moonworks:CookingTime","floor":32,"key":"SMITH"},{"floor":40,"key":"REST"},{"data":"Moonworks:PlushieMaster","floor":45,"key":"SMITH"},{"data":"Moonworks:BigBangBell","floor":49,"key":"SMITH"}],"circlet_count":0,"master_deck":["Moonworks:Strike","Moonworks:Strike","Moonworks:Strike","Moonworks:Strike","Moonworks:Defend","Moonworks:Defend","Moonworks:Defend","Moonworks:Defend","Moonworks:Ambush","Moonworks:LongDistanceShot","Moonworks:SakisCookie+1","Moonworks:NicePresent","Moonworks:EvilSpyWorkPreparation+1","Moonworks:JonathanRush","Moonworks:GoAway","Moonworks:NicePresent","Moonworks:JonathanRush","Moonworks:CookingTime+1","Moonworks:PlushieMaster+1","Moonworks:BigBangBell+1","Moonworks:NicePresent+1","Moonworks:NicePresent","Moonworks:SakisCookie","Moonworks:NicePresent","Moonworks:RagingMadness+1","Moonworks:BackdoorTrade+1"],"relics":["Moonworks:BrokenBomb","Moonworks:Homemark","Frozen Eye","betterThird:SlimedRelic","Vajra","InkBottle","Replay:Wax Seal","Meat on the Bone","Replay:Accelerometer","Philosopher\u0027s Stone","Pear","Turnip","ReplayFunnel","Shuriken","Letter Opener","beaked:MawFillet","Sundial","Nunchaku","Molten Egg 2","MealTicket"],"acts_visited":["Exordium","TheCity","TheBeyond"],"potions_floor_usage":[8,12,18,31],"damage_taken":[{"damage":10,"enemies":"Cultist","floor":1,"turns":5},{"damage":6,"enemies":"Jaw Worm","floor":4,"turns":3},{"damage":17,"enemies":"Lagavulin","floor":6,"turns":7},{"damage":0,"enemies":"Small Slimes","floor":7,"turns":3},{"damage":0,"enemies":"3 Sentries","floor":8,"turns":7},{"damage":7,"enemies":"Red Slaver","floor":11,"turns":4},{"damage":18,"enemies":"Gremlin Nob","floor":12,"turns":4},{"damage":0,"enemies":"Lagavulin","floor":14,"turns":9},{"damage":34,"enemies":"Slime Boss","floor":16,"turns":7},{"damage":7,"enemies":"3 Byrds","floor":18,"turns":7},{"damage":11,"enemies":"Spheric Guardian","floor":20,"turns":4},{"damage":11,"enemies":"Replay:Snechameleon","floor":23,"turns":7},{"damage":6,"enemies":"Shelled Parasite and Fungi","floor":24,"turns":7},{"damage":1,"enemies":"Book of Stabbing","floor":25,"turns":5},{"damage":12,"enemies":"Replay:Snechameleon","floor":27,"turns":7},{"damage":16,"enemies":"Slavers","floor":31,"turns":4},{"damage":8,"enemies":"Champ","floor":33,"turns":9},{"damage":0,"enemies":"3 Shapes","floor":35,"turns":3},{"damage":12,"enemies":"3 Darklings","floor":36,"turns":5},{"damage":2,"enemies":"4 Shapes","floor":37,"turns":3},{"damage":48,"enemies":"beaked:SuperParasite","floor":38,"turns":6},{"damage":6,"enemies":"Nemesis","floor":41,"turns":4},{"damage":7,"enemies":"Transient","floor":42,"turns":5},{"damage":6,"enemies":"3 Darklings","floor":44,"turns":2},{"damage":3,"enemies":"4 Shapes","floor":46,"turns":2},{"damage":0,"enemies":"Giant Head","floor":48,"turns":8},{"damage":40,"enemies":"Donu and Deca","floor":50,"turns":8}],"seed_played":"3432728263373333209","potions_obtained":[{"floor":1,"key":"Energy Potion"},{"floor":4,"key":"SkillPotion"},{"floor":12,"key":"Ancient Potion"},{"floor":16,"key":"PowerPotion"},{"floor":20,"key":"Fire Potion"},{"floor":23,"key":"Dexterity Potion"},{"floor":25,"key":"Regen Potion"},{"floor":31,"key":"FairyPotion"},{"floor":41,"key":"FairyPotion"}],"is_trial":true,"path_per_floor":["M","$","?","M","?","E","M","E","T","?","M","E","?","E","R","B",null,"M","?","M","?","$","E","M","E","T","E","$","?","?","E","R","B",null,"M","M","M","E","?","R","E","M","T","M","R","M","?","E","R","B",null],"character_chosen":"THE_STARBREAKER","items_purchased":["Moonworks:JonathanRush"],"campfire_rested":1,"item_purchase_floors":[22],"current_hp_per_floor":[50,50,39,33,33,20,24,34,34,60,53,35,35,45,45,29,60,55,49,44,44,44,49,49,54,54,48,48,48,48,47,47,53,70,70,58,68,34,17,38,46,57,57,57,57,66,66,70,70,48],"gold":360,"neow_bonus":"","is_daily":false,"chose_seed":false,"campfire_upgraded":4,"win_rate":0.0,"timestamp":1609795442,"path_taken":["M","$","?","M","?","E","?","E","T","?","?","E","?","E","R","BOSS","M","?","?","?","?","E","M","E","T","E","$","?","?","E","R","BOSS","M","M","?","E","?","R","E","M","T","M","R","M","?","E","R","BOSS"],"items_purchased_type":["Card"],"build_version":"2020-12-22","purchased_purges":0,"victory":true,"max_hp_per_floor":[60,60,60,60,60,60,60,60,60,60,60,60,60,60,60,60,60,60,60,60,60,60,70,70,70,70,70,70,70,70,70,70,70,70,70,70,70,70,70,70,70,70,70,70,70,70,70,70,70,70],"card_choices":[{"not_picked":["Moonworks:Poppoformation","Moonworks:StiffCrystal","Moonworks:TacticalRetreat"],"picked":"SKIP","floor":1},{"not_picked":["Moonworks:BackdoorTrade","Moonworks:IndiscriminateFireSupport"],"picked":"Moonworks:SakisCookie","floor":4},{"not_picked":["Moonworks:BigMagnum","Moonworks:BackdoorTrade"],"picked":"Moonworks:Dinner","floor":6},{"not_picked":["Moonworks:ImOnFire","Moonworks:MiracleWalker"],"picked":"Moonworks:NicePresent","floor":7},{"not_picked":["Moonworks:AwakeningOfTalent","Moonworks:Assault"],"picked":"Moonworks:EvilSpyWorkPreparation","floor":8},{"not_picked":["Moonworks:WindyEnchantment","Moonworks:EvilSpyWorkPreparation"],"picked":"Moonworks:JonathanRush","floor":11},{"not_picked":["Moonworks:DeployBits","Moonworks:Poppoformation","Moonworks:x16BigRocket"],"picked":"SKIP","floor":12},{"not_picked":["Moonworks:BigMagnum","Moonworks:ImOnFire","Moonworks:Assault"],"picked":"SKIP","floor":14},{"not_picked":["Moonworks:Blazing","Moonworks:Accelerator"],"picked":"Moonworks:GoAway","floor":16},{"not_picked":["Moonworks:MiracleRedBeanIceCream+1","Moonworks:FinalSurgery","Moonworks:WindyEnchantment+1"],"picked":"SKIP","floor":18},{"not_picked":["Moonworks:IndiscriminateFireSupport","Moonworks:LuckyCharm+1"],"picked":"Moonworks:NicePresent","floor":20},{"not_picked":["Moonworks:MeltingMemories","Moonworks:CastOff","Moonworks:LulusLuckyEgg"],"picked":"SKIP","floor":23},{"not_picked":["Moonworks:BindingChains+1","Moonworks:JonathanRush","Moonworks:ImOnFire+1"],"picked":"SKIP","floor":24},{"not_picked":["Moonworks:Assault","Moonworks:IndiscriminateFireSupport","Moonworks:CloudOfSeagulls"],"picked":"SKIP","floor":25},{"not_picked":["Moonworks:ForcedRevival+1","Moonworks:LulusLuckyEgg","Moonworks:AwakeningOfTalent+1"],"picked":"SKIP","floor":27},{"not_picked":["Moonworks:DeployBits","Moonworks:StiffCrystal"],"picked":"Moonworks:CookingTime","floor":31},{"not_picked":["Moonworks:ReflectiveShell","Moonworks:ShieldCounter"],"picked":"Moonworks:PlushieMaster","floor":33},{"not_picked":["Moonworks:TacticalRetreat+1","Moonworks:SakisCookie+1"],"picked":"Moonworks:BigBangBell","floor":35},{"not_picked":["Moonworks:EvilSpyWorkPreparation","Moonworks:ForcedRevival+1"],"picked":"Moonworks:NicePresent+1","floor":36},{"not_picked":["Moonworks:SakisCookie","Moonworks:Assault","Moonworks:WindyEnchantment+1"],"picked":"SKIP","floor":37},{"not_picked":["Moonworks:SubspaceTunnel","Moonworks:EvilSpyWorkPreparation+1"],"picked":"Moonworks:NicePresent","floor":38},{"not_picked":["Moonworks:SubspaceTunnel","Moonworks:FullSpeedAlicianrone"],"picked":"Moonworks:SakisCookie","floor":41},{"not_picked":["Moonworks:LulusLuckyEgg+1","Moonworks:BeyondHell"],"picked":"Moonworks:NicePresent","floor":42},{"not_picked":["Moonworks:WindyEnchantment+1","Moonworks:EvilSpyWorkPreparation","Moonworks:Assault+1"],"picked":"SKIP","floor":44},{"not_picked":["Moonworks:IndiscriminateFireSupport+1","Moonworks:IntelligenceOfficer+1","Moonworks:ImmovableObject"],"picked":"SKIP","floor":46},{"not_picked":["Moonworks:BeyondHell+1","Moonworks:MiracleWalker+1"],"picked":"Moonworks:RagingMadness+1","floor":47},{"not_picked":["Moonworks:ImOnFire+1","Moonworks:CastOff+1"],"picked":"Moonworks:BackdoorTrade+1","floor":48}],"player_experience":184231,"relics_obtained":[{"floor":6,"key":"Vajra"},{"floor":8,"key":"InkBottle"},{"floor":9,"key":"Replay:Wax Seal"},{"floor":12,"key":"Meat on the Bone"},{"floor":14,"key":"Replay:Accelerometer"},{"floor":23,"key":"Pear"},{"floor":25,"key":"Turnip"},{"floor":26,"key":"ReplayFunnel"},{"floor":27,"key":"Shuriken"},{"floor":31,"key":"Letter Opener"},{"floor":38,"key":"Sundial"},{"floor":41,"key":"Nunchaku"},{"floor":43,"key":"Molten Egg 2"},{"floor":48,"key":"MealTicket"}],"event_choices":[{"damage_healed":0,"gold_gain":0,"player_choice":"Slimed","damage_taken":11,"max_hp_gain":0,"max_hp_loss":0,"event_name":"betterThird:BetterGoop","floor":3,"gold_loss":20},{"damage_healed":0,"gold_gain":0,"player_choice":"Upgraded","damage_taken":0,"max_hp_gain":0,"max_hp_loss":0,"event_name":"Upgrade Shrine","floor":5,"gold_loss":0,"cards_upgraded":["Moonworks:SakisCookie"]},{"cards_removed":["Moonworks:Dinner"],"damage_healed":26,"gold_gain":0,"player_choice":"Offered Uncommon","damage_taken":0,"max_hp_gain":0,"max_hp_loss":0,"event_name":"Bonfire Elementals","floor":10,"gold_loss":0},{"damage_healed":0,"gold_gain":0,"player_choice":"Ignored","damage_taken":0,"max_hp_gain":0,"max_hp_loss":0,"event_name":"Golden Wing","floor":13,"gold_loss":0},{"damage_healed":0,"gold_gain":75,"player_choice":"Touch","damage_taken":6,"max_hp_gain":0,"max_hp_loss":0,"event_name":"FaceTrader","floor":19,"gold_loss":0},{"damage_healed":0,"gold_gain":0,"player_choice":"Bought 0 Potions","damage_taken":0,"max_hp_gain":0,"max_hp_loss":0,"event_name":"The Woman in Blue","floor":21,"gold_loss":0},{"cards_removed":["Moonworks:GoAway"],"damage_healed":0,"gold_gain":0,"player_choice":"Give","damage_taken":0,"max_hp_gain":0,"max_hp_loss":0,"event_name":"betterNote:BetterNote","floor":29,"gold_loss":0,"cards_obtained":["None"]},{"damage_healed":0,"gold_gain":0,"player_choice":"Got Potions","damage_taken":0,"max_hp_gain":0,"max_hp_loss":0,"event_name":"Lab","floor":30,"gold_loss":0},{"damage_healed":0,"gold_gain":0,"player_choice":"2","damage_taken":0,"max_hp_gain":0,"max_hp_loss":0,"event_name":"betterMatch:BetterMatch","floor":47,"gold_loss":0,"cards_obtained":["betterMatch:UncommonCard"]}],"is_beta":false,"boss_relics":[{"not_picked":["Snecko Heart","Velvet Choker"],"picked":"Philosopher\u0027s Stone"},{"not_picked":["Moonworks:SBBomb","Empty Cage"],"picked":"beaked:MawFillet"}],"items_purged_floors":[],"is_endless":false,"potions_floor_spawned":[1,4,12,16,20,23,25,27,31,35,41,46,48],"ascension_level":1}}