{"host":"sav7uxregyirlf69","time":1609773563,"event":{"mods":["AchievementEnabler","BaseMod","Colored Map","DeckTracker","Keyboard Shortcuts","Minty Spire (QoL Compilation)","READ ME - Guardian Mod","StSLib","SuperFastMode"],"gold_per_floor":[118,118,168,181,196,196,196,208,260,260,260,275,350,363,363,440,440,440,117,32,32,32,32,32],"floor_reached":23,"playtime":367,"items_purged":["Strike_G"],"score":358,"play_id":"caabd9e2-c510-4410-9d68-ad88bb66c935","local_time":"20210105001923","is_ascension_mode":true,"campfire_choices":[{"data":"Noxious Fumes","floor":7,"key":"SMITH"},{"data":"Deadly Poison","floor":10,"key":"SMITH"},{"data":"Neutralize","floor":15,"key":"SMITH"}],"circlet_count":0,"master_deck":["AscendersBane","Strike_G","Strike_G","Defend_G","Defend_G","Defend_G","Defend_G","Defend_G","Survivor","Neutralize+1","Deadly Poison+1","Noxious Fumes+1","Backstab","Dash","Footwork","Ghostly","Ghostly","Ghostly+1"],"relics":["Ring of the Snake","Oddly Smooth Stone","Omamori","Ectoplasm","Medical Kit","Tiny Chest"],"acts_visited":["Exordium","TheCity"],"potions_floor_usage":[16,16],"damage_taken":[{"damage":0,"enemies":"2 Louse","floor":1,"turns":4},{"damage":5,"enemies":"Cultist","floor":4,"turns":4},{"damage":0,"enemies":"Small Slimes","floor":5,"turns":3},{"damage":0,"enemies":"Looter","floor":8,"turns":4},{"damage":6,"enemies":"Gremlin Gang","floor":12,"turns":8},{"damage":1,"enemies":"Exordium Wildlife","floor":14,"turns":4},{"damage":5,"enemies":"The Guardian","floor":16,"turns":9},{"damage":22,"enemies":"Spheric Guardian","floor":18,"turns":6},{"damage":37,"enemies":"Slavers","floor":23,"turns":7}],"seed_played":"-5076322047626357590","potions_obtained":[{"floor":8,"key":"EssenceOfSteel"},{"floor":12,"key":"BlessingOfTheForge"},{"floor":14,"key":"Poison Potion"}],"is_trial":false,"path_per_floor":["M","?","?","M","M","?","R","M","T","R","?","M","?","M","R","B",null,"M","$","?","?","?","E"],"character_chosen":"THE_SILENT","items_purchased":["Medical Kit","Footwork"],"campfire_rested":0,"item_purchase_floors":[19,19],"current_hp_per_floor":[59,59,59,54,54,47,47,47,47,47,52,46,35,34,34,29,61,39,39,39,35,35,0,0],"gold":32,"neow_bonus":"RANDOM_COMMON_RELIC","is_daily":false,"chose_seed":false,"campfire_upgraded":3,"win_rate":0.0,"timestamp":1609773563,"path_taken":["M","?","?","?","?","?","R","M","T","R","?","M","?","M","R","BOSS","M","$","?","?","?","E"],"items_purchased_type":["Relic","Card"],"build_version":"2020-12-22","purchased_purges":1,"victory":false,"max_hp_per_floor":[66,66,66,66,66,66,66,66,66,66,71,71,71,71,71,71,71,71,71,71,35,35,35,35],"card_choices":[{"not_picked":["Backflip","Bane"],"picked":"Deadly Poison","floor":1},{"not_picked":["Predator","Deadly Poison"],"picked":"Backstab","floor":4},{"not_picked":["Masterful Stab","Deflect","PiercingWail"],"picked":"SKIP","floor":5},{"not_picked":["Slice","Cloak And Dagger"],"picked":"Dash","floor":8},{"not_picked":["Deadly Poison","Dash","Underhanded Strike"],"picked":"SKIP","floor":12},{"not_picked":["Outmaneuver","Deadly Poison","Phantasmal Killer"],"picked":"SKIP","floor":14},{"not_picked":["Deflect","Prepared","Slice"],"picked":"SKIP","floor":18}],"player_experience":1139016,"relics_obtained":[{"floor":9,"key":"Omamori"}],"event_choices":[{"damage_healed":0,"gold_gain":0,"cards_transformed":["Strike_G"],"player_choice":"Change","damage_taken":0,"max_hp_gain":0,"max_hp_loss":0,"event_name":"Living Wall","floor":2,"gold_loss":0,"cards_obtained":["Noxious Fumes"]},{"damage_healed":0,"gold_gain":50,"player_choice":"Pray","damage_taken":0,"max_hp_gain":0,"max_hp_loss":0,"event_name":"Golden Shrine","floor":3,"gold_loss":0},{"cards_removed":["Strike_G"],"damage_healed":0,"gold_gain":0,"player_choice":"Card Removal","damage_taken":7,"max_hp_gain":0,"max_hp_loss":0,"event_name":"Golden Wing","floor":6,"gold_loss":0},{"damage_healed":0,"gold_gain":0,"player_choice":"Donut","damage_taken":0,"max_hp_gain":5,"max_hp_loss":0,"event_name":"Big Fish","floor":11,"gold_loss":0},{"damage_healed":0,"gold_gain":75,"player_choice":"Gather Gold","damage_taken":11,"max_hp_gain":0,"max_hp_loss":0,"event_name":"World of Goop","floor":13,"gold_loss":0},{"damage_healed":0,"gold_gain":0,"player_choice":"Obtained Relic","damage_taken":0,"relics_obtained":["Tiny Chest"],"max_hp_gain":0,"max_hp_loss":0,"event_name":"Addict","floor":20,"gold_loss":85},{"damage_healed":0,"gold_gain":0,"player_choice":"Became a Ghost","damage_taken":0,"max_hp_gain":0,"max_hp_loss":36,"event_name":"Ghosts","floor":21,"gold_loss":0,"cards_obtained":["Ghostly","Ghostly","Ghostly"]},{"damage_healed":0,"gold_gain":0,"player_choice":"Forge","damage_taken":0,"max_hp_gain":0,"max_hp_loss":0,"event_name":"Accursed Blacksmith","floor":22,"gold_loss":0,"cards_upgraded":["Ghostly"]}],"is_beta":false,"boss_relics":[{"not_picked":["Busted Crown","Runic Dome"],"picked":"Ectoplasm"}],"items_purged_floors":[19],"is_endless":false,"potions_floor_spawned":[8,12,14],"killed_by":"Slavers","ascension_level":20}}