{"host":"69rply1jf2d1wbmp","time":1609756283,"event":{"mods":["BaseMod","Minty Spire (QoL Compilation)","Quick Restart"],"gold_per_floor":[113,113,130,155,155,155,190,115,115,115,131,131,165,180,180,278,278,294,294,294,41,41,53,53],"floor_reached":23,"playtime":451,"items_purged":["Writhe","Writhe"],"score":195,"play_id":"8a925cd2-cff3-4920-a5c4-e8d8e523158d","local_time":"20210104053123","is_ascension_mode":false,"campfire_choices":[{"data":"Pommel Strike","floor":6,"key":"SMITH"},{"data":"Inflame","floor":10,"key":"SMITH"},{"data":"Rampage","floor":12,"key":"SMITH"},{"floor":15,"key":"REST"}],"circlet_count":0,"master_deck":["Strike_R","Strike_R+1","Strike_R","Strike_R","Strike_R","Defend_R","Defend_R","Defend_R+1","Defend_R","Bash+1","Pommel Strike+1","Inflame+1","Rampage+1","Shame"],"relics":["Black Blood","Mango","Pen Nib","Pocketwatch","Paper Frog","Regal Pillow","Thread and Needle","MutagenicStrength","Brimstone","MawBank"],"acts_visited":["Exordium","TheCity"],"potions_floor_usage":[16,23],"damage_taken":[{"damage":2,"enemies":"2 Louse","floor":1,"turns":3},{"damage":7,"enemies":"Jaw Worm","floor":3,"turns":4},{"damage":16,"enemies":"Gremlin Nob","floor":7,"turns":4},{"damage":2,"enemies":"Small Slimes","floor":11,"turns":3},{"damage":16,"enemies":"3 Sentries","floor":13,"turns":5},{"damage":7,"enemies":"Blue Slaver","floor":14,"turns":3},{"damage":16,"enemies":"Slime Boss","floor":16,"turns":6},{"damage":17,"enemies":"Shell Parasite","floor":18,"turns":4},{"damage":92,"enemies":"Slavers","floor":23,"turns":4}],"seed_played":"5927048773203550689","potions_obtained":[{"floor":3,"key":"BlessingOfTheForge"},{"floor":11,"key":"FearPotion"},{"floor":14,"key":"BlessingOfTheForge"},{"floor":16,"key":"ColorlessPotion"}],"is_trial":false,"path_per_floor":["M","?","M","T","?","R","E","$","T","R","M","R","E","M","R","B",null,"M","?","?","$","?","E"],"character_chosen":"IRONCLAD","items_purchased":["Brimstone"],"campfire_rested":1,"item_purchase_floors":[21],"current_hp_per_floor":[94,75,74,74,74,74,64,64,64,64,68,68,58,57,94,84,94,89,89,89,89,89,0,0],"gold":53,"neow_bonus":"ONE_RARE_RELIC","is_daily":false,"chose_seed":false,"campfire_upgraded":3,"win_rate":0.0,"timestamp":1609756283,"path_taken":["M","?","M","?","?","R","E","?","T","R","M","R","E","M","R","BOSS","M","?","?","$","?","E"],"items_purchased_type":["Relic"],"build_version":"2020-12-22","purchased_purges":2,"victory":false,"max_hp_per_floor":[94,94,94,94,94,94,94,94,94,94,94,94,94,94,94,94,94,94,94,94,94,94,94,94],"card_choices":[{"not_picked":["Havoc","Iron Wave"],"picked":"Pommel Strike","floor":1},{"not_picked":["Flex","Clothesline","Whirlwind"],"picked":"SKIP","floor":3},{"not_picked":["Power Through","True Grit"],"picked":"Inflame","floor":7},{"not_picked":["True Grit","Battle Trance"],"picked":"Rampage","floor":11},{"not_picked":["Anger","Dual Wield","Havoc"],"picked":"SKIP","floor":13},{"not_picked":["Searing Blow","Blood for Blood","Heavy Blade"],"picked":"SKIP","floor":14},{"not_picked":["Body Slam","Headbutt","Battle Trance"],"picked":"SKIP","floor":18}],"player_experience":420493,"relics_obtained":[{"floor":4,"key":"Pen Nib"},{"floor":7,"key":"Pocketwatch"},{"floor":9,"key":"Paper Frog"},{"floor":13,"key":"Regal Pillow"}],"event_choices":[{"damage_healed":0,"gold_gain":0,"player_choice":"Entered Light","damage_taken":19,"max_hp_gain":0,"max_hp_loss":0,"event_name":"Shining Light","floor":2,"gold_loss":0,"cards_upgraded":["Defend_R","Strike_R"]},{"damage_healed":0,"gold_gain":0,"player_choice":"Grow","damage_taken":0,"max_hp_gain":0,"max_hp_loss":0,"event_name":"Living Wall","floor":5,"gold_loss":0,"cards_upgraded":["Bash"]},{"damage_healed":0,"gold_gain":0,"player_choice":"Opened","damage_taken":0,"relics_obtained":["Thread and Needle"],"max_hp_gain":0,"max_hp_loss":0,"event_name":"The Mausoleum","floor":19,"gold_loss":0,"cards_obtained":["Writhe"]},{"damage_healed":0,"gold_gain":0,"player_choice":"Inject Mutagens","damage_taken":0,"relics_obtained":["MutagenicStrength"],"max_hp_gain":0,"max_hp_loss":0,"event_name":"Drug Dealer","floor":20,"gold_loss":0},{"damage_healed":0,"gold_gain":0,"player_choice":"Stole Relic","damage_taken":0,"relics_obtained":["MawBank"],"max_hp_gain":0,"max_hp_loss":0,"event_name":"Addict","floor":22,"gold_loss":0,"cards_obtained":["Shame"]}],"is_beta":false,"boss_relics":[{"not_picked":["Velvet Choker","Astrolabe"],"picked":"Black Blood"}],"items_purged_floors":[8,21],"is_endless":false,"potions_floor_spawned":[3,11,14,16],"killed_by":"Slavers","ascension_level":0}}