{"host":"dwyzfvnzfcqffr30","time":1609777158,"event":{"mods":["2.2 Compatiblity","Act Like it!","BaseMod","Beaked The Cultist","Better Altar","Better Match","Better Note","Better Sensory Stone","Better Skull","Better Third Choice","Clockwork Mod","Colored Map","Colored Powertips","Conspire","Downfall","Elementarium","GifTheSpireLib","Halation","Hermit","Hubris","Infinite Spire","Ironclad Rager","Jedi Mod","Menagerie","Mimic Mod","Minty Spire (QoL Compilation)","Permanent Neow","Random Character Button","Replay The Spire","Spicy Shops","StSLib","Stuff the Spire","The Construct","The Disciple","The Druid","The Marked","TheFirefly","Trackpad","vexMod"],"gold_per_floor":[442,442,485,485,528,690,690,751,751,751,924,924,58,89,89,201,201,231,260,310,310,336,470,520,678,729,729,729,11,11,11,11,123,123,154,180,204,1195,1384,1384,1384],"floor_reached":40,"playtime":2683,"items_purged":["Decay","beaked:Strike_Y"],"score":890,"play_id":"e73c3323-d1e4-401e-a100-c606f110b2ae","local_time":"20210104081918","is_ascension_mode":true,"campfire_choices":[{"floor":7,"key":"RECALL"},{"data":"1","floor":15,"key":"LIFT"},{"floor":28,"key":"REST"},{"floor":30,"key":"REST"},{"floor":32,"key":"REST"}],"circlet_count":0,"master_deck":["AscendersBane","beaked:Strike_Y","beaked:Strike_Y","beaked:Strike_Y","beaked:Strike_Y","beaked:Strike_Y","beaked:Defend_Y","beaked:Defend_Y","beaked:Defend_Y","beaked:Defend_Y","beaked:Ceremony+1","beaked:Ceremony+1","beaked:Ceremony+1","MasterReality+1","beaked:RitualOfBody+1","beaked:Foresight+1","After Image+1","beaked:BraceForImpact+1","beaked:Evade+1","beaked:Brace+1","beaked:ScreechingChant+1","beaked:Caw+1"],"relics":["NeowsBlessing","Toxic Egg 2","Frozen Egg 2","Molten Egg 2","Quantum Egg","StuffTheSpire:TintedRock","hubris:EvacipatedBox","Juzu Bracelet","infinitespire:EvilPickle","Bottled Tornado","Ring of the Snake","Simple Rune","trackpad:AdjectivePendant","Girya","hubris:Icosahedron","Replay:Arrowhead","jedi:matchstick","conspire:DeflatedDodgeball","CeramicFish","Chemical X","Busted Crown","jedi:firstaidkit","halation:LettersToHer","hubris:Towel","StuffTheSpire:MayFlowers","hubris:ToyBattleship","Onion Ring","beaked:ThroatLozenge","Elementarium:ElementariumTrophy","hubris:Backtick","trackpad:HandOfMidas"],"acts_visited":["Exordium","Elementarium:Elementarium","TheBeyond"],"potions_floor_usage":[11,14,16,22,22,23,30,33,37],"damage_taken":[{"damage":0,"enemies":"Small Slimes","floor":1,"turns":2},{"damage":0,"enemies":"Jaw Worm","floor":3,"turns":2},{"damage":0,"enemies":"Gremlin Nob","floor":6,"turns":1},{"damage":2,"enemies":"2 Louse","floor":8,"turns":4},{"damage":16,"enemies":"Lagavulin","floor":11,"turns":6},{"damage":2,"enemies":"Exordium Thugs","floor":14,"turns":6},{"damage":10,"enemies":"Hexaghost","floor":16,"turns":11},{"damage":0,"enemies":"Elementarium:Cyclone","floor":18,"turns":7},{"damage":10,"enemies":"Elementarium:2_ELEMENTALS","floor":19,"turns":6},{"damage":16,"enemies":"Gremlin Leader","floor":22,"turns":8},{"damage":38,"enemies":"Elementarium:FIRE_NOBILITY","floor":23,"turns":9},{"damage":3,"enemies":"Elementarium:STONE_GOLEMS","floor":24,"turns":6},{"damage":23,"enemies":"Elementarium:WarGolem","floor":25,"turns":7},{"damage":6,"enemies":"Elementarium:GolemEmperor","floor":33,"turns":10},{"damage":0,"enemies":"3 Darklings","floor":35,"turns":1},{"damage":2,"enemies":"Orb Walker","floor":36,"turns":4},{"damage":59,"enemies":"Writhing Mass","floor":37,"turns":7},{"damage":27,"enemies":"Transient","floor":38,"turns":4},{"damage":0,"enemies":"Sphere and 2 Shapes","floor":39,"turns":6},{"damage":11,"enemies":"Reptomancer","floor":40,"turns":4}],"seed_played":"6406804195165773338","potions_obtained":[{"floor":5,"key":"infinitespire:BlackPotion"},{"floor":5,"key":"GamblersBrew"},{"floor":11,"key":"EssenceOfSteel"},{"floor":14,"key":"Elixir"},{"floor":16,"key":"PowerPotion"},{"floor":18,"key":"CultistPotion"},{"floor":22,"key":"champ:CounterPotion"},{"floor":25,"key":"jedi:mysterypotion"},{"floor":35,"key":"champ:CounterPotion"}],"is_trial":false,"path_per_floor":["M","?","M","?","?","E","R","M","T","?","E","?","$","M","R","B",null,"M","M","?","?","?","E","M","E","T","?","R","$","R","?","R","B",null,"M","M","M","M","M","E"],"character_chosen":"BEAKED_THE_CULTIST","items_purchased":["jedi:matchstick","conspire:DeflatedDodgeball","CeramicFish","Chemical X","StuffTheSpire:MayFlowers","hubris:ToyBattleship","Onion Ring","Strength Potion"],"campfire_rested":3,"item_purchase_floors":[13,13,13,13,29,29,29,29],"current_hp_per_floor":[50,50,50,50,50,50,50,48,48,48,32,35,35,33,33,23,46,46,36,36,41,39,32,32,21,21,21,37,37,53,38,54,56,56,56,56,27,2,5,0,0],"gold":1384,"neow_bonus":"THREE_ENEMY_KILL","is_daily":false,"chose_seed":false,"campfire_upgraded":0,"win_rate":0.0,"timestamp":1609777158,"path_taken":["M","?","M","?","?","E","R","M","T","?","E","?","$","M","R","BOSS","M","M","?","?","?","E","M","E","T","?","R","$","R","?","R","BOSS","M","M","M","M","M","E"],"items_purchased_type":["Relic","Relic","Relic","Relic","Relic","Relic","Relic","Potion"],"build_version":"2020-12-22","purchased_purges":2,"victory":false,"max_hp_per_floor":[50,50,50,50,50,50,50,50,50,50,50,53,53,53,53,53,53,53,53,53,53,53,56,56,56,56,56,56,56,56,56,56,56,56,56,56,56,56,56,56,56],"card_choices":[{"not_picked":["beaked:SacrificialDive+1","beaked:StickSmack+1"],"picked":"beaked:RitualOfBody+1","floor":1},{"not_picked":["beaked:Insight+1","beaked:Resilience+1"],"picked":"beaked:Foresight+1","floor":3},{"not_picked":["beaked:Flinch+1","beaked:DigDeep+1"],"picked":"beaked:BraceForImpact+1","floor":5},{"not_picked":["beaked:Redirect+1","beaked:MimicWarrior+1"],"picked":"beaked:Evade+1","floor":6},{"not_picked":["beaked:Poke+1","beaked:Cower+1","beaked:RuinSticks+1"],"picked":"SKIP","floor":8},{"not_picked":["beaked:StickSmack+1","beaked:Brainwash+1","beaked:Pecker+1"],"picked":"SKIP","floor":11},{"not_picked":["ReplayTheSpireMod:Prepare the Ceremony+1","beaked:Poke+1"],"picked":"beaked:Brace+1","floor":14},{"not_picked":["beaked:WildInstinct+1","beaked:LiftOff+1"],"picked":"beaked:ScreechingChant+1","floor":16},{"not_picked":["beaked:Windmill+1"],"picked":"SKIP","floor":18},{"not_picked":["beaked:SurvivalInstinct+1"],"picked":"SKIP","floor":19},{"not_picked":["beaked:Poke+1"],"picked":"SKIP","floor":23},{"not_picked":["beaked:Replenish+1"],"picked":"SKIP","floor":24},{"not_picked":["beaked:SurvivalInstinct+1"],"picked":"SKIP","floor":25},{"not_picked":[],"picked":"beaked:Caw+1","floor":33},{"not_picked":["beaked:Resilience+1"],"picked":"SKIP","floor":35},{"not_picked":["beaked:Mantra+1"],"picked":"SKIP","floor":36},{"not_picked":["beaked:FeelMyPain+1"],"picked":"SKIP","floor":37},{"not_picked":["beaked:Tweet+1"],"picked":"SKIP","floor":38},{"not_picked":["beaked:MachineEssence+1"],"picked":"SKIP","floor":39}],"player_experience":2567612,"relics_obtained":[{"floor":5,"key":"Simple Rune"},{"floor":6,"key":"trackpad:AdjectivePendant"},{"floor":9,"key":"Girya"},{"floor":11,"key":"Replay:Arrowhead"},{"floor":22,"key":"jedi:firstaidkit"},{"floor":25,"key":"halation:LettersToHer"},{"floor":26,"key":"halation:LettersToHer"}],"event_choices":[{"damage_healed":0,"gold_gain":0,"player_choice":"Simplicity","damage_taken":0,"max_hp_gain":0,"max_hp_loss":10,"event_name":"betterThird:BetterWriting","floor":0,"gold_loss":0},{"damage_healed":0,"gold_gain":50,"player_choice":"Take","damage_taken":0,"max_hp_gain":0,"max_hp_loss":0,"event_name":"Elementarium:StickySituation","floor":20,"gold_loss":0},{"damage_healed":0,"gold_gain":0,"player_choice":"Enter","damage_taken":0,"max_hp_gain":0,"max_hp_loss":0,"event_name":"Elementarium:OtherworldlyPassage","floor":22,"gold_loss":0}],"is_beta":false,"boss_relics":[{"not_picked":["Kintsugi","vexMod:NewClearReactor","hubris:HollowSoul"],"picked":"Busted Crown"},{"not_picked":["ReplayTheSpireMod:SealedPack","Astrolabe","Snecko Eye"],"picked":"hubris:Backtick"}],"items_purged_floors":[13,13],"is_endless":false,"potions_floor_spawned":[11,14,16,18,22,25,35],"killed_by":"Reptomancer","ascension_level":12}}