{"host":"9kp1xquhkkwhsiot","time":1609788747,"event":{"mods":["2.2 Compatiblity","AchievementEnabler","BaseMod","Better Note","Colored Map","Colored Powertips","Downfall","Highlight Path","Minty Spire (QoL Compilation)","Relic Stats","StSLib","Synergy Search"],"gold_per_floor":[99,110,120,138,238,248,248,248,90,90,90,106,106,106,119,217,217,142,153,172,57,57,76,103,103,103,103],"floor_reached":25,"playtime":2367,"items_purged":["Doubt","hexamod:Strike"],"score":193,"play_id":"0e061f95-4006-4f8a-8b2d-be544dc99036","local_time":"20210104203227","is_ascension_mode":false,"campfire_choices":[{"data":"hexamod:Float","floor":1.0,"key":"SMITH"},{"floor":11.0,"key":"REST"},{"floor":13.0,"key":"RECALL"},{"data":"hexamod:Incineration","floor":18,"key":"SMITH"}],"circlet_count":0,"master_deck":["hexamod:Strike","hexamod:Strike","hexamod:Strike","hexamod:Defend","hexamod:Defend","hexamod:Defend","hexamod:Defend","hexamod:Sear","hexamod:Float+1","Master of Strategy","hexamod:SwordOfDarkness","hexamod:PhantomCloak","hexamod:HauntingEcho","hexamod:SearingWound","hexamod:HeatMetal","hexamod:BurningTouch+1","hexamod:Sear","expansioncontent:SlimeTackle","hexamod:FastForward","hexamod:Incineration+1","hexamod:ExtraCrispy","hexamod:AdvancingGuard","hexamod:BurningTouch","hexamod:ApocalypticArmor","hexamod:Incineration"],"relics":["hexamod:SpiritBrand","downfall:GremlinSack","Bottled Lightning","downfall:ShatteredFragment","Snecko Eye","downfall:HeartBlessingRed","Toy Ornithopter"],"acts_visited":["Exordium","TheCity"],"potions_floor_usage":[21,25],"damage_taken":[{"damage":0.0,"enemies":"Small Slimes","floor":2.0,"turns":3.0},{"damage":0.0,"enemies":"Cultist","floor":3.0,"turns":3.0},{"damage":0.0,"enemies":"Jaw Worm","floor":4.0,"turns":3.0},{"damage":26.0,"enemies":"Jaw Worm","floor":5.0,"turns":5.0},{"damage":13.0,"enemies":"Exordium Wildlife","floor":6.0,"turns":5.0},{"damage":0.0,"enemies":"downfall:FleeingMerchant","floor":9.0,"turns":4.0},{"damage":0.0,"enemies":"2 Fungi Beasts","floor":12.0,"turns":3.0},{"damage":0.0,"enemies":"3 Louse","floor":15.0,"turns":3.0},{"damage":24.0,"enemies":"downfall:Silent","floor":16.0,"turns":6.0},{"damage":1,"enemies":"Shell Parasite","floor":19,"turns":3},{"damage":0,"enemies":"Snecko","floor":20,"turns":3},{"damage":9,"enemies":"downfall:FleeingMerchant","floor":21,"turns":4},{"damage":12,"enemies":"Shelled Parasite and Fungi","floor":23,"turns":3},{"damage":51,"enemies":"Slavers","floor":25,"turns":2}],"seed_played":"2544202911149779840","potions_obtained":[{"floor":2.0,"key":"Regen Potion"},{"floor":5.0,"key":"Swift Potion"},{"floor":6.0,"key":"SteroidPotion"},{"floor":20,"key":"sneckomod:MuddlingPotion"}],"is_trial":false,"path_per_floor":["R","M","M","M","?","M","T","?","$","?","R","M","R","?","M","B",null,"R","M","M","$","?","M","T","E"],"character_chosen":"THE_SPIRIT","items_purchased":["hexamod:ExtraCrispy"],"campfire_rested":1,"item_purchase_floors":[9],"current_hp_per_floor":[63,63,63,63,37,24,24,3,3,3,21,21,21,21,21,12,63,63,62,62,53,53,41,41,0,0,0],"gold":103,"neow_bonus":"RANDOM_COLORLESS_2","is_daily":false,"chose_seed":false,"campfire_upgraded":2,"win_rate":0.0,"timestamp":1609788747,"path_taken":["R","M","M","M","?","?","T","?","?","?","R","M","R","?","M","BOSS","R","M","M","$","?","M","T","E"],"items_purchased_type":["Card"],"build_version":"2020-12-22","purchased_purges":2,"victory":false,"max_hp_per_floor":[63,63,63,63,63,63,63,63,63,63,63,63,63,63,63,63,63,63,63,63,63,63,63,63,63,63,63],"relic_stats":{"counters":[14,50],"Snecko Eye":[28,36,25,27],"obtain_stats":[{"downfall:ShatteredFragment":8,"downfall:GremlinSack":5,"downfall:HeartBlessingRed":18,"Snecko Eye":17,"Bottled Lightning":7,"hexamod:SpiritBrand":0,"Toy Ornithopter":24},{"downfall:ShatteredFragment":5,"downfall:GremlinSack":4,"downfall:HeartBlessingRed":9,"Snecko Eye":9,"Bottled Lightning":5,"hexamod:SpiritBrand":0,"Toy Ornithopter":13},{"downfall:ShatteredFragment":19,"downfall:GremlinSack":14,"downfall:HeartBlessingRed":35,"Snecko Eye":35,"Bottled Lightning":19,"hexamod:SpiritBrand":0,"Toy Ornithopter":48}],"Toy Ornithopter":5},"card_choices":[{"not_picked":["Transmutation","Secret Technique"],"picked":"Master of Strategy","floor":0.0},{"not_picked":["hexamod:InspiringFlames","hexamod:HeatCrush"],"picked":"hexamod:SwordOfDarkness","floor":2.0},{"not_picked":["hexamod:FlamesFromBeyond","hexamod:RecurringNightmare"],"picked":"hexamod:PhantomCloak","floor":3.0},{"not_picked":["hexamod:Hexaguard","hexamod:GhostLash","hexamod:ShieldOfDarkness"],"picked":"SKIP","floor":4.0},{"not_picked":["hexamod:GhostOfSpirePast","hexamod:GhostLash"],"picked":"hexamod:HauntingEcho","floor":5.0},{"not_picked":["hexamod:ThermalTransfer","hexamod:SkipABeat"],"picked":"hexamod:FastForward","floor":6.0},{"not_picked":["hexamod:AdvancingGuard","hexamod:UnlimitedPower"],"picked":"hexamod:Incineration","floor":9.0},{"not_picked":["hexamod:ThermalTransfer","hexamod:Hexaguard"],"picked":"hexamod:AdvancingGuard","floor":12.0},{"not_picked":["hexamod:Hexaguard","hexamod:Firestarter"],"picked":"hexamod:BurningTouch","floor":15.0},{"not_picked":["hexamod:SearingWound","hexamod:TurnItUp"],"picked":"hexamod:ApocalypticArmor","floor":16.0},{"not_picked":["hexamod:ThermalTransfer+1","hexamod:GhostShield+1","hexamod:BurningTouch"],"picked":"SKIP","floor":19},{"not_picked":["hexamod:NightmareStrike","hexamod:InspiringFlames","hexamod:SpectersWail"],"picked":"SKIP","floor":20},{"not_picked":["hexamod:HauntingEcho+1","hexamod:GhostLash+1"],"picked":"hexamod:Incineration","floor":21},{"not_picked":["hexamod:PhantomCloak","hexamod:ThirdSeal","hexamod:Haunt"],"picked":"SKIP","floor":23}],"player_experience":585905,"relics_obtained":[{"floor":5.0,"key":"downfall:GremlinSack"},{"floor":7.0,"key":"Bottled Lightning"},{"floor":24,"key":"Toy Ornithopter"}],"event_choices":[{"damage_healed":0.0,"max_hp_gain":0.0,"max_hp_loss":0.0,"gold_gain":0.0,"event_name":"Living Wall","player_choice":"Grow","floor":10.0,"gold_loss":0.0,"damage_taken":0.0,"cards_upgraded":["hexamod:BurningTouch"]},{"cards_removed":["hexamod:Strike"],"damage_healed":0,"gold_gain":0,"player_choice":"Give","damage_taken":0,"max_hp_gain":0,"max_hp_loss":0,"event_name":"betterNote:BetterNote","floor":22,"gold_loss":0,"cards_obtained":["None"]}],"is_beta":false,"boss_relics":[{"not_picked":["SacredBark","Runic Dome"],"picked":"Snecko Eye"}],"items_purged_floors":[9,21],"is_endless":false,"potions_floor_spawned":[2,5,6,20],"killed_by":"Slavers","ascension_level":0}}