{"host":"dj5tg9a1cc241eiq","time":1609761334,"event":{"mods":["AchievementEnabler","BaseMod","Minty Spire (QoL Compilation)","StSLib","Uncapped"],"gold_per_floor":[112,123,134,154,154,181,181,193,193,211,211,8,20,33,33,134,134,152,152,165,13,13,41,56,56,56,56,56,56,56,72,72,167,167,178,194,194,212,24,58,72,72,72,0,14,84,136,136,136,136,136],"floor_reached":50,"playtime":4336,"items_purged":[],"score":519,"play_id":"9d46d580-d9ae-4c59-80ec-9e573ce902d9","local_time":"20210104115534","is_ascension_mode":false,"campfire_choices":[{"floor":7,"key":"REST"},{"floor":15,"key":"REST"},{"floor":25,"key":"REST"},{"floor":27,"key":"REST"},{"floor":30,"key":"REST"},{"data":"Rage","floor":32,"key":"SMITH"},{"floor":42,"key":"REST"},{"floor":49,"key":"REST"}],"circlet_count":0,"master_deck":["Strike_R+1","Strike_R+1","Strike_R+1","Strike_R+1","Strike_R+1","Defend_R+1","Defend_R+1","Defend_R+1","Defend_R+1","Bash+1","Good Instincts","Twin Strike+1","Shrug It Off","Thunderclap","Heavy Blade","Inflame","Shrug It Off","Sword Boomerang","Perfected Strike","Inflame","Demon Form","Shockwave","Anger+1","Rage+1","Flame Barrier+1","Shrug It Off+1","Doubt","Metallicize","Double Tap","Perfected Strike","Flex+1","Sword Boomerang+1","Rampage","Flex","Battle Trance+1","Parasite","Dropkick+1","Cleave","Inflame+1","Writhe","Flex"],"relics":["Burning Blood","Orichalcum","Red Skull","HandDrill","Cursed Key","Pen Nib","Blood Vial","Matryoshka","Enchiridion","Runic Pyramid","Toolbox","Shuriken","Ice Cream","Happy Flower","Red Mask","Gambling Chip","Torii","Mercury Hourglass","Dream Catcher"],"acts_visited":["Exordium","TheCity","TheBeyond"],"potions_floor_usage":[33,33],"damage_taken":[{"damage":1,"enemies":"Cultist","floor":1,"turns":4},{"damage":0,"enemies":"Jaw Worm","floor":2,"turns":3},{"damage":0,"enemies":"Small Slimes","floor":3,"turns":3},{"damage":7,"enemies":"3 Louse","floor":4,"turns":3},{"damage":41,"enemies":"Lagavulin","floor":6,"turns":6},{"damage":5,"enemies":"2 Fungi Beasts","floor":8,"turns":4},{"damage":5,"enemies":"Large Slime","floor":10,"turns":6},{"damage":13,"enemies":"3 Louse","floor":13,"turns":3},{"damage":0,"enemies":"Gremlin Gang","floor":14,"turns":4},{"damage":22,"enemies":"Slime Boss","floor":16,"turns":5},{"damage":19,"enemies":"Spheric Guardian","floor":18,"turns":4},{"damage":1,"enemies":"Shell Parasite","floor":20,"turns":3},{"damage":29,"enemies":"Slavers","floor":23,"turns":5},{"damage":19,"enemies":"Snake Plant","floor":24,"turns":3},{"damage":0,"enemies":"Chosen and Byrds","floor":31,"turns":5},{"damage":75,"enemies":"Collector","floor":33,"turns":9},{"damage":34,"enemies":"3 Shapes","floor":35,"turns":5},{"damage":35,"enemies":"3 Darklings","floor":36,"turns":6},{"damage":16,"enemies":"Maw","floor":38,"turns":7},{"damage":3,"enemies":"Reptomancer","floor":40,"turns":2},{"damage":12,"enemies":"Spire Growth","floor":41,"turns":3},{"damage":9,"enemies":"Writhing Mass","floor":45,"turns":3},{"damage":15,"enemies":"Mind Bloom Boss Battle","floor":46,"turns":4},{"damage":31,"enemies":"2 Orb Walkers","floor":47,"turns":4},{"damage":49,"enemies":"Donu and Deca","floor":50,"turns":4}],"seed_played":"7732271292351149272","potions_obtained":[{"floor":2,"key":"HeartOfIron"},{"floor":3,"key":"SpeedPotion"},{"floor":14,"key":"LiquidMemories"},{"floor":33,"key":"PowerPotion"},{"floor":36,"key":"ElixirPotion"}],"is_trial":false,"path_per_floor":["M","M","M","M","?","E","R","M","T","M","?","$","M","M","R","B",null,"M","?","M","$","?","E","M","R","T","R","?","?","R","M","R","B",null,"M","M","?","M","$","E","M","R","T","?","M","?","?","T","R","B"],"character_chosen":"IRONCLAD","items_purchased":["HandDrill","Flex","Pen Nib","Toolbox","Rampage"],"campfire_rested":7,"item_purchase_floors":[12,12,21,39,39],"current_hp_per_floor":[80,80,80,79,63,28,52,53,53,54,54,54,47,53,77,61,80,67,52,57,57,57,34,23,48,48,73,73,57,82,85,85,16,85,57,30,30,22,22,27,23,48,48,48,47,40,17,17,42,0,0],"gold":136,"neow_bonus":"RANDOM_COLORLESS","is_daily":false,"chose_seed":false,"campfire_upgraded":1,"win_rate":0.0,"timestamp":1609761334,"path_taken":["M","M","M","M","?","E","R","M","T","M","?","$","M","M","R","BOSS","M","?","M","$","?","E","M","R","T","R","?","?","R","M","R","BOSS","M","M","?","M","$","E","M","R","T","?","M","?","?","?","R","BOSS"],"items_purchased_type":["Relic","Card","Relic","Relic","Card"],"build_version":"2020-12-22","purchased_purges":0,"victory":false,"max_hp_per_floor":[80,80,80,80,80,80,80,80,80,80,80,80,80,80,80,80,80,80,85,85,85,85,85,85,85,85,85,85,85,85,85,85,85,85,85,85,85,85,85,85,85,85,85,85,85,85,85,85,85,85,85],"card_choices":[{"not_picked":["Deep Breath","Trip"],"picked":"Good Instincts","floor":0},{"not_picked":["Fire Breathing","Pommel Strike"],"picked":"Twin Strike","floor":1},{"not_picked":["Clash","Anger"],"picked":"Shrug It Off","floor":2},{"not_picked":["Clothesline","Warcry"],"picked":"Thunderclap","floor":3},{"not_picked":["Reckless Charge","Flex"],"picked":"Heavy Blade","floor":4},{"not_picked":["Clothesline","Second Wind"],"picked":"Inflame","floor":6},{"not_picked":["True Grit","Brutality"],"picked":"Shrug It Off","floor":8},{"not_picked":["Bloodletting","Sever Soul"],"picked":"Sword Boomerang","floor":10},{"not_picked":["Dark Embrace","Shrug It Off"],"picked":"Perfected Strike","floor":13},{"not_picked":["Perfected Strike","Pommel Strike"],"picked":"Inflame","floor":14},{"not_picked":["Corruption","Berserk"],"picked":"Demon Form","floor":16},{"not_picked":["Twin Strike","Headbutt"],"picked":"Shockwave","floor":18},{"not_picked":["Iron Wave","Shrug It Off"],"picked":"Anger+1","floor":20},{"not_picked":["Body Slam+1","Warcry+1"],"picked":"Flame Barrier+1","floor":23},{"not_picked":["Twin Strike","Clash+1"],"picked":"Shrug It Off+1","floor":24},{"not_picked":["Heavy Blade","Corruption"],"picked":"Metallicize","floor":31},{"not_picked":["Corruption","Brutality"],"picked":"Double Tap","floor":33},{"not_picked":["Clash+1","Headbutt"],"picked":"Perfected Strike","floor":35},{"not_picked":["Twin Strike","Warcry+1"],"picked":"Flex+1","floor":36},{"not_picked":["Thunderclap+1","Clash"],"picked":"Sword Boomerang+1","floor":38},{"not_picked":["Perfected Strike","True Grit+1"],"picked":"Flex","floor":40},{"not_picked":["Iron Wave","Bludgeon"],"picked":"Battle Trance+1","floor":41},{"not_picked":["Headbutt+1","Anger"],"picked":"Dropkick+1","floor":45},{"not_picked":["Sever Soul","Clothesline"],"picked":"Cleave","floor":46},{"not_picked":["Perfected Strike+1","Anger+1"],"picked":"Inflame+1","floor":47},{"not_picked":["Reckless Charge+1","Fire Breathing+1"],"picked":"Flex","floor":49}],"player_experience":9503,"relics_obtained":[{"floor":6,"key":"Orichalcum"},{"floor":9,"key":"Red Skull"},{"floor":23,"key":"Blood Vial"},{"floor":26,"key":"Matryoshka"},{"floor":29,"key":"Enchiridion"},{"floor":40,"key":"Shuriken"},{"floor":43,"key":"Ice Cream"},{"floor":43,"key":"Happy Flower"},{"floor":46,"key":"Gambling Chip"},{"floor":47,"key":"Torii"},{"floor":48,"key":"Mercury Hourglass"},{"floor":48,"key":"Dream Catcher"}],"event_choices":[{"damage_healed":0,"gold_gain":0,"player_choice":"Entered Light","damage_taken":16,"max_hp_gain":0,"max_hp_loss":0,"event_name":"Shining Light","floor":5,"gold_loss":0,"cards_upgraded":["Bash","Strike_R"]},{"damage_healed":0,"gold_gain":0,"player_choice":"Grow","damage_taken":0,"max_hp_gain":0,"max_hp_loss":0,"event_name":"Living Wall","floor":11,"gold_loss":0,"cards_upgraded":["Twin Strike"]},{"damage_healed":0,"gold_gain":0,"player_choice":"Shed Blood","damage_taken":20,"max_hp_gain":5,"max_hp_loss":0,"event_name":"Forgotten Altar","floor":19,"gold_loss":0},{"damage_healed":0,"gold_gain":0,"player_choice":"Read","damage_taken":0,"max_hp_gain":0,"max_hp_loss":0,"event_name":"The Library","floor":22,"gold_loss":0,"cards_obtained":["Rage"]},{"damage_healed":0,"gold_gain":0,"player_choice":"Simplicity","damage_taken":0,"max_hp_gain":0,"max_hp_loss":0,"event_name":"Back to Basics","floor":28,"gold_loss":0,"cards_upgraded":["Strike_R","Strike_R","Strike_R","Strike_R","Defend_R","Defend_R","Defend_R","Defend_R"]},{"damage_healed":0,"gold_gain":0,"player_choice":"Obtained Book","damage_taken":16,"max_hp_gain":0,"max_hp_loss":0,"event_name":"Cursed Tome","floor":29,"gold_loss":0},{"cards_removed":["Flex"],"damage_healed":0,"gold_gain":0,"player_choice":"Removed Skill","damage_taken":0,"max_hp_gain":0,"max_hp_loss":0,"event_name":"Falling","floor":37,"gold_loss":0},{"damage_healed":0,"gold_gain":0,"player_choice":"Paid","damage_taken":0,"relics_obtained":["Red Mask"],"max_hp_gain":0,"max_hp_loss":0,"event_name":"Tomb of Lord Red Mask","floor":44,"gold_loss":72},{"damage_healed":0,"gold_gain":0,"player_choice":"Fight","damage_taken":0,"max_hp_gain":0,"max_hp_loss":0,"event_name":"MindBloom","floor":46,"gold_loss":0},{"damage_healed":0,"gold_gain":0,"player_choice":"Fight","damage_taken":0,"max_hp_gain":0,"max_hp_loss":0,"event_name":"Mysterious Sphere","floor":47,"gold_loss":0}],"is_beta":false,"boss_relics":[{"not_picked":["Calling Bell","SacredBark"],"picked":"Cursed Key"},{"not_picked":["Philosopher\u0027s Stone","Velvet Choker"],"picked":"Runic Pyramid"}],"items_purged_floors":[],"is_endless":false,"potions_floor_spawned":[2,3,14,16,20,24,33,36,38,40],"killed_by":"Donu and Deca","ascension_level":0}}