{"host":"5fq8bvq52z1dc26y","time":1609783949,"event":{"mods":["AchievementEnabler","BaseMod","Downfall","Minty Spire (QoL Compilation)","Quick Restart","Replay The Spire","StSLib","Synergy Search"],"gold_per_floor":[181,199,218,237,512,512,512,523,555,569,582,582,582,594,614,711,711,711,729,744,759,759,772,772,787,787,787,787,799,799,799,625,635,653,753,753,753,773,789,842,861,861,908,922,922,922,936,936,948,964,975,975],"floor_reached":53,"playtime":6529,"items_purged":[],"score":722,"play_id":"cfdad572-d2b3-4b6a-81fc-d90d51d70d63","local_time":"20210104191229","is_ascension_mode":false,"campfire_choices":[{"data":"Guardian:PiercingHide","floor":6,"key":"SMITH"},{"floor":13,"key":"REST"},{"data":"Guardian:DecasProtection","floor":18,"key":"SMITH"},{"data":"Guardian:DecasProtection","floor":28,"key":"SMITH"},{"floor":30,"key":"REST"},{"data":"Guardian:PiercingHide","floor":37,"key":"SMITH"},{"data":"Guardian:ArmoredProtocol","floor":48,"key":"SMITH"}],"circlet_count":0,"master_deck":["Guardian:Strike_Guardian","Guardian:Strike_Guardian","Guardian:Strike_Guardian","Guardian:Strike_Guardian","Guardian:Defend_Guardian","Guardian:Defend_Guardian","Guardian:Defend_Guardian","Guardian:Defend_Guardian","Guardian:CurlUp","Guardian:TwinSlam","Guardian:PiercingHide+1","Pot Of Greed","Pot Of Greed","Guardian:DecasProtection+1","Guardian:Suspension","Guardian:PiercingHide+1","Guardian:DecasProtection+1","Guardian:RevengeProtocol","Guardian:TemporalShield+1","Guardian:TemporalShield","Guardian:Gem_Fragmented","Pot Of Greed","Guardian:Gem_White","Guardian:Planning","Guardian:DecasProtection+1","Guardian:ArmoredProtocol+1","Guardian:AncientConstruct","Guardian:PrismaticBarrier","Doubt"],"relics":["Guardian:ModeShifter","Grinning Jar","Boot","Spirit Poop","Painkiller Herb","Replay:Mystery Machine","Replay:Bronze Core","Orichalcum","Singing Bowl"],"acts_visited":["Exordium","TheCity","TheBeyond"],"potions_floor_usage":[23,25,47,50,50,52,52],"damage_taken":[{"damage":1,"enemies":"Cultist","floor":2,"turns":4},{"damage":0,"enemies":"Small Slimes","floor":3,"turns":4},{"damage":0,"enemies":"2 Louse","floor":4,"turns":4},{"damage":12,"enemies":"Gremlin Gang","floor":8,"turns":9},{"damage":52,"enemies":"3 Sentries","floor":9,"turns":10},{"damage":9,"enemies":"Exordium Wildlife","floor":10,"turns":8},{"damage":5,"enemies":"Exordium Thugs","floor":11,"turns":5},{"damage":0,"enemies":"2 Fungi Beasts","floor":14,"turns":4},{"damage":4,"enemies":"3 Louse","floor":15,"turns":3},{"damage":6,"enemies":"downfall:Watcher","floor":16,"turns":10},{"damage":0,"enemies":"Spheric Guardian","floor":19,"turns":4},{"damage":4,"enemies":"Snake Plant","floor":20,"turns":4},{"damage":0,"enemies":"Shelled Parasite and Fungi","floor":21,"turns":5},{"damage":25,"enemies":"Cultist and Chosen","floor":23,"turns":7},{"damage":11,"enemies":"Snecko","floor":25,"turns":8},{"damage":0,"enemies":"Snake Plant","floor":29,"turns":4},{"damage":0,"enemies":"downfall:FleeingMerchant","floor":32,"turns":4},{"damage":0,"enemies":"3 Cultists","floor":33,"turns":4},{"damage":3,"enemies":"Snecko","floor":34,"turns":9},{"damage":0,"enemies":"downfall:Silent","floor":35,"turns":8},{"damage":0,"enemies":"3 Darklings","floor":38,"turns":7},{"damage":14,"enemies":"3 Shapes","floor":39,"turns":7},{"damage":4,"enemies":"Jaw Worm Horde","floor":41,"turns":6},{"damage":8,"enemies":"4 Shapes","floor":44,"turns":8},{"damage":4,"enemies":"Maw","floor":47,"turns":8},{"damage":0,"enemies":"3 Darklings","floor":49,"turns":5},{"damage":8,"enemies":"Transient","floor":50,"turns":5},{"damage":0,"enemies":"Maw","floor":51,"turns":10},{"damage":29,"enemies":"downfall:Ironclad","floor":52,"turns":15}],"seed_played":"2155506230356911448","potions_obtained":[{"floor":4,"key":"Dexterity Potion"},{"floor":8,"key":"SpeedPotion"},{"floor":14,"key":"Ancient Potion"},{"floor":23,"key":"Guardian:BlockOnCardUsePotion"},{"floor":29,"key":"Guardian:BlockOnCardUsePotion"},{"floor":50,"key":"Explosive Potion"},{"floor":51,"key":"Ancient Potion"}],"is_trial":false,"path_per_floor":["R","M","M","M","?","R","T","M","E","M","M","?","R","M","M","B",null,"T","?","?","?","?","?","T","?","PTL","PTL","T","?","T","?","T","?","?","B",null,"T","?","?","?","?","?","T","?","?","T","?","T","?","?","?","B",null],"character_chosen":"GUARDIAN","items_purchased":["Guardian:AncientConstruct"],"campfire_rested":2,"item_purchase_floors":[32],"current_hp_per_floor":[88,87,87,87,87,87,87,75,23,14,9,9,35,35,31,25,88,88,88,84,84,84,59,59,48,48,48,48,48,74,74,74,74,71,71,88,88,88,74,39,35,35,35,27,88,88,86,86,88,82,84,55],"gold":975,"neow_bonus":"TEN_PERCENT_HP_BONUS","is_daily":false,"chose_seed":false,"campfire_upgraded":5,"win_rate":0.0,"timestamp":1609783949,"path_taken":["R","M","M","M","?","R","T","M","E","?","M","?","R","?","M","BOSS","T","?","?","?","?","?","T","?","PTL","PTL","T","?","T","?","?","?","?","BOSS","T","?","?","?","?","?","T","?","?","?","?","T","?","?","?","BOSS"],"items_purchased_type":["Card"],"build_version":"2020-12-22","purchased_purges":0,"victory":true,"max_hp_per_floor":[88,88,88,88,88,88,88,88,88,88,88,88,88,88,88,88,88,88,88,88,88,88,88,88,88,88,88,88,88,88,88,88,88,88,88,88,88,88,88,88,88,88,88,88,88,88,90,90,92,94,96,96],"card_choices":[{"not_picked":["Guardian:Suspension","Guardian:Gem_White"],"picked":"Guardian:Gem_Green","floor":2},{"not_picked":["Guardian:VentSteam","Guardian:Planning"],"picked":"Guardian:Gem_Red","floor":3},{"not_picked":["Guardian:TemporalStrike","Guardian:Reroute"],"picked":"Guardian:PiercingHide","floor":4},{"not_picked":["Guardian:PiercingHide","Guardian:Incinerate"],"picked":"Guardian:Gem_Red","floor":8},{"not_picked":["Guardian:ExploitGems","Guardian:VentSteam"],"picked":"Guardian:DecasProtection","floor":9},{"not_picked":["Guardian:PrismaticBeam","Guardian:GuardianWhirl"],"picked":"Guardian:Gem_Green","floor":10},{"not_picked":["Guardian:Recover","Guardian:Gem_Cyan"],"picked":"Guardian:Suspension","floor":11},{"not_picked":["Guardian:Gem_Cyan","Guardian:ShieldCharger"],"picked":"Guardian:PiercingHide","floor":14},{"not_picked":["Guardian:VentSteam","Guardian:CrystalBeam"],"picked":"Guardian:DecasProtection","floor":15},{"not_picked":["Guardian:BaubleBeam","Guardian:TimeSifter"],"picked":"Guardian:RevengeProtocol","floor":16},{"not_picked":["Guardian:Repulse","Guardian:BronzeArmor"],"picked":"Guardian:TemporalShield+1","floor":19},{"not_picked":["Guardian:VentSteam","Guardian:Suspension"],"picked":"Guardian:Gem_Green","floor":20},{"not_picked":["Guardian:RollAttack","Guardian:ChargeCore"],"picked":"Guardian:TemporalShield","floor":21},{"not_picked":["Guardian:PrimingBeam","Guardian:BronzeOrb","Guardian:TemporalShield"],"picked":"SKIP","floor":23},{"not_picked":["Guardian:WalkerClaw","Guardian:Gem_Fragmented"],"picked":"Guardian:Gem_White","floor":25},{"not_picked":["Guardian:Gem_Lightblue","Guardian:TimeBomb"],"picked":"Guardian:Planning","floor":29},{"not_picked":["Guardian:TemporalStrike","Guardian:CrystalBeam+1"],"picked":"Guardian:ArmoredProtocol","floor":32},{"not_picked":["Guardian:Gem_Fragmented","Guardian:ConstructionForm"],"picked":"Guardian:Gem_Lightblue","floor":33},{"not_picked":["Guardian:Gem_Cyan","Guardian:RollAttack","Guardian:RefractedBeam"],"picked":"SKIP","floor":34},{"not_picked":["Guardian:Recover","Guardian:Gem_Purple"],"picked":"Guardian:PrismaticBarrier","floor":38},{"not_picked":["Guardian:PrismaticBarrier+1","Guardian:TemporalStrike","Guardian:Suspension"],"picked":"SKIP","floor":39},{"not_picked":["Guardian:DecasProtection","Guardian:Suspension+1"],"picked":"Guardian:Gem_Red","floor":41},{"not_picked":["Guardian:ChargeUp+1","Guardian:SphericShield"],"picked":"Guardian:Gem_Green","floor":44},{"not_picked":["Guardian:PolyBeam","Guardian:MultiBeam+1","Guardian:ChargeCore+1"],"picked":"Singing Bowl","floor":47},{"not_picked":["Guardian:DecasProtection+1","Guardian:Recover+1","Guardian:VentSteam"],"picked":"Singing Bowl","floor":49},{"not_picked":["Guardian:AncientConstruct","Guardian:PrimingBeam","Guardian:SpikerProtocol+1"],"picked":"Singing Bowl","floor":50},{"not_picked":["Guardian:ChargeCore","Guardian:Gem_Fragmented","Guardian:Emergency+1"],"picked":"Singing Bowl","floor":51}],"player_experience":148214,"relics_obtained":[{"floor":7,"key":"Grinning Jar"},{"floor":9,"key":"Boot"},{"floor":24,"key":"Replay:Mystery Machine"},{"floor":43,"key":"Orichalcum"},{"floor":46,"key":"Singing Bowl"}],"event_choices":[{"cards_removed":["Regret"],"damage_healed":0,"gold_gain":0,"player_choice":"Offered Curse","damage_taken":0,"relics_obtained":["Spirit Poop"],"max_hp_gain":0,"max_hp_loss":0,"event_name":"Bonfire Elementals","floor":12,"gold_loss":0},{"damage_healed":0,"gold_gain":0,"player_choice":"Copied","damage_taken":0,"max_hp_gain":0,"max_hp_loss":0,"event_name":"Duplicator","floor":31,"gold_loss":0,"cards_obtained":["Guardian:DecasProtection"]},{"damage_healed":0,"gold_gain":0,"player_choice":"Ignored","damage_taken":0,"max_hp_gain":0,"max_hp_loss":0,"event_name":"Mysterious Sphere","floor":42,"gold_loss":0}],"is_beta":false,"boss_relics":[{"not_picked":["Runic Pyramid","Black Star"],"picked":"Painkiller Herb"},{"not_picked":["Runic Dome","ChewingGum"],"picked":"Replay:Bronze Core"}],"items_purged_floors":[],"is_endless":false,"potions_floor_spawned":[4,8,14,15,21,23,29,34,39,44,50,51],"ascension_level":0}}