{"host":"qm4rv4rkpk76sbxu","time":1609767410,"event":{"mods":["BaseMod","Bestiary","Block Reminder","Filter the Spire","Keyboard Shortcuts","Minty Spire (QoL Compilation)","MonsterHotkey","Potion Indicator Mod","Quick Restart","Relic Stats","Slay-I","StSLib","ojb\u0027s Better Paths Mod"],"gold_per_floor":[369,328,478,41,41,41,41],"floor_reached":6,"playtime":234,"items_purged":["Doubt"],"score":64,"play_id":"838475d4-adc2-48b3-963e-ea633c5ea2f6","local_time":"20210104143650","is_ascension_mode":true,"campfire_choices":[],"circlet_count":0,"master_deck":["AscendersBane","Strike_G","Strike_G","Strike_G","Strike_G","Strike_G","Defend_G","Defend_G","Defend_G","Defend_G","Defend_G","Survivor","Neutralize","Catalyst","Noxious Fumes","Well Laid Plans+1"],"relics":["Ring of the Snake","Frozen Egg 2","Strawberry"],"acts_visited":["Exordium"],"potions_floor_usage":[],"damage_taken":[{"damage":2.0,"enemies":"Jaw Worm","floor":1.0,"turns":7.0},{"damage":29,"enemies":"Lagavulin","floor":6,"turns":6}],"seed_played":"-2696621977453949894","potions_obtained":[],"is_trial":false,"path_per_floor":["M","$","?","$","?","E"],"character_chosen":"THE_SILENT","items_purchased":["Noxious Fumes","Frozen Egg 2","Well Laid Plans+1"],"campfire_rested":0,"item_purchase_floors":[2,4,4],"current_hp_per_floor":[42,42,42,42,14,0,0],"gold":41,"neow_bonus":"TWO_FIFTY_GOLD","is_daily":false,"chose_seed":false,"campfire_upgraded":0,"win_rate":0.0,"timestamp":1609767410,"path_taken":["M","$","?","$","?","E"],"items_purchased_type":["Card","Relic","Card"],"build_version":"2020-12-22","purchased_purges":1,"victory":false,"max_hp_per_floor":[66,66,66,66,73,73,73],"relic_stats":{"counters":[2,13],"obtain_stats":[{"Strawberry":5,"Frozen Egg 2":4,"Ring of the Snake":0},{"Strawberry":1,"Frozen Egg 2":1,"Ring of the Snake":0},{"Strawberry":7,"Frozen Egg 2":7,"Ring of the Snake":0}],"Ring of the Snake":[4]},"card_choices":[{"not_picked":["Slice","Dodge and Roll"],"picked":"Catalyst","floor":1.0}],"player_experience":1208032,"relics_obtained":[],"event_choices":[{"damage_healed":0.0,"max_hp_gain":0.0,"max_hp_loss":0.0,"gold_gain":150.0,"event_name":"Liars Game","player_choice":"AGREE","floor":3.0,"gold_loss":0.0,"damage_taken":0.0,"cards_obtained":["Doubt"]},{"damage_healed":0.0,"max_hp_gain":0.0,"max_hp_loss":0.0,"gold_gain":0.0,"event_name":"Scrap Ooze","player_choice":"Success","floor":5.0,"gold_loss":0.0,"damage_taken":35.0,"relics_obtained":["Strawberry"]}],"is_beta":false,"boss_relics":[],"items_purged_floors":[4],"is_endless":false,"potions_floor_spawned":[],"killed_by":"Lagavulin","ascension_level":20}}