{"host":"662n7794wuevbd4i","time":1609763692,"event":{"mods":["BaseMod","KOR Keyword Fix","Minty Spire (QoL Compilation)","StSLib","The Cursed","The Dragon Tamer","The Hierophant","The Poker Player"],"gold_per_floor":[410,265,265,440,54,54,79,79,79,89,122,122,9,9,9,107,107,121,131,6,21,31,31,46,46,46,46],"floor_reached":25,"playtime":1087,"items_purged":["DTMod:DoubleHit","Doubt","Regret"],"score":199,"play_id":"a5d209fe-53ae-4f17-8ab9-9ea6e9c050c3","local_time":"20210104213452","is_ascension_mode":false,"metric_token":543,"campfire_choices":[{"data":"DTMod:CrossStep","floor":6,"key":"SMITH"},{"data":"DTMod:Training","floor":8,"key":"SMITH"},{"data":"DTMod:InvisibleFlame","floor":15,"key":"SMITH"},{"floor":23,"key":"REST"}],"dtmod_dragon_data":[50,50,3,-1,2,0],"circlet_count":0,"master_deck":["DTMod:Strike","DTMod:Strike","DTMod:Strike","DTMod:Strike","DTMod:TargetDefense","DTMod:TargetDefense","DTMod:TargetDefense","DTMod:SwitchingTactic","DTMod:TagTeam","DTMod:CrossStep+1","DTMod:Training+1","DTMod:InvisibleFlame+1","DTMod:SneakAttack","DTMod:Harmonize","DTMod:Feint","DTMod:Conduct"],"relics":["DTMod:PactStone","Old Coin","DTMod:DragonFood","Juzu Bracelet","Strawberry","Bottled Tornado","SacredBark"],"acts_visited":["Exordium","TheCity"],"potions_floor_usage":[19],"damage_taken":[{"damage":0,"enemies":"Small Slimes","floor":1,"turns":3},{"damage":0,"enemies":"Jaw Worm","floor":10,"turns":5},{"damage":18,"enemies":"3 Sentries","floor":11,"turns":12},{"damage":25,"enemies":"Hexaghost","floor":16,"turns":11},{"damage":32,"enemies":"2 Thieves","floor":18,"turns":5},{"damage":3,"enemies":"Shell Parasite","floor":19,"turns":4},{"damage":0,"enemies":"Snake Plant","floor":21,"turns":5},{"damage":15,"enemies":"Snecko","floor":22,"turns":9},{"damage":14,"enemies":"Centurion and Healer","floor":24,"turns":6},{"damage":8,"enemies":"Book of Stabbing","floor":25,"turns":2}],"seed_played":"-4840802722870873911","potions_obtained":[{"floor":10,"key":"FairyPotion"},{"floor":18,"key":"GamblersBrew"},{"floor":21,"key":"BlessingOfTheForge"},{"floor":22,"key":"Energy Potion"}],"is_trial":false,"path_per_floor":["M","$","?","?","$","R","T","R","T","M","E","?","$","$","R","B",null,"M","M","$","M","M","R","M","E"],"character_chosen":"THE_DT","items_purchased":["DTMod:CrossStep","DTMod:Training","DTMod:DragonFood","DTMod:InvisibleFlame","DTMod:SneakAttack"],"campfire_rested":1,"item_purchase_floors":[2,5,5,13,13],"current_hp_per_floor":[33,33,26,26,26,26,26,26,33,33,15,15,15,15,15,7,52,20,17,17,17,2,17,3,0,0,0],"gold":46,"neow_bonus":"ONE_RARE_RELIC","is_daily":false,"chose_seed":false,"campfire_upgraded":3,"win_rate":0.0,"timestamp":1609763692,"path_taken":["M","$","?","?","?","R","?","R","T","M","E","?","?","$","R","BOSS","M","M","?","M","M","R","M","E"],"items_purchased_type":["Card","Card","Relic","Card","Card"],"build_version":"2020-12-22","purchased_purges":3,"victory":false,"max_hp_per_floor":[45,45,45,45,45,45,45,45,52,52,52,52,52,52,52,52,52,52,52,52,52,52,52,52,52,52,52],"card_choices":[{"not_picked":["DTMod:HeatWave","DTMod:Coolant"],"picked":"DTMod:TagTeam","floor":1},{"not_picked":["DTMod:ForkedFire","DTMod:DeepFocus","DTMod:Threaten"],"picked":"SKIP","floor":10},{"not_picked":["DTMod:Punisher","DTMod:BlazingStrike","DTMod:MasterPlan"],"picked":"SKIP","floor":11},{"not_picked":["DTMod:Outburst","DTMod:Safeguard"],"picked":"DTMod:Harmonize","floor":16},{"not_picked":["DTMod:ForkedFire","DTMod:ShieldDrain","DTMod:Overwhelm"],"picked":"SKIP","floor":18},{"not_picked":["DTMod:BizarreTactic","DTMod:Punisher"],"picked":"DTMod:Feint","floor":19},{"not_picked":["DTMod:CleansingStrike","DTMod:DeepFocus","DTMod:BlazingStrike"],"picked":"SKIP","floor":21},{"not_picked":["DTMod:ForkedFire+1","DTMod:BuildUp+1"],"picked":"DTMod:Conduct","floor":22},{"not_picked":["DTMod:FlameSlash+1","DTMod:CalculatedDefense","DTMod:HeatWave"],"picked":"SKIP","floor":24}],"player_experience":128393,"relics_obtained":[{"floor":7,"key":"Juzu Bracelet"},{"floor":9,"key":"Strawberry"},{"floor":11,"key":"Bottled Tornado"}],"event_choices":[{"cards_removed":["DTMod:TargetDefense"],"damage_healed":0,"gold_gain":0,"player_choice":"Card Removal","damage_taken":7,"max_hp_gain":0,"max_hp_loss":0,"event_name":"Golden Wing","floor":3,"gold_loss":0},{"damage_healed":0,"gold_gain":175,"player_choice":"AGREE","damage_taken":0,"max_hp_gain":0,"max_hp_loss":0,"event_name":"Liars Game","floor":4,"gold_loss":0,"cards_obtained":["Doubt"]},{"damage_healed":0,"gold_gain":0,"player_choice":"1 cards matched","damage_taken":0,"max_hp_gain":0,"max_hp_loss":0,"event_name":"Match and Keep!","floor":12,"gold_loss":0,"cards_obtained":["Regret"]}],"is_beta":false,"boss_relics":[{"not_picked":["Cursed Key","Coffee Dripper"],"picked":"SacredBark"}],"items_purged_floors":[2,5,20],"is_endless":false,"potions_floor_spawned":[10,18,21,22],"killed_by":"Book of Stabbing","ascension_level":0}}