{"host":"6ilae7ewjeys3uzr","time":1609788137,"event":{"mods":["AchievementEnabler","BaseMod","Hermit","Marisa????????","Minty Spire (QoL Compilation)","Quick Restart","StSLib","The Cursed","The Servant 0.9.4"],"gold_per_floor":[118,128,128,142,142,171,171,184,184,184,198,198,198,73,73,173,173,192,392,408,419,689,689,706,740,740,751,751,771,54,87,87,189,189,204,215,215,215],"floor_reached":37,"playtime":1734,"items_purged":["Regret","Parasite"],"score":457,"play_id":"de83d845-eca5-468a-8ccd-ccfc4bd0c42d","local_time":"20210104202217","is_ascension_mode":true,"campfire_choices":[{"floor":7,"key":"RECALL"},{"floor":10,"key":"REST"},{"floor":13,"key":"REST"},{"data":"MilkyWay","floor":15,"key":"SMITH"},{"floor":23,"key":"REST"},{"floor":28,"key":"REST"},{"floor":32,"key":"REST"}],"circlet_count":0,"master_deck":["Strike_MRS","Strike_MRS+1","Strike_MRS","Strike_MRS","Defend_MRS","Defend_MRS","Defend_MRS","Defend_MRS","MasterSpark+1","UpSweep","OrrerysSun","ShootTheMoon","ChargingUp","UltimateShortwave","LuminesStrike","MilkyWay+1","MilkyWay+1","ManaRampage","GalacticHalo","AsteroidBelt","AsteroidBelt","ChargingUp","WitchLeyline","GrandCross","PulseMagic+1","CasketOfStar","MysteriousBeam+1","StarDustReverie+1","SuperPerseids+1","CasketOfStar"],"relics":["MiniHakkero","NeowsBlessing","Nunchaku","Pocketwatch","HandmadeGrimoire","Cursed Key","PreservedInsect","Toxic Egg 2","Vajra","ClockworkSouvenir","Oddly Smooth Stone","Bag of Preparation"],"acts_visited":["Exordium","TheCity","TheBeyond"],"potions_floor_usage":[6,24,29,31,33,33,37],"damage_taken":[{"damage":0,"enemies":"Jaw Worm","floor":1,"turns":1},{"damage":0,"enemies":"2 Louse","floor":2,"turns":1},{"damage":0,"enemies":"Cultist","floor":4,"turns":1},{"damage":15,"enemies":"Lagavulin","floor":6,"turns":4},{"damage":9,"enemies":"Blue Slaver","floor":8,"turns":3},{"damage":11,"enemies":"Red Slaver","floor":11,"turns":3},{"damage":5,"enemies":"Slime Boss","floor":16,"turns":9},{"damage":16,"enemies":"2 Thieves","floor":18,"turns":3},{"damage":0,"enemies":"Shell Parasite","floor":20,"turns":2},{"damage":14,"enemies":"Centurion and Healer","floor":21,"turns":7},{"damage":7,"enemies":"Cultist and Chosen","floor":24,"turns":6},{"damage":16,"enemies":"Book of Stabbing","floor":25,"turns":5},{"damage":0,"enemies":"Snecko","floor":27,"turns":4},{"damage":0,"enemies":"3 Cultists","floor":29,"turns":3},{"damage":2,"enemies":"Gremlin Leader","floor":31,"turns":3},{"damage":40,"enemies":"Automaton","floor":33,"turns":7},{"damage":22,"enemies":"3 Darklings","floor":35,"turns":4},{"damage":11,"enemies":"3 Shapes","floor":36,"turns":3},{"damage":39,"enemies":"Orin","floor":37,"turns":4}],"seed_played":"4521325291656337207","potions_obtained":[{"floor":1,"key":"BlessingOfTheForge"},{"floor":6,"key":"SmokeBomb"},{"floor":11,"key":"Swift Potion"},{"floor":16,"key":"BlessingOfTheForge"},{"floor":21,"key":"Dexterity Potion"},{"floor":25,"key":"AttackPotion"},{"floor":29,"key":"BlessingOfTheForge"},{"floor":36,"key":"SneckoOil"}],"is_trial":false,"path_per_floor":["M","M","?","M","?","E","R","M","T","R","M","?","R","$","R","B",null,"M","?","M","M","?","R","M","E","T","M","R","M","$","E","R","B",null,"M","M","?"],"character_chosen":"MARISA","items_purchased":["MilkyWay","Vajra","ClockworkSouvenir","Oddly Smooth Stone","CasketOfStar"],"campfire_rested":5,"item_purchase_floors":[14,30,30,30,30],"current_hp_per_floor":[75,75,75,75,75,60,60,51,51,73,62,47,69,69,69,64,75,59,59,59,45,18,40,33,17,17,17,39,39,39,37,58,18,72,50,39,0,0],"gold":215,"neow_bonus":"THREE_ENEMY_KILL","is_daily":false,"chose_seed":false,"campfire_upgraded":1,"win_rate":0.0,"timestamp":1609788137,"path_taken":["M","M","?","M","?","E","R","M","T","R","M","?","R","?","R","BOSS","M","?","?","M","?","R","?","E","T","M","R","M","$","E","R","BOSS","M","M","?"],"items_purchased_type":["Card","Relic","Relic","Relic","Card"],"build_version":"2020-12-22","purchased_purges":2,"victory":false,"max_hp_per_floor":[75,75,75,75,75,75,75,75,75,75,75,75,75,75,75,75,75,75,75,75,75,75,75,75,75,75,75,75,75,72,72,72,72,72,72,72,72,72],"card_choices":[{"not_picked":["ShootingEcho","AsteroidBelt"],"picked":"OrrerysSun","floor":1},{"not_picked":["MysteriousBeam","OrrerysSun"],"picked":"ShootTheMoon","floor":2},{"not_picked":["WitchOfGreed","Acceleration"],"picked":"ChargingUp","floor":4},{"not_picked":["BlazeAway","NonDirectionalLaser"],"picked":"UltimateShortwave","floor":6},{"not_picked":["ShootingEcho","MysteriousBeam"],"picked":"LuminesStrike","floor":8},{"not_picked":["DarkMatter","LuminesStrike"],"picked":"MilkyWay","floor":11},{"not_picked":["StarDustReverie","MaximisePower"],"picked":"ManaRampage","floor":16},{"not_picked":["MilkyWay","GravityBeat"],"picked":"GalacticHalo","floor":18},{"not_picked":["SporeBomb+1","MilkyWay"],"picked":"AsteroidBelt","floor":20},{"not_picked":["DC","SatelliteIllusion"],"picked":"AsteroidBelt","floor":21},{"not_picked":["NonDirectionalLaser","EventHorizon"],"picked":"ChargingUp","floor":24},{"not_picked":["Robbery+1","SporeBomb"],"picked":"WitchLeyline","floor":25},{"not_picked":["DarkMatter+1","MysteriousBeam"],"picked":"GrandCross","floor":27},{"not_picked":["DeepEcoloBomb","OrrerysSun"],"picked":"PulseMagic+1","floor":29},{"not_picked":["NonDirectionalLaser","ShootTheMoon"],"picked":"MysteriousBeam+1","floor":31},{"not_picked":["CasketOfStar","SatelliteIllusion"],"picked":"StarDustReverie+1","floor":33},{"not_picked":["LuminesStrike+1","EnergyFlow"],"picked":"SuperPerseids+1","floor":35},{"not_picked":["AsteroidBelt+1","GalacticHalo+1"],"picked":"CasketOfStar","floor":36}],"player_experience":242072,"relics_obtained":[{"floor":6,"key":"Pocketwatch"},{"floor":9,"key":"HandmadeGrimoire"},{"floor":25,"key":"PreservedInsect"},{"floor":26,"key":"Toxic Egg 2"},{"floor":31,"key":"Bag of Preparation"}],"event_choices":[{"damage_healed":0,"gold_gain":0,"player_choice":"Grow","damage_taken":0,"max_hp_gain":0,"max_hp_loss":0,"event_name":"Living Wall","floor":3,"gold_loss":0,"cards_upgraded":["MasterSpark"]},{"damage_healed":0,"gold_gain":0,"player_choice":"Box","damage_taken":0,"relics_obtained":["Nunchaku"],"max_hp_gain":0,"max_hp_loss":0,"event_name":"Big Fish","floor":5,"gold_loss":0,"cards_obtained":["Regret"]},{"damage_healed":0,"gold_gain":0,"player_choice":"Entered Light","damage_taken":15,"max_hp_gain":0,"max_hp_loss":0,"event_name":"Shining Light","floor":12,"gold_loss":0,"cards_upgraded":["Strike_MRS","MilkyWay"]},{"damage_healed":0,"gold_gain":250,"player_choice":"Bet on Owner","damage_taken":0,"max_hp_gain":0,"max_hp_loss":0,"event_name":"The Joust","floor":19,"gold_loss":50},{"damage_healed":0,"gold_gain":270,"player_choice":"GOLD GOLD GOLD ","damage_taken":27,"max_hp_gain":0,"max_hp_loss":0,"event_name":"Knowing Skull","floor":22,"potions_obtained":[],"gold_loss":0,"cards_obtained":[]},{"damage_healed":0,"gold_gain":0,"player_choice":"Fight","damage_taken":0,"max_hp_gain":0,"max_hp_loss":0,"event_name":"OrinTheCat","floor":37,"gold_loss":0}],"is_beta":false,"boss_relics":[{"not_picked":["Velvet Choker","Tiny House"],"picked":"Cursed Key"},{"not_picked":["RampagingMagicTools","Snecko Eye","Coffee Dripper"]}],"items_purged_floors":[14,30],"is_endless":false,"potions_floor_spawned":[1,6,11,16,21,25,27,29,36],"killed_by":"Orin","ascension_level":1}}