{"host":"Troy","time":1609777036,"event":{"mods":["BaseMod","Colored Map","Highlight Path","Minty Spire (QoL Compilation)","Permanent Neow"],"gold_per_floor":[366,21,40,40,190,190,210,210,210,210,240,240,265,277,277,348,348,361,376,396,396,396],"floor_reached":21,"playtime":1384,"items_purged":[],"score":378,"play_id":"1454dac7-f697-46db-855e-d3fd79983764","local_time":"20210104111716","is_ascension_mode":true,"campfire_choices":[{"data":"All Out Attack","floor":6.0,"key":"SMITH"},{"data":"Glass Knife","floor":12.0,"key":"SMITH"},{"data":"Blade Dance","floor":15.0,"key":"SMITH"}],"circlet_count":0,"master_deck":["AscendersBane","Strike_G","Strike_G","Strike_G","Strike_G","Strike_G","Defend_G","Defend_G","Defend_G","Defend_G","Defend_G","Survivor","Neutralize","All Out Attack+1","Glass Knife+1","Endless Agony","Blade Dance+1","Terror","Cloak And Dagger","Adrenaline","Blur","Backflip","Underhanded Strike"],"relics":["Ring of the Snake","TwistedFunnel","Pantograph","Eternal Feather","Tiny Chest","Lantern","Snecko Eye"],"acts_visited":["Exordium","TheCity"],"potions_floor_usage":[16,18,19,20,21],"damage_taken":[{"damage":4.0,"enemies":"Small Slimes","floor":1.0,"turns":4.0},{"damage":0.0,"enemies":"2 Louse","floor":3.0,"turns":2.0},{"damage":0.0,"enemies":"Cultist","floor":7.0,"turns":3.0},{"damage":10.0,"enemies":"Gremlin Nob","floor":11.0,"turns":3.0},{"damage":15.0,"enemies":"3 Sentries","floor":13.0,"turns":6.0},{"damage":0.0,"enemies":"2 Fungi Beasts","floor":14.0,"turns":1.0},{"damage":28,"enemies":"Slime Boss","floor":16,"turns":5},{"damage":3,"enemies":"2 Thieves","floor":18,"turns":2},{"damage":0,"enemies":"Chosen","floor":19,"turns":2},{"damage":19,"enemies":"3 Cultists","floor":20,"turns":6},{"damage":32,"enemies":"Centurion and Healer","floor":21,"turns":7}],"seed_played":"-8465967623038171636","potions_obtained":[{"floor":1.0,"key":"Weak Potion"},{"floor":11.0,"key":"CultistPotion"},{"floor":14.0,"key":"DuplicationPotion"},{"floor":16,"key":"SkillPotion"},{"floor":18,"key":"GamblersBrew"},{"floor":20,"key":"DuplicationPotion"}],"is_trial":false,"path_per_floor":["M","$","M","?","?","R","M","?","T","?","E","R","E","M","R","B",null,"M","M","M","M"],"character_chosen":"THE_SILENT","items_purchased":["TwistedFunnel","Glass Knife"],"campfire_rested":0,"item_purchase_floors":[2,2],"current_hp_per_floor":[55,55,55,55,55,55,55,55,55,55,45,54,39,39,48,32,53,50,50,31,0,0],"gold":396,"neow_bonus":"TWO_FIFTY_GOLD","is_daily":false,"chose_seed":false,"campfire_upgraded":3,"win_rate":0.0,"timestamp":1609777036,"path_taken":["M","$","M","?","?","R","M","?","T","?","E","R","E","M","R","BOSS","M","?","M","M"],"items_purchased_type":["Relic","Card"],"build_version":"2020-12-18","purchased_purges":0,"victory":false,"max_hp_per_floor":[60,60,60,60,60,60,60,60,60,60,60,60,60,60,60,60,60,60,60,60,60,60],"card_choices":[{"not_picked":["Poisoned Stab","Deadly Poison"],"picked":"All Out Attack","floor":1.0},{"not_picked":["Cloak And Dagger","Underhanded Strike"],"picked":"Endless Agony","floor":3.0},{"not_picked":["Footwork","Burst"],"picked":"Blade Dance","floor":7.0},{"not_picked":["Poisoned Stab","Acrobatics","Terror"],"picked":"SKIP","floor":11.0},{"not_picked":["Sucker Punch","Dagger Throw"],"picked":"Terror","floor":13.0},{"not_picked":["Underhanded Strike","Deflect"],"picked":"Cloak And Dagger","floor":14.0},{"not_picked":["Venomology","Unload"],"picked":"Adrenaline","floor":16},{"not_picked":["Dagger Throw","Tactician"],"picked":"Blur","floor":18},{"not_picked":["Dagger Throw","Sucker Punch"],"picked":"Backflip","floor":19},{"not_picked":["Setup","Venomology"],"picked":"Underhanded Strike","floor":20}],"player_experience":4058913,"relics_obtained":[{"floor":9.0,"key":"Pantograph"},{"floor":11.0,"key":"Tiny Chest"},{"floor":13.0,"key":"Lantern"}],"event_choices":[{"damage_healed":0.0,"max_hp_gain":0.0,"max_hp_loss":0.0,"gold_gain":0.0,"event_name":"The Cleric","player_choice":"Leave","floor":4.0,"gold_loss":0.0,"damage_taken":0.0},{"damage_healed":0.0,"max_hp_gain":0.0,"max_hp_loss":0.0,"gold_gain":150.0,"event_name":"Liars Game","player_choice":"AGREE","floor":5.0,"gold_loss":0.0,"damage_taken":0.0,"cards_obtained":["Doubt"]},{"cards_removed":["Doubt"],"damage_healed":0.0,"max_hp_gain":0.0,"max_hp_loss":0.0,"gold_gain":0.0,"event_name":"Living Wall","player_choice":"Forget","floor":8.0,"gold_loss":0.0,"damage_taken":0.0},{"damage_healed":0.0,"max_hp_gain":0.0,"max_hp_loss":0.0,"gold_gain":0.0,"event_name":"WeMeetAgain","player_choice":"Gave Potion","floor":10.0,"gold_loss":0.0,"damage_taken":0.0,"relics_obtained":["Eternal Feather"]}],"is_beta":true,"boss_relics":[{"not_picked":["HoveringKite","Black Star"],"picked":"Snecko Eye"}],"items_purged_floors":[],"is_endless":false,"potions_floor_spawned":[1,11,14,16,18,20],"killed_by":"Centurion and Healer","ascension_level":20}}