{"host":"6jrnojxwearbrjzo","time":1609791406,"event":{"mods":["Ascension Reborn","BaseMod","Colored Map","Minty Spire (QoL Compilation)","Replay The Spire","RumiaBox-露米娅的神秘盒子","Shop Mod","Spicy Shops","StSLib","TestMod","The Cursed","The Servant 0.9.4","vexMod"],"gold_per_floor":[111,121,121,191,207,233,84,97,97,124,135,154,173,192,192,339,339,355,52,66,166,183,183,197,197,197,197,208,227,227,152,152,252,252,268,282,282,207,230,230,0,0,25,25,25,25,36,69,69,69],"floor_reached":51,"playtime":2803,"items_purged":["Defend_G"],"score":741,"play_id":"9e20fca1-041f-4ede-8f83-d02f9e88d93c","local_time":"20210105041646","is_ascension_mode":true,"campfire_choices":[{"data":"Venomology","floor":23,"key":"SMITH"},{"data":"Replay:Bag of Tricks","floor":25,"key":"SMITH"},{"data":"After Image","floor":27,"key":"SMITH"},{"data":"Tactician","floor":30,"key":"SMITH"},{"data":"Neutralize","floor":32,"key":"SMITH"},{"data":"Burst","floor":40,"key":"SMITH"},{"floor":42,"key":"REST"},{"data":"Calculated Gamble","floor":44,"key":"SMITH"},{"floor":49,"key":"REST"}],"circlet_count":0,"master_deck":["Strike_G+1","Strike_G+1","Strike_G+1","Strike_G+1","Strike_G+1","Defend_G+1","Survivor+1","Neutralize+1","Prepared+1","Hidden Blade+1","After Image+1","Escape Plan+1","Acrobatics+1","Venomology+1","Hidden Blade+1","Replay:Bag of Tricks+1","Tactician+1","Burst+1","Calculated Gamble+1","Heel Hook+1","Finisher+1","ReplayTheSpireMod:Scrap Shanks+1","Terror"],"relics":["Ring of the Snake","testmod-TestBox","testmod-Brilliant","NeowsBlessing","AddBug","SecretRecord","SecretRecord","SecretRecord","SecretRecord","Baka2","SecretRecord","SecretRecord"],"acts_visited":["Exordium","TheCity","TheBeyond"],"potions_floor_usage":[16,16,16,22,24,24,24,29,29,29,33,35,36,36,46,46,46,47,48,50,50],"damage_taken":[{"damage":0,"enemies":"Cultist","floor":1,"turns":1},{"damage":0,"enemies":"Small Slimes","floor":2,"turns":1},{"damage":0,"enemies":"Jaw Worm","floor":5,"turns":1},{"damage":15,"enemies":"Gremlin Nob","floor":6,"turns":4},{"damage":3,"enemies":"Blue Slaver","floor":8,"turns":3},{"damage":18,"enemies":"Lagavulin","floor":10,"turns":9},{"damage":0,"enemies":"Exordium Thugs","floor":11,"turns":3},{"damage":0,"enemies":"Gremlin Gang","floor":12,"turns":1},{"damage":0,"enemies":"2 Fungi Beasts","floor":13,"turns":1},{"damage":0,"enemies":"Blue Slaver","floor":14,"turns":2},{"damage":5,"enemies":"Hexaghost","floor":16,"turns":10},{"damage":5,"enemies":"3 Byrds","floor":18,"turns":2},{"damage":0,"enemies":"Spheric Guardian","floor":20,"turns":1},{"damage":0,"enemies":"Centurion and Healer","floor":22,"turns":6},{"damage":0,"enemies":"Cultist and Chosen","floor":24,"turns":5},{"damage":0,"enemies":"Snake Plant","floor":28,"turns":3},{"damage":0,"enemies":"Chosen and Byrds","floor":29,"turns":4},{"damage":0,"enemies":"Automaton","floor":33,"turns":2},{"damage":0,"enemies":"3 Shapes","floor":35,"turns":1},{"damage":0,"enemies":"Orb Walker","floor":36,"turns":2},{"damage":3,"enemies":"Jaw Worm Horde","floor":46,"turns":2},{"damage":0,"enemies":"Maw","floor":47,"turns":4},{"damage":37,"enemies":"R_Hoarder","floor":48,"turns":6},{"damage":20,"enemies":"Donu and Deca","floor":50,"turns":6}],"seed_played":"-7377694290863952181","potions_obtained":[{"floor":11,"key":"Elixir"},{"floor":12,"key":"Strength Potion"},{"floor":13,"key":"CunningPotion"},{"floor":14,"key":"Reflective Coating"},{"floor":16,"key":"Adrenaline Potion"},{"floor":22,"key":"Languid Potion"},{"floor":24,"key":"Block Potion"},{"floor":28,"key":"SteroidPotion"},{"floor":33,"key":"BlessingOfTheForge"},{"floor":36,"key":"Milkshake"},{"floor":47,"key":"Poison Potion"}],"is_trial":false,"path_per_floor":["M","M","?","T","M","E","$","M","T","E","M","M","M","M","R_BF","B",null,"M","$","M","?","M","R","M","R","T","R","M","M","R","?","R","B",null,"M","M","?","$","?","R","?","R","T","R","?","M","M","E","R","B",null],"character_chosen":"THE_SILENT","items_purchased":["Guide Book","MoreBug"],"campfire_rested":2,"item_purchase_floors":[7,19],"current_hp_per_floor":[70,70,70,70,70,55,55,52,52,34,34,34,34,34,34,29,70,65,65,65,65,65,65,65,65,65,65,65,65,65,65,65,65,70,70,70,70,70,42,42,42,63,63,63,63,63,63,26,47,70],"gold":69,"neow_bonus":"THREE_ENEMY_KILL","is_daily":false,"chose_seed":false,"campfire_upgraded":7,"win_rate":0.0,"timestamp":1609791406,"path_taken":["M","?","?","?","M","E","?","M","T","E","M","M","M","M","R_BF","BOSS","M","$","M","?","?","R","M","R","T","R","M","M","R","?","R","BOSS","M","M","?","$","?","R","?","R","T","R","?","M","M","E","R","BOSS"],"items_purchased_type":["Relic","Relic"],"build_version":"2020-12-22","purchased_purges":1,"victory":true,"max_hp_per_floor":[70,70,70,70,70,70,70,70,70,70,70,70,70,70,70,70,70,70,70,70,70,70,70,70,70,70,70,70,70,70,70,70,70,70,70,70,70,70,70,70,70,70,70,70,70,70,70,70,70,70],"card_choices":[{"not_picked":["Dodge and Roll","Underhanded Strike","Backflip"],"picked":"SKIP","floor":1},{"not_picked":["Slice","Outmaneuver"],"picked":"Prepared","floor":2},{"not_picked":["Poisoned Stab","Predator","Prepared"],"picked":"SKIP","floor":5},{"not_picked":["Toxin Wave","Blur"],"picked":"Hidden Blade","floor":6},{"not_picked":["Poisoned Stab","Well Laid Plans"],"picked":"After Image","floor":8},{"not_picked":["ReplayTheSpireMod:Speed Training","PiercingWail"],"picked":"Escape Plan","floor":10},{"not_picked":["Dodge and Roll","Sucker Punch"],"picked":"Dagger Throw","floor":11},{"not_picked":["Hidden Blade","Sucker Punch"],"picked":"Acrobatics","floor":12},{"not_picked":["Draining Mist","Underhanded Strike","Deadly Poison"],"picked":"SKIP","floor":13},{"not_picked":["Acrobatics","Quick Slash"],"picked":"Venomology","floor":14},{"not_picked":["Atom Bomb","Envenom"],"picked":"Replay:Bag of Tricks","floor":16},{"not_picked":["Fluid Movement","Dagger Throw+1"],"picked":"Deflect+1","floor":18},{"not_picked":["Dagger Spray","Escape Plan","Deflect"],"picked":"SKIP","floor":20},{"not_picked":["Dagger Throw+1","Riddle With Holes","Crippling Poison+1"],"picked":"SKIP","floor":22},{"not_picked":["Expertise","Hidden Blade","Sneak Up"],"picked":"SKIP","floor":24},{"not_picked":["ReplayTheSpireMod:Tripwire","Noxious Fumes"],"picked":"Tactician","floor":28},{"not_picked":["Malaise","Backflip","Blur"],"picked":"SKIP","floor":29},{"not_picked":["Envenom","Bullet Time"],"picked":"Burst","floor":33},{"not_picked":["Quick Slash","Dodge and Roll"],"picked":"Calculated Gamble","floor":35},{"not_picked":["Footwork","Slice+1","Dagger Spray+1"],"picked":"SKIP","floor":36},{"not_picked":["Sucker Punch+1","Dagger Throw+1"],"picked":"Heel Hook+1","floor":39},{"not_picked":["Endless Agony","Dagger Throw"],"picked":"Finisher+1","floor":46},{"not_picked":["ReplayTheSpireMod:From All Sides","Prepared","Endless Agony+1"],"picked":"SKIP","floor":46},{"not_picked":["Prepared+1","Dagger Throw","Dagger Spray"],"picked":"SKIP","floor":46},{"not_picked":["ReplayTheSpireMod:Necrosis","Dagger Throw","Hidden Blade"],"picked":"SKIP","floor":46},{"not_picked":["ReplayTheSpireMod:Speed Training+1","Outmaneuver+1"],"picked":"ReplayTheSpireMod:Scrap Shanks+1","floor":47},{"not_picked":["Deflect","Dash"],"picked":"Terror","floor":48}],"player_experience":3603,"relics_obtained":[{"floor":1,"key":"AddBug"},{"floor":1,"key":"Baka"},{"floor":2,"key":"FossilizedHelix"},{"floor":4,"key":"Paper Crane"},{"floor":6,"key":"SecretRecord"},{"floor":6,"key":"Pear"},{"floor":6,"key":"testmod-Hope"},{"floor":9,"key":"Question Card"},{"floor":10,"key":"testmod-EqualTreatment"},{"floor":14,"key":"SecretRecord"},{"floor":22,"key":"SecretRecord"},{"floor":26,"key":"StoneCalendar"},{"floor":28,"key":"Baka2"},{"floor":29,"key":"Pear"},{"floor":39,"key":"testmod-TheFather"},{"floor":43,"key":"MawBank"},{"floor":46,"key":"SecretRecord"},{"floor":47,"key":"SecretRecord"},{"floor":48,"key":"Vajra"}],"event_choices":[{"damage_healed":0,"gold_gain":100,"player_choice":"Pray","damage_taken":0,"max_hp_gain":0,"max_hp_loss":0,"event_name":"Golden Shrine","floor":21,"gold_loss":0},{"cards_removed":["Defend_G"],"damage_healed":0,"gold_gain":0,"player_choice":"Gave Gold","damage_taken":0,"max_hp_gain":0,"max_hp_loss":0,"event_name":"Beggar","floor":31,"gold_loss":75},{"cards_removed":["Dagger Throw"],"damage_healed":0,"gold_gain":0,"player_choice":"Removed Attack","damage_taken":0,"max_hp_gain":0,"max_hp_loss":0,"event_name":"Falling","floor":37,"gold_loss":0},{"damage_healed":0,"gold_gain":0,"player_choice":"Paid","damage_taken":0,"relics_obtained":["Red Mask"],"max_hp_gain":0,"max_hp_loss":0,"event_name":"Tomb of Lord Red Mask","floor":41,"gold_loss":230},{"damage_healed":0,"gold_gain":0,"player_choice":"Upgrade","damage_taken":0,"relics_obtained":["Mark of the Bloom"],"max_hp_gain":0,"max_hp_loss":0,"event_name":"MindBloom","floor":45,"gold_loss":0,"cards_upgraded":["Strike_G","Strike_G","Strike_G","Strike_G","Strike_G","Defend_G","Survivor","Escape Plan","Acrobatics","Hidden Blade"]}],"is_beta":false,"boss_relics":[{"not_picked":["Fusion Hammer","vexMod:MegatonBomb"],"picked":"Replay:Drink Me"},{"not_picked":["Abe\u0027s Treasure","Cursed Key"],"picked":"Tiny House"}],"items_purged_floors":[38],"is_endless":false,"potions_floor_spawned":[11,12,13,14,16,22,24,28,33,36,47],"ascension_level":0}}