{"host":"8lgo2trwv2o0qyml","time":1609736337,"event":{"mods":["BaseMod","Colored Map","Colored Powertips","DeckTracker","Highlight Path","Hubris","Infinite Spire","Minty Spire (QoL Compilation)","Quick Restart","Random Character Button","Relic Sorter","Replay The Spire","StSLib","SuperFastMode","Synergy Search","The Jungle"],"gold_per_floor":[111,23,38,38,52,77,95,107,107,136,146,178,178,178,178,281,381,391,391,391,391,405,405,405,437,437,437,437,437,437],"floor_reached":29,"playtime":1476,"items_purged":["Strike_R"],"score":261,"play_id":"cb2129ed-99f2-4a57-b8fe-2f70c2279f34","local_time":"20210103235857","is_ascension_mode":false,"campfire_choices":[{"floor":15,"key":"REST"},{"floor":26,"key":"REST"}],"circlet_count":0,"master_deck":["Strike_R","Defend_R","Defend_R","Defend_R","Defend_R","Bash","Good Instincts","Warcry","Inflame","hubris:ReadiedAction","Headbutt","Rage","Infernal Blade","Warcry","Demonic Infusion","Bloodletting+1","infinitespire:Pacifist","Life Link+1"],"relics":["Burning Blood","NeowsBlessing","Unceasing Top","Self Forming Clay","Toy Ornithopter","Bag of Preparation","Replay:Wanted Poster","Empty Cage","HornCleat","hubris:SphereOfDissonance","hubris:Towel","Juzu Bracelet"],"acts_visited":["Exordium","TheCity"],"potions_floor_usage":[6,11,12,16,16,25,25,25],"damage_taken":[{"damage":0,"enemies":"Cultist","floor":1,"turns":1},{"damage":0,"enemies":"Small Slimes","floor":3,"turns":1},{"damage":0,"enemies":"Jaw Worm","floor":5,"turns":1},{"damage":39,"enemies":"3 Sentries","floor":6,"turns":8},{"damage":7,"enemies":"Looter","floor":7,"turns":5},{"damage":9,"enemies":"Blue Slaver","floor":8,"turns":4},{"damage":28,"enemies":"Gremlin Nob","floor":10,"turns":5},{"damage":0,"enemies":"Red Slaver","floor":11,"turns":4},{"damage":22,"enemies":"Lagavulin","floor":12,"turns":7},{"damage":26,"enemies":"Hexaghost","floor":16,"turns":7},{"damage":14,"enemies":"Chosen","floor":18,"turns":6},{"damage":37,"enemies":"3 Byrds","floor":22,"turns":7},{"damage":44,"enemies":"Slavers","floor":25,"turns":7},{"damage":60,"enemies":"Book of Stabbing","floor":29,"turns":7}],"seed_played":"8939389902757344649","potions_obtained":[{"floor":1,"key":"CultistPotion"},{"floor":7,"key":"Regen Potion"},{"floor":10,"key":"Explosive Potion"},{"floor":11,"key":"Elixir"},{"floor":12,"key":"Strength Potion"},{"floor":14,"key":"CultistPotion"},{"floor":14,"key":"BloodPotion"},{"floor":14,"key":"DistilledChaos"},{"floor":16,"key":"Toxic Potion"},{"floor":22,"key":"FearPotion"}],"is_trial":false,"path_per_floor":["M","$","M","$","M","E","M","M","T","E","M","E","?","?","R","B",null,"M","AVR","PTL","PTL","M","$","?","E","R","?","T","E"],"character_chosen":"IRONCLAD","items_purchased":["Good Instincts"],"campfire_rested":2,"item_purchase_floors":[2],"current_hp_per_floor":[80,80,80,80,80,47,46,43,43,21,32,36,29,29,53,43,80,72,72,72,72,41,41,41,34,58,58,58,0,0],"gold":437,"neow_bonus":"THREE_ENEMY_KILL","is_daily":false,"chose_seed":false,"campfire_upgraded":0,"win_rate":0.0,"timestamp":1609736337,"path_taken":["M","$","?","$","M","E","M","M","T","E","M","E","?","?","R","BOSS","M","AVR","PTL","PTL","M","$","?","E","R","?","T","E"],"items_purchased_type":["Card"],"build_version":"2020-12-22","purchased_purges":1,"victory":false,"max_hp_per_floor":[80,80,80,80,80,80,80,80,80,80,80,80,80,80,80,80,80,80,80,80,80,80,80,80,80,80,80,80,80,80],"card_choices":[{"not_picked":["Sever Soul","Pommel Strike","Clash"],"picked":"SKIP","floor":1},{"not_picked":["Heavy Blade","Life Link"],"picked":"Warcry","floor":3},{"not_picked":["Armaments","Thunderclap"],"picked":"Inflame","floor":5},{"not_picked":["Power Through","Reaper"],"picked":"hubris:ReadiedAction","floor":6},{"not_picked":["Run Through","Cleave"],"picked":"Headbutt","floor":7},{"not_picked":["Twin Strike","hubris:CleavingFinish"],"picked":"Rage","floor":8},{"not_picked":["Dropkick","hubris:ReadiedAction"],"picked":"Infernal Blade","floor":10},{"not_picked":["Pummel","Shrug It Off","True Grit"],"picked":"SKIP","floor":11},{"not_picked":["Entrench","Dark Embrace"],"picked":"Warcry","floor":12},{"not_picked":["Impervious","Limit Break"],"picked":"Demonic Infusion","floor":16},{"not_picked":["Sword Boomerang+1","Heavy Blade","Perfected Strike"],"picked":"SKIP","floor":18},{"not_picked":["ReplayTheSpireMod:Strike From Hell","Perfected Strike"],"picked":"Bloodletting+1","floor":22},{"not_picked":["Dark Embrace","Pommel Strike"],"picked":"Life Link+1","floor":25}],"player_experience":12196,"relics_obtained":[{"floor":6,"key":"Unceasing Top"},{"floor":9,"key":"Self Forming Clay"},{"floor":10,"key":"Toy Ornithopter"},{"floor":12,"key":"Bag of Preparation"},{"floor":25,"key":"hubris:SphereOfDissonance"},{"floor":28,"key":"Juzu Bracelet"}],"event_choices":[{"cards_removed":["Strike_R"],"damage_healed":0,"gold_gain":0,"player_choice":"Card Removal","damage_taken":7,"max_hp_gain":0,"max_hp_loss":0,"event_name":"Golden Wing","floor":13,"gold_loss":0},{"damage_healed":0,"gold_gain":0,"player_choice":"Got Potions","damage_taken":0,"max_hp_gain":0,"max_hp_loss":0,"event_name":"Lab","floor":14,"gold_loss":0}],"is_beta":false,"boss_relics":[{"not_picked":["Cursed Key","infinitespire:Cupcake"],"picked":"Replay:Wanted Poster"}],"items_purged_floors":[19],"is_endless":false,"potions_floor_spawned":[1,7,10,11,12,16,22],"killed_by":"Book of Stabbing","ascension_level":0}}