{"host":"6gnv7me3tk2udb7q","time":1609789398,"event":{"mods":["BaseMod","Bestiary","Colored Map","Minty Spire (QoL Compilation)"],"gold_per_floor":[118,138,138,152,132,132,152,152,152,177,177,177,201,40,40,121,121,145,166,9,23,23,23,65,11,36,57,57,31,31,53,53,137,137,165,188,215,234,260,303,313,313,359,359,392,405,405,430,430,430,430],"floor_reached":50,"playtime":2899,"items_purged":["Strike_P","Strike_P"],"score":830,"play_id":"8ea2bed5-7472-4df0-8f68-ac457e587116","local_time":"20210104144318","is_ascension_mode":true,"campfire_choices":[{"data":"Eruption","floor":6.0,"key":"SMITH"},{"data":"Wallop","floor":8.0,"key":"SMITH"},{"floor":15.0,"key":"REST"},{"floor":28,"key":"REST"},{"floor":30,"key":"REST"},{"floor":32,"key":"REST"},{"floor":44,"key":"REST"},{"floor":49,"key":"REST"}],"circlet_count":0,"master_deck":["AscendersBane","Strike_P","Strike_P","Defend_P","Defend_P+1","Defend_P+1","Defend_P","Eruption+1","Vigilance+1","FlurryOfBlows","Wallop+1","Scrawl+1","Prostrate+1","Worship+1","FlyingSleeves","Study+1","Pray+1","Devotion+1","DeceiveReality+1","TalkToTheHand","DeusExMachina+1","ThirdEye+1","FlurryOfBlows","BattleHymn+1","Fasting2+1","Scrawl+1","BowlingBash+1","Halt+1","Evaluate+1","Collect+1","Parasite","Wireheading+1","TalkToTheHand+1"],"relics":["PureWater","Tiny Chest","Toxic Egg 2","CeramicFish","Frozen Egg 2","Philosopher\u0027s Stone","Membership Card","Toy Ornithopter","War Paint","Oddly Smooth Stone","Busted Crown","Orichalcum","Potion Belt","Boot"],"acts_visited":["Exordium","TheCity","TheBeyond"],"potions_floor_usage":[18,24,33,50,50,50],"damage_taken":[{"damage":2.0,"enemies":"Jaw Worm","floor":1.0,"turns":4.0},{"damage":15.0,"enemies":"Small Slimes","floor":2.0,"turns":3.0},{"damage":0.0,"enemies":"Cultist","floor":4.0,"turns":3.0},{"damage":0.0,"enemies":"3 Louse","floor":7.0,"turns":1.0},{"damage":0.0,"enemies":"Blue Slaver","floor":10.0,"turns":1.0},{"damage":4.0,"enemies":"Gremlin Gang","floor":13.0,"turns":4.0},{"damage":16,"enemies":"Slime Boss","floor":16,"turns":10},{"damage":21,"enemies":"2 Thieves","floor":18,"turns":4},{"damage":7,"enemies":"3 Byrds","floor":19,"turns":5},{"damage":9,"enemies":"3 Cultists","floor":21,"turns":5},{"damage":18,"enemies":"Book of Stabbing","floor":24,"turns":3},{"damage":11,"enemies":"Snake Plant","floor":27,"turns":4},{"damage":39,"enemies":"Sentry and Sphere","floor":31,"turns":4},{"damage":21,"enemies":"Collector","floor":33,"turns":4},{"damage":0,"enemies":"Orb Walker","floor":35,"turns":2},{"damage":2,"enemies":"3 Shapes","floor":36,"turns":3},{"damage":0,"enemies":"Maw","floor":37,"turns":4},{"damage":26,"enemies":"4 Shapes","floor":38,"turns":3},{"damage":12,"enemies":"Nemesis","floor":40,"turns":5},{"damage":25,"enemies":"3 Darklings","floor":41,"turns":5},{"damage":8,"enemies":"Writhing Mass","floor":45,"turns":4},{"damage":13,"enemies":"Transient","floor":46,"turns":5},{"damage":0,"enemies":"Spire Growth","floor":48,"turns":3},{"damage":58,"enemies":"Awakened One","floor":50,"turns":6}],"seed_played":"8540476959136192981","potions_obtained":[{"floor":2.0,"key":"FearPotion"},{"floor":5.0,"key":"Explosive Potion"},{"floor":7.0,"key":"DuplicationPotion"},{"floor":21,"key":"PowerPotion"},{"floor":24,"key":"FairyPotion"},{"floor":35,"key":"FearPotion"},{"floor":42,"key":"PowerPotion"},{"floor":48,"key":"SteroidPotion"}],"is_trial":false,"path_per_floor":["M","M","?","M","?","R","M","R","T","M","T","?","M","$","R","B",null,"M","M","$","M","?","T","E","$","T","M","R","$","R","M","R","B",null,"M","M","M","M","T","E","M","?","T","R","M","M","T","M","R","B"],"character_chosen":"WATCHER","items_purchased":["Study+1","Pray+1","Membership Card","ThirdEye+1","BattleHymn+1"],"campfire_rested":6,"item_purchase_floors":[14,14,20,25,29],"current_hp_per_floor":[63,48,41,41,41,41,41,41,41,41,41,41,37,37,58,42,65,44,37,37,28,28,28,15,15,15,4,25,25,46,7,28,12,57,57,55,55,29,29,17,21,21,21,42,34,21,21,21,42,0,0],"gold":430,"neow_bonus":"RANDOM_COMMON_RELIC","is_daily":false,"chose_seed":false,"campfire_upgraded":2,"win_rate":0.0,"timestamp":1609789398,"path_taken":["M","M","?","M","?","R","?","R","T","M","?","?","?","$","R","BOSS","M","M","$","M","?","?","E","$","T","?","R","?","R","M","R","BOSS","M","M","M","?","?","E","M","?","T","R","?","?","?","M","R","BOSS"],"items_purchased_type":["Card","Card","Relic","Card","Card"],"build_version":"2020-12-22","purchased_purges":2,"victory":false,"max_hp_per_floor":[72,72,72,72,72,72,72,72,72,72,72,72,72,72,72,72,72,72,72,72,72,72,72,72,72,72,72,72,72,72,72,72,72,72,72,72,72,72,72,72,72,72,72,72,72,72,72,72,72,72,72],"card_choices":[{"not_picked":["SashWhip","SandsOfTime"],"picked":"FlurryOfBlows","floor":1.0},{"not_picked":["InnerPeace","Evaluate"],"picked":"Wallop","floor":2.0},{"not_picked":["FlyingSleeves","Halt+1"],"picked":"Scrawl+1","floor":4.0},{"not_picked":["Collect+1","SashWhip"],"picked":"Prostrate+1","floor":7.0},{"not_picked":["Nirvana","CutThroughFate"],"picked":"Worship+1","floor":10.0},{"not_picked":["JustLucky","FearNoEvil"],"picked":"FlyingSleeves","floor":13.0},{"not_picked":["DeusExMachina+1","Vault+1"],"picked":"Devotion+1","floor":16},{"not_picked":["Evaluate+1","Crescendo+1"],"picked":"DeceiveReality+1","floor":18},{"not_picked":["CrushJoints","Swivel+1"],"picked":"TalkToTheHand","floor":19},{"not_picked":["ClearTheMind+1","Worship+1","EmptyBody+1"],"picked":"SKIP","floor":21},{"not_picked":["EmptyFist","SashWhip"],"picked":"DeusExMachina+1","floor":24},{"not_picked":["EmptyFist","Swivel+1"],"picked":"FlurryOfBlows","floor":27},{"not_picked":["EmptyFist","Weave"],"picked":"Fasting2+1","floor":31},{"not_picked":["DeusExMachina+1","Blasphemy+1"],"picked":"Scrawl+1","floor":33},{"not_picked":[],"picked":"BowlingBash+1","floor":35},{"not_picked":[],"picked":"Halt+1","floor":36},{"not_picked":[],"picked":"Evaluate+1","floor":37},{"not_picked":["Evaluate+1"],"picked":"SKIP","floor":38},{"not_picked":[],"picked":"Collect+1","floor":40},{"not_picked":["Evaluate+1"],"picked":"SKIP","floor":41},{"not_picked":[],"picked":"Wireheading+1","floor":45},{"not_picked":["InnerPeace+1"],"picked":"SKIP","floor":46},{"not_picked":[],"picked":"TalkToTheHand+1","floor":48}],"player_experience":584536,"relics_obtained":[{"floor":9.0,"key":"CeramicFish"},{"floor":11.0,"key":"Frozen Egg 2"},{"floor":23,"key":"Toy Ornithopter"},{"floor":24,"key":"War Paint"},{"floor":26,"key":"Oddly Smooth Stone"},{"floor":40,"key":"Orichalcum"},{"floor":43,"key":"Potion Belt"},{"floor":47,"key":"Boot"}],"event_choices":[{"damage_healed":0.0,"max_hp_gain":0.0,"max_hp_loss":0.0,"gold_gain":0.0,"event_name":"Scrap Ooze","player_choice":"Success","floor":3.0,"gold_loss":0.0,"damage_taken":7.0,"relics_obtained":["Toxic Egg 2"]},{"damage_healed":0.0,"max_hp_gain":0.0,"max_hp_loss":0.0,"gold_gain":0.0,"event_name":"The Woman in Blue","player_choice":"Bought 1 Potion","floor":5.0,"gold_loss":0.0,"damage_taken":0.0},{"damage_healed":0.0,"max_hp_gain":0.0,"max_hp_loss":0.0,"gold_gain":0.0,"event_name":"Accursed Blacksmith","player_choice":"Forge","floor":12.0,"gold_loss":0.0,"damage_taken":0.0,"cards_upgraded":["Vigilance"]},{"damage_healed":0,"gold_gain":0,"player_choice":"0 cards matched","damage_taken":0,"max_hp_gain":0,"max_hp_loss":0,"event_name":"Match and Keep!","floor":22,"gold_loss":0,"cards_obtained":[]},{"damage_healed":0,"gold_gain":0,"player_choice":"Got Potions","damage_taken":0,"max_hp_gain":0,"max_hp_loss":0,"event_name":"Lab","floor":42,"gold_loss":0}],"is_beta":false,"boss_relics":[{"not_picked":["Cursed Key","Coffee Dripper"],"picked":"Philosopher\u0027s Stone"},{"not_picked":["Sozu","Calling Bell"],"picked":"Busted Crown"}],"items_purged_floors":[14,25],"is_endless":false,"potions_floor_spawned":[2,7,13,21,24,31,35,38,48],"killed_by":"Awakened One","ascension_level":13}}