{"host":"na09lpbrez4gbfiz","time":1609766284,"event":{"mods":["Act Like it!","BaseMod","BetterRewards","Colored Map","Colored Powertips","DeckTracker","Googly Eyes","Highlight Path","Minty Spire (QoL Compilation)","Quick Restart","Spicy Shops","StSLib","SuperFastMode","Synergy Search"],"gold_per_floor":[111,138,413,433,447,478,478,478,478,100,100,119,19,52,52,148,148,164,175,50,50,61,89,89,89,115,41,41,41,75,88,88,193,193,207,207,218,61,61,61],"floor_reached":39,"playtime":1397,"items_purged":["Strike_G","Strike_G","Strike_G"],"score":638,"play_id":"1796498b-4020-48ef-a2e5-9b9fc6c00224","local_time":"20210104141804","is_ascension_mode":true,"campfire_choices":[{"data":"Footwork","floor":7,"key":"SMITH"},{"floor":15,"key":"REST"},{"floor":24,"key":"REST"},{"data":"Bouncing Flask","floor":28,"key":"SMITH"},{"floor":32,"key":"REST"}],"circlet_count":0,"master_deck":["AscendersBane","Strike_G","Defend_G","Defend_G","Defend_G","Defend_G","Defend_G","Survivor","Neutralize","Poisoned Stab","Dagger Spray","Footwork+1","Acrobatics","Bouncing Flask+1","Poisoned Stab","Envenom+1","Cloak And Dagger+1","Prepared","Footwork+1","Infinite Blades","Writhe","Calculated Gamble","Envenom","Madness","Madness","Blade Dance"],"relics":["Ring of the Snake","NeowsBlessing","Blood Vial","InkBottle","Eternal Feather","Juzu Bracelet","Paper Crane","Sozu","Bottled Lightning","Strawberry","Medical Kit","Shuriken","Bag of Marbles","Busted Crown","Snake Skull"],"acts_visited":["Exordium","TheCity","TheBeyond"],"potions_floor_usage":[6,14,14,14,18],"damage_taken":[{"damage":0,"enemies":"Cultist","floor":1,"turns":1},{"damage":0,"enemies":"Small Slimes","floor":4,"turns":1},{"damage":0,"enemies":"2 Louse","floor":5,"turns":1},{"damage":34,"enemies":"3 Sentries","floor":6,"turns":10},{"damage":2,"enemies":"Red Slaver","floor":12,"turns":6},{"damage":24,"enemies":"Gremlin Nob","floor":14,"turns":4},{"damage":33,"enemies":"The Guardian","floor":16,"turns":10},{"damage":4,"enemies":"Shell Parasite","floor":18,"turns":7},{"damage":10,"enemies":"Spheric Guardian","floor":19,"turns":4},{"damage":16,"enemies":"Centurion and Healer","floor":22,"turns":6},{"damage":28,"enemies":"Slavers","floor":23,"turns":11},{"damage":25,"enemies":"Gremlin Leader","floor":30,"turns":7},{"damage":26,"enemies":"Sentry and Sphere","floor":31,"turns":5},{"damage":30,"enemies":"Collector","floor":33,"turns":11},{"damage":22,"enemies":"3 Shapes","floor":35,"turns":6},{"damage":23,"enemies":"Orb Walker","floor":37,"turns":5},{"damage":16,"enemies":"Sphere and 2 Shapes","floor":39,"turns":3}],"seed_played":"5707889208738995124","potions_obtained":[{"floor":1,"key":"ColorlessPotion"},{"floor":12,"key":"SteroidPotion"},{"floor":14,"key":"Swift Potion"}],"is_trial":false,"path_per_floor":["M","T","?","M","M","E","R","?","T","$","?","M","$","E","R","B",null,"M","M","$","?","M","E","R","?","T","$","R","?","E","M","R","B",null,"M","?","M","$","M"],"character_chosen":"THE_SILENT","items_purchased":["Juzu Bracelet","CultistPotion","PowerPotion","Medical Kit","Snake Skull"],"campfire_rested":3,"item_purchase_floors":[10,10,10,27,38],"current_hp_per_floor":[63,63,63,65,67,35,35,28,28,28,28,28,28,6,36,5,54,52,44,44,44,30,4,37,37,44,44,56,56,33,9,44,16,62,42,32,11,11,0,0],"gold":61,"neow_bonus":"THREE_ENEMY_KILL","is_daily":false,"chose_seed":false,"campfire_upgraded":2,"win_rate":0.0,"timestamp":1609766284,"path_taken":["M","?","?","M","?","E","R","?","T","$","?","M","$","E","R","BOSS","M","M","$","?","M","E","R","?","T","?","R","?","E","M","R","BOSS","M","?","M","$","M"],"items_purchased_type":["Relic","Potion","Potion","Relic","Relic"],"build_version":"2020-12-22","purchased_purges":3,"victory":false,"max_hp_per_floor":[70,70,70,70,70,70,70,70,70,70,70,70,70,70,70,70,70,70,70,70,70,70,70,70,70,77,77,77,77,77,77,77,77,77,77,77,77,77,77,77],"card_choices":[{"not_picked":["Dash","Well Laid Plans"],"picked":"Poisoned Stab","floor":1},{"not_picked":["Deflect","Concentrate"],"picked":"Dagger Spray","floor":4},{"not_picked":["Tactician","Deadly Poison"],"picked":"Footwork","floor":5},{"not_picked":["Endless Agony","Backflip"],"picked":"Acrobatics","floor":6},{"not_picked":["Venomology","Expertise"],"picked":"Bouncing Flask","floor":12},{"not_picked":["Backflip","Endless Agony"],"picked":"Poisoned Stab","floor":14},{"not_picked":["A Thousand Cuts","Adrenaline"],"picked":"Envenom","floor":16},{"not_picked":["Dash","Blur"],"picked":"Cloak And Dagger+1","floor":18},{"not_picked":["Dagger Spray","Heel Hook+1"],"picked":"Prepared","floor":19},{"not_picked":["Cloak And Dagger","Slice","Dagger Throw+1"],"picked":"SKIP","floor":22},{"not_picked":["Dagger Spray","Flying Knee"],"picked":"Infinite Blades","floor":23},{"not_picked":["Outmaneuver","Flying Knee+1","All Out Attack"],"picked":"SKIP","floor":30},{"not_picked":["Endless Agony","Bane+1"],"picked":"Calculated Gamble","floor":31},{"not_picked":["Night Terror","Tools of the Trade"],"picked":"Envenom","floor":33},{"not_picked":["Sucker Punch+1"],"picked":"SKIP","floor":35},{"not_picked":[],"picked":"Blade Dance","floor":37}],"player_experience":154552,"relics_obtained":[{"floor":2,"key":"Blood Vial"},{"floor":6,"key":"InkBottle"},{"floor":9,"key":"Eternal Feather"},{"floor":14,"key":"Paper Crane"},{"floor":23,"key":"Bottled Lightning"},{"floor":26,"key":"Strawberry"},{"floor":30,"key":"Bag of Marbles"}],"event_choices":[{"damage_healed":0,"gold_gain":275,"player_choice":"Desecrate","damage_taken":0,"max_hp_gain":0,"max_hp_loss":0,"event_name":"Golden Shrine","floor":3,"gold_loss":0,"cards_obtained":["Regret"]},{"cards_removed":["Regret"],"damage_healed":0,"gold_gain":0,"player_choice":"Card Removal","damage_taken":7,"max_hp_gain":0,"max_hp_loss":0,"event_name":"Golden Wing","floor":8,"gold_loss":0},{"cards_removed":["Strike_G"],"damage_healed":0,"gold_gain":0,"player_choice":"Offered Basic","damage_taken":0,"max_hp_gain":0,"max_hp_loss":0,"event_name":"Bonfire Elementals","floor":11,"gold_loss":0},{"damage_healed":0,"gold_gain":0,"player_choice":"Copied","damage_taken":0,"max_hp_gain":0,"max_hp_loss":0,"event_name":"Duplicator","floor":21,"gold_loss":0,"cards_obtained":["Footwork"]},{"damage_healed":0,"gold_gain":0,"player_choice":"Upgraded","damage_taken":0,"max_hp_gain":0,"max_hp_loss":0,"event_name":"Upgrade Shrine","floor":25,"gold_loss":0,"cards_upgraded":["Envenom"]},{"damage_healed":0,"gold_gain":0,"player_choice":"Opened","damage_taken":0,"relics_obtained":["Shuriken"],"max_hp_gain":0,"max_hp_loss":0,"event_name":"The Mausoleum","floor":29,"gold_loss":0,"cards_obtained":["Writhe"]},{"damage_healed":0,"gold_gain":0,"player_choice":"Embrace Madness","damage_taken":10,"max_hp_gain":0,"max_hp_loss":0,"event_name":"Winding Halls","floor":36,"gold_loss":0,"cards_obtained":["Madness","Madness"]}],"is_beta":false,"boss_relics":[{"not_picked":["Tiny House","Runic Dome"],"picked":"Sozu"},{"not_picked":["Black Star","Velvet Choker"],"picked":"Busted Crown"}],"items_purged_floors":[10,13,20],"is_endless":false,"potions_floor_spawned":[1,12,14,23,33,37],"killed_by":"Sphere and 2 Shapes","ascension_level":10}}