{"host":"w9yruvs4bqht6bhw","time":1609731952,"event":{"mods":["BaseMod","Colored Powertips","Minty Spire (QoL Compilation)"],"gold_per_floor":[17,37,51,51,65,65,80,80,80,80,80,80,80],"floor_reached":12,"playtime":343,"items_purged":[],"score":98,"play_id":"a5edddfe-cb4f-4383-a16d-3ecaa784b34f","local_time":"20210103224552","is_ascension_mode":true,"campfire_choices":[{"data":"Thunderclap","floor":8,"key":"SMITH"}],"circlet_count":0,"master_deck":["Strike_R","Strike_R","Strike_R","Strike_R","Strike_R","Defend_R","Defend_R","Defend_R","Defend_R","Bash","Limit Break+1","Thunderclap+1","Iron Wave","Shrug It Off","Shrug It Off"],"relics":["Burning Blood","Meat on the Bone"],"acts_visited":["Exordium"],"potions_floor_usage":[7],"damage_taken":[{"damage":1,"enemies":"Cultist","floor":1,"turns":3},{"damage":13,"enemies":"Jaw Worm","floor":2,"turns":7},{"damage":7,"enemies":"Small Slimes","floor":3,"turns":4},{"damage":18,"enemies":"3 Louse","floor":5,"turns":3},{"damage":14,"enemies":"Lots of Slimes","floor":7,"turns":3},{"damage":87,"enemies":"Lagavulin","floor":12,"turns":9}],"seed_played":"1802293298758072210","potions_obtained":[{"floor":3,"key":"SteroidPotion"}],"is_trial":false,"path_per_floor":["M","M","M","?","M","$","M","R","T","?","?","E"],"character_chosen":"IRONCLAD","items_purchased":[],"campfire_rested":0,"item_purchase_floors":[],"current_hp_per_floor":[77,70,69,69,57,57,49,49,49,49,75,0,0],"gold":80,"neow_bonus":"THREE_RARE_CARDS","is_daily":false,"chose_seed":false,"campfire_upgraded":1,"win_rate":0.0,"timestamp":1609731952,"path_taken":["M","?","M","?","M","$","M","R","T","?","?","E"],"items_purchased_type":[],"build_version":"2020-12-22","purchased_purges":0,"victory":false,"max_hp_per_floor":[80,80,80,80,80,80,80,80,80,80,80,80,80],"card_choices":[{"not_picked":["Double Tap","Corruption"],"picked":"Limit Break","floor":0},{"not_picked":["Armaments","Sword Boomerang","Headbutt"],"picked":"SKIP","floor":1},{"not_picked":["Power Through","Exhume"],"picked":"Thunderclap","floor":2},{"not_picked":["Heavy Blade","Dark Embrace"],"picked":"Iron Wave","floor":3},{"not_picked":["Anger","True Grit"],"picked":"Shrug It Off","floor":5},{"not_picked":["Hemokinesis","Carnage"],"picked":"Shrug It Off","floor":7}],"player_experience":320880,"relics_obtained":[{"floor":9,"key":"Meat on the Bone"}],"event_choices":[{"damage_healed":0,"gold_gain":0,"player_choice":"Grow","damage_taken":0,"max_hp_gain":0,"max_hp_loss":0,"event_name":"Living Wall","floor":4,"gold_loss":0,"cards_upgraded":["Limit Break"]},{"damage_healed":0,"gold_gain":0,"player_choice":"Ignored","damage_taken":0,"max_hp_gain":0,"max_hp_loss":0,"event_name":"Liars Game","floor":10,"gold_loss":0},{"damage_healed":26,"gold_gain":0,"player_choice":"Banana","damage_taken":0,"max_hp_gain":0,"max_hp_loss":0,"event_name":"Big Fish","floor":11,"gold_loss":0}],"is_beta":false,"boss_relics":[],"items_purged_floors":[],"is_endless":false,"potions_floor_spawned":[3],"killed_by":"Lagavulin","ascension_level":8}}