{"host":"krz7pvdql77zertr","time":1609733262,"event":{"mods":["BaseMod","Minty Spire (QoL Compilation)","StSLib","Sumireko Usami"],"gold_per_floor":[113,113,130,140,154,154,170,170,170,182,182,196,196,228,228,326,326,338,263,280,280,297,297,315,315,315,315,343,361,380,398,398,497,497,510,292,312,324,324,342,190,205,205,205,265,265,290,304,304,304],"floor_reached":51,"playtime":4089,"items_purged":["sumireko:ExtensionSeal","sumireko:EchoSeal"],"score":707,"play_id":"4aee60b9-26cd-47c3-ab43-c6e853577dea","local_time":"20210103200742","is_ascension_mode":false,"campfire_choices":[{"data":"sumireko:HonedTalent","floor":6.0,"key":"SMITH"},{"data":"sumireko:Telephotography","floor":8.0,"key":"SMITH"},{"data":"sumireko:PsychokineticBurst","floor":13.0,"key":"SMITH"},{"data":"sumireko:Possession","floor":15.0,"key":"SMITH"},{"floor":23,"key":"RECALL"},{"floor":25,"key":"REST"},{"floor":32,"key":"REST"},{"floor":44,"key":"REST"},{"floor":46,"key":"REST"},{"floor":49,"key":"REST"}],"circlet_count":0,"master_deck":["sumireko:Wall","sumireko:Wall","sumireko:OccultSeal","sumireko:PsychokineticBurst+1","sumireko:Crush","sumireko:Telephotography+1","sumireko:HonedTalent+1","sumireko:RuleCancel","sumireko:Teleportation","sumireko:HonedTalent+1","sumireko:Sight","sumireko:Possession+1","sumireko:MentalImaging+1","sumireko:Fling","sumireko:Toss+1","sumireko:HonedTalent+1","sumireko:Dowsing","sumireko:Suspend","sumireko:Telephotography+1","sumireko:Dream","sumireko:Sight","sumireko:MysterySeal","sumireko:FrostSeal","sumireko:InsightSeal","sumireko:MindEye","sumireko:Fling","sumireko:RepressionSeal+1","sumireko:MentalImaging","sumireko:Precognition","sumireko:DeflectionSeal","sumireko:Dowsing+1","sumireko:AmplificationSeal","sumireko:Banish"],"relics":["sumireko:OccultBall","Mummified Hand","Matryoshka","Fusion Hammer","Pantograph","Du-Vu Doll","Omamori","Pandora\u0027s Box","Strange Spoon","Happy Flower","InkBottle","Letter Opener"],"acts_visited":["Exordium","TheCity","TheBeyond"],"potions_floor_usage":[27,33,33,50,50],"damage_taken":[{"damage":1.0,"enemies":"2 Louse","floor":1.0,"turns":2.0},{"damage":0.0,"enemies":"Jaw Worm","floor":3.0,"turns":2.0},{"damage":0.0,"enemies":"Cultist","floor":4.0,"turns":3.0},{"damage":4.0,"enemies":"Looter","floor":5.0,"turns":4.0},{"damage":1.0,"enemies":"Large Slime","floor":7.0,"turns":7.0},{"damage":0.0,"enemies":"Red Slaver","floor":10.0,"turns":3.0},{"damage":0.0,"enemies":"3 Louse","floor":12.0,"turns":3.0},{"damage":9.0,"enemies":"3 Sentries","floor":14.0,"turns":5.0},{"damage":12.0,"enemies":"The Guardian","floor":16.0,"turns":9.0},{"damage":16,"enemies":"2 Thieves","floor":18,"turns":3},{"damage":2,"enemies":"3 Byrds","floor":20,"turns":4},{"damage":5,"enemies":"Snecko","floor":22,"turns":5},{"damage":6,"enemies":"Snake Plant","floor":24,"turns":5},{"damage":45,"enemies":"Gremlin Leader","floor":28,"turns":5},{"damage":3,"enemies":"Shelled Parasite and Fungi","floor":29,"turns":7},{"damage":0,"enemies":"3 Cultists","floor":30,"turns":5},{"damage":27,"enemies":"Cultist and Chosen","floor":31,"turns":6},{"damage":18,"enemies":"Collector","floor":33,"turns":3},{"damage":17,"enemies":"3 Darklings","floor":35,"turns":4},{"damage":7,"enemies":"Orb Walker","floor":37,"turns":3},{"damage":0,"enemies":"3 Darklings","floor":38,"turns":3},{"damage":36,"enemies":"Sphere and 2 Shapes","floor":40,"turns":4},{"damage":0,"enemies":"Maw","floor":42,"turns":8},{"damage":0,"enemies":"Jaw Worm Horde","floor":45,"turns":3},{"damage":2,"enemies":"Giant Head","floor":47,"turns":6},{"damage":1,"enemies":"Writhing Mass","floor":48,"turns":3},{"damage":17,"enemies":"Donu and Deca","floor":50,"turns":4}],"seed_played":"4151853954647567587","potions_obtained":[{"floor":4.0,"key":"Block Potion"},{"floor":7.0,"key":"FearPotion"},{"floor":14.0,"key":"SteroidPotion"},{"floor":22,"key":"LiquidMemories"},{"floor":27,"key":"Fruit Juice"},{"floor":27,"key":"DuplicationPotion"},{"floor":33,"key":"Fire Potion"},{"floor":35,"key":"SteroidPotion"},{"floor":45,"key":"CultistPotion"}],"is_trial":false,"path_per_floor":["M","?","M","M","M","R","M","R","T","M","?","M","R","E","R","B",null,"M","?","M","?","M","R","M","R","T","?","E","M","M","M","R","B",null,"M","$","M","M","?","M","$","M","T","R","M","R","E","M","R","B",null],"character_chosen":"SUMIREKO","items_purchased":["Strange Spoon","sumireko:DeflectionSeal"],"campfire_rested":5,"item_purchase_floors":[36,41],"current_hp_per_floor":[76,69,69,69,65,65,64,64,64,64,64,64,64,55,55,43,77,61,61,59,59,54,54,48,71,71,76,35,32,32,5,29,36,82,65,65,58,58,58,22,22,22,22,46,46,70,68,67,82,65],"gold":304,"neow_bonus":"TEN_PERCENT_HP_BONUS","is_daily":false,"chose_seed":false,"campfire_upgraded":4,"win_rate":0.0,"timestamp":1609733262,"path_taken":["M","?","M","M","M","R","M","R","T","M","?","?","R","E","R","BOSS","M","?","M","?","M","R","?","R","T","?","E","?","M","M","R","BOSS","M","?","?","?","?","M","$","M","T","R","?","R","E","M","R","BOSS"],"items_purchased_type":["Relic","Card"],"build_version":"2020-12-22","purchased_purges":2,"victory":true,"max_hp_per_floor":[77,77,77,77,77,77,77,77,77,77,77,77,77,77,77,77,77,77,77,77,77,77,77,77,77,77,82,82,82,82,82,82,82,82,82,82,82,82,82,82,82,82,82,82,82,82,82,82,82,82],"card_choices":[{"not_picked":["sumireko:EscapeArtist","sumireko:TelephonePole"],"picked":"sumireko:Crush","floor":1.0},{"not_picked":["sumireko:TelephonePole","sumireko:Psychexplosion"],"picked":"sumireko:Telephotography","floor":3.0},{"not_picked":["sumireko:EchoSeal","sumireko:Crush"],"picked":"sumireko:HonedTalent","floor":4.0},{"not_picked":["sumireko:PerfectMemory","sumireko:Fragment"],"picked":"sumireko:RuleCancel","floor":5.0},{"not_picked":["sumireko:Dowsing","sumireko:Toss"],"picked":"sumireko:Teleportation","floor":7.0},{"not_picked":["sumireko:Suspend","sumireko:RestrainingSeal"],"picked":"sumireko:HonedTalent","floor":10.0},{"not_picked":["sumireko:MurderSeal","sumireko:Crush"],"picked":"sumireko:Sight","floor":12.0},{"not_picked":["sumireko:DeflectionSeal","sumireko:PerfectMemory"],"picked":"sumireko:Possession","floor":14.0},{"not_picked":["sumireko:ExtensionSeal","sumireko:PsychicProwess"],"picked":"sumireko:MentalImaging","floor":16.0},{"not_picked":["sumireko:CardTrick","sumireko:Sight"],"picked":"sumireko:Fling","floor":18},{"not_picked":["sumireko:Brainwave","sumireko:RestrainingSeal+1"],"picked":"sumireko:Toss+1","floor":20},{"not_picked":["sumireko:Toss","sumireko:Fragment+1"],"picked":"sumireko:HonedTalent+1","floor":22},{"not_picked":["sumireko:RuleCancel","sumireko:CardTrick"],"picked":"sumireko:Dowsing","floor":24},{"not_picked":["sumireko:PsychicProwess","sumireko:Forcefield"],"picked":"sumireko:Suspend","floor":28},{"not_picked":["sumireko:RepressionSeal","sumireko:RuleCancel"],"picked":"sumireko:Telephotography+1","floor":29},{"not_picked":["sumireko:Fragment+1","sumireko:Liberator"],"picked":"sumireko:Dream","floor":30},{"not_picked":["sumireko:RuleCancel","sumireko:EchoSeal"],"picked":"sumireko:Sight","floor":31},{"not_picked":["sumireko:PsychicProwess","sumireko:ShockingSeal"],"picked":"sumireko:MysterySeal","floor":33},{"not_picked":["sumireko:HonedTalent","sumireko:Crush"],"picked":"sumireko:RepressionSeal+1","floor":35},{"not_picked":["sumireko:Possession","sumireko:Toss","sumireko:MindEye"],"picked":"SKIP","floor":37},{"not_picked":["sumireko:TelephonePole+1","sumireko:EscapeArtist","sumireko:PerfectParadox+1"],"picked":"SKIP","floor":38},{"not_picked":["sumireko:MirrorSeal+1","sumireko:LuckyCharm"],"picked":"sumireko:Precognition","floor":40},{"not_picked":["sumireko:Rite","sumireko:RuleCancel"],"picked":"sumireko:Dowsing+1","floor":42},{"not_picked":["sumireko:Psychexplosion+1","sumireko:Dowsing","sumireko:HonedTalent"],"picked":"SKIP","floor":45},{"not_picked":["sumireko:InstantBarrier+1","sumireko:Cage"],"picked":"sumireko:AmplificationSeal","floor":47},{"not_picked":["sumireko:Toss","sumireko:RepressionSeal"],"picked":"sumireko:Banish","floor":48}],"player_experience":300289,"relics_obtained":[{"floor":9.0,"key":"Mummified Hand"},{"floor":14.0,"key":"Matryoshka"},{"floor":26,"key":"Pantograph"},{"floor":26,"key":"Du-Vu Doll"},{"floor":28,"key":"Omamori"},{"floor":43,"key":"Happy Flower"},{"floor":43,"key":"InkBottle"},{"floor":47,"key":"Letter Opener"}],"event_choices":[{"cards_removed":["sumireko:StrikeSeal"],"damage_healed":0.0,"max_hp_gain":0.0,"max_hp_loss":0.0,"gold_gain":0.0,"event_name":"Golden Wing","player_choice":"Card Removal","floor":2.0,"gold_loss":0.0,"damage_taken":7.0},{"damage_healed":0.0,"max_hp_gain":0.0,"max_hp_loss":0.0,"gold_gain":0.0,"event_name":"Upgrade Shrine","player_choice":"Upgraded","floor":11.0,"gold_loss":0.0,"damage_taken":0.0,"cards_upgraded":["sumireko:HonedTalent"]},{"cards_removed":["sumireko:StrikeSeal"],"damage_healed":0,"gold_gain":0,"player_choice":"Gave Gold","damage_taken":0,"max_hp_gain":0,"max_hp_loss":0,"event_name":"Beggar","floor":19,"gold_loss":75},{"damage_healed":0,"gold_gain":0,"player_choice":"Forge","damage_taken":0,"max_hp_gain":0,"max_hp_loss":0,"event_name":"Accursed Blacksmith","floor":21,"gold_loss":0,"cards_upgraded":["sumireko:MentalImaging"]},{"damage_healed":0,"gold_gain":0,"player_choice":"Got Potions","damage_taken":0,"max_hp_gain":0,"max_hp_loss":0,"event_name":"Lab","floor":27,"gold_loss":0},{"damage_healed":0,"gold_gain":0,"player_choice":"1 cards matched","damage_taken":0,"max_hp_gain":0,"max_hp_loss":0,"event_name":"Match and Keep!","floor":39,"gold_loss":0,"cards_obtained":["sumireko:MentalImaging"]}],"is_beta":false,"boss_relics":[{"not_picked":["Philosopher\u0027s Stone","Black Star"],"picked":"Fusion Hammer"},{"not_picked":["Empty Cage","Coffee Dripper"],"picked":"Pandora\u0027s Box"}],"items_purged_floors":[36,41],"is_endless":false,"potions_floor_spawned":[4,7,14,22,28,29,33,35,37,38,45,48],"ascension_level":0}}