{"host":"5fasz840ryq7obdf","time":1609761813,"event":{"mods":["2.2 Compatiblity","AchievementEnabler","BaseMod","Bestiary","Better Altar","Better Skull","Better Third Choice","BetterRewards","Block Reminder","Colored Powertips","Curses Come First","Downfall","Minty Spire (QoL Compilation)","Quick Restart","Relic Sorter","Relic Stats","Shop Mod","Spicy Shops","StSLib","SuperFastMode","ojb\u0027s Better Paths Mod","ojb\u0027s Info Mod"],"gold_per_floor":[349,360,377,394,410,410,410,425,37,55,89,103,128,228,244,244,244,244],"floor_reached":16,"playtime":1546,"items_purged":["Shame"],"score":128,"play_id":"aeb2dadf-3a39-4fef-b80e-1769c3b28c8f","local_time":"20210104120333","is_ascension_mode":true,"campfire_choices":[{"data":"champ:Taunt","floor":1,"key":"SMITH"},{"data":"champ:Backstep","floor":6,"key":"SMITH"}],"circlet_count":0,"master_deck":["champ:Strike","champ:Strike","champ:Strike","champ:Strike","champ:Defend","champ:Defend","champ:Defend","champ:Defend","champ:Execute","champ:Taunt+1","champ:Backstep+1","champ:AdrenalArmor","champ:GutPunch","champ:GutPunch","champ:CrookedStrike","champ:IronFortress","champ:BerserkerStyle","Clumsy","champ:HeartStrike","champ:StrikeOfGenius","champ:CalledShot","champ:StanceDance+1","champ:AdrenalArmor+1"],"relics":["champ:ChampionCrown","Happy Flower","Bottled Lightning","Gremlin Horn","Blue Candle","Toxic Egg 2"],"acts_visited":["Exordium"],"potions_floor_usage":[10],"damage_taken":[{"damage":8,"enemies":"Cultist","floor":2,"turns":4},{"damage":13,"enemies":"Small Slimes","floor":3,"turns":4},{"damage":14,"enemies":"2 Louse","floor":4,"turns":4},{"damage":27,"enemies":"Lots of Slimes","floor":5,"turns":6},{"damage":21,"enemies":"Large Slime","floor":8,"turns":5},{"damage":17,"enemies":"downfall:FleeingMerchant","floor":9,"turns":4},{"damage":29,"enemies":"Exordium Wildlife","floor":10,"turns":7},{"damage":50,"enemies":"Lagavulin","floor":11,"turns":6},{"damage":27,"enemies":"Gremlin Gang","floor":12,"turns":5},{"damage":44,"enemies":"Gremlin Nob","floor":13,"turns":5},{"damage":8,"enemies":"Red Slaver","floor":15,"turns":2},{"damage":10,"enemies":"downfall:Defect","floor":16,"turns":4}],"seed_played":"-7605972389872636483","potions_obtained":[{"floor":2,"key":"Regen Potion"},{"floor":10,"key":"champ:UltimateStancePotion"},{"floor":13,"key":"Energy Potion"}],"is_trial":false,"path_per_floor":["R","M","M","M","M","R","T","M","$","M","E","M","E","?","M","B"],"character_chosen":"THE_CHAMP","items_purchased":["Bottled Lightning","champ:BerserkerStyle","Gremlin Horn"],"campfire_rested":0,"item_purchase_floors":[9,9,9],"current_hp_per_floor":[90,90,82,77,67,67,67,63,63,67,44,35,9,9,9,0,0,0],"gold":244,"neow_bonus":"TWO_FIFTY_GOLD","is_daily":false,"chose_seed":false,"campfire_upgraded":2,"win_rate":0.0,"timestamp":1609761813,"path_taken":["R","M","M","?","M","R","T","M","$","M","E","M","E","?","M","BOSS"],"items_purchased_type":["Relic","Card","Relic"],"build_version":"2020-12-22","purchased_purges":1,"victory":false,"max_hp_per_floor":[90,90,90,90,90,90,90,90,90,90,90,90,90,90,90,90,90,90],"relic_stats":{"Happy Flower":[12],"Gremlin Horn":[4,4],"counters":[12,56],"Blue Candle":[0],"obtain_stats":[{"Happy Flower":7,"Gremlin Horn":9,"Blue Candle":11,"champ:ChampionCrown":0,"Bottled Lightning":9,"Toxic Egg 2":13},{"Happy Flower":4,"Gremlin Horn":6,"Blue Candle":8,"champ:ChampionCrown":0,"Bottled Lightning":6,"Toxic Egg 2":10},{"Happy Flower":18,"Gremlin Horn":27,"Blue Candle":40,"champ:ChampionCrown":0,"Bottled Lightning":27,"Toxic Egg 2":50}]},"card_choices":[{"not_picked":["champ:FlashCut","champ:HeartStrike"],"picked":"champ:Backstep","floor":2},{"not_picked":["champ:DefensiveShout","champ:EnragedBash"],"picked":"champ:AdrenalArmor","floor":3},{"not_picked":["champ:RecklessLeap","champ:Shatter"],"picked":"champ:GutPunch","floor":4},{"not_picked":["champ:FlashCut","champ:ShieldSigil"],"picked":"champ:GutPunch","floor":5},{"not_picked":["champ:TornadoPunch","champ:Circumvent"],"picked":"champ:CrookedStrike","floor":8},{"not_picked":["champ:ShieldSlam","champ:GutPunch"],"picked":"champ:IronFortress","floor":9},{"not_picked":["champ:ShieldSigil","champ:PerfectedStrike"],"picked":"champ:HeartStrike","floor":10},{"not_picked":["champ:GladiatorsShout","champ:FanOfKnives"],"picked":"champ:StrikeOfGenius","floor":11},{"not_picked":["champ:PerfectedStrike","champ:GladiatorsShout"],"picked":"champ:CalledShot","floor":12},{"not_picked":["champ:EnragedBash","champ:DeathBlow"],"picked":"champ:StanceDance+1","floor":13},{"not_picked":["champ:GladiatorStyle","champ:ShieldSigil+1"],"picked":"champ:AdrenalArmor+1","floor":15}],"player_experience":1475619,"relics_obtained":[{"floor":7,"key":"Happy Flower"},{"floor":11,"key":"Blue Candle"},{"floor":13,"key":"Toxic Egg 2"}],"event_choices":[],"is_beta":false,"boss_relics":[],"items_purged_floors":[9],"is_endless":false,"potions_floor_spawned":[2,10,13],"killed_by":"downfall:Defect","ascension_level":2}}