{"host":"newqdrzxfhh2im9e","time":1609725580,"event":{"mods":["AchievementEnabler","BaseMod","BetterRewards","Block Reminder","Colored Map","Jorbs\u0027s Wanderer Trilogy","Minty Spire (QoL Compilation)","Rare Cards Sparkle","Shop Mod","StSLib"],"gold_per_floor":[360,4,4,4,17,44,44,44,69,69,69,80,80,97,97,202,202,221,221,221,221,221],"floor_reached":21,"playtime":601,"items_purged":[],"score":219,"play_id":"7ba7585a-3608-409c-ae31-5d2dbe6a4b04","local_time":"20210103175940","is_ascension_mode":true,"campfire_choices":[{"data":"Fission","floor":8,"key":"SMITH"},{"data":"Streamline","floor":10,"key":"SMITH"},{"data":"Melter","floor":11,"key":"SMITH"},{"floor":13,"key":"REST"},{"data":"Creative AI","floor":15,"key":"SMITH"}],"circlet_count":0,"master_deck":["Strike_B","Strike_B","Strike_B","Strike_B","Defend_B","Defend_B","Defend_B","Defend_B","Zap","Dualcast","Recycle","Fission+1","Streamline+1","Melter+1","Auto Shields","Creative AI+1","Electrodynamics","Force Field","Writhe"],"relics":["Cracked Core","Runic Capacitor","WingedGreaves","FaceOfCleric","DataDisk","SlaversCollar","Meat on the Bone"],"acts_visited":["Exordium","TheCity"],"potions_floor_usage":[6,6,6,16],"damage_taken":[{"damage":2,"enemies":"Jaw Worm","floor":1,"turns":4},{"damage":3,"enemies":"Small Slimes","floor":5,"turns":3},{"damage":28,"enemies":"3 Sentries","floor":6,"turns":6},{"damage":0,"enemies":"Cultist","floor":12,"turns":2},{"damage":0,"enemies":"Looter","floor":14,"turns":2},{"damage":55,"enemies":"The Guardian","floor":16,"turns":12},{"damage":23,"enemies":"Shell Parasite","floor":18,"turns":4},{"damage":51,"enemies":"Masked Bandits","floor":21,"turns":3}],"seed_played":"-8836378607570519178","potions_obtained":[{"floor":1,"key":"ColorlessPotion"},{"floor":5,"key":"GamblersBrew"},{"floor":14,"key":"Dexterity Potion"}],"is_trial":false,"path_per_floor":["M","$","?","?","M","E","?","R","T","R","R","M","R","M","R","B",null,"M","?","?","?"],"character_chosen":"DEFECT","items_purchased":["Runic Capacitor","Fission","Block Potion"],"campfire_rested":1,"item_purchase_floors":[2,2,2],"current_hp_per_floor":[73,73,73,73,70,42,42,42,42,42,42,43,65,66,66,12,62,40,40,40,0,0],"gold":221,"neow_bonus":"TWO_FIFTY_GOLD","is_daily":false,"chose_seed":false,"campfire_upgraded":4,"win_rate":0.0,"timestamp":1609725580,"path_taken":["M","$","?","?","?","E","?","R","T","R","R","?","R","M","R","BOSS","M","?","?","?"],"items_purchased_type":["Relic","Card","Potion"],"build_version":"2020-12-22","purchased_purges":0,"victory":false,"max_hp_per_floor":[75,75,75,75,75,75,75,75,75,75,75,76,76,77,77,78,78,79,79,79,79,79],"card_choices":[{"not_picked":["Barrage","Stack"],"picked":"Recycle","floor":1},{"not_picked":["Steam Power","Coolheaded"],"picked":"Streamline","floor":5},{"not_picked":["Glacier","Sweeping Beam"],"picked":"Melter","floor":6},{"not_picked":["Hello World","Lockon"],"picked":"Auto Shields","floor":12},{"not_picked":["Ball Lightning","Gash"],"picked":"Creative AI","floor":14},{"not_picked":["Creative AI","Thunder Strike"],"picked":"Electrodynamics","floor":16},{"not_picked":["Tempest+1","Streamline"],"picked":"Force Field","floor":18}],"player_experience":683100,"relics_obtained":[{"floor":6,"key":"WingedGreaves"},{"floor":9,"key":"DataDisk"}],"event_choices":[{"damage_healed":0,"gold_gain":0,"player_choice":"Ignored","damage_taken":0,"max_hp_gain":0,"max_hp_loss":0,"event_name":"Golden Wing","floor":3,"gold_loss":0},{"cards_removed":["Writhe"],"damage_healed":0,"gold_gain":0,"player_choice":"Removed Curses","damage_taken":0,"max_hp_gain":0,"max_hp_loss":0,"event_name":"Fountain of Cleansing","floor":4,"gold_loss":0},{"damage_healed":0,"gold_gain":0,"player_choice":"Trade","damage_taken":0,"relics_obtained":["FaceOfCleric"],"max_hp_gain":0,"max_hp_loss":0,"event_name":"FaceTrader","floor":7,"gold_loss":0},{"damage_healed":0,"gold_gain":0,"player_choice":"Ignored","damage_taken":0,"max_hp_gain":0,"max_hp_loss":0,"event_name":"Ghosts","floor":19,"gold_loss":0},{"damage_healed":0,"gold_gain":0,"player_choice":"Opened","damage_taken":0,"relics_obtained":["Meat on the Bone"],"max_hp_gain":0,"max_hp_loss":0,"event_name":"The Mausoleum","floor":20,"gold_loss":0,"cards_obtained":["Writhe"]},{"damage_healed":0,"gold_gain":0,"player_choice":"Fought Bandits","damage_taken":0,"max_hp_gain":0,"max_hp_loss":0,"event_name":"Masked Bandits","floor":21,"gold_loss":0}],"is_beta":false,"boss_relics":[{"not_picked":["Inserter","Tiny House"],"picked":"SlaversCollar"}],"items_purged_floors":[],"is_endless":false,"potions_floor_spawned":[1,5,14],"killed_by":"Masked Bandits","ascension_level":5}}