{"host":"bydnmyvf669xu6ab","time":1609797939,"event":{"mods":["Aspiration","BaseMod","Better Note","BetterRewards","Colored Map","Colored Powertips","Minty Spire (QoL Compilation)","Rare Cards Sparkle","Relic Stats","Shop Mod","StSLib","SuperFastMode","Virulent Crown"],"gold_per_floor":[111,111,286,286,304,304,319,319,398,421,494,494,533,524,524,524,524],"floor_reached":16,"playtime":709,"items_purged":[],"score":155,"play_id":"2281d88e-5ff3-49f7-bfb2-8851d36c7879","local_time":"20210104140539","is_ascension_mode":true,"campfire_choices":[{"data":"Battle Trance","floor":6,"key":"SMITH"},{"data":"Bash","floor":8,"key":"SMITH"},{"data":"Shockwave","floor":12,"key":"SMITH"},{"floor":15,"key":"REST"}],"circlet_count":0,"master_deck":["Strike_R","Strike_R","Strike_R","Strike_R","Strike_R","Defend_R","Defend_R","Defend_R","Defend_R","Bash+1","Battle Trance+1","Shrug It Off","Dark Embrace+1","Inflame+1","Shrug It Off","Flex","Shockwave+1","Heavy Blade","Pommel Strike","Spot Weakness"],"relics":["Burning Blood","Membership Card","Frozen Egg 2","Golden Idol","Pantograph","Prayer Wheel","aspiration:HummingbirdHeart"],"acts_visited":["Exordium"],"potions_floor_usage":[11,11],"damage_taken":[{"damage":3,"enemies":"Jaw Worm","floor":1,"turns":3},{"damage":13,"enemies":"2 Louse","floor":5,"turns":2},{"damage":2,"enemies":"Cultist","floor":7,"turns":4},{"damage":14,"enemies":"Gremlin Nob","floor":11,"turns":3},{"damage":32,"enemies":"3 Sentries","floor":13,"turns":8},{"damage":5,"enemies":"Exordium Thugs","floor":14,"turns":4},{"damage":63,"enemies":"Slime Boss","floor":16,"turns":7}],"seed_played":"-3944287456707862111","potions_obtained":[{"floor":7,"key":"FearPotion"}],"is_trial":false,"path_per_floor":["M","?","?","?","M","R","M","R","T","T","?","R","E","M","R","B"],"character_chosen":"IRONCLAD","items_purchased":["Membership Card","Frozen Egg 2","Battle Trance","Shrug It Off","Dark Embrace+1","SteroidPotion"],"campfire_rested":1,"item_purchase_floors":[0,0,0,0,0,0],"current_hp_per_floor":[70,50,50,50,43,43,47,47,47,47,39,39,13,14,38,0,0],"gold":524,"neow_bonus":"","is_daily":false,"chose_seed":false,"campfire_upgraded":3,"win_rate":0.0,"timestamp":1609797939,"path_taken":["M","?","?","?","?","R","M","R","T","?","?","R","E","M","R","BOSS"],"items_purchased_type":["Relic","Relic","Card","Card","Card","Potion"],"build_version":"2020-12-22","purchased_purges":0,"victory":false,"max_hp_per_floor":[80,80,80,80,80,80,80,80,80,80,80,80,80,80,80,80,80],"relic_stats":{"counters":[35,171],"Golden Idol":28,"Pantograph":25,"Prayer Wheel":1,"obtain_stats":[{"Golden Idol":2,"Magic Flower":12,"Black Blood":17,"aspiration:HummingbirdHeart":29,"Frozen Egg 2":0,"Smiling Mask":27,"MawBank":9,"Burning Blood":0,"aspiration:FrozenJewel":26,"Gambling Chip":9,"Strawberry":30,"Pantograph":9,"Philosopher\u0027s Stone":17,"Prayer Wheel":11,"Champion Belt":7,"Bottled Lightning":26,"Membership Card":0},{"Golden Idol":29,"Magic Flower":3,"Black Blood":5,"aspiration:HummingbirdHeart":26,"Frozen Egg 2":28,"Smiling Mask":10,"MawBank":15,"Burning Blood":0,"aspiration:FrozenJewel":25,"Gambling Chip":3,"Strawberry":27,"Pantograph":31,"Philosopher\u0027s Stone":20,"Prayer Wheel":32,"Champion Belt":2,"Bottled Lightning":9,"Membership Card":28},{"Golden Idol":143,"Magic Flower":13,"Black Blood":26,"aspiration:HummingbirdHeart":128,"Frozen Egg 2":140,"Smiling Mask":51,"MawBank":74,"Burning Blood":0,"aspiration:FrozenJewel":124,"Gambling Chip":13,"Strawberry":134,"Pantograph":149,"Philosopher\u0027s Stone":97,"Prayer Wheel":152,"Champion Belt":10,"Bottled Lightning":45,"Membership Card":140}],"Burning Blood":269},"card_choices":[{"not_picked":["Fire Breathing+1","Twin Strike"],"picked":"Inflame+1","floor":1},{"not_picked":["Wild Strike","Clash"],"picked":"Shrug It Off","floor":5},{"not_picked":["Disarm","Sword Boomerang"],"picked":"Flex","floor":7},{"not_picked":["Combust+1","Bloodletting"],"picked":"Shockwave","floor":11},{"not_picked":["Wild Strike","Intimidate"],"picked":"Heavy Blade","floor":13},{"not_picked":["Dropkick","Warcry"],"picked":"Pommel Strike","floor":14},{"not_picked":["Clothesline","Dual Wield"],"picked":"Spot Weakness","floor":14}],"player_experience":2121489,"relics_obtained":[{"floor":9,"key":"Pantograph"},{"floor":11,"key":"Prayer Wheel"},{"floor":13,"key":"aspiration:HummingbirdHeart"}],"event_choices":[{"damage_healed":0,"gold_gain":0,"player_choice":"Take Damage","damage_taken":20,"relics_obtained":["Golden Idol"],"max_hp_gain":0,"max_hp_loss":0,"event_name":"Golden Idol","floor":2,"gold_loss":0},{"damage_healed":0,"gold_gain":175,"player_choice":"AGREE","damage_taken":0,"max_hp_gain":0,"max_hp_loss":0,"event_name":"Liars Game","floor":3,"gold_loss":0,"cards_obtained":["Doubt"]},{"cards_removed":["Doubt"],"damage_healed":0,"gold_gain":0,"player_choice":"Removed Curses","damage_taken":0,"max_hp_gain":0,"max_hp_loss":0,"event_name":"Fountain of Cleansing","floor":4,"gold_loss":0},{"damage_healed":0,"gold_gain":30,"player_choice":"Searched \u00273\u0027 times","damage_taken":0,"max_hp_gain":0,"max_hp_loss":0,"event_name":"Dead Adventurer","floor":11,"gold_loss":0}],"is_beta":false,"boss_relics":[],"items_purged_floors":[],"is_endless":false,"potions_floor_spawned":[7],"killed_by":"Slime Boss","ascension_level":1}}