{"host":"g01l53quoe6lrer0","time":1609748087,"event":{"mods":["2.2 Compatiblity","AchievementEnabler","BaseMod","Colored Map","Highlight Path","Keyboard Shortcuts","Minty Spire (QoL Compilation)","Permanent Neow","Quick Restart","StSLib","SuperFastMode","everything is the same but u backflip on backflip"],"gold_per_floor":[112,112,112,124,51,80,80,113,181,195,210,210,226,260,260,356,406,424,424,441,50,63,63,82,100,124,149,168,183,183,216,216,317,317,337,337,187,200,215,215,241,261,261,261,261,10,10,10,10,10,10,10,10,41,41,41],"floor_reached":55,"playtime":2909,"items_purged":["Defend_P","Indignation","Eruption"],"score":800,"play_id":"45246e70-c146-426a-8ae8-0e428425ae99","local_time":"20210104171447","is_ascension_mode":true,"campfire_choices":[{"data":"Brilliance","floor":7.0,"key":"SMITH"},{"data":"Devotion","floor":12.0,"key":"SMITH"},{"floor":15.0,"key":"REST"},{"data":"WreathOfFlame","floor":23.0,"key":"SMITH"},{"floor":32.0,"key":"REST"},{"floor":40.0,"key":"RECALL"},{"data":"Thinking Ahead","floor":49,"key":"SMITH"},{"data":"Prostrate","floor":52,"key":"SMITH"}],"circlet_count":0,"master_deck":["Strike_P","Strike_P","Strike_P","Defend_P","Defend_P+1","Vigilance","Prostrate+1","WreathOfFlame+1","Brilliance+1","Devotion+1","Consecrate","Protect+1","Pray+1","Devotion+1","Thinking Ahead+1","Worship+1","PathToVictory+1","DeusExMachina","Blind","FlyingSleeves+1","ClearTheMind+1","Purity","SignatureMove","Doubt"],"relics":["Black Star","Potion Belt","HornCleat","Gremlin Horn","The Courier","Centennial Puzzle","Blue Candle","Pocketwatch","Oddly Smooth Stone","Tiny House","DollysMirror","Sundial","Eternal Feather","Ornamental Fan","Shuriken","VioletLotus","PreservedInsect","Nunchaku","Mercury Hourglass","Bag of Preparation","Pen Nib","Bronze Scales"],"acts_visited":["Exordium","TheCity","TheBeyond","TheEnding"],"potions_floor_usage":[48,50,50,50,50],"damage_taken":[{"damage":1.0,"enemies":"Jaw Worm","floor":1.0,"turns":4.0},{"damage":2.0,"enemies":"Small Slimes","floor":4.0,"turns":3.0},{"damage":10.0,"enemies":"Lagavulin","floor":6.0,"turns":5.0},{"damage":1.0,"enemies":"3 Sentries","floor":8.0,"turns":6.0},{"damage":0.0,"enemies":"Cultist","floor":10.0,"turns":2.0},{"damage":1.0,"enemies":"Exordium Wildlife","floor":11.0,"turns":3.0},{"damage":0.0,"enemies":"Blue Slaver","floor":13.0,"turns":4.0},{"damage":14.0,"enemies":"Gremlin Nob","floor":14.0,"turns":3.0},{"damage":1.0,"enemies":"Hexaghost","floor":16.0,"turns":7.0},{"damage":1.0,"enemies":"Spheric Guardian","floor":18.0,"turns":3.0},{"damage":4.0,"enemies":"3 Byrds","floor":20.0,"turns":5.0},{"damage":0.0,"enemies":"3 Cultists","floor":22.0,"turns":4.0},{"damage":9.0,"enemies":"Centurion and Healer","floor":24.0,"turns":4.0},{"damage":1.0,"enemies":"Cultist and Chosen","floor":25.0,"turns":4.0},{"damage":7.0,"enemies":"Book of Stabbing","floor":27.0,"turns":3.0},{"damage":14.0,"enemies":"Snake Plant","floor":28.0,"turns":3.0},{"damage":9.0,"enemies":"3 Cultists","floor":29.0,"turns":4.0},{"damage":24.0,"enemies":"Slavers","floor":31.0,"turns":2.0},{"damage":44.0,"enemies":"Automaton","floor":33.0,"turns":7.0},{"damage":11.0,"enemies":"3 Darklings","floor":35.0,"turns":6.0},{"damage":1.0,"enemies":"Orb Walker","floor":38.0,"turns":3.0},{"damage":12.0,"enemies":"3 Darklings","floor":39.0,"turns":3.0},{"damage":13.0,"enemies":"Giant Head","floor":41.0,"turns":4.0},{"damage":9.0,"enemies":"Maw","floor":42.0,"turns":7.0},{"damage":1,"enemies":"Nemesis","floor":48,"turns":3},{"damage":51,"enemies":"Awakened One","floor":50,"turns":7},{"damage":47,"enemies":"Shield and Spear","floor":54,"turns":5},{"damage":35,"enemies":"The Heart","floor":55,"turns":2}],"seed_played":"-1274671702300990734","potions_obtained":[{"floor":4.0,"key":"DistilledChaos"},{"floor":10.0,"key":"PowerPotion"},{"floor":13.0,"key":"Fire Potion"},{"floor":16.0,"key":"EssenceOfSteel"},{"floor":17.0,"key":"EssenceOfSteel"},{"floor":18.0,"key":"SkillPotion"},{"floor":20.0,"key":"Ancient Potion"},{"floor":29.0,"key":"GamblersBrew"},{"floor":33.0,"key":"StancePotion"},{"floor":35.0,"key":"SneckoOil"},{"floor":41.0,"key":"StancePotion"},{"floor":42.0,"key":"SmokeBomb"}],"is_trial":false,"path_per_floor":["M","?","?","M","$","E","R","E","T","M","M","R","M","E","R","B",null,"M","?","M","$","M","R","M","M","T","E","M","M","?","E","R","B",null,"M","?","$","M","M","R","E","M","T","?","?","$","?","E","R","B",null,"R","$","E","B"],"character_chosen":"WATCHER","items_purchased":["Brilliance","Indignation","DollysMirror","Thinking Ahead","Blind","SignatureMove","Bag of Preparation"],"campfire_rested":2,"item_purchase_floors":[5,21,21,21,37,46,46],"current_hp_per_floor":[71,59,52,50,50,40,40,39,39,39,38,38,38,24,45,44,77,76,76,72,72,72,72,63,62,62,55,41,32,57,33,68,24,77,66,66,66,65,53,65,52,43,43,43,43,43,77,76,77,26,77,77,77,30,0,0],"gold":41,"neow_bonus":"BOSS_RELIC","is_daily":false,"chose_seed":false,"campfire_upgraded":5,"win_rate":0.0,"timestamp":1609748087,"path_taken":["M","?","?","M","$","E","R","E","T","M","M","R","M","E","R","BOSS","M","?","?","$","M","R","M","M","T","E","M","M","?","E","R","BOSS","M","?","$","M","?","R","E","M","T","?","?","$","?","E","R","BOSS","R","$","E","BOSS"],"items_purchased_type":["Card","Card","Relic","Card","Card","Card","Relic"],"build_version":"2020-12-22","purchased_purges":3,"victory":false,"max_hp_per_floor":[72,72,72,72,72,72,72,72,72,72,72,72,72,72,72,72,77,77,77,77,77,77,77,77,77,77,77,77,77,77,77,77,77,77,77,77,77,77,77,77,77,77,77,77,77,77,77,77,77,77,77,77,77,77,77,77],"card_choices":[{"not_picked":["ClearTheMind","BowlingBash"],"picked":"Prostrate","floor":1.0},{"not_picked":["Collect","FollowUp"],"picked":"WreathOfFlame","floor":4.0},{"not_picked":["JustLucky","Prostrate","CarveReality"],"picked":"SKIP","floor":6.0},{"not_picked":["SignatureMove","JustLucky","CarveReality"],"picked":"SKIP","floor":8.0},{"not_picked":["Nirvana","SashWhip"],"picked":"Devotion","floor":10.0},{"not_picked":["DeceiveReality","FearNoEvil"],"picked":"Consecrate","floor":11.0},{"not_picked":["FollowUp","EmptyFist","Evaluate"],"picked":"SKIP","floor":13.0},{"not_picked":["Perseverance","ClearTheMind","DevaForm"],"picked":"SKIP","floor":14.0},{"not_picked":["Consecrate","PathToVictory"],"picked":"Protect","floor":17.0},{"not_picked":["ClearTheMind","BowlingBash"],"picked":"Pray+1","floor":18.0},{"not_picked":["JustLucky+1","Prostrate","FearNoEvil"],"picked":"SKIP","floor":20.0},{"not_picked":["Crescendo","Meditate"],"picked":"Worship+1","floor":22.0},{"not_picked":["SashWhip","FollowUp","LikeWater"],"picked":"SKIP","floor":24.0},{"not_picked":["Weave","EmptyFist"],"picked":"PathToVictory+1","floor":25.0},{"not_picked":["PathToVictory","Pray"],"picked":"DeusExMachina","floor":27.0},{"not_picked":["FlurryOfBlows","EmptyFist","Halt"],"picked":"SKIP","floor":28.0},{"not_picked":["EmptyBody+1","ClearTheMind","DeceiveReality"],"picked":"SKIP","floor":29.0},{"not_picked":["Nirvana","Study+1","Swivel+1"],"picked":"SKIP","floor":31.0},{"not_picked":["EmptyFist+1","Protect","Vengeance+1"],"picked":"SKIP","floor":35.0},{"not_picked":["EmptyFist+1","WaveOfTheHand+1"],"picked":"FlyingSleeves+1","floor":38.0},{"not_picked":["FollowUp+1","Consecrate+1","FlyingSleeves"],"picked":"SKIP","floor":39.0},{"not_picked":["JustLucky","BowlingBash+1","EmptyBody+1"],"picked":"SKIP","floor":41.0},{"not_picked":["JustLucky+1","SignatureMove+1"],"picked":"ClearTheMind+1","floor":42.0},{"not_picked":["Sadistic Nature","Apotheosis"],"picked":"Purity","floor":45.0},{"not_picked":["Protect+1","Evaluate","SandsOfTime"],"picked":"SKIP","floor":54}],"player_experience":63168,"relics_obtained":[{"floor":6.0,"key":"HornCleat"},{"floor":6.0,"key":"Gremlin Horn"},{"floor":8.0,"key":"The Courier"},{"floor":8.0,"key":"Centennial Puzzle"},{"floor":9.0,"key":"Blue Candle"},{"floor":14.0,"key":"Pocketwatch"},{"floor":14.0,"key":"Oddly Smooth Stone"},{"floor":27.0,"key":"Sundial"},{"floor":27.0,"key":"Eternal Feather"},{"floor":31.0,"key":"Ornamental Fan"},{"floor":31.0,"key":"Shuriken"},{"floor":41.0,"key":"PreservedInsect"},{"floor":41.0,"key":"Nunchaku"},{"floor":43.0,"key":"Mercury Hourglass"},{"floor":54,"key":"Pen Nib"},{"floor":54,"key":"Bronze Scales"}],"event_choices":[{"damage_healed":0.0,"max_hp_gain":0.0,"max_hp_loss":0.0,"gold_gain":0.0,"event_name":"Scrap Ooze","player_choice":"Success","floor":2.0,"gold_loss":0.0,"damage_taken":12.0,"relics_obtained":["Potion Belt"]},{"cards_removed":["Strike_P"],"damage_healed":0.0,"max_hp_gain":0.0,"max_hp_loss":0.0,"gold_gain":0.0,"event_name":"Golden Wing","player_choice":"Card Removal","floor":3.0,"gold_loss":0.0,"damage_taken":7.0},{"cards_removed":["Defend_P"],"damage_healed":0.0,"max_hp_gain":0.0,"max_hp_loss":0.0,"gold_gain":0.0,"event_name":"Bonfire Elementals","player_choice":"Offered Basic","floor":19.0,"gold_loss":0.0,"damage_taken":0.0},{"damage_healed":25.0,"max_hp_gain":0.0,"max_hp_loss":0.0,"gold_gain":0.0,"event_name":"The Library","player_choice":"Heal","floor":30.0,"gold_loss":0.0,"damage_taken":0.0},{"damage_healed":0.0,"max_hp_gain":0.0,"max_hp_loss":0.0,"gold_gain":0.0,"event_name":"Accursed Blacksmith","player_choice":"Forge","floor":36.0,"gold_loss":0.0,"damage_taken":0.0,"cards_upgraded":["Protect"]},{"damage_healed":0.0,"max_hp_gain":0.0,"max_hp_loss":0.0,"gold_gain":0.0,"event_name":"Tomb of Lord Red Mask","player_choice":"Ignored","floor":44.0,"gold_loss":0.0,"damage_taken":0.0},{"damage_healed":0.0,"max_hp_gain":0.0,"max_hp_loss":0.0,"gold_gain":0.0,"event_name":"SensoryStone","player_choice":"Memory 1","floor":45.0,"gold_loss":0.0,"damage_taken":0.0},{"damage_healed":34,"gold_gain":0,"player_choice":"Heal","damage_taken":0,"max_hp_gain":0,"max_hp_loss":0,"event_name":"MindBloom","floor":47,"gold_loss":0,"cards_obtained":["Doubt"]}],"is_beta":false,"boss_relics":[{"not_picked":["Busted Crown","Velvet Choker"],"picked":"Tiny House"},{"not_picked":["Runic Pyramid","Philosopher\u0027s Stone"],"picked":"VioletLotus"}],"items_purged_floors":[21,37,46],"is_endless":false,"potions_floor_spawned":[4,10,13,16,18,20,29,33,35,41,42],"killed_by":"The Heart","ascension_level":1}}