{"host":"eryfehc3mia1cukk","time":1609778177,"event":{"mods":["AchievementEnabler","Ascension Unlocker","BaseMod","Colored Map","Minty Spire (QoL Compilation)","Relic Stats","StSLib","SuperFastMode"],"gold_per_floor":[115,115,133,133,146,146,182,203,203,242,261,274,274,224,224,347,347,370,121,121,139,238,238,263,263,263,288,319,338,338,374,374,504,504,529,608,608,632,632,632,675,675,675,734,734,758,796,176,176,176],"floor_reached":51,"playtime":2504,"items_purged":["Strike_G","Strike_G"],"score":890,"play_id":"d627337c-ef23-4981-895f-1532a99fc7a4","local_time":"20210104113617","is_ascension_mode":true,"campfire_choices":[{"data":"Survivor","floor":6,"key":"SMITH"},{"floor":13,"key":"REST"},{"floor":15,"key":"REST"},{"data":"Blade Dance","floor":23,"key":"SMITH"},{"data":"1","floor":30,"key":"LIFT"},{"data":"2","floor":32,"key":"LIFT"},{"data":"3","floor":40,"key":"LIFT"},{"data":"Well Laid Plans","floor":42,"key":"SMITH"},{"floor":49,"key":"DIG"}],"circlet_count":0,"master_deck":["Strike_G","Defend_G","Defend_G","Defend_G","Defend_G","Defend_G","Survivor+1","Neutralize+1","Sucker Punch","Backflip","Terror","Blade Dance+1","Venomology","All Out Attack","Well Laid Plans","Burst","Accuracy+1","Deadly Poison","Footwork","Cloak And Dagger+1","Wraith Form v2","Flying Knee+1","Calculated Gamble","Adrenaline","Blade Dance+1","Backflip+1","Well Laid Plans+1","Backflip+1","PiercingWail","Accuracy+1","Footwork","PiercingWail","Deflect"],"relics":["Ring of the Serpent","Turnip","Golden Idol","Tough Bandages","Calipers","Letter Opener","WristBlade","Lantern","Girya","Bag of Preparation","Lizard Tail","Mercury Hourglass","Ice Cream","Blue Candle","Smiling Mask","Thread and Needle","Shovel","Blood Vial","HornCleat","HandDrill","Pen Nib"],"acts_visited":["Exordium","TheCity","TheBeyond"],"potions_floor_usage":[10,11,16,18,27,31,33,33,35,38,41,41,44,46,46,47,50,50],"damage_taken":[{"damage":0,"enemies":"2 Louse","floor":1,"turns":4},{"damage":0,"enemies":"Small Slimes","floor":3,"turns":5},{"damage":0,"enemies":"Jaw Worm","floor":5,"turns":4},{"damage":31,"enemies":"Lagavulin","floor":7,"turns":9},{"damage":0,"enemies":"Blue Slaver","floor":8,"turns":4},{"damage":13,"enemies":"Gremlin Nob","floor":10,"turns":4},{"damage":0,"enemies":"2 Fungi Beasts","floor":11,"turns":5},{"damage":0,"enemies":"Red Slaver","floor":12,"turns":3},{"damage":16,"enemies":"Slime Boss","floor":16,"turns":9},{"damage":2,"enemies":"2 Thieves","floor":18,"turns":5},{"damage":3,"enemies":"Shell Parasite","floor":21,"turns":5},{"damage":0,"enemies":"Cultist and Chosen","floor":27,"turns":6},{"damage":4,"enemies":"Gremlin Leader","floor":28,"turns":5},{"damage":5,"enemies":"Snake Plant","floor":29,"turns":5},{"damage":1,"enemies":"Slavers","floor":31,"turns":4},{"damage":31,"enemies":"Collector","floor":33,"turns":6},{"damage":5,"enemies":"Orb Walker","floor":35,"turns":3},{"damage":0,"enemies":"3 Shapes","floor":38,"turns":3},{"damage":0,"enemies":"Nemesis","floor":41,"turns":7},{"damage":22,"enemies":"2 Orb Walkers","floor":44,"turns":3},{"damage":0,"enemies":"Spire Growth","floor":46,"turns":2},{"damage":0,"enemies":"Giant Head","floor":47,"turns":4},{"damage":14,"enemies":"Time Eater","floor":50,"turns":8}],"seed_played":"7240186501158022478","potions_obtained":[{"floor":1,"key":"LiquidMemories"},{"floor":11,"key":"LiquidMemories"},{"floor":12,"key":"DuplicationPotion"},{"floor":31,"key":"SteroidPotion"},{"floor":35,"key":"SkillPotion"},{"floor":41,"key":"Fruit Juice"},{"floor":46,"key":"Explosive Potion"}],"is_trial":false,"path_per_floor":["M","?","M","?","M","R","E","M","T","E","M","M","R","?","R","B",null,"M","$","?","M","?","R","T","?","T","M","E","M","R","E","R","B",null,"M","T","?","M","?","R","E","R","T","?","?","M","E","$","R","B",null],"character_chosen":"THE_SILENT","items_purchased":["Lantern","Deadly Poison","HornCleat","HandDrill","Footwork","PiercingWail","Deflect"],"campfire_rested":2,"item_purchase_floors":[19,19,48,48,48,48,48],"current_hp_per_floor":[49,49,49,49,49,49,18,18,18,5,5,5,24,24,43,27,65,63,63,63,60,60,60,60,60,60,60,56,51,51,50,50,19,65,65,65,65,65,65,65,65,65,65,48,48,48,48,48,48,48],"gold":176,"neow_bonus":"ONE_RARE_RELIC","is_daily":false,"chose_seed":false,"campfire_upgraded":3,"win_rate":0.0,"timestamp":1609778177,"path_taken":["M","?","M","?","M","R","E","M","T","E","M","M","R","?","R","BOSS","M","$","?","M","?","R","?","?","T","?","E","M","R","E","R","BOSS","M","?","?","?","?","R","E","R","T","?","?","M","E","$","R","BOSS"],"items_purchased_type":["Relic","Card","Relic","Relic","Card","Card","Card"],"build_version":"2020-12-22","purchased_purges":2,"victory":true,"max_hp_per_floor":[70,70,70,65,65,65,65,65,65,65,65,65,65,65,65,65,65,65,65,65,65,65,65,65,65,65,65,65,65,65,65,65,65,65,65,65,65,65,65,65,65,65,65,70,66,66,66,66,66,66],"relic_stats":{"counters":[23,113],"Golden Idol":179,"Blue Candle":[0],"Pen Nib":[2],"Bag of Preparation":[24],"Letter Opener":[175],"Smiling Mask":50,"Mercury Hourglass":[153],"Blood Vial":2,"Tough Bandages":[111],"Lizard Tail":0,"Shovel":1,"Turnip":[11],"HandDrill":[2],"obtain_stats":[{"Ice Cream":31,"Girya":20,"Lantern":19,"Calipers":9,"Golden Idol":4,"Blue Candle":36,"Thread and Needle":43,"Pen Nib":49,"Bag of Preparation":24,"Letter Opener":10,"Smiling Mask":41,"Mercury Hourglass":28,"Blood Vial":47,"Tough Bandages":7,"Lizard Tail":26,"Shovel":44,"HornCleat":48,"WristBlade":17,"Turnip":0,"HandDrill":48,"Ring of the Serpent":34,"Ring of the Snake":0},{"Ice Cream":15,"Girya":10,"Lantern":10,"Calipers":5,"Golden Idol":2,"Blue Candle":17,"Thread and Needle":19,"Pen Nib":22,"Bag of Preparation":11,"Letter Opener":6,"Smiling Mask":19,"Mercury Hourglass":13,"Blood Vial":22,"Tough Bandages":4,"Lizard Tail":11,"Shovel":20,"HornCleat":22,"WristBlade":9,"Turnip":0,"HandDrill":22,"Ring of the Serpent":16,"Ring of the Snake":0},{"Ice Cream":77,"Girya":52,"Lantern":52,"Calipers":26,"Golden Idol":9,"Blue Candle":86,"Thread and Needle":96,"Pen Nib":105,"Bag of Preparation":57,"Letter Opener":30,"Smiling Mask":96,"Mercury Hourglass":68,"Blood Vial":105,"Tough Bandages":22,"Lizard Tail":57,"Shovel":99,"HornCleat":105,"WristBlade":47,"Turnip":0,"HandDrill":105,"Ring of the Serpent":83,"Ring of the Snake":0}]},"card_choices":[{"not_picked":["Setup","Backflip"],"picked":"Sucker Punch","floor":1},{"not_picked":["Finisher","Catalyst"],"picked":"Backflip","floor":3},{"not_picked":["Choke","Outmaneuver","Bane"],"picked":"SKIP","floor":5},{"not_picked":["Dagger Spray","Backflip"],"picked":"Terror","floor":7},{"not_picked":["Poisoned Stab","Skewer"],"picked":"Blade Dance","floor":8},{"not_picked":["Leg Sweep","Finisher"],"picked":"Venomology","floor":10},{"not_picked":["Concentrate","Deflect"],"picked":"All Out Attack","floor":11},{"not_picked":["Dodge and Roll","Deadly Poison"],"picked":"Well Laid Plans","floor":12},{"not_picked":["Storm of Steel","Die Die Die"],"picked":"Burst","floor":16},{"not_picked":["Infinite Blades+1","Poisoned Stab"],"picked":"Accuracy+1","floor":18},{"not_picked":["Outmaneuver","Concentrate+1","Expertise"],"picked":"SKIP","floor":21},{"not_picked":["Poisoned Stab","Outmaneuver+1"],"picked":"Cloak And Dagger+1","floor":27},{"not_picked":["Poisoned Stab","Eviscerate"],"picked":"Wraith Form v2","floor":28},{"not_picked":["Acrobatics","Eviscerate"],"picked":"Flying Knee+1","floor":29},{"not_picked":["Finisher","Bouncing Flask"],"picked":"Calculated Gamble","floor":31},{"not_picked":["Unload","Burst"],"picked":"Adrenaline","floor":33},{"not_picked":["Reflex","Endless Agony+1","Tactician"],"picked":"SKIP","floor":35},{"not_picked":["Blade Dance+1","Underhanded Strike+1"],"picked":"Backflip+1","floor":38},{"not_picked":["Flying Knee+1","Terror"],"picked":"Well Laid Plans","floor":41},{"not_picked":["Quick Slash+1","Cloak And Dagger"],"picked":"Backflip+1","floor":44},{"not_picked":["Dodge and Roll+1","Bane+1"],"picked":"PiercingWail","floor":46},{"not_picked":["Outmaneuver","Flechettes"],"picked":"Accuracy+1","floor":47}],"player_experience":437950,"relics_obtained":[{"floor":7,"key":"Tough Bandages"},{"floor":9,"key":"Calipers"},{"floor":10,"key":"Letter Opener"},{"floor":24,"key":"Bag of Preparation"},{"floor":26,"key":"Lizard Tail"},{"floor":28,"key":"Mercury Hourglass"},{"floor":31,"key":"Ice Cream"},{"floor":36,"key":"Blue Candle"},{"floor":41,"key":"Smiling Mask"},{"floor":43,"key":"Thread and Needle"},{"floor":44,"key":"Shovel"},{"floor":47,"key":"Blood Vial"},{"floor":49,"key":"Pen Nib"}],"event_choices":[{"damage_healed":0,"gold_gain":0,"player_choice":"Grow","damage_taken":0,"max_hp_gain":0,"max_hp_loss":0,"event_name":"Living Wall","floor":2,"gold_loss":0,"cards_upgraded":["Neutralize"]},{"damage_healed":0,"gold_gain":0,"player_choice":"Lose Max HP","damage_taken":0,"relics_obtained":["Golden Idol"],"max_hp_gain":0,"max_hp_loss":5,"event_name":"Golden Idol","floor":4,"gold_loss":0},{"cards_removed":["Strike_G"],"damage_healed":0,"gold_gain":0,"player_choice":"Card Removal","damage_taken":0,"max_hp_gain":0,"max_hp_loss":0,"event_name":"The Cleric","floor":14,"gold_loss":50},{"damage_healed":0,"gold_gain":0,"player_choice":"Opened","damage_taken":0,"relics_obtained":["Girya"],"max_hp_gain":0,"max_hp_loss":0,"event_name":"The Mausoleum","floor":20,"gold_loss":0},{"damage_healed":0,"gold_gain":99,"player_choice":"Stole From Cult","damage_taken":0,"max_hp_gain":0,"max_hp_loss":0,"event_name":"Nest","floor":22,"gold_loss":0},{"damage_healed":0,"gold_gain":0,"player_choice":"Read","damage_taken":0,"max_hp_gain":0,"max_hp_loss":0,"event_name":"The Library","floor":25,"gold_loss":0,"cards_obtained":["Footwork"]},{"damage_healed":0,"gold_gain":0,"player_choice":"Copied","damage_taken":0,"max_hp_gain":0,"max_hp_loss":0,"event_name":"Duplicator","floor":37,"gold_loss":0,"cards_obtained":["Blade Dance"]},{"cards_removed":["Strike_G"],"damage_healed":0,"gold_gain":0,"player_choice":"Removed Attack","damage_taken":0,"max_hp_gain":0,"max_hp_loss":0,"event_name":"Falling","floor":39,"gold_loss":0},{"damage_healed":0,"gold_gain":0,"player_choice":"Fight","damage_taken":0,"max_hp_gain":0,"max_hp_loss":0,"event_name":"Mysterious Sphere","floor":44,"gold_loss":0},{"damage_healed":0,"gold_gain":0,"player_choice":"Max HP","damage_taken":0,"max_hp_gain":0,"max_hp_loss":4,"event_name":"Winding Halls","floor":45,"gold_loss":0}],"is_beta":false,"boss_relics":[{"not_picked":["Snecko Eye","Cursed Key"],"picked":"WristBlade"},{"not_picked":["Sozu","Velvet Choker"],"picked":"Ring of the Serpent"}],"items_purged_floors":[19,48],"is_endless":false,"potions_floor_spawned":[1,11,12,28,31,35,41,46],"ascension_level":1}}