{"host":"pe2q1tocp309rrg9","time":1609734147,"event":{"mods":["2.2 Compatiblity","BaseMod","BetterRewards","Downfall","Ekko","Gremlin Mod","Hermit","Jorbs\u0027s Wanderer Trilogy","Minty Spire (QoL Compilation)","Quick Restart","Rare Cards Sparkle","Replay The Spire","StSLib","The Blue Laboratory","The Construct","The Hierophant","Uncapped"],"gold_per_floor":[38,113,113,153,177,232,232,263,289,343,326,326,351,385,385,503,503,517,528,528,542,542,542,554,554,554,554,610,29,43,8,8,107,107,122,133,81,117,117,117],"floor_reached":39,"playtime":1418,"items_purged":[],"score":463,"play_id":"9f22c98a-77c1-4fa5-888c-61415f4d914c","local_time":"20210103222227","is_ascension_mode":true,"campfire_choices":[{"floor":7.0,"key":"REST"},{"data":"Limit Break","floor":12.0,"key":"SMITH"},{"data":"Inflame","floor":15.0,"key":"SMITH"},{"floor":23.0,"key":"REST"},{"floor":25.0,"key":"REST"},{"data":"Double Tap","floor":27.0,"key":"SMITH"},{"floor":32.0,"key":"REST"}],"circlet_count":0,"master_deck":["Strike_R","Strike_R","Strike_R","Strike_R","Strike_R","Defend_R","Defend_R","Defend_R","Defend_R","Bash","HandOfGreed","Spot Weakness","Seeing Red","Limit Break+1","Wild Strike","Inflame+1","Pain","Heavy Blade","Double Tap+1","Shrug It Off","Power Through","Berserk","Seeing Red+1","Cleave","Flex","ReplayTheSpireMod:Stacked","Flex+1","Rampage","Reckless Charge","Offering","Flex","Run Through+1","Flex","Sword Boomerang"],"relics":["Black Blood","Regal Pillow","MealTicket","Replay:Baseball","ReplayTheSpireMod:CursedCoin","Toy Ornithopter","Mark of Pain","InkBottle","Mango","HornCleat"],"acts_visited":["Exordium","TheCity","TheBeyond"],"potions_floor_usage":[],"damage_taken":[{"damage":1.0,"enemies":"Jaw Worm","floor":1.0,"turns":4.0},{"damage":0.0,"enemies":"Small Slimes","floor":4.0,"turns":3.0},{"damage":22.0,"enemies":"Gremlin Nob","floor":6.0,"turns":4.0},{"damage":1.0,"enemies":"Cultist","floor":8.0,"turns":4.0},{"damage":17.0,"enemies":"Exordium Thugs","floor":10.0,"turns":5.0},{"damage":10.0,"enemies":"Lagavulin","floor":13.0,"turns":7.0},{"damage":16.0,"enemies":"Exordium Wildlife","floor":14.0,"turns":5.0},{"damage":34.0,"enemies":"The Guardian","floor":16.0,"turns":9.0},{"damage":5.0,"enemies":"Chosen","floor":18.0,"turns":3.0},{"damage":20.0,"enemies":"Spheric Guardian","floor":19.0,"turns":5.0},{"damage":33.0,"enemies":"3 Cultists","floor":21.0,"turns":5.0},{"damage":36.0,"enemies":"Snake Plant","floor":24.0,"turns":4.0},{"damage":74.0,"enemies":"Cultist and Chosen","floor":28.0,"turns":8.0},{"damage":14.0,"enemies":"Centurion and Healer","floor":30.0,"turns":6.0},{"damage":84.0,"enemies":"Collector","floor":33.0,"turns":11.0},{"damage":9,"enemies":"3 Shapes","floor":35,"turns":6},{"damage":11,"enemies":"Orb Walker","floor":36,"turns":4},{"damage":48,"enemies":"4 Shapes","floor":38,"turns":7},{"damage":63,"enemies":"Spire Growth","floor":39,"turns":4}],"seed_played":"6708571841712613092","potions_obtained":[{"floor":1.0,"key":"SteroidPotion"},{"floor":8.0,"key":"blueLaboratory:FrostheartPotion"},{"floor":13.0,"key":"LiquidBronze"},{"floor":14.0,"key":"Toxic Potion"},{"floor":16.0,"key":"Adrenaline Potion"},{"floor":28.0,"key":"Energy Potion"},{"floor":38,"key":"Energy Potion"}],"is_trial":false,"path_per_floor":["M","?","?","M","T","E","R","M","T","M","$","R","E","M","R","B",null,"M","M","?","M","?","R","M","R","T","R","M","$","M","$","R","B",null,"M","M","$","M","M"],"character_chosen":"IRONCLAD","items_purchased":["ReplayTheSpireMod:CursedCoin","Heavy Blade","Double Tap","Mango","HornCleat","blueLaboratory:BubblePotion","Reckless Charge","Flex"],"campfire_rested":4,"item_purchase_floors":[11,11,11,29,29,29,31,37],"current_hp_per_floor":[80,69,69,75,75,59,80,80,80,69,80,80,76,66,66,38,80,80,66,51,34,34,74,49,85,85,85,17,46,38,53,97,26,99,99,99,99,63,0,0],"gold":117,"neow_bonus":"RANDOM_COLORLESS_2","is_daily":false,"chose_seed":false,"campfire_upgraded":3,"win_rate":0.0,"timestamp":1609734147,"path_taken":["M","?","?","?","?","E","R","M","T","M","?","R","E","M","R","BOSS","M","M","?","M","?","R","M","R","T","R","M","$","M","?","R","BOSS","M","M","$","M","M"],"items_purchased_type":["Relic","Card","Card","Relic","Relic","Potion","Card","Card"],"build_version":"2020-12-22","purchased_purges":0,"victory":false,"max_hp_per_floor":[80,80,80,80,80,80,80,80,80,80,80,80,80,80,80,80,80,80,80,85,85,85,85,85,85,85,85,85,99,99,99,99,99,99,99,99,99,99,99,99],"card_choices":[{"not_picked":["Secret Weapon","expansioncontent:Corrupt"],"picked":"HandOfGreed","floor":0.0},{"not_picked":["Headbutt","Blood for Blood"],"picked":"Spot Weakness","floor":1.0},{"not_picked":["ReplayTheSpireMod:Strike From Hell","Reckless Charge"],"picked":"Seeing Red","floor":4.0},{"not_picked":["Dual Wield","Double Tap"],"picked":"Limit Break","floor":6.0},{"not_picked":["Shrug It Off","Twin Strike"],"picked":"Wild Strike","floor":8.0},{"not_picked":["Ghostly Armor","Blood for Blood"],"picked":"Inflame","floor":10.0},{"not_picked":["Replay:Undeath\u0027s Touch","Clothesline"],"picked":"Shrug It Off","floor":13.0},{"not_picked":["Clothesline","Iron Wave"],"picked":"Power Through","floor":14.0},{"not_picked":["Brutality","Corruption"],"picked":"Berserk","floor":16.0},{"not_picked":["Carnage","Twin Strike"],"picked":"Seeing Red+1","floor":18.0},{"not_picked":["Burning Pact","Body Slam"],"picked":"Cleave","floor":19.0},{"not_picked":["Dropkick","Metallicize"],"picked":"Flex","floor":21.0},{"not_picked":["Havoc","Seeing Red"],"picked":"ReplayTheSpireMod:Stacked","floor":24.0},{"not_picked":["ReplayTheSpireMod:LeadingStrike+1","Battle Trance"],"picked":"Flex+1","floor":28.0},{"not_picked":["Feel No Pain","Replay:Many Hands"],"picked":"Rampage","floor":30.0},{"not_picked":["Eclipse","Corruption"],"picked":"Offering","floor":33.0},{"not_picked":["Shrug It Off","Clothesline"],"picked":"Flex","floor":35},{"not_picked":["Pommel Strike","Havoc+1"],"picked":"Run Through+1","floor":36},{"not_picked":["Sentinel+1","ReplayTheSpireMod:Strike From Hell"],"picked":"Sword Boomerang","floor":38}],"player_experience":687664,"relics_obtained":[{"floor":5.0,"key":"Regal Pillow"},{"floor":6.0,"key":"MealTicket"},{"floor":9.0,"key":"Replay:Baseball"},{"floor":13.0,"key":"Toy Ornithopter"},{"floor":26.0,"key":"InkBottle"}],"event_choices":[{"damage_healed":0.0,"max_hp_gain":0.0,"max_hp_loss":0.0,"gold_gain":75.0,"event_name":"World of Goop","player_choice":"Gather Gold","floor":2.0,"gold_loss":0.0,"damage_taken":11.0},{"damage_healed":0.0,"max_hp_gain":0.0,"max_hp_loss":0.0,"gold_gain":0.0,"event_name":"NoteForYourself","player_choice":"Ignored","floor":3.0,"gold_loss":0.0,"damage_taken":0.0},{"damage_healed":0.0,"max_hp_gain":5.0,"max_hp_loss":0.0,"gold_gain":0.0,"event_name":"Forgotten Altar","player_choice":"Shed Blood","floor":20.0,"gold_loss":0.0,"damage_taken":20.0},{"damage_healed":0.0,"max_hp_gain":0.0,"max_hp_loss":0.0,"gold_gain":0.0,"event_name":"Ghosts","player_choice":"Ignored","floor":22.0,"gold_loss":0.0,"damage_taken":0.0}],"is_beta":false,"boss_relics":[{"not_picked":["expansioncontent:StudyCardRelic","SlaversCollar"],"picked":"Mark of Pain"},{"not_picked":["Abe\u0027s Treasure","Painkiller Herb"],"picked":"Black Blood"}],"items_purged_floors":[],"is_endless":false,"potions_floor_spawned":[1,8,13,14,16,18,19,28,38],"killed_by":"Spire Growth","ascension_level":1}}