{"host":"og6lam4kt3nibbw0","time":1609781564,"event":{"mods":["AchievementEnabler","BaseMod","Colored Map","DeckTracker","Highlight Path","Keyboard Shortcuts","Minty Spire (QoL Compilation)","Permanent Neow","Quick Restart","StSLib","SuperFastMode"],"gold_per_floor":[119,119,5,55,67,93,93,108,134,134,99,99,109,124,124,195,195,207,207,224,224,242,242,274,274,274,274,284,334,334,334],"floor_reached":30,"playtime":993,"items_purged":[],"score":496,"play_id":"58017ec7-ba2a-40f3-ba98-53759eb1ebd9","local_time":"20210105023244","is_ascension_mode":true,"campfire_choices":[{"floor":7.0,"key":"REST"},{"data":"Defragment","floor":10.0,"key":"SMITH"},{"floor":15.0,"key":"REST"},{"floor":23.0,"key":"REST"},{"floor":25,"key":"REST"},{"data":"Biased Cognition","floor":27,"key":"SMITH"}],"circlet_count":0,"master_deck":["AscendersBane","Strike_B","Strike_B","Defend_B+1","Defend_B","Defend_B","Zap+1","Dualcast","Coolheaded","Static Discharge","Loop","Defragment+1","Ball Lightning","Beam Cell","Seek","Loop","Reboot","White Noise","Biased Cognition+1","Static Discharge","FTL","Leap","Chill+1","Chill"],"relics":["Cracked Core","Lantern","MealTicket","Black Star","Emotion Chip","Blue Candle","Question Card"],"acts_visited":["Exordium","TheCity"],"potions_floor_usage":[24],"damage_taken":[{"damage":5.0,"enemies":"Jaw Worm","floor":1.0,"turns":3.0},{"damage":7.0,"enemies":"Small Slimes","floor":5.0,"turns":2.0},{"damage":12.0,"enemies":"Lagavulin","floor":6.0,"turns":5.0},{"damage":0.0,"enemies":"Cultist","floor":8.0,"turns":2.0},{"damage":3.0,"enemies":"2 Fungi Beasts","floor":13.0,"turns":3.0},{"damage":8.0,"enemies":"Blue Slaver","floor":14.0,"turns":3.0},{"damage":9.0,"enemies":"Slime Boss","floor":16.0,"turns":7.0},{"damage":11.0,"enemies":"Spheric Guardian","floor":18.0,"turns":3.0},{"damage":23.0,"enemies":"2 Thieves","floor":20.0,"turns":3.0},{"damage":27.0,"enemies":"Centurion and Healer","floor":22.0,"turns":6.0},{"damage":33,"enemies":"Gremlin Leader","floor":24,"turns":5},{"damage":16,"enemies":"Shelled Parasite and Fungi","floor":28,"turns":3},{"damage":17,"enemies":"Masked Bandits","floor":30,"turns":3}],"seed_played":"3450746941145046449","potions_obtained":[{"floor":1.0,"key":"Energy Potion"},{"floor":6.0,"key":"LiquidMemories"},{"floor":8.0,"key":"DuplicationPotion"},{"floor":20.0,"key":"LiquidBronze"}],"is_trial":false,"path_per_floor":["M","?","$","?","M","E","R","M","T","R","?","?","M","M","R","B",null,"M","?","M","$","M","R","E","R","T","R","M","?","?"],"character_chosen":"DEFECT","items_purchased":["Defragment","Ball Lightning"],"campfire_rested":4,"item_purchase_floors":[3,3],"current_hp_per_floor":[41,20,20,20,13,1,22,22,22,22,39,39,36,28,49,40,63,52,52,29,44,17,38,5,26,26,26,10,10,0,0],"gold":334,"neow_bonus":"TRANSFORM_TWO_CARDS","is_daily":false,"chose_seed":false,"campfire_upgraded":2,"win_rate":0.0,"timestamp":1609781564,"path_taken":["M","?","?","?","?","E","R","M","T","R","?","?","M","M","R","BOSS","M","?","M","$","M","R","E","R","T","R","M","?","?"],"items_purchased_type":["Card","Card"],"build_version":"2020-12-22","purchased_purges":0,"victory":false,"max_hp_per_floor":[71,71,71,71,71,71,71,71,71,71,71,71,71,71,71,71,71,71,71,71,71,71,71,71,71,71,71,71,71,71,71],"card_choices":[{"not_picked":["Compile Driver","Barrage"],"picked":"Loop","floor":1.0},{"not_picked":["Darkness","Hologram"],"picked":"Beam Cell","floor":5.0},{"not_picked":["Darkness","Steam"],"picked":"Seek","floor":6.0},{"not_picked":["Ball Lightning","Sweeping Beam"],"picked":"Loop","floor":8.0},{"not_picked":["Fusion","Steam","Lockon"],"picked":"SKIP","floor":13.0},{"not_picked":["Beam Cell","Static Discharge"],"picked":"White Noise","floor":14.0},{"not_picked":["Core Surge","Hyperbeam"],"picked":"Biased Cognition","floor":16.0},{"not_picked":["Coolheaded","Streamline+1"],"picked":"Static Discharge","floor":18.0},{"not_picked":["Sunder","Ball Lightning"],"picked":"FTL","floor":20.0},{"not_picked":["Ball Lightning+1","Beam Cell"],"picked":"Leap","floor":22.0},{"not_picked":["Cold Snap","Rebound"],"picked":"Chill+1","floor":24},{"not_picked":["Machine Learning","Redo","Rebound"],"picked":"Chill","floor":28}],"player_experience":815486,"relics_obtained":[{"floor":6.0,"key":"Lantern"},{"floor":9.0,"key":"MealTicket"},{"floor":24,"key":"Emotion Chip"},{"floor":24,"key":"Blue Candle"},{"floor":26,"key":"Question Card"}],"event_choices":[{"damage_healed":0.0,"max_hp_gain":0.0,"max_hp_loss":0.0,"gold_gain":0.0,"event_name":"Shining Light","player_choice":"Entered Light","floor":2.0,"gold_loss":0.0,"damage_taken":21.0,"cards_upgraded":["Defend_B","Zap"]},{"damage_healed":0.0,"max_hp_gain":0.0,"max_hp_loss":0.0,"gold_gain":50.0,"event_name":"Golden Shrine","player_choice":"Pray","floor":4.0,"gold_loss":0.0,"damage_taken":0.0},{"damage_healed":17.0,"max_hp_gain":0.0,"max_hp_loss":0.0,"gold_gain":0.0,"event_name":"The Cleric","player_choice":"Healed","floor":11.0,"gold_loss":35.0,"damage_taken":0.0},{"damage_healed":0.0,"max_hp_gain":0.0,"max_hp_loss":0.0,"gold_gain":0.0,"cards_transformed":["Strike_B"],"event_name":"Living Wall","player_choice":"Change","floor":12.0,"gold_loss":0.0,"damage_taken":0.0,"cards_obtained":["Reboot"]},{"damage_healed":0.0,"max_hp_gain":0.0,"max_hp_loss":0.0,"gold_gain":0.0,"event_name":"Cursed Tome","player_choice":"Ignored","floor":19.0,"gold_loss":0.0,"damage_taken":0.0},{"damage_healed":0,"gold_gain":50,"player_choice":"Stole From Cult","damage_taken":0,"max_hp_gain":0,"max_hp_loss":0,"event_name":"Nest","floor":29,"gold_loss":0},{"damage_healed":0,"gold_gain":0,"player_choice":"Fought Bandits","damage_taken":0,"max_hp_gain":0,"max_hp_loss":0,"event_name":"Masked Bandits","floor":30,"gold_loss":0}],"is_beta":false,"boss_relics":[{"not_picked":["Fusion Hammer","Runic Dome"],"picked":"Black Star"}],"items_purged_floors":[],"is_endless":false,"potions_floor_spawned":[1,6,8,20],"killed_by":"Masked Bandits","ascension_level":20}}