{"host":"c3lc60y5x60jlt1y","time":1609789715,"event":{"mods":["AchievementEnabler","BaseMod","Bestiary","Colored Map","Minty Spire (QoL Compilation)","Quick Restart","StSLib","ojb\u0027s Info Mod"],"gold_per_floor":[116,128,128,139,164,189,206,235,260,286,314,314,331,345,345,420,420,440,172,87,87,30,30,30],"floor_reached":23,"playtime":10801,"items_purged":["Caltrops"],"score":418,"play_id":"8cc0a8e3-bd89-4c31-8c3c-4b705a9f3cd9","local_time":"20210104214835","is_ascension_mode":true,"campfire_choices":[{"floor":15,"key":"REST"}],"circlet_count":0,"master_deck":["AscendersBane","Survivor","Neutralize","Caltrops","Expertise","Choke","Reflex","Phantasmal Killer","Bane","Predator","Doppelganger","Leg Sweep","Dash","Poisoned Stab","Dagger Spray","PiercingWail","Setup","Dagger Throw","All Out Attack","Backstab","Acrobatics","Footwork","Night Terror","Blade Dance"],"relics":["Pandora\u0027s Box","Bag of Marbles","Bag of Preparation","HornCleat","Snake Skull","Odd Mushroom","Peace Pipe","SlaversCollar","Potion Belt","Sundial","Letter Opener"],"acts_visited":["Exordium","TheCity"],"potions_floor_usage":[8,16,23,23],"damage_taken":[{"damage":0,"enemies":"Small Slimes","floor":1,"turns":5},{"damage":9,"enemies":"Jaw Worm","floor":2,"turns":3},{"damage":0,"enemies":"2 Louse","floor":4,"turns":2},{"damage":20,"enemies":"Gremlin Nob","floor":6,"turns":4},{"damage":11,"enemies":"Large Slime","floor":7,"turns":5},{"damage":2,"enemies":"Lagavulin","floor":8,"turns":7},{"damage":0,"enemies":"The Mushroom Lair","floor":10,"turns":3},{"damage":9,"enemies":"Gremlin Nob","floor":11,"turns":4},{"damage":3,"enemies":"Blue Slaver","floor":13,"turns":2},{"damage":1,"enemies":"Exordium Thugs","floor":14,"turns":3},{"damage":13,"enemies":"Slime Boss","floor":16,"turns":7},{"damage":15,"enemies":"Shell Parasite","floor":18,"turns":4},{"damage":38,"enemies":"Book of Stabbing","floor":23,"turns":5}],"seed_played":"-4947887349621451730","potions_obtained":[{"floor":1,"key":"SteroidPotion"},{"floor":7,"key":"PowerPotion"},{"floor":10,"key":"GhostInAJar"},{"floor":16,"key":"LiquidMemories"}],"is_trial":false,"path_per_floor":["M","M","?","M","T","E","M","E","T","?","E","?","M","M","R","B",null,"M","$","?","T","$","E"],"character_chosen":"THE_SILENT","items_purchased":["Potion Belt","Blade Dance","SkillPotion"],"campfire_rested":1,"item_purchase_floors":[19,19,22],"current_hp_per_floor":[59,50,50,50,50,30,19,17,17,17,8,8,5,4,23,10,52,37,37,37,37,37,0,0],"gold":30,"neow_bonus":"BOSS_RELIC","is_daily":false,"chose_seed":false,"campfire_upgraded":0,"win_rate":0.0,"timestamp":1609789715,"path_taken":["M","M","?","M","?","E","M","E","T","?","E","?","?","M","R","BOSS","M","$","?","?","?","E"],"items_purchased_type":["Relic","Card","Potion"],"build_version":"2020-12-22","purchased_purges":1,"victory":false,"max_hp_per_floor":[66,66,66,66,66,66,66,66,66,66,66,66,66,66,66,66,66,66,66,66,66,66,66,66],"card_choices":[{"not_picked":["Bouncing Flask","Backflip"],"picked":"Dash","floor":1},{"not_picked":["Distraction","Underhanded Strike"],"picked":"Poisoned Stab","floor":2},{"not_picked":["Heel Hook","Quick Slash"],"picked":"Dagger Spray","floor":4},{"not_picked":["Sucker Punch","Distraction"],"picked":"PiercingWail","floor":6},{"not_picked":["Doppelganger","Prepared"],"picked":"Setup","floor":7},{"not_picked":["Riddle With Holes","Predator"],"picked":"Dagger Throw","floor":8},{"not_picked":["PiercingWail","Bane"],"picked":"All Out Attack","floor":10},{"not_picked":["Outmaneuver","Unload"],"picked":"Backstab","floor":11},{"not_picked":["Dagger Spray","Deflect"],"picked":"Acrobatics","floor":13},{"not_picked":["Sucker Punch","Slice"],"picked":"Footwork","floor":14},{"not_picked":["Glass Knife","Doppelganger"],"picked":"Night Terror","floor":16},{"not_picked":["Expertise","Sucker Punch","Deflect"],"picked":"SKIP","floor":18}],"player_experience":7488957,"relics_obtained":[{"floor":5,"key":"Bag of Marbles"},{"floor":6,"key":"Bag of Preparation"},{"floor":8,"key":"HornCleat"},{"floor":9,"key":"Snake Skull"},{"floor":10,"key":"Odd Mushroom"},{"floor":11,"key":"Peace Pipe"},{"floor":21,"key":"Letter Opener"}],"event_choices":[{"damage_healed":0,"gold_gain":0,"player_choice":"Ignored","damage_taken":0,"max_hp_gain":0,"max_hp_loss":0,"event_name":"Liars Game","floor":3,"gold_loss":0},{"damage_healed":0,"gold_gain":0,"player_choice":"Fought Mushrooms","damage_taken":0,"max_hp_gain":0,"max_hp_loss":0,"event_name":"Mushrooms","floor":10,"gold_loss":0},{"damage_healed":0,"gold_gain":0,"player_choice":"Fled","damage_taken":0,"max_hp_gain":0,"max_hp_loss":0,"event_name":"Scrap Ooze","floor":12,"gold_loss":0},{"damage_healed":0,"gold_gain":0,"player_choice":"Obtained Relic","damage_taken":0,"relics_obtained":["Sundial"],"max_hp_gain":0,"max_hp_loss":0,"event_name":"Addict","floor":20,"gold_loss":85}],"is_beta":false,"boss_relics":[{"not_picked":["WristBlade","Calling Bell"],"picked":"SlaversCollar"}],"items_purged_floors":[19],"is_endless":false,"potions_floor_spawned":[1,7,10,13,14,16],"killed_by":"Book of Stabbing","ascension_level":20}}