{"host":"6to8m083wj0ro91z","time":1609788286,"event":{"mods":["BaseMod","Better Third Choice","BetterRewards","CatGirl Mod","ChefMod","Friendly Minions","Hubris","Mad Scientist","Marisa????????","Minty Spire (QoL Compilation)","Shade Mod","Spicy Shops","StSLib","The Blackbeard","The Death Knight","The Dragon Tamer","The Gatherer","The Marked","The Mystic","The Necromancer","The Servant 0.9.4"],"gold_per_floor":[118,118,118,136,136,136,168,168,250,268,299,10,10,0,0,123,123,141,164,79,79,97,135,135,174,174,207,20,39,62,101,101,231,231,250,271,287,60,0,38,38,79,79,79,79,79,79,122,122,122,122,122,1,40,40],"floor_reached":56,"playtime":2346,"items_purged":["chefmod:Strike","chefmod:Strike","chefmod:Strike","chefmod:Strike+1","chefmod:FireUp"],"score":2275,"play_id":"f25eb11a-2b47-4d95-9650-2462f1c5cc3c","local_time":"20210104202446","is_ascension_mode":true,"campfire_choices":[{"floor":6,"key":"REST"},{"data":"chefmod:Mince","floor":8,"key":"SMITH"},{"floor":15,"key":"REST"},{"data":"chefmod:Bruschetta","floor":24,"key":"SMITH"},{"data":"chefmod:Puree","floor":32,"key":"SMITH"},{"data":"chefmod:FrozenTuna","floor":41,"key":"SMITH"},{"data":"chefmod:TodaysSpecial","floor":44,"key":"SMITH"},{"data":"chefmod:CapreseSalad","floor":47,"key":"SMITH"},{"floor":49,"key":"RECALL"},{"data":"chefmod:Defend","floor":52,"key":"SMITH"}],"circlet_count":0,"master_deck":["chefmod:Defend+1","chefmod:Defend+1","chefmod:Defend+1","chefmod:QuickThaw+1","chefmod:TodaysSpecial+1","chefmod:Bruschetta+1","chefmod:Mince+1","chefmod:FullCourseMeal+1","chefmod:FrozenTuna+1","chefmod:QuickThaw+1","chefmod:Puree+1","chefmod:CapreseSalad+1","chefmod:NewMenu+1","chefmod:FreezeSolid+1","chefmod:DimSum"],"relics":["chefmod:TrustyPot","Membership Card","chefmod:CookieJar","Frozen Egg 2","Juzu Bracelet","Calipers","Pen Nib","Matryoshka","War Paint","Sling","Vajra","Toy Ornithopter","Golden Idol","Sozu","Eternal Feather","Dream Catcher","MealTicket","Strawberry","Singing Bowl","Art of War","DollysMirror","Bag of Preparation","Medical Kit","Nunchaku","SlaversCollar","hubris:Spice","Red Mask","FossilizedHelix","The Courier","hubris:TenFootPole","hubris:Icosahedron","Regal Pillow","chefmod:RollingPin"],"acts_visited":["Exordium","TheCity","TheBeyond","TheEnding"],"potions_floor_usage":[55,55],"damage_taken":[{"damage":0,"enemies":"Jaw Worm","floor":1,"turns":4},{"damage":0,"enemies":"Small Slimes","floor":4,"turns":3},{"damage":18,"enemies":"Gremlin Nob","floor":7,"turns":5},{"damage":0,"enemies":"2 Louse","floor":10,"turns":2},{"damage":0,"enemies":"Lagavulin","floor":11,"turns":4},{"damage":0,"enemies":"Hexaghost","floor":16,"turns":4},{"damage":0,"enemies":"Chosen","floor":18,"turns":2},{"damage":0,"enemies":"Spheric Guardian","floor":19,"turns":3},{"damage":0,"enemies":"Centurion and Healer","floor":22,"turns":2},{"damage":0,"enemies":"Book of Stabbing","floor":23,"turns":4},{"damage":0,"enemies":"Slavers","floor":25,"turns":2},{"damage":0,"enemies":"Gremlin Leader","floor":27,"turns":2},{"damage":0,"enemies":"Sentry and Sphere","floor":29,"turns":3},{"damage":0,"enemies":"Shelled Parasite and Fungi","floor":30,"turns":2},{"damage":0,"enemies":"Book of Stabbing","floor":31,"turns":2},{"damage":0,"enemies":"Champ","floor":33,"turns":5},{"damage":0,"enemies":"3 Shapes","floor":35,"turns":1},{"damage":0,"enemies":"3 Darklings","floor":36,"turns":3},{"damage":0,"enemies":"Maw","floor":37,"turns":4},{"damage":0,"enemies":"Reptomancer","floor":40,"turns":1},{"damage":0,"enemies":"Giant Head","floor":42,"turns":4},{"damage":0,"enemies":"Reptomancer","floor":48,"turns":1},{"damage":0,"enemies":"hubris:GrandSnecko","floor":50,"turns":4},{"damage":0,"enemies":"Shield and Spear","floor":54,"turns":2},{"damage":0,"enemies":"The Heart","floor":55,"turns":5}],"seed_played":"3613106114528541485","potions_obtained":[{"floor":1,"key":"SpeedPotion"},{"floor":7,"key":"Explosive Potion"}],"is_trial":false,"path_per_floor":["M","?","?","M","?","R","E","R","T","M","E","$","?","?","R","B",null,"M","M","?","?","M","E","R","E","T","E","$","M","M","E","R","B",null,"M","M","M","$","?","E","R","E","T","R","?","?","R","E","R","B",null,"R","$","E","B",null],"character_chosen":"THE_CHEF","items_purchased":["Membership Card","chefmod:CookieJar","Frozen Egg 2","Juzu Bracelet","chefmod:FireUp","Calipers","DeathKnight:RimePotion","Sling","Vajra","Toy Ornithopter","DollysMirror","Bag of Preparation","Medical Kit","hubris:Spice","chefmod:FreezeSolid+1"],"campfire_rested":2,"item_purchase_floors":[0,0,0,0,0,0,0,12,12,12,28,28,28,38,53],"current_hp_per_floor":[42,35,20,20,20,42,24,24,24,24,24,24,5,5,27,27,76,76,76,76,62,62,62,68,68,75,77,90,92,92,92,92,94,94,96,98,100,108,108,110,110,110,110,110,110,110,110,112,112,112,112,112,112,112,112],"gold":40,"neow_bonus":"","is_daily":false,"chose_seed":false,"campfire_upgraded":7,"win_rate":0.0,"timestamp":1609788286,"path_taken":["M","?","?","M","?","R","E","R","T","M","E","?","?","?","R","BOSS","M","M","?","?","M","E","R","E","T","E","$","M","M","E","R","BOSS","M","M","M","$","?","E","R","E","T","R","?","?","R","E","R","BOSS","R","$","E","BOSS"],"items_purchased_type":["Relic","Relic","Relic","Relic","Card","Relic","Potion","Relic","Relic","Relic","Relic","Relic","Relic","Relic","Card"],"build_version":"2020-12-22","purchased_purges":5,"victory":true,"max_hp_per_floor":[76,76,76,76,76,76,76,76,76,76,76,76,76,76,76,76,76,76,76,76,81,81,81,81,81,88,90,90,92,92,92,92,94,94,96,98,100,108,108,110,110,110,110,110,110,110,110,112,112,112,112,112,112,112,112],"card_choices":[{"not_picked":["chefmod:FryPan","chefmod:ColdSteel"],"picked":"chefmod:Bruschetta","floor":1},{"not_picked":["chefmod:Ratatouille","chefmod:Gelato","chefmod:CleanHouse"],"picked":"SKIP","floor":4},{"not_picked":["chefmod:ColdSteel","chefmod:Defrost"],"picked":"chefmod:Mince","floor":7},{"not_picked":["chefmod:HotSoup","chefmod:DinoKale","chefmod:Gelato"],"picked":"SKIP","floor":10},{"not_picked":["chefmod:SliceAndDice","chefmod:Leftovers"],"picked":"chefmod:FullCourseMeal+1","floor":11},{"not_picked":["chefmod:CandyBowl","chefmod:DeathByChocolate"],"picked":"chefmod:FrozenTuna","floor":16},{"not_picked":["chefmod:GroceryDelivery","chefmod:Cleavers+1","chefmod:Fillet"],"picked":"SKIP","floor":18},{"not_picked":["chefmod:ZaruSoba","chefmod:IcePick","chefmod:Cleavers+1"],"picked":"SKIP","floor":19},{"not_picked":["chefmod:Leftovers","chefmod:HotSoup+1","chefmod:ZaruSoba"],"picked":"SKIP","floor":22},{"not_picked":["chefmod:GroceryDelivery","chefmod:BananaSplit+1","chefmod:Granita"],"picked":"SKIP","floor":23},{"not_picked":["chefmod:HotSoup","chefmod:Omelette","chefmod:IcePick"],"picked":"SKIP","floor":25},{"not_picked":["chefmod:HotSoup","chefmod:Omelette","chefmod:IcePick"],"picked":"SKIP","floor":25},{"not_picked":["chefmod:DinoKale","chefmod:FryPan","chefmod:Mince"],"picked":"Singing Bowl","floor":27},{"not_picked":["chefmod:FreshProduce+1","chefmod:BaoBuns","chefmod:Granita+1"],"picked":"Singing Bowl","floor":29},{"not_picked":["chefmod:Granita","chefmod:HotSoup"],"picked":"chefmod:Puree","floor":30},{"not_picked":["chefmod:Gelato","chefmod:Sorbet+1"],"picked":"chefmod:CapreseSalad","floor":31},{"not_picked":["chefmod:RisingDough","chefmod:BananaSplit+1","chefmod:FrozenTuna"],"picked":"Singing Bowl","floor":33},{"not_picked":["chefmod:DinoKale+1","chefmod:Granita","chefmod:SliceAndDice+1"],"picked":"Singing Bowl","floor":35},{"not_picked":["chefmod:SliceAndDice","chefmod:Fillet+1","chefmod:Gelato+1"],"picked":"Singing Bowl","floor":36},{"not_picked":["chefmod:AlooGobi","chefmod:IcePick","chefmod:LiquidNitrogen+1"],"picked":"Singing Bowl","floor":37},{"not_picked":["chefmod:Gelato","chefmod:SliceAndDice+1","chefmod:CayenneCloud"],"picked":"Singing Bowl","floor":40},{"not_picked":["chefmod:SearedScallops+1","chefmod:ColdSteel+1"],"picked":"chefmod:NewMenu+1","floor":42},{"not_picked":["chefmod:HotSoup+1","chefmod:SliceAndDice+1","chefmod:Gelato"],"picked":"Singing Bowl","floor":48},{"not_picked":["chefmod:Julienne","chefmod:CayenneCloud+1"],"picked":"chefmod:DimSum","floor":54}],"player_experience":1057068,"relics_obtained":[{"floor":7,"key":"Pen Nib"},{"floor":9,"key":"Matryoshka"},{"floor":11,"key":"War Paint"},{"floor":23,"key":"Dream Catcher"},{"floor":25,"key":"MealTicket"},{"floor":26,"key":"Strawberry"},{"floor":26,"key":"Singing Bowl"},{"floor":27,"key":"Art of War"},{"floor":31,"key":"Nunchaku"},{"floor":40,"key":"FossilizedHelix"},{"floor":42,"key":"The Courier"},{"floor":43,"key":"hubris:TenFootPole"},{"floor":48,"key":"Regal Pillow"},{"floor":54,"key":"chefmod:RollingPin"}],"event_choices":[{"cards_removed":["chefmod:Strike"],"damage_healed":0,"gold_gain":0,"player_choice":"Card Removal","damage_taken":7,"max_hp_gain":0,"max_hp_loss":0,"event_name":"Golden Wing","floor":2,"gold_loss":0},{"damage_healed":35,"gold_gain":0,"player_choice":"Upgrade","damage_taken":15,"max_hp_gain":0,"max_hp_loss":76,"event_name":"betterThird:BetterShining","floor":3,"gold_loss":0,"cards_upgraded":["chefmod:Defend","chefmod:Strike"]},{"damage_healed":0,"gold_gain":0,"player_choice":"Ignored","damage_taken":136,"max_hp_gain":0,"max_hp_loss":0,"event_name":"betterThird:BetterSerpent","floor":5,"gold_loss":0},{"damage_healed":0,"gold_gain":0,"player_choice":"Take Damage","damage_taken":19,"relics_obtained":["Golden Idol"],"max_hp_gain":0,"max_hp_loss":0,"event_name":"Golden Idol","floor":13,"gold_loss":0},{"damage_healed":0,"gold_gain":0,"player_choice":"Left","damage_taken":0,"max_hp_gain":0,"max_hp_loss":0,"event_name":"betterThird:BetterGoop","floor":14,"gold_loss":10},{"damage_healed":0,"gold_gain":0,"player_choice":"Obtained Relic","damage_taken":0,"relics_obtained":["Eternal Feather"],"max_hp_gain":0,"max_hp_loss":0,"event_name":"Addict","floor":20,"gold_loss":85},{"damage_healed":0,"gold_gain":0,"player_choice":"Shed Blood","damage_taken":19,"max_hp_gain":5,"max_hp_loss":0,"event_name":"Forgotten Altar","floor":21,"gold_loss":0},{"damage_healed":0,"gold_gain":0,"player_choice":"Paid","damage_taken":0,"relics_obtained":["Red Mask"],"max_hp_gain":0,"max_hp_loss":0,"event_name":"Tomb of Lord Red Mask","floor":39,"gold_loss":60},{"damage_healed":0,"gold_gain":0,"player_choice":"Got Potions","damage_taken":0,"max_hp_gain":0,"max_hp_loss":0,"event_name":"Lab","floor":46,"gold_loss":0}],"is_beta":false,"boss_relics":[{"not_picked":["Fusion Hammer","Runic Dome"],"picked":"Sozu"},{"not_picked":["hubris:ScarierMask","hubris:VirtuousBlindfold"],"picked":"SlaversCollar"}],"items_purged_floors":[0,0,12,38,53],"is_endless":false,"potions_floor_spawned":[1,7,22,23,25,27,31,36,40,42],"ascension_level":1}}