{"host":"8by3m8mve9y2rhh4","time":1609801398,"event":{"mods":["BaseMod","Minty Spire (QoL Compilation)","Quick Restart"],"gold_per_floor":[110,110,129,145,145,66,66,96,165,182,182,182],"floor_reached":11,"playtime":302,"items_purged":[],"score":77,"play_id":"1ce2310c-f8b5-45c0-8541-fd4ab3dfaef0","local_time":"20210104230318","is_ascension_mode":true,"campfire_choices":[{"floor":7,"key":"REST"}],"circlet_count":0,"master_deck":["Strike_G","Strike_G","Strike_G","Strike_G","Strike_G","Defend_G","Defend_G","Defend_G","Defend_G","Defend_G","Survivor","Neutralize","Quick Slash","Blade Dance","Infinite Blades","Sucker Punch"],"relics":["SacredBark","Toy Ornithopter","Tiny Chest","Blue Candle"],"acts_visited":["Exordium"],"potions_floor_usage":[],"damage_taken":[{"damage":1,"enemies":"Jaw Worm","floor":1,"turns":5},{"damage":0,"enemies":"2 Louse","floor":3,"turns":3},{"damage":0,"enemies":"Cultist","floor":4,"turns":3},{"damage":34,"enemies":"Lagavulin","floor":8,"turns":8},{"damage":16,"enemies":"3 Louse","floor":10,"turns":5},{"damage":56,"enemies":"Gremlin Nob","floor":11,"turns":5}],"seed_played":"5009940038544441534","potions_obtained":[],"is_trial":false,"path_per_floor":["M","?","M","M","?","$","R","E","T","M","E"],"character_chosen":"THE_SILENT","items_purchased":["Infinite Blades"],"campfire_rested":1,"item_purchase_floors":[6],"current_hp_per_floor":[69,74,74,74,62,62,75,41,41,25,0,0],"gold":182,"neow_bonus":"BOSS_RELIC","is_daily":false,"chose_seed":false,"campfire_upgraded":0,"win_rate":0.0,"timestamp":1609801398,"path_taken":["M","?","M","M","?","$","R","E","T","M","E"],"items_purchased_type":["Card"],"build_version":"2020-12-22","purchased_purges":0,"victory":false,"max_hp_per_floor":[70,75,75,75,75,75,75,75,75,75,75,75],"card_choices":[{"not_picked":["Outmaneuver","Slice"],"picked":"Quick Slash","floor":1},{"not_picked":["Finisher","Backflip"],"picked":"Blade Dance","floor":3},{"not_picked":["Deadly Poison","Acrobatics","Prepared"],"picked":"SKIP","floor":4},{"not_picked":["Underhanded Strike","Acrobatics","Backstab"],"picked":"SKIP","floor":8},{"not_picked":["Acrobatics","Crippling Poison"],"picked":"Sucker Punch","floor":10}],"player_experience":649404,"relics_obtained":[{"floor":8,"key":"Tiny Chest"},{"floor":9,"key":"Blue Candle"}],"event_choices":[{"damage_healed":0,"gold_gain":0,"player_choice":"Donut","damage_taken":0,"max_hp_gain":5,"max_hp_loss":0,"event_name":"Big Fish","floor":2,"gold_loss":0},{"damage_healed":0,"gold_gain":0,"player_choice":"Success","damage_taken":12,"relics_obtained":["Toy Ornithopter"],"max_hp_gain":0,"max_hp_loss":0,"event_name":"Scrap Ooze","floor":5,"gold_loss":0}],"is_beta":false,"boss_relics":[],"items_purged_floors":[],"is_endless":false,"potions_floor_spawned":[],"killed_by":"Gremlin Nob","ascension_level":1}}