{"host":"00yob6u0fiu7ehgs","time":1609790031,"event":{"mods":["Act Like it!","Arknights The Spire","Art Attack!","BaseMod","Chen","Colored Powertips","Elementarium","Gensokyo","GifTheSpireLib","Infinite Spire","Jorbs\u0027s Wanderer Trilogy","Koishi","Marisa????????","Minty Spire (QoL Compilation)","Rare Cards Sparkle","Reimu??????","Remilia??????","Replay The Spire","StSLib","The Alterego","The Animator","The Cursed","The Forsaken","The Servant 0.9.4","Wandering Minibosses","Yakumo Yukari mod"],"gold_per_floor":[109,128,138,138,150,150,165,165,212,212,212,16,16,31,31,134,134,144,154,154,173,173,173],"floor_reached":22,"playtime":632,"items_purged":["ats:Strike V","ats:Strike G"],"score":178,"play_id":"98e523e6-2483-4459-9653-20ceab645ddc","local_time":"20210104125351","is_ascension_mode":false,"campfire_choices":[{"data":"infinitespire:Collect","floor":6,"key":"SMITH"},{"floor":8,"key":"REST"},{"data":"ats:Overload","floor":11,"key":"SMITH"},{"data":"ats:Automatic Cover","floor":15,"key":"SMITH"}],"circlet_count":0,"master_deck":["ats:Strike C","ats:Strike S","ats:Armor Crushing Shot","ats:Defend","ats:Defend","ats:Defend","ats:Defend","ats:Emotion Absorption","ats:Consecutive Shot Auto","ats:Overload+1","ats:Explosion Area Strengthen","infinitespire:Collect+1","ats:Powerful Strike","ats:Ignite","ats:Powerful Strike","ats:Automatic Cover+1","ats:Explosion Area Strengthen","ats:Disruption Kick","ats:Ignite+1","ats:Red Shift","infinitespire:Starlight","ats:Powerful Strike+1"],"relics":["ats:Sanity Plus","NeowsBlessing","Nunchaku","Replay:WaspNest","Replay:Multitool"],"acts_visited":["Exordium","TheCity"],"potions_floor_usage":[16,21,22],"damage_taken":[{"damage":0,"enemies":"Jaw Worm","floor":1,"turns":1},{"damage":0,"enemies":"Small Slimes","floor":2,"turns":1},{"damage":0,"enemies":"2 Louse","floor":3,"turns":1},{"damage":9,"enemies":"Blue Slaver","floor":5,"turns":6},{"damage":9,"enemies":"Gremlin Gang","floor":7,"turns":2},{"damage":11,"enemies":"3 Louse","floor":14,"turns":2},{"damage":12,"enemies":"Hexaghost","floor":16,"turns":9},{"damage":6,"enemies":"3 Byrds","floor":18,"turns":3},{"damage":9,"enemies":"Shell Parasite","floor":19,"turns":5},{"damage":13,"enemies":"Snecko","floor":21,"turns":5},{"damage":55,"enemies":"Shelled Parasite and Fungi","floor":22,"turns":3}],"seed_played":"-5682298714961394937","potions_obtained":[{"floor":2,"key":"ats:Emergency Sanity Potion"},{"floor":3,"key":"Strength Potion"},{"floor":16,"key":"Weak Potion"},{"floor":18,"key":"Doom Potion"},{"floor":21,"key":"Ancient Potion"}],"is_trial":false,"path_per_floor":["M","M","M","?","M","R","M","R","T","?","R","$","?","M","R","B",null,"M","M","AVR","M","M"],"character_chosen":"DOCTOR_CLASS","items_purchased":["ats:Powerful Strike","ats:Automatic Cover"],"campfire_rested":1,"item_purchase_floors":[12,12],"current_hp_per_floor":[72,72,72,53,44,44,35,56,56,44,44,44,44,33,33,21,72,66,57,57,44,0,0],"gold":173,"neow_bonus":"THREE_ENEMY_KILL","is_daily":false,"chose_seed":false,"campfire_upgraded":3,"win_rate":0.0,"timestamp":1609790031,"path_taken":["M","M","M","?","M","R","M","R","T","?","R","$","?","?","R","BOSS","M","M","AVR","?","M"],"items_purchased_type":["Card","Card"],"build_version":"2020-12-22","purchased_purges":2,"victory":false,"max_hp_per_floor":[72,72,72,72,72,72,72,72,72,72,72,72,72,72,72,72,72,72,72,72,72,72,72],"card_choices":[{"not_picked":["ats:Cat Scratch","ats:Sunburst"],"picked":"ats:Consecutive Shot Auto","floor":1},{"not_picked":["ats:Childhood Dance","ats:Curse Doll"],"picked":"ats:Overload","floor":2},{"not_picked":["ats:Assault Order","ats:Apocalypse"],"picked":"ats:Explosion Area Strengthen","floor":3},{"not_picked":["infinitespire:SealOfDarkness+","infinitespire:FinalStrike"],"picked":"infinitespire:Collect","floor":4},{"not_picked":["ats:Revitalization","ats:Sword Rain"],"picked":"ats:Powerful Strike","floor":5},{"not_picked":["ats:Roar Of Ursus","ats:Cat Scratch"],"picked":"ats:Ignite","floor":7},{"not_picked":["ats:Revitalization","ats:Apocalypse"],"picked":"ats:Explosion Area Strengthen","floor":14},{"not_picked":["ats:Rat Pack","ats:Fractured Body"],"picked":"ats:Disruption Kick","floor":16},{"not_picked":["ats:Shell Defense","ats:Cat Scratch"],"picked":"ats:Ignite+1","floor":18},{"not_picked":["ats:Encircling Forest","ats:Support Order+1"],"picked":"ats:Red Shift","floor":19},{"not_picked":["ats:Childhood Dance","ats:Apocalypse"],"picked":"ats:Powerful Strike+1","floor":21}],"player_experience":346653,"relics_obtained":[{"floor":9,"key":"Nunchaku"}],"event_choices":[{"damage_healed":0,"gold_gain":0,"player_choice":"Success","damage_taken":12,"relics_obtained":["Replay:WaspNest"],"max_hp_gain":0,"max_hp_loss":0,"event_name":"Scrap Ooze","floor":10,"gold_loss":0}],"is_beta":false,"boss_relics":[{"not_picked":["Calling Bell","ReplayTheSpireMod:SealedPack"],"picked":"ats:Sanity Plus"}],"items_purged_floors":[12,20],"is_endless":false,"potions_floor_spawned":[2,3,16,18,21],"killed_by":"Shelled Parasite and Fungi","ascension_level":0}}