{"host":"kabf61oc9jgfwufg","time":1609782820,"event":{"mods":["AchievementEnabler","Act Like it!","Aspiration","BaseMod","Conspire","GifTheSpireLib","Halation","HexUI Lib","Hubris","Infinite Spire","Minty Spire (QoL Compilation)","Pale of the Ancients","Rare Cards Sparkle","Replay The Spire","StSLib","The Jungle"],"gold_per_floor":[116,116,116,126,144,144,160,160,187,205,81,91,109,122,122,218,218,238,238,337,354,354,354],"floor_reached":22,"playtime":809,"items_purged":["Strike_P"],"score":180,"play_id":"970d89ba-a15d-48f5-94d5-cb23e897f920","local_time":"20210104175340","is_ascension_mode":false,"campfire_choices":[{"data":"Eruption","floor":6,"key":"SMITH"},{"floor":15,"key":"REST"}],"circlet_count":0,"master_deck":["Strike_P","Strike_P","Strike_P+1","Defend_P","Defend_P","Defend_P","Defend_P","Eruption+1","Vigilance","FlurryOfBlows","PathToVictory","FollowUp","EmptyFist","Adaptation","LessonLearned"],"relics":["PureWater","aspiration:TomeofQuesting","halation:PinkSoulGem","Nunchaku","Black Star","Ring of Misfortune"],"acts_visited":["Exordium","TheCity"],"potions_floor_usage":[16,16,16,22],"damage_taken":[{"damage":3,"enemies":"Jaw Worm","floor":1,"turns":2},{"damage":3,"enemies":"Small Slimes","floor":4,"turns":3},{"damage":12,"enemies":"Cultist","floor":5,"turns":3},{"damage":3,"enemies":"Exordium Wildlife","floor":7,"turns":4},{"damage":4,"enemies":"Gremlin Gang","floor":10,"turns":4},{"damage":14,"enemies":"Blue Slaver","floor":12,"turns":2},{"damage":0,"enemies":"3 Louse","floor":13,"turns":3},{"damage":5,"enemies":"Exordium Thugs","floor":14,"turns":4},{"damage":47,"enemies":"The Guardian","floor":16,"turns":10},{"damage":33,"enemies":"3 Byrds","floor":18,"turns":6},{"damage":26,"enemies":"Shell Parasite","floor":21,"turns":4},{"damage":35,"enemies":"Snecko","floor":22,"turns":3}],"seed_played":"6492072941392366306","potions_obtained":[{"floor":5,"key":"Reflective Coating"},{"floor":7,"key":"LiquidMemories"},{"floor":12,"key":"Fire Potion"},{"floor":13,"key":"LiquidBronze"},{"floor":18,"key":"Dexterity Potion"}],"is_trial":false,"path_per_floor":["M","?","?","M","M","R","M","?","T","M","$","M","M","M","R","B",null,"M","?","?","M","M"],"character_chosen":"WATCHER","items_purchased":["FollowUp"],"campfire_rested":1,"item_purchase_floors":[11],"current_hp_per_floor":[69,69,69,66,54,54,51,51,51,47,47,33,33,28,49,2,72,39,39,39,13,0,0],"gold":354,"neow_bonus":"RANDOM_COMMON_RELIC","is_daily":false,"chose_seed":false,"campfire_upgraded":1,"win_rate":0.0,"timestamp":1609782820,"path_taken":["M","?","?","M","M","R","?","?","T","M","$","M","?","M","R","BOSS","M","?","?","M","?"],"items_purchased_type":["Card"],"build_version":"2020-12-22","purchased_purges":1,"victory":false,"max_hp_per_floor":[72,72,72,72,72,72,72,72,72,72,72,72,72,72,72,72,72,72,72,72,72,72,72],"card_choices":[{"not_picked":["Consecrate","Replay:AtTheReady"],"picked":"Nirvana","floor":1},{"not_picked":["PathToVictory","SandsOfTime","Protect"],"picked":"SKIP","floor":4},{"not_picked":["Worship","SignatureMove","ClearTheMind"],"picked":"SKIP","floor":5},{"not_picked":["Replay:Vibes","JustLucky"],"picked":"FlurryOfBlows","floor":7},{"not_picked":["Fasting2","Prostrate","Brilliance"],"picked":"SKIP","floor":10},{"not_picked":["WindmillStrike","CutThroughFate"],"picked":"EmptyFist","floor":12},{"not_picked":["Consecrate","Replay:AtTheReady"],"picked":"Adaptation","floor":13},{"not_picked":["Crescendo","Halt","Collect"],"picked":"SKIP","floor":14},{"not_picked":["ConjureBlade","Omniscience"],"picked":"LessonLearned","floor":16},{"not_picked":["Consecrate","Perseverance+1","Replay:DivineShield"],"picked":"SKIP","floor":18},{"not_picked":["ThirdEye","Study+1","Fasting2"],"picked":"SKIP","floor":21}],"player_experience":37459,"relics_obtained":[{"floor":9,"key":"Nunchaku"},{"floor":19,"key":"Ring of Misfortune"}],"event_choices":[{"cards_removed":["Nirvana"],"damage_healed":0,"gold_gain":0,"player_choice":"Card Removal","damage_taken":0,"max_hp_gain":0,"max_hp_loss":0,"event_name":"Wheel of Change","floor":3,"gold_loss":0},{"damage_healed":0,"gold_gain":0,"player_choice":"1 cards matched","damage_taken":0,"max_hp_gain":0,"max_hp_loss":0,"event_name":"Match and Keep!","floor":8,"gold_loss":0,"cards_obtained":["PathToVictory"]},{"damage_healed":0,"gold_gain":99,"player_choice":"Stole From Cult","damage_taken":0,"max_hp_gain":0,"max_hp_loss":0,"event_name":"Nest","floor":20,"gold_loss":0}],"is_beta":false,"boss_relics":[{"not_picked":["Honey Jar","Replay:Fungal Core"],"picked":"Black Star"}],"items_purged_floors":[11],"is_endless":false,"potions_floor_spawned":[5,7,12,13,18],"killed_by":"Snecko","ascension_level":0}}