{"host":"6pgtslebjnyv5xmi","time":1609738124,"event":{"mods":["AchievementEnabler","BaseMod","Colored Map","Minty Spire (QoL Compilation)","Rare Cards Sparkle","StSLib","SuperFastMode","everything is the same but u backflip on backflip"],"gold_per_floor":[109,85,160,184,184,184,219,219,266,293,305,109,123,188,188,292,292,310,360,234,234,249,249,259,269,318,347,447,447,461,181,181,278,278,288,288,288,288,301,301,318,318,318,338,358,370,19,19,19,19],"floor_reached":51,"playtime":2172,"items_purged":["Defend_R","Strike_R","Strike_R","Strike_R"],"score":1192,"play_id":"23f8da05-09e2-4fbf-b49e-1aa7b4a1c62e","local_time":"20210104142844","is_ascension_mode":true,"campfire_choices":[{"data":"Heavy Blade","floor":6.0,"key":"SMITH"},{"data":"Flex","floor":8.0,"key":"SMITH"},{"data":"Bash","floor":15.0,"key":"SMITH"},{"data":"Sword Boomerang","floor":23.0,"key":"SMITH"},{"data":"Reaper","floor":32.0,"key":"SMITH"},{"data":"Twin Strike","floor":40.0,"key":"SMITH"},{"floor":42.0,"key":"REST"},{"floor":49.0,"key":"REST"}],"circlet_count":0,"master_deck":["AscendersBane","Defend_R","Defend_R","Defend_R","Bash+1","Heavy Blade+1","Flex+1","Seeing Red+1","Flame Barrier+1","Limit Break+1","Flex+1","Spot Weakness+1","Battle Trance+1","Limit Break+1","Twin Strike+1","Sword Boomerang+1","Armaments+1","Uppercut+1","Twin Strike+1","Reaper+1","Offering+1","Heavy Blade+1","Parasite","Headbutt+1"],"relics":["Black Blood","NeowsBlessing","Art of War","Toxic Egg 2","Oddly Smooth Stone","Akabeko","Meat on the Bone","Pantograph","Bronze Scales","White Beast Statue","Bird Faced Urn","Bottled Flame","Mark of Pain","Boot","HandDrill"],"acts_visited":["Exordium","TheCity","TheBeyond"],"potions_floor_usage":[50,50],"damage_taken":[{"damage":0.0,"enemies":"Cultist","floor":1.0,"turns":1.0},{"damage":0.0,"enemies":"3 Sentries","floor":7.0,"turns":2.0},{"damage":0.0,"enemies":"Lagavulin","floor":10.0,"turns":1.0},{"damage":0.0,"enemies":"Jaw Worm","floor":11.0,"turns":1.0},{"damage":0.0,"enemies":"2 Louse","floor":13.0,"turns":2.0},{"damage":13.0,"enemies":"Gremlin Nob","floor":14.0,"turns":4.0},{"damage":25.0,"enemies":"The Guardian","floor":16.0,"turns":4.0},{"damage":3.0,"enemies":"3 Byrds","floor":18.0,"turns":3.0},{"damage":5.0,"enemies":"2 Thieves","floor":22.0,"turns":3.0},{"damage":6.0,"enemies":"3 Cultists","floor":24.0,"turns":3.0},{"damage":35.0,"enemies":"Shelled Parasite and Fungi","floor":25.0,"turns":3.0},{"damage":17.0,"enemies":"Gremlin Leader","floor":27.0,"turns":6.0},{"damage":8.0,"enemies":"Colosseum Slavers","floor":28.0,"turns":2.0},{"damage":13.0,"enemies":"Colosseum Nobs","floor":28.0,"turns":3.0},{"damage":18.0,"enemies":"Snake Plant","floor":30.0,"turns":2.0},{"damage":67.0,"enemies":"Collector","floor":33.0,"turns":5.0},{"damage":6.0,"enemies":"3 Shapes","floor":35.0,"turns":4.0},{"damage":41.0,"enemies":"3 Darklings","floor":39.0,"turns":4.0},{"damage":27.0,"enemies":"4 Shapes","floor":41.0,"turns":4.0},{"damage":24.0,"enemies":"Writhing Mass","floor":44.0,"turns":5.0},{"damage":34.0,"enemies":"Sphere and 2 Shapes","floor":45.0,"turns":3.0},{"damage":53.0,"enemies":"4 Shapes","floor":46.0,"turns":4.0},{"damage":96,"enemies":"Awakened One","floor":50,"turns":7}],"seed_played":"2841061650701697052","potions_obtained":[{"floor":1.0,"key":"Dexterity Potion"},{"floor":7.0,"key":"Weak Potion"},{"floor":16.0,"key":"DuplicationPotion"},{"floor":25.0,"key":"Energy Potion"},{"floor":28.0,"key":"EntropicBrew"},{"floor":30.0,"key":"SpeedPotion"},{"floor":33.0,"key":"GamblersBrew"},{"floor":35.0,"key":"LiquidBronze"},{"floor":39.0,"key":"SkillPotion"},{"floor":41.0,"key":"FearPotion"},{"floor":46.0,"key":"FearPotion"}],"is_trial":false,"path_per_floor":["M","$","?","T","?","R","E","R","T","E","M","$","M","?","R","B",null,"M","?","$","T","M","R","M","M","T","E","?","?","M","$","R","B",null,"M","?","?","?","M","R","M","R","T","M","M","M","$","$","R","B",null],"character_chosen":"IRONCLAD","items_purchased":["Flex","Limit Break+1","Flex+1","Sword Boomerang","Reaper","HandDrill","Swift Potion"],"campfire_rested":2,"item_purchase_floors":[2,12,12,20,31,47,47],"current_hp_per_floor":[78,78,67,67,60,60,66,66,66,72,78,78,80,73,73,54,74,80,80,80,80,80,80,80,57,57,64,67,52,58,58,58,40,74,81,81,81,81,56,56,53,78,78,66,57,60,60,60,85,43],"gold":19,"neow_bonus":"THREE_ENEMY_KILL","is_daily":false,"chose_seed":false,"campfire_upgraded":6,"win_rate":0.0,"timestamp":1609738124,"path_taken":["M","$","?","?","?","R","E","R","T","E","?","?","M","?","R","BOSS","M","?","$","?","M","R","?","M","T","E","?","?","M","$","R","BOSS","M","?","?","?","M","R","M","R","T","M","?","M","?","$","R","BOSS"],"items_purchased_type":["Card","Card","Card","Card","Card","Relic","Potion"],"build_version":"2020-12-22","purchased_purges":4,"victory":true,"max_hp_per_floor":[80,80,80,80,80,80,80,80,80,80,80,80,80,80,80,80,80,80,80,80,80,80,80,80,80,80,80,80,85,85,85,85,85,85,85,85,85,85,85,85,85,85,85,85,85,85,85,85,85,85],"card_choices":[{"not_picked":["Combust","Clash"],"picked":"Heavy Blade","floor":1.0},{"not_picked":["Thunderclap","Pommel Strike","Sentinel+1"],"picked":"SKIP","floor":7.0},{"not_picked":["Body Slam","Fire Breathing"],"picked":"Seeing Red+1","floor":10.0},{"not_picked":["True Grit+1","Havoc+1"],"picked":"Flame Barrier+1","floor":11.0},{"not_picked":["Flame Barrier+1","Inflame"],"picked":"Spot Weakness+1","floor":13.0},{"not_picked":["Wild Strike","Metallicize"],"picked":"Battle Trance+1","floor":14.0},{"not_picked":["Demon Form","Bludgeon"],"picked":"Limit Break+1","floor":16.0},{"not_picked":["Sever Soul","Pommel Strike"],"picked":"Twin Strike","floor":18.0},{"not_picked":["Havoc+1","Barricade"],"picked":"Armaments+1","floor":22.0},{"not_picked":["Headbutt","Dark Embrace+1"],"picked":"Uppercut+1","floor":24.0},{"not_picked":["Havoc+1","Thunderclap+1"],"picked":"Twin Strike+1","floor":25.0},{"not_picked":["Thunderclap","Armaments+1","Reckless Charge"],"picked":"SKIP","floor":27.0},{"not_picked":["Wild Strike+1","Warcry+1","Clothesline"],"picked":"SKIP","floor":30.0},{"not_picked":["Impervious+1","Limit Break+1"],"picked":"Offering+1","floor":33.0},{"not_picked":["Burning Pact+1","Twin Strike","Anger"],"picked":"SKIP","floor":35.0},{"not_picked":["Body Slam","Evolve","Rampage"],"picked":"SKIP","floor":39.0},{"not_picked":["Heavy Blade","Havoc+1","Dropkick"],"picked":"SKIP","floor":41.0},{"not_picked":["Spot Weakness+1","Sword Boomerang"],"picked":"Headbutt+1","floor":44.0},{"not_picked":["Cleave","Twin Strike+1","Wild Strike"],"picked":"SKIP","floor":45.0},{"not_picked":["Wild Strike+1","Fire Breathing+1","Clash"],"picked":"SKIP","floor":46.0}],"player_experience":686172,"relics_obtained":[{"floor":4.0,"key":"Art of War"},{"floor":7.0,"key":"Toxic Egg 2"},{"floor":9.0,"key":"Oddly Smooth Stone"},{"floor":10.0,"key":"Akabeko"},{"floor":14.0,"key":"Meat on the Bone"},{"floor":21.0,"key":"Pantograph"},{"floor":26.0,"key":"Bronze Scales"},{"floor":27.0,"key":"White Beast Statue"},{"floor":28.0,"key":"Bird Faced Urn"},{"floor":28.0,"key":"Bottled Flame"},{"floor":43.0,"key":"Boot"}],"event_choices":[{"damage_healed":0.0,"max_hp_gain":0.0,"max_hp_loss":0.0,"gold_gain":75.0,"event_name":"World of Goop","player_choice":"Gather Gold","floor":3.0,"gold_loss":0.0,"damage_taken":11.0},{"cards_removed":["Strike_R"],"damage_healed":0.0,"max_hp_gain":0.0,"max_hp_loss":0.0,"gold_gain":0.0,"event_name":"Golden Wing","player_choice":"Card Removal","floor":5.0,"gold_loss":0.0,"damage_taken":7.0},{"damage_healed":0.0,"max_hp_gain":0.0,"max_hp_loss":0.0,"gold_gain":0.0,"event_name":"Dead Adventurer","player_choice":"Searched \u00271\u0027 times","floor":14.0,"gold_loss":0.0,"damage_taken":0.0},{"damage_healed":0.0,"max_hp_gain":0.0,"max_hp_loss":0.0,"gold_gain":100.0,"event_name":"The Joust","player_choice":"Bet on Murderer","floor":19.0,"gold_loss":50.0,"damage_taken":0.0},{"damage_healed":0.0,"max_hp_gain":0.0,"max_hp_loss":0.0,"gold_gain":0.0,"event_name":"Colosseum","player_choice":"Fight","floor":28.0,"gold_loss":0.0,"damage_taken":0.0},{"damage_healed":0.0,"max_hp_gain":0.0,"max_hp_loss":0.0,"gold_gain":0.0,"event_name":"Colosseum","player_choice":"Fought Nobs","floor":28.0,"gold_loss":0.0,"damage_taken":0.0},{"damage_healed":0.0,"max_hp_gain":5.0,"max_hp_loss":0.0,"gold_gain":0.0,"event_name":"Forgotten Altar","player_choice":"Shed Blood","floor":29.0,"gold_loss":0.0,"damage_taken":20.0},{"cards_removed":["Strike_R"],"damage_healed":0.0,"max_hp_gain":0.0,"max_hp_loss":0.0,"gold_gain":0.0,"event_name":"Falling","player_choice":"Removed Attack","floor":36.0,"gold_loss":0.0,"damage_taken":0.0},{"damage_healed":0.0,"max_hp_gain":0.0,"max_hp_loss":0.0,"gold_gain":0.0,"event_name":"SensoryStone","player_choice":"Memory 1","floor":37.0,"gold_loss":0.0,"damage_taken":0.0},{"damage_healed":0.0,"max_hp_gain":0.0,"max_hp_loss":0.0,"gold_gain":0.0,"event_name":"Duplicator","player_choice":"Copied","floor":38.0,"gold_loss":0.0,"damage_taken":0.0,"cards_obtained":["Heavy Blade"]}],"is_beta":false,"boss_relics":[{"not_picked":["Empty Cage","Runic Dome"],"picked":"Black Blood"},{"not_picked":["Cursed Key","Runic Cube"],"picked":"Mark of Pain"}],"items_purged_floors":[12,20,31,47],"is_endless":false,"potions_floor_spawned":[1,7,16,22,24,25,28,28,30,33,35,39,41,44,45,46],"ascension_level":12}}