{"host":"TheHustler","time":1609774120,"event":{"mods":["BaseMod","Block Reminder","Colored Map","Colored Powertips","Minty Spire (QoL Compilation)","Quick Restart","StSLib","SuperFastMode","Unceasing Turn Reminder"],"gold_per_floor":[144,54,4,49,124,124,214,259,259,259,304,304,349,439,439,739,739,784,428,473,473,273,363,363,408,483,573,310,310,310,355,355,355,355],"floor_reached":33,"playtime":1009,"items_purged":["Pain"],"score":318,"play_id":"eadc45d0-c962-4186-b03d-6652e5859227","local_time":"20210104162840","daily_mods":["Chimera","Diverse","Midas"],"is_ascension_mode":false,"campfire_choices":[{"floor":6.0,"key":"REST"},{"floor":10,"key":"REST"},{"floor":12,"key":"REST"},{"floor":15,"key":"REST"},{"floor":24,"key":"REST"},{"floor":32,"key":"REST"}],"circlet_count":0,"master_deck":["Survivor","Zap","Eruption","Strike_R+1","Strike_G+1","Strike_B+1","Defend_R+1","Defend_G+1","Defend_P+1","EmptyFist","Flash of Steel","Halt","Evaluate","True Grit+1","Rage+1","Prepared+1","Phantasmal Killer+1","Coolheaded+1","Footwork","TalkToTheHand","Sweeping Beam","Distraction+1","JustLucky","Barrage","Halt+1","Tactician+1","Acrobatics+1"],"relics":["Cracked Core","Happy Flower","Toxic Egg 2","Thread and Needle","Cursed Key","Membership Card","Blood Vial","Orichalcum","Ornamental Fan","Toolbox","Oddly Smooth Stone","Darkstone Periapt","Dream Catcher","Ice Cream","Sling"],"acts_visited":["Exordium","TheCity"],"potions_floor_usage":[14,27,31,33],"damage_taken":[{"damage":0.0,"enemies":"Cultist","floor":1.0,"turns":2.0},{"damage":0.0,"enemies":"Small Slimes","floor":4.0,"turns":3.0},{"damage":4,"enemies":"Gremlin Nob","floor":7,"turns":3},{"damage":0,"enemies":"2 Louse","floor":8,"turns":3},{"damage":5,"enemies":"2 Fungi Beasts","floor":11,"turns":3},{"damage":0,"enemies":"Blue Slaver","floor":13,"turns":4},{"damage":16,"enemies":"Lagavulin","floor":14,"turns":6},{"damage":67,"enemies":"The Guardian","floor":16,"turns":12},{"damage":18,"enemies":"Spheric Guardian","floor":18,"turns":6},{"damage":22,"enemies":"2 Thieves","floor":20,"turns":4},{"damage":19,"enemies":"Slavers","floor":23,"turns":4},{"damage":0,"enemies":"Snecko","floor":25,"turns":5},{"damage":7,"enemies":"Book of Stabbing","floor":27,"turns":7},{"damage":24,"enemies":"Cultist and Chosen","floor":31,"turns":6},{"damage":63,"enemies":"Collector","floor":33,"turns":11}],"seed_played":"-6631355389535803282","potions_obtained":[{"floor":7,"key":"BlessingOfTheForge"},{"floor":8,"key":"Energy Potion"},{"floor":11,"key":"Energy Potion"},{"floor":16,"key":"FocusPotion"},{"floor":23,"key":"EssenceOfSteel"},{"floor":27,"key":"Block Potion"}],"is_trial":false,"path_per_floor":["M","$","?","M","?","R","E","M","T","R","M","R","M","E","R","B",null,"M","$","M","?","$","E","R","M","T","E","$","?","?","M","R","B"],"character_chosen":"DEFECT","items_purchased":["Flash of Steel","Membership Card","Footwork","Blood Vial","Orichalcum","TalkToTheHand","Ornamental Fan","Toolbox","Ice Cream","Sling"],"campfire_rested":6,"item_purchase_floors":[2,19,19,19,19,19,22,22,28,28],"current_hp_per_floor":[75,75,75,75,64,75,71,71,71,75,70,75,75,59,75,8,75,57,57,37,37,37,20,42,44,44,39,39,39,39,17,39,0,0],"gold":355,"neow_bonus":"","is_daily":true,"chose_seed":false,"campfire_upgraded":0,"win_rate":0.0,"timestamp":1609774120,"path_taken":["M","$","?","M","?","R","E","M","T","R","M","R","M","E","R","BOSS","M","$","M","?","$","E","R","?","T","E","$","?","?","M","R","BOSS"],"items_purchased_type":["Card","Relic","Card","Relic","Relic","Card","Relic","Relic","Relic","Relic"],"build_version":"2020-12-18","purchased_purges":1,"victory":false,"max_hp_per_floor":[75,75,75,75,75,75,75,75,75,75,75,75,75,75,75,75,75,75,75,75,75,75,75,75,75,75,75,75,75,75,75,75,75,75],"card_choices":[{"not_picked":["Halt","Feel No Pain"],"picked":"EmptyFist","floor":1.0},{"not_picked":["Second Wind","Genetic Algorithm"],"picked":"Halt","floor":4.0},{"not_picked":["Outmaneuver","Accuracy","Prepared"],"picked":"SKIP","floor":7},{"not_picked":["Skim","Redo"],"picked":"Evaluate","floor":8},{"not_picked":["Cleave","CutThroughFate"],"picked":"True Grit+1","floor":11},{"not_picked":["Poisoned Stab","Go for the Eyes"],"picked":"Rage+1","floor":13},{"not_picked":["Sunder","CutThroughFate"],"picked":"Prepared+1","floor":14},{"not_picked":["Creative AI","Multi-Cast+1"],"picked":"Phantasmal Killer+1","floor":16},{"not_picked":["Rupture","Metallicize"],"picked":"Coolheaded+1","floor":18},{"not_picked":["Pray+1","Cleave"],"picked":"Sweeping Beam","floor":20},{"not_picked":["Venomology+1","Perfected Strike"],"picked":"Distraction+1","floor":23},{"not_picked":["Caltrops+1","Beam Cell+1"],"picked":"JustLucky","floor":25},{"not_picked":["Havoc+1","Predator"],"picked":"Barrage","floor":27},{"not_picked":["JustLucky","Night Terror+1"],"picked":"Tactician+1","floor":31},{"not_picked":["Halt+1","Barrage"],"picked":"Acrobatics+1","floor":32}],"player_experience":619944,"relics_obtained":[{"floor":7,"key":"Happy Flower"},{"floor":9,"key":"Toxic Egg 2"},{"floor":14,"key":"Thread and Needle"},{"floor":23,"key":"Oddly Smooth Stone"},{"floor":26,"key":"Darkstone Periapt"},{"floor":27,"key":"Dream Catcher"}],"event_choices":[{"cards_removed":["Bash"],"damage_healed":0.0,"max_hp_gain":0.0,"max_hp_loss":0.0,"gold_gain":0.0,"event_name":"The Cleric","player_choice":"Card Removal","floor":3.0,"gold_loss":50.0,"damage_taken":0.0},{"damage_healed":0.0,"max_hp_gain":0.0,"max_hp_loss":0.0,"gold_gain":75.0,"event_name":"World of Goop","player_choice":"Gather Gold","floor":5.0,"gold_loss":0.0,"damage_taken":11.0},{"damage_healed":0,"gold_gain":0,"player_choice":"Bought 0 Potions","damage_taken":0,"max_hp_gain":0,"max_hp_loss":0,"event_name":"The Woman in Blue","floor":21,"gold_loss":0},{"damage_healed":0,"gold_gain":0,"player_choice":"Simplicity","damage_taken":0,"max_hp_gain":0,"max_hp_loss":0,"event_name":"Back to Basics","floor":29,"gold_loss":0,"cards_upgraded":["Strike_R","Strike_G","Strike_B","Defend_R","Defend_G","Defend_P"]},{"damage_healed":0,"gold_gain":0,"player_choice":"Read","damage_taken":0,"max_hp_gain":0,"max_hp_loss":0,"event_name":"The Library","floor":30,"gold_loss":0,"cards_obtained":["Halt"]}],"is_beta":true,"boss_relics":[{"not_picked":["Black Star","Inserter"],"picked":"Cursed Key"}],"items_purged_floors":[28],"is_endless":false,"potions_floor_spawned":[7,8,11,16,23,25,27],"killed_by":"Collector","ascension_level":0}}