{"host":"egwexuw5uvnxf11j","time":1609733627,"event":{"mods":["2.2 Compatiblity","Aspiration","BaseMod","Better Altar","Better Note","Better Sensory Stone","Better Third Choice","Displayed Cursed Tome","Downfall","Hermit","Key Reminder","Koishi","Marisa????????","Minty Spire (QoL Compilation)","Quick Restart","Shade Mod","Spicy Shops","StSLib","The Construct","The Cursed","The Hierophant","The Runesmith","The Senshi","The Servant 0.9.4","Transform Curses"],"gold_per_floor":[119,119,28,44,62,62,96,96,96,114,39,54,66,80,80,178,178,197,167,177,195,214,241,252,252,252,135,51,51,67,81,81,81,81],"floor_reached":33,"playtime":1786,"items_purged":["Defend_B"],"score":314,"play_id":"49f66e26-6b3e-4898-aa1c-82ba06343177","local_time":"20210103231347","is_ascension_mode":true,"campfire_choices":[{"data":"Fission","floor":6,"key":"SMITH"},{"floor":8,"key":"REST"},{"floor":15,"key":"REST"},{"floor":25,"key":"REST"},{"floor":32,"key":"REST"}],"circlet_count":0,"master_deck":["Strike_B","Defend_B","Defend_B","Zap","Dualcast","Loop","Fission+1","Melter","Sweeping Beam","Stack","Streamline","Lockon","Go for the Eyes","Ball Lightning","Machine Learning","Aggregate","All For One","Self Repair+1","Stack+1","Capacitor+1","Conserve Battery","Gash+1","Beam Cell+1","Leap+1","Leap+1","FTL+1","Chaos","Scrape","Streamline","Fusion","Glacier"],"relics":["Cracked Core","aspiration:Nostalgia","construct:Cogwheel","Omamori","keyreminder:keyreminder","Orichalcum","Astrolabe","Toy Ornithopter","Cables","WarpedTongs"],"acts_visited":["Exordium","TheCity"],"potions_floor_usage":[16,16,16,18,20,22,23,24],"damage_taken":[{"damage":9.0,"enemies":"Jaw Worm","floor":1.0,"turns":3.0},{"damage":0,"enemies":"Cultist","floor":4,"turns":2},{"damage":1,"enemies":"2 Louse","floor":5,"turns":2},{"damage":32,"enemies":"Gremlin Nob","floor":7,"turns":5},{"damage":5,"enemies":"Gremlin Gang","floor":10,"turns":3},{"damage":10,"enemies":"Lots of Slimes","floor":12,"turns":2},{"damage":0,"enemies":"Large Slime","floor":13,"turns":2},{"damage":8,"enemies":"Red Slaver","floor":14,"turns":2},{"damage":8,"enemies":"Hexaghost","floor":16,"turns":8},{"damage":15,"enemies":"3 Byrds","floor":18,"turns":6},{"damage":28,"enemies":"Shell Parasite","floor":20,"turns":4},{"damage":9,"enemies":"Centurion and Healer","floor":21,"turns":5},{"damage":9,"enemies":"Shelled Parasite and Fungi","floor":22,"turns":4},{"damage":29,"enemies":"Gremlin Leader","floor":23,"turns":5},{"damage":12,"enemies":"Cultist and Chosen","floor":24,"turns":5},{"damage":8,"enemies":"Centurion and Healer","floor":30,"turns":5},{"damage":31,"enemies":"Snake Plant","floor":31,"turns":3},{"damage":52,"enemies":"Champ","floor":33,"turns":10}],"seed_played":"5589042554641936811","potions_obtained":[{"floor":7,"key":"Block Potion"},{"floor":10,"key":"EssenceOfSteel"},{"floor":13,"key":"BlessingOfTheForge"},{"floor":16,"key":"Energy Potion"},{"floor":18,"key":"SteroidPotion"},{"floor":19,"key":"hexamod:EctoCoolerPotion"},{"floor":19,"key":"Swift Potion"},{"floor":23,"key":"FocusPotion"},{"floor":30,"key":"FearPotion"}],"is_trial":false,"path_per_floor":["M","?","$","M","M","R","E","R","T","M","$","M","M","M","R","B",null,"M","?","M","M","M","E","M","R","T","$","$","?","M","M","R","B"],"character_chosen":"DEFECT","items_purchased":["Melter","Go for the Eyes","Chaos","Scrape","Streamline"],"campfire_rested":4,"item_purchase_floors":[3,11,27,28,28],"current_hp_per_floor":[66,66,66,66,65,65,33,55,55,50,50,40,40,32,54,46,75,70,70,52,43,44,25,28,50,50,50,50,50,52,21,43,0,0],"gold":81,"neow_bonus":"NOSTALGIA","is_daily":false,"chose_seed":false,"campfire_upgraded":1,"win_rate":0.0,"timestamp":1609733627,"path_taken":["M","?","$","M","M","R","E","R","T","?","?","M","M","?","R","BOSS","M","?","?","M","M","E","M","R","T","?","$","?","?","M","R","BOSS"],"items_purchased_type":["Card","Card","Card","Card","Card"],"build_version":"2020-12-22","purchased_purges":1,"victory":false,"max_hp_per_floor":[75,75,75,75,75,75,75,75,75,75,75,75,75,75,75,75,75,75,75,75,75,75,75,75,75,75,75,75,75,75,75,75,75,75],"card_choices":[{"not_picked":["Cold Snap","Conserve Battery"],"picked":"Loop","floor":1.0},{"not_picked":["Consume","Barrage"],"picked":"Sweeping Beam","floor":4},{"not_picked":["aspiration:Polymerization","Redo"],"picked":"Stack","floor":5},{"not_picked":["Sweeping Beam","Loop"],"picked":"Streamline","floor":7},{"not_picked":["Consume","Loop"],"picked":"Lockon","floor":10},{"not_picked":["Redo","Streamline"],"picked":"Ball Lightning","floor":12},{"not_picked":["Steam","Turbo"],"picked":"Machine Learning","floor":13},{"not_picked":["Skim","Barrage"],"picked":"Aggregate","floor":14},{"not_picked":["Biased Cognition","Machine Learning"],"picked":"All For One","floor":16},{"not_picked":["Stack","Steam Power"],"picked":"Conserve Battery","floor":18},{"not_picked":["Beam Cell","Streamline+1"],"picked":"Gash+1","floor":20},{"not_picked":["Turbo","Redo"],"picked":"Beam Cell+1","floor":21},{"not_picked":["Conserve Battery","Stack"],"picked":"Leap+1","floor":22},{"not_picked":["Tempest","Stack+1"],"picked":"Leap+1","floor":23},{"not_picked":["Genetic Algorithm+1","Steam Power"],"picked":"FTL+1","floor":24},{"not_picked":["Stack+1","Hello World"],"picked":"Fusion","floor":30},{"not_picked":["aspiration:Polymerization","Streamline"],"picked":"Glacier","floor":31}],"player_experience":2136612,"relics_obtained":[{"floor":7,"key":"Omamori"},{"floor":9,"key":"Orichalcum"},{"floor":23,"key":"Toy Ornithopter"},{"floor":26,"key":"Cables"}],"event_choices":[{"damage_healed":0,"gold_gain":0,"cards_transformed":["Strike_B"],"player_choice":"Transformed","damage_taken":0,"max_hp_gain":0,"max_hp_loss":0,"event_name":"Transmorgrifier","floor":2,"gold_loss":0,"cards_obtained":["Fission"]},{"damage_healed":0,"gold_gain":0,"player_choice":"Bought 2 Potions","damage_taken":0,"max_hp_gain":0,"max_hp_loss":0,"event_name":"The Woman in Blue","floor":19,"gold_loss":0},{"damage_healed":0,"gold_gain":0,"player_choice":"Rummage","damage_taken":0,"relics_obtained":["WarpedTongs"],"max_hp_gain":0,"max_hp_loss":0,"event_name":"Accursed Blacksmith","floor":29,"gold_loss":0,"cards_obtained":["Pain"]}],"is_beta":false,"boss_relics":[{"not_picked":["theSenshi:MoonKaleidoScopeRelic","aspiration:RunicSpoon"],"picked":"Astrolabe"}],"items_purged_floors":[27],"is_endless":false,"potions_floor_spawned":[7,10,13,14,16,18,23,30],"killed_by":"Champ","ascension_level":3}}