{"host":"97uhrltlnmtdj0hv","time":1609775734,"event":{"mods":["2.2 Compatiblity","AchievementEnabler","Act Like it!","Aspiration","Bartender","BaseMod","Better Match","Better Note","Better Skull","Better Third Choice","BetterRewards","Colored Map","Colored Powertips","Conspire","Elementarium","Energized Spire","Friendly Minions","Gensokyo","GifTheSpireLib","Gold Saver","Halation","Hallownest","Hermit","Hubris","Infinite Spire","Jorbs\u0027s Wanderer Trilogy","Koishi","Luminous","Marisa????????","Minty Spire (QoL Compilation)","Pale of the Ancients","Permanent Neow","Potionbrewer","Quick Restart","Rare Cards Sparkle","Replay The Spire","Reworked Bosses","Robot Space Explorer","Shade Mod","Somnambulant","Spicy Shops","Spikes Relics","StSLib","Stuff the Spire","SuperFastMode","The Blackbeard","The Bug Knight","The Cursed","The Druid","The Marked","The Necromancer","The Problem Sleuth","The Senshi","The Servant 0.9.4","The Vixen","TheVacant","Trackpad","Wandering Minibosses","everything is the same but u backflip on backflip"],"gold_per_floor":[117,2,2,21,40,69,69,79,79,4,4,4,18,28,28,132,132,149,149,167,117,117,144,144,144,144,209,59,59,72,82,82,82,82],"floor_reached":33,"playtime":1256,"items_purged":[],"score":267,"play_id":"8adf1f9a-cb02-4228-b7ca-062a28464d5a","local_time":"20210104085534","is_ascension_mode":false,"campfire_choices":[{"data":"RobotSpaceExplorer:StarLightning","floor":7.0,"key":"SMITH"},{"floor":11.0,"key":"REST"},{"data":"RobotSpaceExplorer:Ammunition","floor":24,"key":"SMITH"},{"data":"RobotSpaceExplorer:DoubleFind","floor":29,"key":"SMITH"},{"data":"Replay:Fractal Strike","floor":32,"key":"SMITH"}],"circlet_count":0,"master_deck":["RobotSpaceExplorer:Strike","RobotSpaceExplorer:Strike","RobotSpaceExplorer:Strike","RobotSpaceExplorer:Strike","RobotSpaceExplorer:Defend","RobotSpaceExplorer:Defend","RobotSpaceExplorer:Defend","RobotSpaceExplorer:Defend","RobotSpaceExplorer:Scan","RobotSpaceExplorer:MiniLasers","Dramatic Entrance+1","RobotSpaceExplorer:Probe+1","RobotSpaceExplorer:StarLightning+1","RobotSpaceExplorer:Pulsar","RobotSpaceExplorer:ImprovisedAttack","RobotSpaceExplorer:DoubleFind+1","Hallownest:skillGreenpathMap","RobotSpaceExplorer:Comet","RobotSpaceExplorer:Probe","RobotSpaceExplorer:Multitool","RobotSpaceExplorer:RigExplosive+1","RobotSpaceExplorer:Pulsar","Discovery+1","Replay:Fractal Strike+1","RobotSpaceExplorer:Ammunition+1","RobotSpaceExplorer:LuckyStrike","RobotSpaceExplorer:SelfCleaning"],"relics":["RobotSpaceExplorer:RoboCore","Odd Mushroom","SnailShell","Chameleon Ring","ReplayTheSpireMod:Ring of Collecting","Ring of Fury","trackpad:Coffee","hubris:PeanutButter","Gensokyo:RedStar","ReplayTheSpireMod:Ring of Challenge","Ornamental Fan","trackpad:AdjectivePendant"],"acts_visited":["Exordium","Hallownest:Greenpath"],"potions_floor_usage":[20,23,23,23,27,30,33],"damage_taken":[{"damage":3.0,"enemies":"Hallownest:2_MossCreeps","floor":1.0,"turns":6.0},{"damage":0.0,"enemies":"2_ Uuma","floor":4.0,"turns":4.0},{"damage":0.0,"enemies":"Hallownest:monsterHuskGuard","floor":5.0,"turns":3.0},{"damage":18.0,"enemies":"Hallownest:eliteCrystalGuardian","floor":6.0,"turns":6.0},{"damage":18.0,"enemies":"Hallownest:Guard_and_Warrior","floor":8.0,"turns":6.0},{"damage":2.0,"enemies":"Hallownest:MossCreep_and_Mosskin","floor":13.0,"turns":4.0},{"damage":0.0,"enemies":"Hallownest:monsterAspidMother","floor":14.0,"turns":3.0},{"damage":6.0,"enemies":"Hallownest:BossHornet","floor":16.0,"turns":10.0},{"damage":6,"enemies":"Gensokyo:AngelMirror","floor":18,"turns":2},{"damage":0,"enemies":"Gensokyo:CosmicMonolith","floor":20,"turns":3},{"damage":15,"enemies":"Nightmare","floor":23,"turns":7},{"damage":15,"enemies":"Gensokyo:Slime_Group","floor":27,"turns":5},{"damage":0,"enemies":"Gensokyo:Swordslinger","floor":30,"turns":3},{"damage":0,"enemies":"Gensokyo:Wraith","floor":31,"turns":4},{"damage":42,"enemies":"Gensokyo:Eternal_Rivals","floor":33,"turns":4}],"seed_played":"359040665609617206","potions_obtained":[{"floor":4.0,"key":"Elixir"},{"floor":13.0,"key":"potionbrewer:DiscountPotion"},{"floor":14.0,"key":"RobotSpaceExplorer:RecyclePotion"},{"floor":18,"key":"potionbrewer:FreezingPotion"},{"floor":31,"key":"conspire:TimeTravelPotion"}],"is_trial":false,"path_per_floor":["M","?","?","M","M","E","R","M","T","?","R","?","M","M","R_BF","B",null,"M","?","M","?","?","NM","R","?","T","M","$","R","M","M","R","B"],"character_chosen":"RobotSpaceExplorer","items_purchased":["trackpad:AdjectivePendant"],"campfire_rested":1,"item_purchase_floors":[28],"current_hp_per_floor":[72,72,62,62,62,44,44,26,26,26,48,48,46,46,68,62,75,69,69,69,76,76,61,61,61,61,46,46,46,46,46,46,0,0],"gold":82,"neow_bonus":"RANDOM_COLORLESS","is_daily":false,"chose_seed":false,"campfire_upgraded":4,"win_rate":0.0,"timestamp":1609775734,"path_taken":["M","?","?","?","M","E","R","M","T","?","R","?","M","M","R_BF","BOSS","M","?","M","?","?","NM","R","?","T","M","?","R","M","M","R","BOSS"],"items_purchased_type":["Relic"],"build_version":"2020-12-22","purchased_purges":0,"victory":false,"max_hp_per_floor":[75,75,75,75,75,75,75,75,75,75,75,75,75,75,75,75,75,75,75,75,82,82,82,82,82,82,82,82,82,82,82,82,41,41],"card_choices":[{"not_picked":["Enlightenment","Replay:Sssssssssstrike"],"picked":"Dramatic Entrance","floor":0.0},{"not_picked":["RobotSpaceExplorer:MetalStrike","RobotSpaceExplorer:SwiftStep"],"picked":"RobotSpaceExplorer:Probe","floor":1.0},{"not_picked":["RobotSpaceExplorer:Counterblock","RobotSpaceExplorer:StunGrenade"],"picked":"RobotSpaceExplorer:StarLightning","floor":4.0},{"not_picked":["RobotSpaceExplorer:StunGrenade","RobotSpaceExplorer:SurgingStrike"],"picked":"RobotSpaceExplorer:Pulsar","floor":5.0},{"not_picked":["RobotSpaceExplorer:Arsenal","RobotSpaceExplorer:SlimeMissile"],"picked":"RobotSpaceExplorer:ImprovisedAttack","floor":6.0},{"not_picked":["RobotSpaceExplorer:Pulsar","RobotSpaceExplorer:ShovelStrike"],"picked":"RobotSpaceExplorer:DoubleFind","floor":8.0},{"not_picked":["RobotSpaceExplorer:MetalStrike","RobotSpaceExplorer:MiniDrones"],"picked":"RobotSpaceExplorer:Comet","floor":13.0},{"not_picked":["RobotSpaceExplorer:SurgingShield","RobotSpaceExplorer:StunGrenade"],"picked":"RobotSpaceExplorer:Probe","floor":14.0},{"not_picked":["RobotSpaceExplorer:DroneSwarm","RobotSpaceExplorer:TrailblazerForm"],"picked":"RobotSpaceExplorer:Multitool","floor":16.0},{"not_picked":["RobotSpaceExplorer:ExhaustFan+1","RobotSpaceExplorer:Blitz+1"],"picked":"RobotSpaceExplorer:RigExplosive+1","floor":18},{"not_picked":["RobotSpaceExplorer:ImprovisedAttack","RobotSpaceExplorer:Counterblock+1"],"picked":"RobotSpaceExplorer:Pulsar","floor":20},{"not_picked":["hubris:Rewind","infinitespire:Menacing"],"picked":"Replay:Fractal Strike","floor":23},{"not_picked":["RobotSpaceExplorer:DoubleFind","RobotSpaceExplorer:ShovelStrike"],"picked":"RobotSpaceExplorer:Ammunition","floor":23},{"not_picked":["RobotSpaceExplorer:Ammunition","RobotSpaceExplorer:DoubleBlock"],"picked":"RobotSpaceExplorer:Wormhole","floor":27},{"not_picked":["RobotSpaceExplorer:SurgingStrike+1","RobotSpaceExplorer:SwiftStep"],"picked":"RobotSpaceExplorer:LuckyStrike","floor":30},{"not_picked":["RobotSpaceExplorer:Counterblock+1","RobotSpaceExplorer:SurgingStrike"],"picked":"RobotSpaceExplorer:SelfCleaning","floor":31}],"player_experience":362484,"relics_obtained":[{"floor":6.0,"key":"SnailShell"},{"floor":9.0,"key":"Chameleon Ring"},{"floor":12.0,"key":"ReplayTheSpireMod:Ring of Collecting"},{"floor":12.0,"key":"Ring of Fury"},{"floor":23,"key":"hubris:PeanutButter"},{"floor":26,"key":"ReplayTheSpireMod:Ring of Challenge"},{"floor":26,"key":"Ornamental Fan"}],"event_choices":[],"is_beta":false,"boss_relics":[{"not_picked":["ChewingGum","infinitespire:Cupcake"],"picked":"trackpad:Coffee"}],"items_purged_floors":[],"is_endless":true,"potions_floor_spawned":[4,13,14,18,31],"killed_by":"Gensokyo:Eternal_Rivals","ascension_level":0}}