{"host":"00f1p9ihhzi7hxfk","time":1609760644,"event":{"mods":["BaseMod","Colored Map","Colored Powertips","Minty Spire (QoL Compilation)","Rare Cards Sparkle","Relic Stats"],"gold_per_floor":[20,35,35,35,53,53,53,53,53,3,14,33,33,33,33,136,136,154,172,192,210,210,223,223,223,250,250,44,44,44,61,61,61,61],"floor_reached":33,"playtime":1852,"items_purged":[],"score":262,"play_id":"85f3c086-b1c4-4982-a196-4889c24e7558","local_time":"20210104124404","is_ascension_mode":false,"campfire_choices":[{"data":"Noxious Fumes","floor":6,"key":"SMITH"},{"data":"Survivor","floor":13,"key":"SMITH"},{"data":"PiercingWail","floor":15,"key":"SMITH"},{"floor":24,"key":"REST"},{"floor":27,"key":"REST"},{"floor":32,"key":"REST"}],"circlet_count":0,"master_deck":["Defend_G","Defend_G","Defend_G","Defend_G","Defend_G","Survivor+1","Neutralize","Noxious Fumes+1","Terror+1","Quick Slash","Parasite","Backflip","PiercingWail+1","Glass Knife+1","All Out Attack","Bane","Calculated Gamble","Deflect","Bane","Quick Slash","Bite","Bite","Bite","Bite","Bite","Terror+1","Venomology"],"relics":["Ring of the Snake","Kunai","Meat on the Bone","Sozu","Orichalcum","Pen Nib"],"acts_visited":["Exordium","TheCity"],"potions_floor_usage":[21,21],"damage_taken":[{"damage":2,"enemies":"2 Louse","floor":1,"turns":3},{"damage":0,"enemies":"Small Slimes","floor":2,"turns":3},{"damage":2,"enemies":"Jaw Worm","floor":5,"turns":4},{"damage":5,"enemies":"Blue Slaver","floor":11,"turns":4},{"damage":9,"enemies":"Exordium Thugs","floor":12,"turns":5},{"damage":60,"enemies":"Hexaghost","floor":16,"turns":12},{"damage":20,"enemies":"Chosen","floor":18,"turns":6},{"damage":1,"enemies":"Spheric Guardian","floor":19,"turns":5},{"damage":11,"enemies":"Centurion and Healer","floor":20,"turns":5},{"damage":31,"enemies":"Chosen and Byrds","floor":21,"turns":7},{"damage":26,"enemies":"Snake Plant","floor":23,"turns":5},{"damage":22,"enemies":"Cultist and Chosen","floor":31,"turns":5},{"damage":65,"enemies":"Collector","floor":33,"turns":7}],"seed_played":"4588276273130836580","potions_obtained":[{"floor":5,"key":"EssenceOfSteel"},{"floor":11,"key":"Regen Potion"}],"is_trial":false,"path_per_floor":["M","M","$","?","M","R","?","?","T","$","M","M","R","T","R","B",null,"M","M","M","M","?","M","R","?","T","R","$","?","?","M","R","B"],"character_chosen":"THE_SILENT","items_purchased":["Explosive Potion","Pen Nib","Quick Slash"],"campfire_rested":3,"item_purchase_floors":[10,28,28],"current_hp_per_floor":[82,82,82,82,80,80,84,84,84,84,79,70,70,70,70,22,84,64,63,52,45,45,31,56,56,56,81,81,58,58,37,54,0,0],"gold":61,"neow_bonus":"TWENTY_PERCENT_HP_BONUS","is_daily":false,"chose_seed":false,"campfire_upgraded":3,"win_rate":0.0,"timestamp":1609760644,"path_taken":["M","M","$","?","M","R","?","?","T","?","?","M","R","?","R","BOSS","M","M","M","M","?","?","R","?","T","R","$","?","?","M","R","BOSS"],"items_purchased_type":["Potion","Relic","Card"],"build_version":"2020-12-22","purchased_purges":0,"victory":false,"max_hp_per_floor":[84,84,84,84,84,84,84,84,84,84,84,84,84,84,84,84,84,84,84,84,84,84,84,84,84,84,84,84,58,58,58,58,58,58],"relic_stats":{"Sozu":2,"counters":[13,71],"Pen Nib":[2],"Kunai":[23],"Orichalcum":[18],"obtain_stats":[{"Sozu":17,"Pen Nib":28,"Kunai":9,"Orichalcum":26,"Ring of the Snake":0,"Meat on the Bone":14},{"Sozu":6,"Pen Nib":11,"Kunai":3,"Orichalcum":11,"Ring of the Snake":0,"Meat on the Bone":5},{"Sozu":31,"Pen Nib":59,"Kunai":10,"Orichalcum":59,"Ring of the Snake":0,"Meat on the Bone":19}],"Ring of the Snake":[26],"Meat on the Bone":36},"card_choices":[{"not_picked":["Prepared","Quick Slash"],"picked":"Noxious Fumes","floor":1},{"not_picked":["Blur","Dagger Spray"],"picked":"Terror","floor":2},{"not_picked":["Slice","Tactician"],"picked":"Quick Slash","floor":5},{"not_picked":["Underhanded Strike","Outmaneuver"],"picked":"Backflip","floor":11},{"not_picked":["Dodge and Roll","Quick Slash"],"picked":"PiercingWail","floor":12},{"not_picked":["Corpse Explosion","Wraith Form v2"],"picked":"Glass Knife","floor":16},{"not_picked":["Dagger Throw+1","Flying Knee"],"picked":"All Out Attack","floor":18},{"not_picked":["Sucker Punch+1","Acrobatics+1"],"picked":"Bane","floor":19},{"not_picked":["Blade Dance","Underhanded Strike+1"],"picked":"Calculated Gamble","floor":20},{"not_picked":["Acrobatics+1","Backstab"],"picked":"Deflect","floor":21},{"not_picked":["Heel Hook","Underhanded Strike+1"],"picked":"Bane","floor":23},{"not_picked":["Flechettes","Dagger Spray"],"picked":"Venomology","floor":31}],"player_experience":44344,"relics_obtained":[{"floor":9,"key":"Kunai"},{"floor":14,"key":"Meat on the Bone"},{"floor":26,"key":"Orichalcum"}],"event_choices":[{"damage_healed":0,"gold_gain":0,"player_choice":"Grow","damage_taken":0,"max_hp_gain":0,"max_hp_loss":0,"event_name":"Living Wall","floor":4,"gold_loss":0,"cards_upgraded":["Terror"]},{"damage_healed":21,"gold_gain":0,"player_choice":"Healed and dodged fight","damage_taken":0,"max_hp_gain":0,"max_hp_loss":0,"event_name":"Mushrooms","floor":7,"gold_loss":0,"cards_obtained":["Parasite"]},{"damage_healed":0,"gold_gain":0,"player_choice":"Ignored","damage_taken":0,"max_hp_gain":0,"max_hp_loss":0,"event_name":"Golden Wing","floor":8,"gold_loss":0},{"damage_healed":0,"gold_gain":0,"player_choice":"Upgraded","damage_taken":0,"max_hp_gain":0,"max_hp_loss":0,"event_name":"Upgrade Shrine","floor":22,"gold_loss":0,"cards_upgraded":["Glass Knife"]},{"damage_healed":0,"gold_gain":0,"player_choice":"Ignored","damage_taken":0,"max_hp_gain":0,"max_hp_loss":0,"event_name":"Cursed Tome","floor":25,"gold_loss":0},{"damage_healed":0,"gold_gain":0,"player_choice":"Became a vampire","damage_taken":0,"max_hp_gain":0,"max_hp_loss":26,"event_name":"Vampires","floor":29,"gold_loss":0,"cards_obtained":["Bite","Bite","Bite","Bite","Bite"]},{"damage_healed":0,"gold_gain":0,"player_choice":"Copied","damage_taken":0,"max_hp_gain":0,"max_hp_loss":0,"event_name":"Duplicator","floor":30,"gold_loss":0,"cards_obtained":["Terror"]}],"is_beta":false,"boss_relics":[{"not_picked":["Astrolabe","Calling Bell"],"picked":"Sozu"}],"items_purged_floors":[],"is_endless":false,"potions_floor_spawned":[5,11,23],"killed_by":"Collector","ascension_level":0}}