{"host":"5jzx1090woovszu4","time":1609801539,"event":{"mods":["Arknights The Spire","BaseMod","Minty Spire (QoL Compilation)","Spicy Shops","StSLib","The Bug Knight"],"gold_per_floor":[118,118,132,58,58,58,89,2,2,2,13,39,39,52,52,150,150,169,179,191,106,116,116,116],"floor_reached":23,"playtime":1893,"items_purged":[],"score":226,"play_id":"23d158f8-3f4a-44d4-ad17-332dfc6e2fcd","local_time":"20210105000539","is_ascension_mode":false,"campfire_choices":[{"data":"HollowMod:FocusHealStart","floor":6,"key":"SMITH"},{"data":"HollowMod:ShadowDash","floor":10,"key":"SMITH"},{"floor":13,"key":"REST"},{"floor":15,"key":"REST"}],"circlet_count":0,"master_deck":["HollowMod:NailStrikeStart","HollowMod:NailStrikeStart","HollowMod:NailStrikeStart","HollowMod:NailStrikeStart","HollowMod:QuickDashStart","HollowMod:QuickDashStart","HollowMod:QuickDashStart","HollowMod:QuickDashStart","HollowMod:FocusHealStart+1","HollowMod:PogoStrike","HollowMod:BrokenVessel+1","HollowMod:VengefulVoid+1","HollowMod:ShadowDash+1","HollowMod:WraithStrike","HollowMod:WraithStrike","HollowMod:LifebloodCocoon","HollowMod:InfectedCysts+1","HollowMod:DescendingDark+1","HollowMod:VoidDash","HollowMod:InfectionAssault+1","HollowMod:ShadowDash"],"relics":["HollowMod:VesselMask","NeowsBlessing","Bottled Tornado","Molten Egg 2","Strawberry","SacredBark","Omamori"],"acts_visited":["Exordium","TheCity"],"potions_floor_usage":[12,22,23],"damage_taken":[{"damage":0,"enemies":"2 Louse","floor":1,"turns":1},{"damage":0,"enemies":"Cultist","floor":3,"turns":1},{"damage":0,"enemies":"Lagavulin","floor":7,"turns":1},{"damage":10,"enemies":"Jaw Worm","floor":11,"turns":2},{"damage":33,"enemies":"Gremlin Nob","floor":12,"turns":4},{"damage":7,"enemies":"Exordium Thugs","floor":14,"turns":3},{"damage":38,"enemies":"Hexaghost","floor":16,"turns":9},{"damage":22,"enemies":"3 Byrds","floor":18,"turns":4},{"damage":24,"enemies":"2 Thieves","floor":19,"turns":3},{"damage":6,"enemies":"Snecko","floor":20,"turns":4},{"damage":11,"enemies":"Snake Plant","floor":22,"turns":2},{"damage":25,"enemies":"Gremlin Leader","floor":23,"turns":2}],"seed_played":"-3000932709408669680","potions_obtained":[{"floor":7,"key":"DistilledChaos"},{"floor":14,"key":"Ancient Potion"},{"floor":18,"key":"Fire Potion"},{"floor":22,"key":"ColorlessPotion"}],"is_trial":false,"path_per_floor":["M","?","M","$","?","R","E","$","T","R","M","E","R","M","R","B",null,"M","M","M","?","M","E"],"character_chosen":"THE_BUGKNIGHT","items_purchased":["HollowMod:VengefulVoid","HollowMod:ShadowDash","HollowMod:WraithStrike","HollowMod:LifebloodCocoon"],"campfire_rested":2,"item_purchase_floors":[4,4,8,8],"current_hp_per_floor":[75,75,75,75,60,60,60,60,60,60,56,36,60,59,82,50,82,60,36,30,30,25,0,0],"gold":116,"neow_bonus":"THREE_ENEMY_KILL","is_daily":false,"chose_seed":false,"campfire_upgraded":2,"win_rate":0.0,"timestamp":1609801539,"path_taken":["M","?","?","$","?","R","E","$","T","R","M","E","R","M","R","BOSS","M","M","M","?","M","E"],"items_purchased_type":["Card","Card","Card","Card"],"build_version":"2020-12-22","purchased_purges":0,"victory":false,"max_hp_per_floor":[75,75,75,75,75,75,75,75,75,75,75,82,82,82,82,82,82,82,82,82,82,82,82,82],"card_choices":[{"not_picked":["HollowMod:ChannelNail","HollowMod:NewLittleFool"],"picked":"HollowMod:GoodIntentions","floor":1},{"not_picked":["HollowMod:GoodIntentions","HollowMod:CornifersMapStart"],"picked":"HollowMod:BrokenVessel","floor":3},{"not_picked":["HollowMod:InfectedCysts","HollowMod:ZotesMagnificence"],"picked":"HollowMod:WraithStrike","floor":7},{"not_picked":["HollowMod:LifebloodCocoon","HollowMod:NewLittleFool+1","HollowMod:TaintedHusks"],"picked":"SKIP","floor":11},{"not_picked":["HollowMod:MantisMark","HollowMod:SoulShaman"],"picked":"HollowMod:InfectedCysts+1","floor":12},{"not_picked":["HollowMod:NewLittleFool+1","HollowMod:DoubleDash"],"picked":"HollowMod:DescendingDark+1","floor":14},{"not_picked":["HollowMod:NewInfectedGuardian","HollowMod:PureVessel"],"picked":"HollowMod:VoidDash","floor":16},{"not_picked":["HollowMod:DashSlash+1","HollowMod:TaintedHusks"],"picked":"HollowMod:InfectionAssault+1","floor":18},{"not_picked":["HollowMod:TaintedHusks","HollowMod:CycloneSlash+1"],"picked":"HollowMod:ShadowDash","floor":19},{"not_picked":["HollowMod:GoodIntentions","HollowMod:FallenFury+1","HollowMod:NewGlowingWomb"],"picked":"SKIP","floor":20},{"not_picked":["HollowMod:FastStrike+1","HollowMod:GoodIntentions","HollowMod:SoulEater+1"],"picked":"SKIP","floor":22}],"player_experience":622159,"relics_obtained":[{"floor":7,"key":"Bottled Tornado"},{"floor":9,"key":"Molten Egg 2"},{"floor":12,"key":"Strawberry"}],"event_choices":[{"cards_removed":["HollowMod:GoodIntentions"],"damage_healed":0,"gold_gain":0,"player_choice":"Card Removal","damage_taken":0,"max_hp_gain":0,"max_hp_loss":0,"event_name":"Wheel of Change","floor":2,"gold_loss":0},{"damage_healed":0,"gold_gain":0,"player_choice":"Entered Light","damage_taken":15,"max_hp_gain":0,"max_hp_loss":0,"event_name":"Shining Light","floor":5,"gold_loss":0,"cards_upgraded":["HollowMod:VengefulVoid","HollowMod:BrokenVessel"]},{"damage_healed":0,"gold_gain":0,"player_choice":"Obtained Relic","damage_taken":0,"relics_obtained":["Omamori"],"max_hp_gain":0,"max_hp_loss":0,"event_name":"Addict","floor":21,"gold_loss":85}],"is_beta":false,"boss_relics":[{"not_picked":["Snecko Eye","Coffee Dripper"],"picked":"SacredBark"}],"items_purged_floors":[],"is_endless":false,"potions_floor_spawned":[7,14,18,22],"killed_by":"Gremlin Leader","ascension_level":0}}