{"host":"m6e09adb7fik7oct","time":1609727094,"event":{"mods":["AchievementEnabler","BaseMod","Better Altar","Better Note","Better Sensory Stone","Better Skull","Better Third Choice","Block Reminder","Colored Map","Displayed Cursed Tome","Ironclad Rager","Key Reminder","Mad Scientist","Minty Spire (QoL Compilation)","Permanent Neow","Quick Restart","RNG Fix","Relic Stats","Reorder Act Four","StSLib","Transform Curses","Unceasing Turn Reminder","everything is the same but u backflip on backflip"],"gold_per_floor":[144,189,189,189,234,324,4,49,74,119,119,119,164,254,254,554,554,599,199,244,244,58,148,193,283,283,328,328,418,472,526,526,835,835,889,89,161,611,665,755,755,755,764,18,63,97,97,142,142,142,142],"floor_reached":50,"playtime":7257,"items_purged":[],"score":740,"play_id":"b3bd1052-5e20-4b7e-ba12-7af98cb2323e","local_time":"20210103212454","daily_mods":["Chimera","Diverse","Midas"],"is_ascension_mode":false,"campfire_choices":[{"floor":12.0,"key":"REST"},{"floor":15.0,"key":"REST"},{"floor":32.0,"key":"REST"},{"floor":42,"key":"REST"},{"floor":47,"key":"REST"},{"floor":49,"key":"REST"}],"circlet_count":0,"master_deck":["Bash","Survivor+1","Zap","Eruption","Defend_R","Defend_G","Defend_P","Blade Dance","Blade Dance","Swift Strike","Ghostly Armor","ReachHeaven","Ragnarok","Protect","Genetic Algorithm","Immolate","Offering","Sweeping Beam","Immolate","Static Discharge+1","Underhanded Strike","MadScienceMod:AutoStrike+1","CutThroughFate+1","Shame","Bite+1","Bite+1","Bite+1","Bite+1","Bite+1","Wireheading+1","MadScienceMod:ShrinkRay","Immolate+1","FollowUp+1","DevaForm+1","Uppercut+1","Writhe","Study+1","ICR:ChainLightning+1","Parasite"],"relics":["Burning Blood","Potion Belt","Frozen Egg 2","Bag of Preparation","Gremlin Horn","Cursed Key","Matryoshka","DollysMirror","Orichalcum","Molten Egg 2","The Courier","CeramicFish","Shuriken","Boot","SlaversCollar","Nunchaku","Kunai","Thread and Needle","Strawberry","Akabeko","Unceasing Top","Old Coin","Blood Vial","Bottled Tornado","Bag of Marbles","TheAbacus","Sundial","Anchor","Pantograph","Toy Ornithopter"],"acts_visited":["Exordium","TheCity","TheBeyond"],"potions_floor_usage":[39,40,40,50],"damage_taken":[{"damage":0.0,"enemies":"2 Louse","floor":1.0,"turns":2.0},{"damage":3.0,"enemies":"Jaw Worm","floor":2.0,"turns":2.0},{"damage":0.0,"enemies":"Cultist","floor":5.0,"turns":2.0},{"damage":52.0,"enemies":"Gremlin Nob","floor":6.0,"turns":5.0},{"damage":3.0,"enemies":"Red Slaver","floor":8.0,"turns":3.0},{"damage":21.0,"enemies":"Gremlin Gang","floor":10.0,"turns":8.0},{"damage":0.0,"enemies":"Looter","floor":13.0,"turns":3.0},{"damage":28.0,"enemies":"Lagavulin","floor":14.0,"turns":9.0},{"damage":0.0,"enemies":"Slime Boss","floor":16.0,"turns":3.0},{"damage":6.0,"enemies":"3 Byrds","floor":18.0,"turns":6.0},{"damage":20.0,"enemies":"2 Thieves","floor":20.0,"turns":3.0},{"damage":16.0,"enemies":"Gremlin Leader","floor":23.0,"turns":5.0},{"damage":6.0,"enemies":"Sentry and Sphere","floor":24.0,"turns":1.0},{"damage":8.0,"enemies":"Slavers","floor":25.0,"turns":4.0},{"damage":2.0,"enemies":"Gremlin Leader","floor":29.0,"turns":5.0},{"damage":13.0,"enemies":"Snake Plant","floor":30.0,"turns":3.0},{"damage":2.0,"enemies":"Snecko","floor":31.0,"turns":3.0},{"damage":62.0,"enemies":"Champ","floor":33.0,"turns":9.0},{"damage":22,"enemies":"3 Darklings","floor":35,"turns":3},{"damage":20,"enemies":"2 Orb Walkers","floor":37,"turns":3},{"damage":2,"enemies":"Mind Bloom Boss Battle","floor":38,"turns":7},{"damage":44,"enemies":"3 Shapes","floor":39,"turns":4},{"damage":55,"enemies":"Giant Head","floor":40,"turns":8},{"damage":16,"enemies":"Maw","floor":45,"turns":6},{"damage":6,"enemies":"Spire Growth","floor":48,"turns":5},{"damage":92,"enemies":"Time Eater","floor":50,"turns":9}],"seed_played":"-6631355389535803282","potions_obtained":[{"floor":2.0,"key":"GamblersBrew"},{"floor":6.0,"key":"ElixirPotion"},{"floor":8.0,"key":"Swift Potion"},{"floor":11.0,"key":"FearPotion"},{"floor":11.0,"key":"Fire Potion"},{"floor":16.0,"key":"SpeedPotion"},{"floor":18.0,"key":"Energy Potion"},{"floor":20.0,"key":"Fire Potion"},{"floor":25.0,"key":"DuplicationPotion"},{"floor":38,"key":"BloodPotion"},{"floor":39,"key":"Regen Potion"}],"is_trial":false,"path_per_floor":["M","M","?","?","M","E","$","M","T","M","?","R","M","E","R","B",null,"M","$","M","?","$","E","M","E","T","?","?","E","M","M","R","B",null,"M","$","?","?","M","E","?","R","T","$","M","T","R","M","R","B"],"character_chosen":"IRONCLAD","items_purchased":["Frozen Egg 2","Ragnarok","Matryoshka","DollysMirror","Orichalcum","ICR:FrostFall+1","Nunchaku","Kunai","Thread and Needle","Strawberry","Akabeko","TheAbacus","Sundial","Anchor","Pantograph","Study+1","ICR:ChainLightning+1"],"campfire_rested":6,"item_purchase_floors":[7,7,19,19,22,22,36,36,36,36,36,44,44,44,44,44,44],"current_hp_per_floor":[80,80,80,80,80,34,34,37,37,22,22,46,52,30,54,60,80,80,80,66,66,66,56,56,54,54,54,54,56,55,56,56,18,56,40,47,42,63,43,24,24,42,42,42,46,46,63,63,63,0,0],"gold":142,"neow_bonus":"","is_daily":true,"chose_seed":false,"campfire_upgraded":0,"win_rate":0.0,"timestamp":1609727094,"path_taken":["M","M","?","?","M","E","?","M","T","M","?","R","M","E","R","BOSS","M","$","M","?","$","E","M","E","T","?","?","E","M","M","R","BOSS","M","$","?","?","M","E","?","R","T","$","?","?","R","M","R","BOSS"],"items_purchased_type":["Relic","Card","Relic","Relic","Relic","Card","Relic","Relic","Relic","Relic","Relic","Relic","Relic","Relic","Relic","Card","Card"],"build_version":"2020-12-22","purchased_purges":0,"victory":false,"max_hp_per_floor":[80,80,80,80,80,80,80,80,80,80,80,80,80,80,80,80,80,80,80,80,80,80,80,80,80,80,56,56,56,56,56,56,56,56,56,63,63,63,63,63,63,63,63,63,63,63,63,63,63,63,63],"relic_stats":{"Gremlin Horn":[22,22],"counters":[26,121],"CeramicFish":135,"Bag of Preparation":[42],"Orichalcum":[204],"Cursed Key":3,"Boot":[12],"Burning Blood":121,"Blood Vial":2,"Nunchaku":[12],"TheAbacus":[12],"Shuriken":[43],"Sundial":[0],"Pantograph":0,"Kunai":[25],"obtain_stats":[{"Gremlin Horn":14,"CeramicFish":26,"Bag of Preparation":9,"Bottled Tornado":43,"Cursed Key":17,"Boot":29,"Burning Blood":0,"Old Coin":38,"Blood Vial":40,"Nunchaku":36,"Matryoshka":19,"TheAbacus":44,"DollysMirror":19,"Sundial":44,"Strawberry":36,"Pantograph":44,"Kunai":36,"Potion Belt":6,"Thread and Needle":36,"The Courier":25,"Frozen Egg 2":7,"Orichalcum":22,"Akabeko":36,"SlaversCollar":34,"Anchor":44,"Shuriken":26,"Molten Egg 2":23,"Bag of Marbles":43,"Unceasing Top":37,"Toy Ornithopter":46},{"Gremlin Horn":8,"CeramicFish":14,"Bag of Preparation":5,"Bottled Tornado":23,"Cursed Key":9,"Boot":15,"Burning Blood":0,"Old Coin":21,"Blood Vial":23,"Nunchaku":19,"Matryoshka":10,"TheAbacus":23,"DollysMirror":10,"Sundial":23,"Strawberry":19,"Pantograph":23,"Kunai":19,"Potion Belt":4,"Thread and Needle":19,"The Courier":14,"Frozen Egg 2":4,"Orichalcum":11,"Akabeko":19,"SlaversCollar":18,"Anchor":23,"Shuriken":14,"Molten Egg 2":12,"Bag of Marbles":23,"Unceasing Top":20,"Toy Ornithopter":24},{"Gremlin Horn":34,"CeramicFish":56,"Bag of Preparation":14,"Bottled Tornado":101,"Cursed Key":37,"Boot":61,"Burning Blood":0,"Old Coin":89,"Blood Vial":101,"Nunchaku":79,"Matryoshka":43,"TheAbacus":101,"DollysMirror":43,"Sundial":101,"Strawberry":79,"Pantograph":101,"Kunai":79,"Potion Belt":11,"Thread and Needle":79,"The Courier":56,"Frozen Egg 2":11,"Orichalcum":46,"Akabeko":79,"SlaversCollar":76,"Anchor":101,"Shuriken":56,"Molten Egg 2":51,"Bag of Marbles":101,"Unceasing Top":82,"Toy Ornithopter":107}],"Unceasing Top":[3],"Toy Ornithopter":5},"card_choices":[{"not_picked":["Escape Plan","Predator"],"picked":"Blade Dance","floor":1.0},{"not_picked":["MadScienceMod:FumeBlast","Flying Knee"],"picked":"Blade Dance","floor":2.0},{"not_picked":["Deep Breath","PanicButton"],"picked":"Swift Strike","floor":4.0},{"not_picked":["PiercingWail","Streamline"],"picked":"Ghostly Armor","floor":5.0},{"not_picked":["Dagger Spray","Bane"],"picked":"ReachHeaven","floor":6.0},{"not_picked":["Aggregate","Masterful Stab"],"picked":"Protect","floor":8.0},{"not_picked":["Rebound","Warcry","PathToVictory"],"picked":"SKIP","floor":10.0},{"not_picked":["Flex","Consecrate"],"picked":"Genetic Algorithm","floor":13.0},{"not_picked":["Cold Snap","MadScienceMod:Browse"],"picked":"Immolate","floor":14.0},{"not_picked":["MadScienceMod:CondenseVapors","ICR:Paralyse"],"picked":"Offering","floor":16.0},{"not_picked":["Headbutt","Cold Snap"],"picked":"Sweeping Beam","floor":18.0},{"not_picked":["MadScienceMod:OilDrum","Deflect"],"picked":"Static Discharge+1","floor":20.0},{"not_picked":["Gash+1","Concentrate","Shrug It Off"],"picked":"SKIP","floor":23.0},{"not_picked":["Crescendo","Havoc"],"picked":"MadScienceMod:AutoStrike+1","floor":24.0},{"not_picked":["Barrage+1","Slice+1"],"picked":"CutThroughFate+1","floor":25.0},{"not_picked":["Alpha","True Grit+1","Dark Embrace+1"],"picked":"SKIP","floor":29.0},{"not_picked":["ThirdEye","Dagger Spray+1"],"picked":"Wireheading+1","floor":30.0},{"not_picked":["FlurryOfBlows+1","Worship"],"picked":"MadScienceMod:ShrinkRay","floor":31.0},{"not_picked":["MadScienceMod:Tinker","ICR:Paralyse"],"picked":"Immolate+1","floor":33.0},{"not_picked":["Acrobatics+1","Crippling Poison+1"],"picked":"FollowUp+1","floor":35},{"not_picked":["MadScienceMod:AcidSpray+1","Prepared"],"picked":"DevaForm+1","floor":37},{"not_picked":["Warcry","MadScienceMod:AutoStrike+1"],"picked":"Uppercut+1","floor":39},{"not_picked":["Quick Slash+1","FlyingSleeves+1","Headbutt+1"],"picked":"SKIP","floor":40},{"not_picked":["MentalFortress+1","Amplify","Blade Dance+1"],"picked":"SKIP","floor":45},{"not_picked":["Headbutt+1","MadScienceMod:EnergyBarrier","MadScienceMod:Retarget"],"picked":"SKIP","floor":48}],"player_experience":217852,"relics_obtained":[{"floor":6.0,"key":"Potion Belt"},{"floor":9.0,"key":"Bag of Preparation"},{"floor":14.0,"key":"Gremlin Horn"},{"floor":23.0,"key":"Molten Egg 2"},{"floor":25.0,"key":"The Courier"},{"floor":26.0,"key":"CeramicFish"},{"floor":26.0,"key":"Shuriken"},{"floor":29.0,"key":"Boot"},{"floor":37,"key":"Unceasing Top"},{"floor":38,"key":"Old Coin"},{"floor":40,"key":"Blood Vial"},{"floor":43,"key":"Bottled Tornado"},{"floor":43,"key":"Bag of Marbles"},{"floor":46,"key":"Toy Ornithopter"}],"event_choices":[{"damage_healed":0.0,"max_hp_gain":0.0,"max_hp_loss":0.0,"gold_gain":0.0,"event_name":"Living Wall","player_choice":"Grow","floor":3.0,"gold_loss":0.0,"damage_taken":0.0,"cards_upgraded":["Survivor"]},{"damage_healed":0.0,"max_hp_gain":0.0,"max_hp_loss":0.0,"gold_gain":1.0,"event_name":"betterStone:BetterStone","player_choice":"1","floor":4.0,"gold_loss":0.0,"damage_taken":0.0},{"damage_healed":0.0,"max_hp_gain":0.0,"max_hp_loss":0.0,"gold_gain":0.0,"event_name":"Lab","player_choice":"Got Potions","floor":11.0,"gold_loss":0.0,"damage_taken":0.0},{"damage_healed":0.0,"max_hp_gain":0.0,"max_hp_loss":0.0,"gold_gain":0.0,"cards_transformed":["Strike_G"],"event_name":"Transmorgrifier","player_choice":"Transformed","floor":21.0,"gold_loss":0.0,"damage_taken":0.0,"cards_obtained":["Underhanded Strike"]},{"damage_healed":0.0,"max_hp_gain":0.0,"max_hp_loss":24.0,"gold_gain":0.0,"event_name":"Vampires","player_choice":"Became a vampire","floor":27.0,"gold_loss":0.0,"damage_taken":0.0,"cards_obtained":["Bite","Bite","Bite","Bite","Bite"]},{"damage_healed":0.0,"max_hp_gain":0.0,"max_hp_loss":0.0,"gold_gain":0.0,"event_name":"Ghosts","player_choice":"Ignored","floor":28.0,"gold_loss":0.0,"damage_taken":0.0},{"damage_healed":0,"gold_gain":0,"player_choice":"Fight","damage_taken":0,"max_hp_gain":0,"max_hp_loss":0,"event_name":"Mysterious Sphere","floor":37,"gold_loss":0},{"damage_healed":0,"gold_gain":0,"player_choice":"Fight","damage_taken":0,"max_hp_gain":0,"max_hp_loss":0,"event_name":"MindBloom","floor":38,"gold_loss":0},{"cards_removed":["ICR:FrostFall"],"damage_healed":0,"gold_gain":0,"player_choice":"Removed Power","damage_taken":0,"max_hp_gain":0,"max_hp_loss":0,"event_name":"Falling","floor":41,"gold_loss":0}],"is_beta":false,"boss_relics":[{"not_picked":["SacredBark","Sozu"],"picked":"Cursed Key"},{"not_picked":["Runic Pyramid","Calling Bell"],"picked":"SlaversCollar"}],"items_purged_floors":[],"is_endless":false,"potions_floor_spawned":[2,6,8,14,16,18,20,25,30,37,38,39],"killed_by":"Time Eater","ascension_level":0}}