{"host":"nj1qudaxjqalpce5","time":1609758075,"event":{"mods":["2.2 Compatiblity","Arknights The Spire","Ascension Reborn","BaseMod","CapriCore","Card Forge","Grow up Mod","GungeonMod","Hermit","KOR Keyword Fix","Koishi","Lobotomy","Minty Spire (QoL Compilation)","Prisma Mod","RRrroohrrRGHHhhh!!","Replay The Spire","StSLib","Td1madao Mod","The Bug Knight","The Cursed","The Dragon Tamer","The Gatherer","The Hierophant","The Immortal","The Jungle","The Poker Player","The Runesmith","Thrall Mod","WarShipGirlsR/??á´Ò³R mod"],"gold_per_floor":[114,114,132,148,162,178,178,192,192,207,92,120,120,138,138,241,241,260,359,373,373,385,385,385,402,402,402],"floor_reached":26,"playtime":4292,"items_purged":[],"score":314,"play_id":"cbfe05eb-57b1-48fd-9ab5-90386a8427bf","local_time":"20210104200115","is_ascension_mode":true,"campfire_choices":[{"floor":15,"key":"REST"},{"data":"Headbutt","floor":23,"key":"SMITH"}],"circlet_count":0,"master_deck":["Defend_R+1","Defend_R+1","Defend_R+1","Clothesline+1","Burning Pact+1","Searing Blow+13","DemoMod:WhiteBlade+1","DemoMod:BlackBlade+1","Carnage+1","Barricade+1","Juggernaut+1","A Thousand Cuts+1","Caltrops+1","FIFO Queue+1","rorgmod:Black Ice+1","Cold Snap+1","Skim+1","Loop+1","Ball Lightning+1","Dualcast+1","Biased Cognition+1","rorgmod:Biased Cognition+1","Defragment+1","Creative AI+1","Capacitor+1","Multi-Cast+1","Echo Form+1","Coolheaded+1","rorgmod:Refrigerate+1","Machine Learning+1","Mirror Shield+1","Doom and Gloom+1","Meteor Strike+1","Redo+1","Electrodynamics+1","Headbutt+1","Run Through+1","Rampage+1","Heavy Blade+1","Bludgeon+1","Life Link+1","Demon Form+1","Uppercut+1","ReplayReversal+1","Double Tap+1","Twin Strike+1","Strike_R+1"],"relics":["Burning Blood","Hammer of Thor","Seething Fire","Anvil of the Gods","CogitoBucket","Ring of Panic","Ring of Searing","Theresia","ReplayTheSpireMod:TigerMarble","Golden Egg","WarpedTongs","Coffee Dripper","HellTrain","DemoMod:DecoyRelic"],"acts_visited":["Exordium","TheCity","DemoMod:Maze"],"potions_floor_usage":[],"damage_taken":[{"damage":0,"enemies":"2 Louse","floor":1,"turns":2},{"damage":0,"enemies":"Cultist","floor":3,"turns":2},{"damage":21,"enemies":"Jaw Worm","floor":4,"turns":2},{"damage":1,"enemies":"3 Louse","floor":5,"turns":2},{"damage":24,"enemies":"Looter","floor":6,"turns":3},{"damage":15,"enemies":"Exordium Wildlife","floor":8,"turns":4},{"damage":7,"enemies":"Blue Slaver","floor":10,"turns":2},{"damage":50,"enemies":"Replay:BlueRogue","floor":12,"turns":7},{"damage":0,"enemies":"Red Slaver","floor":14,"turns":2},{"damage":62,"enemies":"Fading Forest","floor":16,"turns":10},{"damage":64,"enemies":"2 Thieves","floor":18,"turns":4},{"damage":5,"enemies":"Shell Parasite","floor":20,"turns":1},{"damage":23,"enemies":"3 Cultists","floor":22,"turns":4},{"damage":10,"enemies":"Sentry and Sphere","floor":25,"turns":3}],"seed_played":"3599669300406045547","potions_obtained":[{"floor":1,"key":"AttackPotion"},{"floor":5,"key":"DistilledChaos"},{"floor":14,"key":"Energy Potion"}],"is_trial":false,"path_per_floor":["M","?","M","M","M","M","?","M","T","M","$","E","?","M","R","B",null,"M","?","M","?","M","R","?","M","T"],"character_chosen":"IRONCLAD","items_purchased":["DemoMod:GnawedKey"],"campfire_rested":1,"item_purchase_floors":[11],"current_hp_per_floor":[100,110,120,115,132,125,135,136,146,156,166,136,146,163,240,195,258,211,221,233,243,236,246,256,262,336,336],"gold":402,"neow_bonus":"","is_daily":false,"chose_seed":false,"campfire_upgraded":1,"win_rate":0.0,"timestamp":1609758075,"path_taken":["M","?","?","M","M","M","?","M","T","M","$","E","?","?","R","BOSS","M","?","M","?","?","R","?","?","T"],"items_purchased_type":["Relic"],"build_version":"2020-12-22","purchased_purges":0,"victory":false,"max_hp_per_floor":[100,110,120,130,140,150,160,170,180,190,200,210,220,230,240,248,258,266,276,286,296,306,316,326,336,336,336],"card_choices":[{"not_picked":["Sword Boomerang","Massacre"],"picked":"Cleave","floor":1},{"not_picked":["ShyLook","Wellcheers"],"picked":"FairyFestival","floor":1},{"not_picked":["Corruption","Replay:Undeath\u0027s Touch"],"picked":"Clash","floor":3},{"not_picked":["Murderer","SpiderBud"],"picked":"OSAHOGD","floor":3},{"not_picked":["Infernal Blade","Body Slam"],"picked":"Armaments","floor":4},{"not_picked":["WhitesApple","BeautyBeast"],"picked":"Scorched","floor":4},{"not_picked":["SpiderBud","MeatLantern"],"picked":"Murderer","floor":5},{"not_picked":["Battle Trance","ReplayTheSpireMod:Strike From Hell"],"picked":"Clothesline","floor":5},{"not_picked":["Perfected Strike","Clothesline"],"picked":"Twin Strike","floor":6},{"not_picked":["VoidDream","DespairKnight"],"picked":"ShyLook","floor":6},{"not_picked":["MHz","UniverseFragment"],"picked":"Funeral","floor":8},{"not_picked":["Dark Embrace","Run Through"],"picked":"Flame Barrier","floor":8},{"not_picked":["Uppercut","Blood for Blood"],"picked":"Burning Pact","floor":10},{"not_picked":["VoidDream","PunishingBird"],"picked":"BigBadWolf","floor":10},{"not_picked":["Bludgeon","Clash"],"picked":"DemoMod:WhiteBlade","floor":12},{"not_picked":["CherryBlossoms","Bloodbath"],"picked":"BlueStar","floor":12},{"not_picked":["Fire Breathing","Disarm"],"picked":"Carnage","floor":14},{"not_picked":["Freischutz","Wellcheers"],"picked":"HappyTeddy","floor":14},{"not_picked":["VoidDream","MeatLantern"],"picked":"WallGazer","floor":16},{"not_picked":["Barricade","rorgmod:Immolate"],"picked":"DemoMod:Spice","floor":16},{"not_picked":["Scorched","Bloodbath"],"picked":"MeatLantern","floor":18},{"not_picked":["True Grit+1","Fire Breathing","Eclipse"],"picked":"SKIP","floor":18},{"not_picked":["Armaments","Flex","Clothesline"],"picked":"SKIP","floor":20},{"not_picked":["Flex+1","True Grit"],"picked":"Headbutt","floor":22},{"not_picked":["Cleave","True Grit"],"picked":"Run Through+1","floor":25}],"player_experience":2645,"relics_obtained":[{"floor":7,"key":"Ring of Panic"},{"floor":7,"key":"Ring of Searing"},{"floor":9,"key":"ReplayTheSpireMod:TigerMarble"},{"floor":12,"key":"Golden Egg"},{"floor":26,"key":"DemoMod:DecoyRelic"}],"event_choices":[{"damage_healed":0,"gold_gain":0,"player_choice":"Ignored","damage_taken":0,"max_hp_gain":0,"max_hp_loss":0,"event_name":"Purifier","floor":2,"gold_loss":0},{"damage_healed":0,"gold_gain":0,"player_choice":"Rummage","damage_taken":0,"relics_obtained":["WarpedTongs"],"max_hp_gain":0,"max_hp_loss":0,"event_name":"Accursed Blacksmith","floor":13,"gold_loss":0,"cards_obtained":["Pain"]},{"damage_healed":0,"gold_gain":99,"player_choice":"Stole From Cult","damage_taken":0,"max_hp_gain":0,"max_hp_loss":0,"event_name":"Nest","floor":19,"gold_loss":0},{"cards_removed":["Defend_R"],"damage_healed":0,"gold_gain":0,"player_choice":"Purged","damage_taken":0,"max_hp_gain":0,"max_hp_loss":0,"event_name":"Purifier","floor":21,"gold_loss":0},{"damage_healed":0,"gold_gain":0,"player_choice":"Upgraded","damage_taken":0,"max_hp_gain":0,"max_hp_loss":0,"event_name":"Upgrade Shrine","floor":24,"gold_loss":0,"cards_upgraded":["Searing Blow"]}],"is_beta":false,"boss_relics":[{"not_picked":["Replay:Drink Me","Black Blood"],"picked":"Coffee Dripper"}],"items_purged_floors":[],"is_endless":false,"potions_floor_spawned":[1,5,14,16,20,25],"ascension_level":0}}