{"host":"u9xtr94typ21duox","time":1609730971,"event":{"mods":["BaseMod","Key Reminder","KinomotoSakuraMod(木之本樱)","LagranYue(拉格朗・月)","Marisa（F雨　魔理沙）","Minty Spire (QoL Compilation)","Reimu（博丽灵梦）","Remilia（蕾米莉亚）","Replay The Spire","StSLib","Td1madao Mod","The Administrix","The Bladedancer","The Bug Knight","The Construct","The Cursed","The Gatherer","The Runesmith","The Servant 0.9.4","WarShipGirlsR/战舰少女R mod","Youmu（魂魄妖梦）","vexMod"],"gold_per_floor":[114,127,47,101,176,176,208,208,257,8,25,55,68,99,99,200,200,210,150,150,150,167,196,196,225,225,78,93,119,29,61,61,164,164,184,184,203,213,223,223,250,250,328,347,374,374,407,397,397,397,397,397,41,76,76],"floor_reached":56,"playtime":5008,"items_purged":["Strike_S","Pain","Defend_S"],"score":1961,"play_id":"0fc20350-4438-4007-a229-a01b4e8bb68d","local_time":"20210104112931","is_ascension_mode":true,"campfire_choices":[{"data":"Comet","floor":6,"key":"SMITH"},{"data":"Contraction","floor":8,"key":"SMITH"},{"data":"Panache","floor":15,"key":"SMITH"},{"data":"FlawlessForm","floor":24,"key":"SMITH"},{"data":"Potential","floor":32,"key":"SMITH"},{"data":"Madness","floor":40,"key":"SMITH"},{"floor":46,"key":"RECALL"},{"data":"Defend_S","floor":49,"key":"PURGE"},{"data":"KidneyShot","floor":52,"key":"PURGE"}],"circlet_count":0,"master_deck":["Defend_S","Defend_S","Exchange","Contraction+1","Comet+1","Misdirection","Rewind","Advance","Panache+1","FastForward","Potential+1","Replace","TheWorld","FlawlessForm+1","TimeWarp","Luminosity+1","BottledTime","BottledTime+1","Impatience","FloweringNight","Foresight+1","TheWorld+1","Initiator+1","Madness","Madness+1","BottledTime+1","BestPractice+1","BottledTime","Comet+1","ShiftingGears+1"],"relics":["Uniform","LagranYue:RandomDrawCardRelic","NeowsBlessing","Question Card","PreservedInsect","Bag of Marbles","PureWhite:ReiMu","RedLine:ReiMu","WarpedTongs","Toy Ornithopter","Gambling Chip","vexMod:RetaliationKit","Darkstone Periapt","Replay:Grab Bag","Coffee Dripper","SlaversCollar","Astrolabe","Replay:Rubber Ducky","Golden Egg","InkBottle","Molten Egg 2","Peace Pipe","Lee\u0027s Waffle","construct:FoamFinger"],"acts_visited":["Exordium","TheCity","TheBeyond","TheEnding"],"potions_floor_usage":[16,23,25,28,55,55],"damage_taken":[{"damage":0.0,"enemies":"Cultist","floor":1.0,"turns":1.0},{"damage":0.0,"enemies":"2 Louse","floor":2.0,"turns":1.0},{"damage":0,"enemies":"3 Sentries","floor":7,"turns":2},{"damage":0,"enemies":"Small Slimes","floor":11,"turns":4},{"damage":0,"enemies":"Lagavulin","floor":12,"turns":9},{"damage":0,"enemies":"Blue Slaver","floor":13,"turns":2},{"damage":0,"enemies":"Gremlin Nob","floor":14,"turns":3},{"damage":0,"enemies":"Fading Forest","floor":16,"turns":11},{"damage":0,"enemies":"3 Byrds","floor":18,"turns":3},{"damage":0,"enemies":"Spheric Guardian","floor":22,"turns":5},{"damage":1,"enemies":"Book of Stabbing","floor":23,"turns":4},{"damage":8,"enemies":"Gremlin Leader","floor":25,"turns":5},{"damage":0,"enemies":"Shelled Parasite and Fungi","floor":28,"turns":2},{"damage":0,"enemies":"Replay:Snechameleon","floor":29,"turns":3},{"damage":0,"enemies":"Slavers","floor":31,"turns":1},{"damage":0,"enemies":"Collector","floor":33,"turns":6},{"damage":0,"enemies":"3 Darklings","floor":35,"turns":2},{"damage":0,"enemies":"Orb Walker","floor":37,"turns":2},{"damage":0,"enemies":"Maw","floor":38,"turns":4},{"damage":0,"enemies":"Writhing Mass","floor":39,"turns":2},{"damage":0,"enemies":"HollowMod:StalkingDevout","floor":41,"turns":2},{"damage":0,"enemies":"Spire Growth","floor":44,"turns":3},{"damage":0,"enemies":"Nemesis","floor":45,"turns":1},{"damage":0,"enemies":"Giant Head","floor":47,"turns":3},{"damage":14,"enemies":"Replay:Hell Engine","floor":50,"turns":5},{"damage":0,"enemies":"Shield and Spear","floor":54,"turns":1},{"damage":3,"enemies":"The Heart","floor":55,"turns":5}],"seed_played":"7945770602520977515","potions_obtained":[{"floor":1.0,"key":"GamblersBrew"},{"floor":2.0,"key":"DuplicationPotion"},{"floor":4,"key":"Death Potion"},{"floor":22,"key":"Regen Potion"},{"floor":23,"key":"Energy Potion"},{"floor":25,"key":"Flashbang"},{"floor":33,"key":"Toxic Potion"},{"floor":35,"key":"Explosive Potion"},{"floor":44,"key":"AttackPotion"}],"is_trial":false,"path_per_floor":["M","M","$","?","?","R","E","R","T","$","M","E","M","E","R","B",null,"M","?","?","?","M","E","R","E","T","$","M","E","$","E","R","B",null,"M","?","M","M","M","R","E","T","T","M","E","R","E","?","R","B",null,"R","$","E","B",null],"character_chosen":"THE_SERVANT","items_purchased":["Misdirection","Panache","BottledTime","Impatience","Comet+1","Lee\u0027s Waffle"],"campfire_rested":0,"item_purchase_floors":[3,10,27,30,53,53],"current_hp_per_floor":[59,59,59,43,32,32,32,32,32,32,32,32,32,32,32,32,57,57,57,57,57,57,56,56,53,53,53,58,58,58,58,58,58,63,63,55,55,55,55,55,55,55,55,55,55,55,55,55,55,41,59,59,72,72,72],"gold":76,"neow_bonus":"THREE_ENEMY_KILL","is_daily":false,"chose_seed":false,"campfire_upgraded":6,"win_rate":0.0,"timestamp":1609730971,"path_taken":["M","?","$","?","?","R","E","R","T","$","M","E","M","E","R","BOSS","M","?","?","?","?","E","R","E","T","$","M","E","$","E","R","BOSS","M","?","M","M","M","R","E","?","T","M","E","R","E","?","R","BOSS","R","$","E","BOSS"],"items_purchased_type":["Card","Card","Card","Card","Card","Relic"],"build_version":"2020-12-22","purchased_purges":3,"victory":true,"max_hp_per_floor":[65,65,65,65,65,65,65,65,65,65,65,65,65,65,65,65,65,65,65,65,65,65,65,65,65,65,65,65,65,65,65,65,65,65,65,65,65,65,65,65,65,65,65,65,65,65,65,65,65,65,65,65,72,72,72],"card_choices":[{"not_picked":["ShiftingGears","Spin"],"picked":"Contraction","floor":1.0},{"not_picked":["Rearm","Starlight"],"picked":"Comet","floor":2.0},{"not_picked":["Alleviate","Gouge"],"picked":"Rewind","floor":4},{"not_picked":["WasteNot","Moondial"],"picked":"Advance","floor":7},{"not_picked":["Unruled","Alleviate","ShatteredReality"],"picked":"FastForward","floor":11},{"not_picked":["Manipulate","ShatteredReality","TimeWarp"],"picked":"Potential","floor":12},{"not_picked":["Read","Rewind","Spin"],"picked":"Replace","floor":13},{"not_picked":["FanOfKnives","TimeWarp","Starlight"],"picked":"TheWorld","floor":14},{"not_picked":["Dilation","MurderousAura","Solidify"],"picked":"FlawlessForm","floor":16},{"not_picked":["DoubleEdge","Replace","SilverBlades","WasteNot+1"],"picked":"SKIP","floor":18},{"not_picked":["Replace","Rearm+1","Revamp","FastForward"],"picked":"SKIP","floor":22},{"not_picked":["Shuttle","ShatteredReality","Starlight","Defy+1"],"picked":"SKIP","floor":23},{"not_picked":["Rearm","FastForward+1","KillingDoll"],"picked":"Luminosity+1","floor":25},{"not_picked":["ShatteredReality+1","SpecialFormula","Ricochet","FastForward+1"],"picked":"SKIP","floor":28},{"not_picked":["Misdirection","Sabotage","Unruled"],"picked":"BottledTime+1","floor":29},{"not_picked":["Manipulate","RealityMarble","Replace+1","Rearm"],"picked":"SKIP","floor":31},{"not_picked":["Deny","PendulumOfEternity","KillingDoll"],"picked":"FloweringNight","floor":33},{"not_picked":["ReturningBlade+1","Rewind+1","Starlight","GearUp"],"picked":"SKIP","floor":35},{"not_picked":["Revamp+1","Ricochet+1","Spin"],"picked":"BottledTime+1","floor":37},{"not_picked":["Revamp","Potential+1","Rearm+1","Reset+1"],"picked":"SKIP","floor":38},{"not_picked":["Manipulate","Gouge+1","MoonPhase","SurpressingFire+1"],"picked":"SKIP","floor":39},{"not_picked":["DoubleEdge","FastForward","Rewind+1"],"picked":"BestPractice+1","floor":41},{"not_picked":["Defy+1","SilverBlades+1","Alleviate+1","Sunlight"],"picked":"SKIP","floor":44},{"not_picked":["FanOfKnives+1","Defy","Rearm+1","MoonPhase"],"picked":"SKIP","floor":45},{"not_picked":["SpecialFormula","ShatteredReality+1","Defy+1","Luminosity"],"picked":"SKIP","floor":47},{"not_picked":[],"picked":"BottledTime","floor":48},{"not_picked":["DoubleEdge+1","Starlight+1","Misdirection+1"],"picked":"ShiftingGears+1","floor":54}],"player_experience":274011,"relics_obtained":[{"floor":7,"key":"Question Card"},{"floor":9,"key":"PreservedInsect"},{"floor":12,"key":"Bag of Marbles"},{"floor":14,"key":"PureWhite:ReiMu"},{"floor":23,"key":"Toy Ornithopter"},{"floor":25,"key":"Gambling Chip"},{"floor":29,"key":"vexMod:RetaliationKit"},{"floor":31,"key":"Darkstone Periapt"},{"floor":41,"key":"Replay:Rubber Ducky"},{"floor":42,"key":"Golden Egg"},{"floor":43,"key":"InkBottle"},{"floor":45,"key":"Molten Egg 2"},{"floor":47,"key":"Peace Pipe"},{"floor":54,"key":"construct:FoamFinger"}],"event_choices":[{"damage_healed":0,"gold_gain":75,"player_choice":"Gather Gold","damage_taken":11,"max_hp_gain":0,"max_hp_loss":0,"event_name":"World of Goop","floor":5,"gold_loss":0},{"damage_healed":0,"gold_gain":0,"player_choice":"Read","damage_taken":0,"max_hp_gain":0,"max_hp_loss":0,"event_name":"The Library","floor":20,"gold_loss":0,"cards_obtained":["TimeWarp"]},{"damage_healed":0,"gold_gain":0,"player_choice":"Rummage","damage_taken":0,"relics_obtained":["WarpedTongs"],"max_hp_gain":0,"max_hp_loss":0,"event_name":"Accursed Blacksmith","floor":21,"gold_loss":0,"cards_obtained":["Pain"]},{"damage_healed":0,"gold_gain":0,"player_choice":"Embrace Madness","damage_taken":8,"max_hp_gain":0,"max_hp_loss":0,"event_name":"Winding Halls","floor":36,"gold_loss":0,"cards_obtained":["Madness","Madness"]}],"is_beta":false,"boss_relics":[{"not_picked":["Replay:Drink Me","Replay:Ancient Bell"],"picked":"RedLine:ReiMu"},{"not_picked":["Ring of Chaos","StoneMask"],"picked":"Replay:Grab Bag"},{"not_picked":["vexMod:EndlessSickness","vexMod:RockOfEvil"],"picked":"Coffee Dripper"},{"not_picked":["Velvet Choker","Philosopher\u0027s Stone"],"picked":"SlaversCollar"},{"not_picked":["SacredBark","SplendidAttire"],"picked":"Astrolabe"}],"items_purged_floors":[10,27,53],"is_endless":false,"potions_floor_spawned":[1,2,12,14,22,23,25,33,35,44],"ascension_level":8}}