{"host":"313mh4uoe5sucao3","time":1609768808,"event":{"mods":["Arknights The Spire","BaseMod","Dota2Spire","Downfall","Hero for Fun","Lobotomy","Minty Spire (QoL Compilation)","Quick Restart","Shop Mod","StSLib","The Bladedancer","UnlockEverythingMod","[IsaacMod]ÒÔÈö¼âËþ"],"gold_per_floor":[111,111,186,198,59,59,59],"floor_reached":6,"playtime":411,"items_purged":[],"score":36,"play_id":"5f5eb30c-ab28-4beb-8551-d1691448757c","local_time":"20210104220008","is_ascension_mode":true,"campfire_choices":[],"circlet_count":0,"master_deck":["blademaster:Strike","blademaster:Strike","blademaster:Strike","blademaster:Strike","blademaster:Defend","blademaster:Defend","blademaster:Defend","blademaster:Defend","blademaster:RagingBlow","blademaster:HighVoltage","EpicFetus","Bandage Up","blademaster:Gust","Regret","blademaster:BrainBloom","blademaster:AspectOfLightning","blademaster:Stability"],"relics":["blademaster:DancersAmulet","HushsDoor","DeadEye","Dota2Spire:ArmletOfMordiggian"],"acts_visited":["Exordium"],"potions_floor_usage":[],"damage_taken":[{"damage":0.0,"enemies":"Small Slimes","floor":1.0,"turns":4.0},{"damage":4,"enemies":"Jaw Worm","floor":4,"turns":3},{"damage":81,"enemies":"Gremlin Nob","floor":6,"turns":5}],"seed_played":"-831843276468633795","potions_obtained":[],"is_trial":false,"path_per_floor":["M","?","?","M","$","E"],"character_chosen":"THE_BLADEMASTER","items_purchased":["blademaster:BrainBloom","blademaster:AspectOfLightning","blademaster:Stability"],"campfire_rested":0,"item_purchase_floors":[5,5,5],"current_hp_per_floor":[75,75,64,64,64,0,0],"gold":59,"neow_bonus":"RANDOM_COLORLESS","is_daily":false,"chose_seed":false,"campfire_upgraded":0,"win_rate":0.0,"timestamp":1609768808,"path_taken":["M","?","?","M","?","E"],"items_purchased_type":["Card","Card","Card"],"build_version":"2020-12-22","purchased_purges":0,"victory":false,"max_hp_per_floor":[75,75,75,75,75,75,75],"card_choices":[{"not_picked":[],"picked":"EpicFetus","floor":0.0},{"not_picked":["PanicButton","Blind"],"picked":"Bandage Up","floor":0.0},{"not_picked":["blademaster:Breeze","blademaster:AwakeningStrike"],"picked":"blademaster:Gust","floor":1.0},{"not_picked":["blademaster:BladeMastery","blademaster:Vortex","blademaster:IcyWind"],"picked":"SKIP","floor":4}],"player_experience":8057,"relics_obtained":[],"event_choices":[{"damage_healed":0.0,"max_hp_gain":0.0,"max_hp_loss":0.0,"gold_gain":0.0,"event_name":"Big Fish","player_choice":"Box","floor":2.0,"gold_loss":0.0,"damage_taken":0.0,"relics_obtained":["Dota2Spire:ArmletOfMordiggian"],"cards_obtained":["Regret"]},{"damage_healed":0,"gold_gain":75,"player_choice":"Gather Gold","damage_taken":11,"max_hp_gain":0,"max_hp_loss":0,"event_name":"World of Goop","floor":3,"gold_loss":0}],"is_beta":false,"boss_relics":[],"items_purged_floors":[],"is_endless":false,"potions_floor_spawned":[],"killed_by":"Gremlin Nob","ascension_level":1}}