{"host":"jkgg7n5hn1slsm35","time":1609748420,"event":{"mods":["Aspiration","BaseMod","BetterRewards","Conspire","Googly Eyes","Gremlin Skip","Halation","Highlight Path","Hubris","Infinite Spire","Minty Spire (QoL Compilation)","Permanent Neow","StSLib","SuperFastMode","vexMod"],"gold_per_floor":[144,22,22,67,67,67,157,202,202,202,247,247,292,382,382,682,682,727,727,772,772,588,678,678,723,798,798,843,888,888,933,933,933,933],"floor_reached":33,"playtime":1124,"items_purged":["Eruption","Bash","Strike_R"],"score":302,"play_id":"b19e7767-3bc2-42f3-ab5e-c89518dcb159","local_time":"20210104092020","daily_mods":["Chimera","Diverse","Midas"],"is_ascension_mode":false,"campfire_choices":[{"floor":6,"key":"REST"},{"floor":10,"key":"REST"},{"floor":12,"key":"REST"},{"floor":15,"key":"REST"},{"floor":24,"key":"REST"},{"floor":27,"key":"REST"},{"floor":30,"key":"REST"},{"floor":32,"key":"REST"}],"circlet_count":0,"master_deck":["Survivor","Zap+1","Strike_G","Strike_B","Defend_R","Defend_G","Defend_P","Gash","Spot Weakness","conspire:DoublingDagger","Clash","Discovery","Quick Slash"],"relics":["Cracked Core","halation:BottledLove","Blue Candle","Letter Opener","Strange Spoon","halation:Toothbrush","vexMod:InvisibilityCloak"],"acts_visited":["Exordium","TheCity"],"potions_floor_usage":[14],"damage_taken":[{"damage":0,"enemies":"Cultist","floor":1,"turns":3},{"damage":1,"enemies":"conspire:RoseBush","floor":4,"turns":2},{"damage":18,"enemies":"Lagavulin","floor":7,"turns":7},{"damage":0,"enemies":"Small Slimes","floor":8,"turns":2},{"damage":13,"enemies":"Gremlin Gang","floor":11,"turns":4},{"damage":9,"enemies":"3 Louse","floor":13,"turns":3},{"damage":14,"enemies":"Gremlin Nob","floor":14,"turns":3},{"damage":30,"enemies":"The Guardian","floor":16,"turns":7},{"damage":16,"enemies":"Spheric Guardian","floor":18,"turns":4},{"damage":9,"enemies":"conspire:FuzzyDice","floor":20,"turns":7},{"damage":47,"enemies":"Gremlin Leader","floor":23,"turns":5},{"damage":0,"enemies":"3 Cultists","floor":25,"turns":2},{"damage":4,"enemies":"Chosen and Byrds","floor":28,"turns":5},{"damage":9,"enemies":"Centurion and Healer","floor":29,"turns":6},{"damage":21,"enemies":"conspire:HollyBat","floor":31,"turns":6},{"damage":61,"enemies":"Automaton","floor":33,"turns":8}],"seed_played":"-6631355389535803282","potions_obtained":[{"floor":7,"key":"FearPotion"},{"floor":11,"key":"Swift Potion"},{"floor":13,"key":"Weak Potion"},{"floor":16,"key":"EssenceOfDarkness"}],"is_trial":false,"path_per_floor":["M","$","?","M","?","R","E","M","T","R","M","R","M","E","R","B",null,"M","AVR","M","?","$","E","R","M","T","R","M","M","R","M","R","B"],"character_chosen":"DEFECT","items_purchased":["Gash","Discovery"],"campfire_rested":8,"item_purchase_floors":[2,22],"current_hp_per_floor":[75,75,75,74,74,75,57,57,57,75,62,75,66,52,74,44,75,59,59,50,50,50,3,25,25,25,47,43,34,56,35,57,0,0],"gold":933,"neow_bonus":"","is_daily":true,"chose_seed":false,"campfire_upgraded":0,"win_rate":0.0,"timestamp":1609748420,"path_taken":["M","$","?","M","?","R","E","M","T","R","M","R","M","E","R","BOSS","M","AVR","M","?","$","E","R","?","T","R","M","M","R","M","R","BOSS"],"items_purchased_type":["Card","Card"],"build_version":"2020-12-22","purchased_purges":3,"victory":false,"max_hp_per_floor":[75,75,75,75,75,75,75,75,75,75,75,75,75,75,75,75,75,75,75,75,75,75,75,75,75,75,75,75,75,75,75,75,75,75],"card_choices":[{"not_picked":["hubris:SlightOfHand","CutThroughFate","Cold Snap"],"picked":"SKIP","floor":1},{"not_picked":["Protect","All Out Attack","conspire:PoisonWeapons"],"picked":"SKIP","floor":4},{"not_picked":["Backflip","Poisoned Stab","Evaluate"],"picked":"SKIP","floor":7},{"not_picked":["EmptyBody","Crescendo"],"picked":"Spot Weakness","floor":8},{"not_picked":["Noxious Fumes","Sanctity","PiercingWail"],"picked":"SKIP","floor":11},{"not_picked":["Evaluate","Predator","Flying Knee"],"picked":"SKIP","floor":13},{"not_picked":["Loop","Uppercut"],"picked":"conspire:DoublingDagger","floor":14},{"not_picked":["Blizzard","Prostrate","Meditate"],"picked":"SKIP","floor":18},{"not_picked":["hubris:Sniper","Heatsinks"],"picked":"Clash","floor":20},{"not_picked":["Intimidate","hubris:SlightOfHand","True Grit+1"],"picked":"SKIP","floor":23},{"not_picked":["Hello World","Hologram","Demon Form"],"picked":"SKIP","floor":25},{"not_picked":["Clash+1","Cleave"],"picked":"Quick Slash","floor":28},{"not_picked":["Distraction","Warcry","Compile Driver"],"picked":"SKIP","floor":29},{"not_picked":["Whirlwind","Blade Dance","Turbo"],"picked":"SKIP","floor":31}],"player_experience":1814532,"relics_obtained":[{"floor":7,"key":"halation:BottledLove"},{"floor":9,"key":"Blue Candle"},{"floor":14,"key":"Letter Opener"},{"floor":23,"key":"halation:Toothbrush"},{"floor":26,"key":"vexMod:InvisibilityCloak"}],"event_choices":[{"damage_healed":0,"gold_gain":0,"player_choice":"Bought 0 Potions","damage_taken":0,"max_hp_gain":0,"max_hp_loss":0,"event_name":"The Woman in Blue","floor":21,"gold_loss":0}],"is_beta":false,"boss_relics":[{"not_picked":["hubris:RunicObelisk","Pandora\u0027s Box","vexMod:DeviousBotling"]}],"items_purged_floors":[2,19,22],"is_endless":false,"potions_floor_spawned":[7,11,13,16,23,28,29],"killed_by":"Automaton","ascension_level":0}}