{"host":"bztfrblx1dnujlkt","time":1609784506,"event":{"mods":["Act Like it!","Arknights The Spire","Aspiration","BaseMod","Better Altar","Better Note","Better Skull","BetterRewards","CCEM","CapriCore","Conspire","Downfall","GungeonMod","Halation","Hallownest","Hubris","Infinite Spire","Menagerie","Minty Spire (QoL Compilation)","Pale of the Ancients","Quick Restart","Replay The Spire","SCP261 Mod","StSLib","The Hayseed","The Marked","Thrall Mod","vexMod"],"gold_per_floor":[118,133,133,133,144,144,69,69,93,103,103,135,148,148,148,148,148],"floor_reached":16,"playtime":444,"items_purged":[],"score":100,"play_id":"da5d2653-541e-46c9-9569-90e03c5ee0c7","local_time":"20210104192146","is_ascension_mode":false,"campfire_choices":[{"data":"theMarked:StartUp","floor":6,"key":"SMITH"},{"data":"theMarked:EmpowerWeapon","floor":8,"key":"SMITH"},{"data":"theMarked:AttractMetal","floor":11,"key":"SMITH"},{"data":"theMarked:LightningStrikesTwice","floor":15,"key":"SMITH"}],"circlet_count":0,"master_deck":["theMarked:Strike","theMarked:Strike","theMarked:Strike","theMarked:Strike","theMarked:Strike","theMarked:Defend","theMarked:Defend","theMarked:Defend","theMarked:Defend","theMarked:SoldierOfQuellstein","theMarked:ElectricStrings","theMarked:EmpowerWeapon+1","theMarked:StartUp+1","theMarked:PowerFlow","theMarked:AttractMetal+1","theMarked:LightningStrikesTwice+1","theMarked:Static"],"relics":["m_BurningSludge","NeowsBlessing","hubris:TenFootPole","Replay:Bottled Snecko","infinitespire:Cubic Diamond"],"acts_visited":["Exordium"],"potions_floor_usage":[],"damage_taken":[{"damage":0,"enemies":"Cultist","floor":1,"turns":1},{"damage":2,"enemies":"conspire:RoseBush","floor":2,"turns":1},{"damage":0,"enemies":"Small Slimes","floor":5,"turns":1},{"damage":7,"enemies":"3 Louse","floor":10,"turns":3},{"damage":15,"enemies":"Lagavulin","floor":12,"turns":5},{"damage":6,"enemies":"Exordium Thugs","floor":13,"turns":4},{"damage":20,"enemies":"Hexaghost","floor":16,"turns":11}],"seed_played":"676017753371590197","potions_obtained":[{"floor":12,"key":"DemoMod:LeadSkinPotion"},{"floor":13,"key":"SteroidPotion"}],"is_trial":false,"path_per_floor":["M","M","?","?","M","R","$","R","T","M","R","E","M","?","R","B"],"character_chosen":"THE_DEFAULT","items_purchased":["theMarked:PowerFlow"],"campfire_rested":0,"item_purchase_floors":[7],"current_hp_per_floor":[70,68,68,68,68,68,68,68,68,61,61,46,40,40,40,20,20],"gold":148,"neow_bonus":"THREE_ENEMY_KILL","is_daily":false,"chose_seed":false,"campfire_upgraded":4,"win_rate":0.0,"timestamp":1609784506,"path_taken":["M","M","?","?","?","R","$","R","T","M","R","E","M","?","R","BOSS"],"items_purchased_type":["Card"],"build_version":"2020-12-22","purchased_purges":0,"victory":false,"max_hp_per_floor":[70,70,70,70,70,70,70,70,70,70,70,70,70,70,70,70,70],"card_choices":[{"not_picked":["theMarked:Aftermath","theMarked:Convert"],"picked":"theMarked:ElectricStrings","floor":1},{"not_picked":["theMarked:GodGivenPower","theMarked:ChainLightning"],"picked":"theMarked:EmpowerWeapon","floor":2},{"not_picked":["theMarked:ChainLightning","theMarked:Panic"],"picked":"theMarked:StartUp","floor":5},{"not_picked":["theMarked:Frustration","theMarked:ShockingTouch"],"picked":"theMarked:AttractMetal","floor":10},{"not_picked":["theMarked:Aftermath","theMarked:Parkour"],"picked":"theMarked:LightningStrikesTwice","floor":12},{"not_picked":["theMarked:RepellingDischarge","theMarked:Standoff"],"picked":"theMarked:Static","floor":13}],"player_experience":2166151,"relics_obtained":[{"floor":9,"key":"hubris:TenFootPole"},{"floor":12,"key":"Replay:Bottled Snecko"}],"event_choices":[{"cards_removed":["theMarked:EmpowerWeapon"],"damage_healed":0,"gold_gain":0,"player_choice":"Give","damage_taken":0,"max_hp_gain":0,"max_hp_loss":0,"event_name":"betterNote:BetterNote","floor":4,"gold_loss":0,"cards_obtained":["Injury"]}],"is_beta":false,"boss_relics":[],"items_purged_floors":[],"is_endless":false,"potions_floor_spawned":[12,13],"killed_by":"Hexaghost","ascension_level":0}}