{"host":"yp47u74hk6n79vj1","time":1609793349,"event":{"mods":["BaseMod","Colored Map","Highlight Path","Minty Spire (QoL Compilation)"],"gold_per_floor":[112,122,12,26,301,327,103,103,103,131,150,150,166,199,199,297,297,307,37,47,47,63,63,93,93,93,108,125,125,125],"floor_reached":29,"playtime":1209,"items_purged":["Regret"],"score":305,"play_id":"3a1dba4c-fa28-4479-a5f1-22e34448d1fe","local_time":"20210104154909","is_ascension_mode":true,"campfire_choices":[{"data":"True Grit","floor":8,"key":"SMITH"},{"data":"Bash","floor":12,"key":"PURGE"},{"data":"Strike_R","floor":15,"key":"PURGE"},{"data":"Strike_R","floor":23,"key":"PURGE"},{"data":"Apotheosis","floor":25,"key":"SMITH"}],"circlet_count":0,"master_deck":["Strike_R","Strike_R","Strike_R","Defend_R","Defend_R","Defend_R","Defend_R","Fire Breathing","Seeing Red","True Grit+1","Metallicize","Ghostly Armor","Whirlwind","Apotheosis+1","Metallicize","Battle Trance"],"relics":["Burning Blood","NeowsBlessing","Peace Pipe","Bronze Scales","White Beast Statue","Bag of Preparation","Philosopher\u0027s Stone","Champion Belt","Ornamental Fan"],"acts_visited":["Exordium","TheCity"],"potions_floor_usage":[6,10,13,14,14,16,16,18,18,24,24,27,29,29,29],"damage_taken":[{"damage":0,"enemies":"Cultist","floor":1,"turns":1},{"damage":0,"enemies":"2 Louse","floor":2,"turns":1},{"damage":0,"enemies":"Jaw Worm","floor":4,"turns":1},{"damage":51,"enemies":"Lagavulin","floor":6,"turns":9},{"damage":12,"enemies":"3 Sentries","floor":10,"turns":5},{"damage":8,"enemies":"Looter","floor":11,"turns":4},{"damage":5,"enemies":"Exordium Wildlife","floor":13,"turns":5},{"damage":32,"enemies":"Lagavulin","floor":14,"turns":9},{"damage":25,"enemies":"Slime Boss","floor":16,"turns":9},{"damage":13,"enemies":"Chosen","floor":18,"turns":6},{"damage":3,"enemies":"Shell Parasite","floor":20,"turns":7},{"damage":22,"enemies":"Snecko","floor":22,"turns":7},{"damage":66,"enemies":"Gremlin Leader","floor":24,"turns":7},{"damage":0,"enemies":"Centurion and Healer","floor":27,"turns":8},{"damage":5,"enemies":"Snake Plant","floor":28,"turns":5},{"damage":4,"enemies":"Colosseum Slavers","floor":29,"turns":5},{"damage":25,"enemies":"Colosseum Nobs","floor":29,"turns":3}],"seed_played":"-5418489385339897907","potions_obtained":[{"floor":2,"key":"AttackPotion"},{"floor":6,"key":"LiquidBronze"},{"floor":10,"key":"Regen Potion"},{"floor":11,"key":"CultistPotion"},{"floor":13,"key":"EntropicBrew"},{"floor":14,"key":"BloodPotion"},{"floor":16,"key":"SkillPotion"},{"floor":18,"key":"Dexterity Potion"},{"floor":22,"key":"Regen Potion"},{"floor":24,"key":"Fire Potion"},{"floor":27,"key":"HeartOfIron"},{"floor":28,"key":"AttackPotion"}],"is_trial":false,"path_per_floor":["M","M","$","M","?","E","$","R","T","E","M","R","M","E","R","B",null,"M","$","M","$","M","R","E","R","T","M","M","?"],"character_chosen":"IRONCLAD","items_purchased":["Fire Breathing","Seeing Red","Bronze Scales","Apotheosis","Metallicize"],"campfire_rested":0,"item_purchase_floors":[3,3,7,19,19],"current_hp_per_floor":[80,80,80,80,80,35,35,35,35,29,27,27,40,14,14,11,80,73,73,76,76,60,60,15,15,15,21,22,0,0],"gold":125,"neow_bonus":"THREE_ENEMY_KILL","is_daily":false,"chose_seed":false,"campfire_upgraded":2,"win_rate":0.0,"timestamp":1609793349,"path_taken":["M","?","$","M","?","E","?","R","T","E","M","R","M","E","R","BOSS","M","$","M","?","M","R","E","R","T","M","M","?"],"items_purchased_type":["Card","Card","Relic","Card","Card"],"build_version":"2020-12-22","purchased_purges":1,"victory":false,"max_hp_per_floor":[80,80,80,80,80,80,80,80,80,80,80,80,80,80,80,80,80,80,80,80,80,80,80,80,80,80,80,80,80,80],"card_choices":[{"not_picked":["Clash","Dual Wield","Shockwave"],"picked":"SKIP","floor":1},{"not_picked":["Headbutt","Dark Embrace","Flex"],"picked":"SKIP","floor":2},{"not_picked":["Dark Embrace","Twin Strike"],"picked":"True Grit","floor":4},{"not_picked":["Battle Trance","Dark Embrace"],"picked":"Metallicize","floor":6},{"not_picked":["Headbutt","Rage","Dark Embrace"],"picked":"SKIP","floor":10},{"not_picked":["Pummel","Searing Blow","Flex"],"picked":"SKIP","floor":11},{"not_picked":["Limit Break","Sever Soul"],"picked":"Ghostly Armor","floor":13},{"not_picked":["Heavy Blade","Clash"],"picked":"Whirlwind","floor":14},{"not_picked":["Shockwave","Perfected Strike","Cleave"],"picked":"SKIP","floor":18},{"not_picked":["Second Wind+1","Rampage+1","Carnage"],"picked":"SKIP","floor":20},{"not_picked":["Inflame+1","Flame Barrier"],"picked":"Battle Trance","floor":22},{"not_picked":["Warcry+1","Intimidate+1","Wild Strike"],"picked":"SKIP","floor":24},{"not_picked":["Rampage+1","Headbutt","Burning Pact"],"picked":"SKIP","floor":27},{"not_picked":["Thunderclap","Clash","Pommel Strike"],"picked":"SKIP","floor":28}],"player_experience":593179,"relics_obtained":[{"floor":6,"key":"Peace Pipe"},{"floor":10,"key":"White Beast Statue"},{"floor":14,"key":"Bag of Preparation"},{"floor":24,"key":"Champion Belt"},{"floor":26,"key":"Ornamental Fan"}],"event_choices":[{"damage_healed":0,"gold_gain":275,"player_choice":"Desecrate","damage_taken":0,"max_hp_gain":0,"max_hp_loss":0,"event_name":"Golden Shrine","floor":5,"gold_loss":0,"cards_obtained":["Regret"]},{"damage_healed":0,"gold_gain":0,"player_choice":"Fight","damage_taken":0,"max_hp_gain":0,"max_hp_loss":0,"event_name":"Colosseum","floor":29,"gold_loss":0},{"damage_healed":0,"gold_gain":0,"player_choice":"Fought Nobs","damage_taken":0,"max_hp_gain":0,"max_hp_loss":0,"event_name":"Colosseum","floor":29,"gold_loss":0}],"is_beta":false,"boss_relics":[{"not_picked":["Sozu","Snecko Eye"],"picked":"Philosopher\u0027s Stone"}],"items_purged_floors":[7],"is_endless":false,"potions_floor_spawned":[2,6,10,11,13,14,16,18,20,22,24,27,28,29],"killed_by":"Colosseum Nobs","ascension_level":3}}