{"host":"qj91dvco5uhu9oti","time":1609760313,"event":{"mods":["BaseMod","Colored Map","Keyboard Shortcuts","Minty Spire (QoL Compilation)","Permanent Neow","Relic Stats","StSLib","SuperFastMode","everything is the same but u backflip on backflip"],"gold_per_floor":[116,131,148,72,147,147,172,97,97,97,97,97,121,134,134,259,259,272,272,125,145,20,63,86,86,86,127,142,142,142,162,162,162,162],"floor_reached":33,"playtime":831,"items_purged":["Strike_R","Strike_R","Second Wind"],"score":310,"play_id":"ddc81390-fad6-4949-af67-418c59942f4d","local_time":"20210104203833","is_ascension_mode":false,"campfire_choices":[{"data":"Searing Blow","floor":6.0,"key":"SMITH"},{"data":"Searing Blow+1","floor":10.0,"key":"SMITH"},{"data":"Searing Blow+2","floor":15.0,"key":"SMITH"},{"data":"Searing Blow+3","floor":25.0,"key":"SMITH"},{"data":"Searing Blow+4","floor":30.0,"key":"SMITH"},{"data":"Searing Blow+5","floor":32.0,"key":"SMITH"}],"circlet_count":0,"master_deck":["Defend_R","Defend_R","Defend_R","Defend_R","Bash","Rampage","Shockwave","Searing Blow+6","Metallicize","Feed+1","Warcry","Armaments","True Grit+1","Armaments","Armaments","Necronomicurse"],"relics":["Black Blood","Thread and Needle","Question Card","Golden Idol","Happy Flower","Letter Opener","Frozen Egg 2","Necronomicon"],"acts_visited":["Exordium","TheCity"],"potions_floor_usage":[],"damage_taken":[{"damage":1.0,"enemies":"Small Slimes","floor":1.0,"turns":4.0},{"damage":0.0,"enemies":"2 Louse","floor":2.0,"turns":3.0},{"damage":0.0,"enemies":"Cultist","floor":3.0,"turns":3.0},{"damage":27.0,"enemies":"3 Sentries","floor":7.0,"turns":10.0},{"damage":4.0,"enemies":"Gremlin Gang","floor":13.0,"turns":4.0},{"damage":4.0,"enemies":"Blue Slaver","floor":14.0,"turns":4.0},{"damage":21.0,"enemies":"The Guardian","floor":16.0,"turns":11.0},{"damage":11.0,"enemies":"Chosen","floor":18.0,"turns":7.0},{"damage":20.0,"enemies":"Spheric Guardian","floor":21.0,"turns":5.0},{"damage":22.0,"enemies":"Slavers","floor":23.0,"turns":7.0},{"damage":37.0,"enemies":"Chosen and Byrds","floor":24.0,"turns":10.0},{"damage":23.0,"enemies":"Book of Stabbing","floor":27.0,"turns":5.0},{"damage":2.0,"enemies":"Centurion and Healer","floor":28.0,"turns":9.0},{"damage":16.0,"enemies":"3 Cultists","floor":31.0,"turns":6.0},{"damage":72,"enemies":"Collector","floor":33,"turns":7}],"seed_played":"8546473388146066012","potions_obtained":[{"floor":2.0,"key":"GamblersBrew"},{"floor":3.0,"key":"Ancient Potion"},{"floor":7.0,"key":"SkillPotion"},{"floor":14.0,"key":"AttackPotion"},{"floor":24.0,"key":"Ancient Potion"}],"is_trial":false,"path_per_floor":["M","M","M","$","?","R","E","$","T","R","?","?","M","M","R","B",null,"M","?","$","M","$","E","M","R","T","E","M","?","R","M","R","B"],"character_chosen":"IRONCLAD","items_purchased":["Second Wind","Armaments"],"campfire_rested":0,"item_purchase_floors":[4,20],"current_hp_per_floor":[61,67,73,73,62,62,41,41,41,41,41,21,23,25,25,10,80,83,83,83,79,79,73,52,52,52,45,59,43,43,39,39,0,0],"gold":162,"neow_bonus":"TRANSFORM_TWO_CARDS","is_daily":false,"chose_seed":false,"campfire_upgraded":6,"win_rate":0.0,"timestamp":1609760313,"path_taken":["M","M","M","$","?","R","E","$","T","R","?","?","M","M","R","BOSS","M","?","$","M","?","E","?","R","T","E","M","?","R","M","R","BOSS"],"items_purchased_type":["Card","Card"],"build_version":"2020-12-22","purchased_purges":3,"victory":false,"max_hp_per_floor":[80,80,80,80,80,80,80,80,80,80,80,80,80,80,80,80,80,83,83,83,87,87,91,95,95,95,99,103,103,103,103,103,103,103],"relic_stats":{"Happy Flower":[12],"counters":[15,95],"Golden Idol":69,"Black Blood":125,"Necronomicon":[7],"Letter Opener":[25],"Question Card":10,"obtain_stats":[{"Happy Flower":23,"Golden Idol":12,"Black Blood":17,"Thread and Needle":7,"Necronomicon":29,"Letter Opener":26,"Frozen Egg 2":27,"Question Card":9,"Burning Blood":0},{"Happy Flower":10,"Golden Idol":4,"Black Blood":7,"Thread and Needle":4,"Necronomicon":13,"Letter Opener":11,"Frozen Egg 2":12,"Question Card":4,"Burning Blood":0},{"Happy Flower":58,"Golden Idol":20,"Black Blood":39,"Thread and Needle":20,"Necronomicon":82,"Letter Opener":68,"Frozen Egg 2":73,"Question Card":20,"Burning Blood":0}]},"card_choices":[{"not_picked":["Armaments","Wild Strike","Reckless Charge"],"picked":"SKIP","floor":1.0},{"not_picked":["Twin Strike","Ghostly Armor","Heavy Blade"],"picked":"SKIP","floor":2.0},{"not_picked":["Searing Blow","Body Slam","Cleave"],"picked":"SKIP","floor":3.0},{"not_picked":["Body Slam","Cleave"],"picked":"Searing Blow","floor":3.0},{"not_picked":["Bloodletting","Wild Strike","Juggernaut"],"picked":"SKIP","floor":7.0},{"not_picked":["Carnage","Wild Strike","Iron Wave"],"picked":"Metallicize","floor":13.0},{"not_picked":["Fire Breathing","Shrug It Off","Warcry","Pommel Strike"],"picked":"SKIP","floor":14.0},{"not_picked":["Limit Break","Corruption","Brutality"],"picked":"Feed","floor":16.0},{"not_picked":["Havoc","Cleave","Heavy Blade+1"],"picked":"Warcry","floor":18.0},{"not_picked":["Second Wind","Shrug It Off+1","Sword Boomerang"],"picked":"True Grit+1","floor":21.0},{"not_picked":["Immolate","Berserk","Reckless Charge","Anger"],"picked":"SKIP","floor":23.0},{"not_picked":["Heavy Blade","Perfected Strike","Clash+1","Pommel Strike+1"],"picked":"SKIP","floor":24.0},{"not_picked":["Carnage","Havoc+1","Clothesline"],"picked":"Armaments","floor":27.0},{"not_picked":["Havoc","Cleave","Armaments","Anger+1"],"picked":"SKIP","floor":28.0},{"not_picked":["Havoc","Cleave","Anger+1"],"picked":"Armaments","floor":28.0},{"not_picked":["Wild Strike+1","Headbutt","Flex","Thunderclap"],"picked":"SKIP","floor":31.0}],"player_experience":343124,"relics_obtained":[{"floor":7.0,"key":"Thread and Needle"},{"floor":9.0,"key":"Question Card"},{"floor":23.0,"key":"Happy Flower"},{"floor":26.0,"key":"Letter Opener"},{"floor":27.0,"key":"Frozen Egg 2"},{"floor":29.0,"key":"Necronomicon"}],"event_choices":[{"damage_healed":0.0,"max_hp_gain":0.0,"max_hp_loss":0.0,"gold_gain":75.0,"event_name":"World of Goop","player_choice":"Gather Gold","floor":5.0,"gold_loss":0.0,"damage_taken":11.0},{"cards_removed":["Strike_R"],"damage_healed":0.0,"max_hp_gain":0.0,"max_hp_loss":0.0,"gold_gain":0.0,"event_name":"Living Wall","player_choice":"Forget","floor":11.0,"gold_loss":0.0,"damage_taken":0.0},{"damage_healed":0.0,"max_hp_gain":0.0,"max_hp_loss":0.0,"gold_gain":0.0,"event_name":"Golden Idol","player_choice":"Take Damage","floor":12.0,"gold_loss":0.0,"damage_taken":20.0,"relics_obtained":["Golden Idol"]},{"damage_healed":0.0,"max_hp_gain":0.0,"max_hp_loss":0.0,"gold_gain":0.0,"event_name":"Upgrade Shrine","player_choice":"Upgraded","floor":19.0,"gold_loss":0.0,"damage_taken":0.0,"cards_upgraded":["Feed"]},{"damage_healed":0.0,"max_hp_gain":0.0,"max_hp_loss":0.0,"gold_gain":0.0,"event_name":"Cursed Tome","player_choice":"Obtained Book","floor":29.0,"gold_loss":0.0,"damage_taken":16.0}],"is_beta":false,"boss_relics":[{"not_picked":["Tiny House","Runic Cube"],"picked":"Black Blood"}],"items_purged_floors":[8,20,22],"is_endless":false,"potions_floor_spawned":[2,3,7,14,18,24],"killed_by":"Collector","ascension_level":0}}