{"host":"Qube","time":1609729443,"event":{"mods":["AchievementEnabler","BaseMod","Colored Map","Colored Powertips","Minty Spire (QoL Compilation)","Quick Restart","Random Character Button","StSLib"],"gold_per_floor":[116,86,104,116,127,160,179,211,211,26,26,55,55,68,68,142,192,209,229,241,241,241,241,241],"floor_reached":23,"playtime":1167,"items_purged":["Defend_G"],"score":373,"play_id":"a19af72c-cb51-420c-9612-9e65ae6b4090","local_time":"20210103190403","is_ascension_mode":true,"campfire_choices":[{"floor":11.0,"key":"REST"},{"floor":13.0,"key":"REST"},{"data":"A Thousand Cuts","floor":15.0,"key":"SMITH"}],"circlet_count":0,"master_deck":["AscendersBane","Strike_G+1","Strike_G+1","Strike_G+1","Strike_G+1","Strike_G+1","Defend_G+1","Defend_G+1","Defend_G+1","Defend_G+1","Survivor","Neutralize+1","A Thousand Cuts+1","Poisoned Stab","Escape Plan","Poisoned Stab","Dodge and Roll","Deflect","Sucker Punch","Noxious Fumes","Noxious Fumes","Leg Sweep","Corpse Explosion","Blade Dance","Burst","Calculated Gamble","Outmaneuver+1","Tools of the Trade"],"relics":["Ring of the Snake","Regal Pillow","Pantograph","Tingsha","InkBottle","Tiny House"],"acts_visited":["Exordium","TheCity"],"potions_floor_usage":[23],"damage_taken":[{"damage":0.0,"enemies":"2 Louse","floor":1.0,"turns":3.0},{"damage":1.0,"enemies":"Cultist","floor":3.0,"turns":4.0},{"damage":0.0,"enemies":"Small Slimes","floor":4.0,"turns":4.0},{"damage":8.0,"enemies":"Blue Slaver","floor":5.0,"turns":5.0},{"damage":14.0,"enemies":"Lagavulin","floor":6.0,"turns":8.0},{"damage":0.0,"enemies":"3 Louse","floor":7.0,"turns":5.0},{"damage":28.0,"enemies":"3 Sentries","floor":8.0,"turns":8.0},{"damage":25.0,"enemies":"Gremlin Nob","floor":12.0,"turns":5.0},{"damage":13.0,"enemies":"Large Slime","floor":14.0,"turns":6.0},{"damage":16.0,"enemies":"The Guardian","floor":16.0,"turns":10.0},{"damage":11.0,"enemies":"3 Byrds","floor":18.0,"turns":4.0},{"damage":36.0,"enemies":"Chosen","floor":19.0,"turns":6.0},{"damage":16.0,"enemies":"Snecko","floor":20.0,"turns":5.0},{"damage":7,"enemies":"Gremlin Leader","floor":23,"turns":4}],"seed_played":"-2841403436750883457","potions_obtained":[{"floor":2.0,"key":"FairyPotion"},{"floor":2.0,"key":"GhostInAJar"},{"floor":7.0,"key":"SneckoOil"},{"floor":12.0,"key":"Strength Potion"},{"floor":17.0,"key":"CultistPotion"},{"floor":20.0,"key":"Fire Potion"}],"is_trial":false,"path_per_floor":["M","?","M","M","M","E","M","E","T","$","R","E","R","M","R","B",null,"M","M","M","?","?","E"],"character_chosen":"THE_SILENT","items_purchased":["Noxious Fumes","Leg Sweep"],"campfire_rested":2,"item_purchase_floors":[10,10],"current_hp_per_floor":[59,59,58,58,50,36,36,8,8,8,42,17,51,38,38,47,66,55,19,3,3,3,21,21],"gold":241,"neow_bonus":"ONE_RANDOM_RARE_CARD","is_daily":false,"chose_seed":false,"campfire_upgraded":1,"win_rate":0.0,"timestamp":1609729443,"path_taken":["M","?","M","M","M","E","M","E","T","?","R","E","R","M","R","BOSS","M","M","M","?","?","E"],"items_purchased_type":["Card","Card"],"build_version":"2020-12-18","purchased_purges":1,"victory":false,"max_hp_per_floor":[66,66,66,66,66,66,66,66,66,66,66,66,66,66,66,66,71,71,71,71,71,71,71,71],"card_choices":[{"not_picked":["Backflip","Underhanded Strike"],"picked":"Poisoned Stab","floor":1.0},{"not_picked":["Prepared","Predator"],"picked":"Escape Plan","floor":3.0},{"not_picked":["Dagger Spray","PiercingWail"],"picked":"Poisoned Stab","floor":4.0},{"not_picked":["Backstab","Sucker Punch"],"picked":"Dodge and Roll","floor":5.0},{"not_picked":["Dagger Spray","Well Laid Plans"],"picked":"Deflect","floor":6.0},{"not_picked":["Underhanded Strike","Deflect"],"picked":"Sucker Punch","floor":7.0},{"not_picked":["Escape Plan","Dodge and Roll"],"picked":"Noxious Fumes","floor":8.0},{"not_picked":["Flying Knee","Poisoned Stab"],"picked":"Corpse Explosion","floor":12.0},{"not_picked":["Crippling Poison","Acrobatics"],"picked":"Blade Dance","floor":14.0},{"not_picked":["Die Die Die","Envenom"],"picked":"Burst","floor":16.0},{"not_picked":["Bane","Flying Knee"],"picked":"Calculated Gamble","floor":17.0},{"not_picked":["Dagger Throw","Backflip"],"picked":"Outmaneuver+1","floor":18.0},{"not_picked":["Finisher","Caltrops"],"picked":"Tools of the Trade","floor":19.0},{"not_picked":["Setup","Dagger Spray","Bane"],"picked":"SKIP","floor":20.0}],"player_experience":748043,"relics_obtained":[{"floor":6.0,"key":"Regal Pillow"},{"floor":8.0,"key":"Pantograph"},{"floor":9.0,"key":"Tingsha"},{"floor":12.0,"key":"InkBottle"}],"event_choices":[{"damage_healed":0.0,"max_hp_gain":0.0,"max_hp_loss":0.0,"gold_gain":0.0,"event_name":"The Woman in Blue","player_choice":"Bought 2 Potions","floor":2.0,"gold_loss":0.0,"damage_taken":0.0},{"damage_healed":0.0,"max_hp_gain":0.0,"max_hp_loss":0.0,"gold_gain":0.0,"event_name":"Back to Basics","player_choice":"Simplicity","floor":21.0,"gold_loss":0.0,"damage_taken":0.0,"cards_upgraded":["Strike_G","Strike_G","Strike_G","Strike_G","Strike_G","Defend_G","Defend_G","Defend_G","Defend_G"]},{"damage_healed":0,"gold_gain":0,"player_choice":"Ignored","damage_taken":0,"max_hp_gain":0,"max_hp_loss":0,"event_name":"The Mausoleum","floor":22,"gold_loss":0}],"is_beta":true,"boss_relics":[{"not_picked":["Busted Crown","Fusion Hammer"],"picked":"Tiny House"}],"items_purged_floors":[10],"is_endless":false,"potions_floor_spawned":[4,7,12,19,20],"killed_by":"Gremlin Leader","ascension_level":15}}