{"host":"g75gtovmj0ine2rf","time":1609760562,"event":{"mods":["2.2 Compatiblity","AchievementEnabler","Act Like it!","Aspiration","Astrologer","Bard","BaseMod","Better Match","BetterRewards","CapriCore","Challenge The Spire","ChefMod","Colored Map","Conspire","Elementarium","Energized Spire","Friendly Minions","Gensokyo","Halation","Hallownest","Hermit","HexUI Lib","Highlight Path","Hubris","Infinite Spire","Jedi Mod","Lobotomy","Menagerie","Minty Spire (QoL Compilation)","Puzzle Mod","Quick Restart","Rare Cards Sparkle","Relic Stats","Replay The Spire","Robot Space Explorer","Shade Mod","Shop Mod","Spicy Shops","StSLib","SuperFastMode","The Construct","The Cursed","The Dragon Tamer","The Factory","The Jungle","The Marked","The Runesmith","TheBandit","TheFirefly","TheSwordswoman","TheVacant","Transform Curses","Wandering Minibosses","thorton","vexMod"],"gold_per_floor":[116,116,16,16,16,29,29,69,69],"floor_reached":8,"playtime":317,"items_purged":[],"score":44,"play_id":"00222157-bdcb-4a51-b402-c5e45605b788","local_time":"20210104224242","is_ascension_mode":false,"campfire_choices":[{"floor":7,"key":"REST"}],"circlet_count":0,"master_deck":["theMarked:Strike","theMarked:Strike","theMarked:Defend","theMarked:Defend","theMarked:Defend","theMarked:Defend","theMarked:SoldierOfQuellstein","theMarked:StartUp"],"relics":["theMarked:ArtifactOfAir","construct:BoolHorns","infinitespire:Midas Blood","Gensokyo:OccultBall"],"acts_visited":["Exordium"],"potions_floor_usage":[],"damage_taken":[{"damage":1,"enemies":"Gensokyo:Python","floor":1,"turns":3},{"damage":0,"enemies":"Gensokyo:3_Fairies","floor":6,"turns":3},{"damage":56,"enemies":"Gensokyo:Cirno","floor":8,"turns":12}],"seed_played":"-2995193439390801468","potions_obtained":[],"is_trial":false,"path_per_floor":["M","?","?","?","$","M","R","E"],"character_chosen":"THE_DEFAULT","items_purchased":[],"campfire_rested":1,"item_purchase_floors":[],"current_hp_per_floor":[62,38,38,38,38,38,56,0,0],"gold":69,"neow_bonus":"ONE_RARE_RELIC","is_daily":false,"chose_seed":false,"campfire_upgraded":0,"win_rate":0.0,"timestamp":1609760562,"path_taken":["M","?","?","?","?","?","R","E"],"items_purchased_type":[],"build_version":"2020-12-22","purchased_purges":0,"victory":false,"max_hp_per_floor":[63,63,63,63,63,63,63,63,63],"relic_stats":{"counters":[3,18],"obtain_stats":[{"construct:BoolHorns":0,"theMarked:ArtifactOfAir":0,"Gensokyo:OccultBall":4,"infinitespire:Midas Blood":3},{"construct:BoolHorns":0,"theMarked:ArtifactOfAir":0,"Gensokyo:OccultBall":1,"infinitespire:Midas Blood":1},{"construct:BoolHorns":0,"theMarked:ArtifactOfAir":0,"Gensokyo:OccultBall":3,"infinitespire:Midas Blood":3}]},"card_choices":[{"not_picked":["theMarked:DeterminationOfTheMarked","theMarked:BanishingStrike"],"picked":"theMarked:Electrocute","floor":1},{"not_picked":["theMarked:RepellingDischarge","theMarked:Indomitable"],"picked":"theMarked:StartUp","floor":6}],"player_experience":1378990,"relics_obtained":[],"event_choices":[],"is_beta":false,"boss_relics":[],"items_purged_floors":[],"is_endless":false,"potions_floor_spawned":[],"killed_by":"Gensokyo:Cirno","ascension_level":0}}