{"host":"6pfj0wha12yu6wq3","time":1609773663,"event":{"mods":["BaseMod","Colored Map","Colored Powertips","Curses Come First","DeckTracker","Minty Spire (QoL Compilation)","RNG Fix","Relic Sorter","Relic Stats","StSLib","ojb\u0027s Better Paths Mod","ojb\u0027s Info Mod"],"gold_per_floor":[216,227,244,6,6,31,59,104,142,174,197,222,234,261,273,356,368,399,411,423,360,387,399,399],"floor_reached":23,"playtime":1339,"items_purged":[],"score":510,"play_id":"9b3c7694-eddd-4c92-9ade-d313063fc166","local_time":"20210104102103","is_ascension_mode":true,"campfire_choices":[{"data":"Noxious Fumes","floor":13.0,"key":"SMITH"},{"data":"Eviscerate","floor":15,"key":"SMITH"}],"circlet_count":0,"master_deck":["AscendersBane","Strike_G","Strike_G","Strike_G","Strike_G","Defend_G","Defend_G","Defend_G","Defend_G","Defend_G","Survivor","Neutralize","Dagger Throw","Eviscerate+1","Noxious Fumes+1","Slice","Dagger Throw","Unload","Backstab","Endless Agony","Wraith Form v2+1","Outmaneuver+1"],"relics":["Ring of the Snake","Happy Flower","GremlinMask","MawBank","The Courier","Blood Vial","HoveringKite"],"acts_visited":["Exordium","TheCity"],"potions_floor_usage":[16,16],"damage_taken":[{"damage":1.0,"enemies":"2 Louse","floor":1.0,"turns":3.0},{"damage":0.0,"enemies":"Small Slimes","floor":2.0,"turns":5.0},{"damage":1.0,"enemies":"Jaw Worm","floor":3.0,"turns":4.0},{"damage":17.0,"enemies":"Lagavulin","floor":6.0,"turns":6.0},{"damage":0.0,"enemies":"2 Fungi Beasts","floor":7.0,"turns":4.0},{"damage":19.0,"enemies":"3 Sentries","floor":8.0,"turns":9.0},{"damage":0.0,"enemies":"Large Slime","floor":10.0,"turns":4.0},{"damage":4.0,"enemies":"Lots of Slimes","floor":11.0,"turns":6.0},{"damage":3.0,"enemies":"Looter","floor":12.0,"turns":3.0},{"damage":1,"enemies":"Red Slaver","floor":14,"turns":2},{"damage":0,"enemies":"Slime Boss","floor":16,"turns":6},{"damage":11,"enemies":"3 Byrds","floor":18,"turns":5},{"damage":23,"enemies":"Shell Parasite","floor":22,"turns":6},{"damage":30,"enemies":"Slavers","floor":23,"turns":2}],"seed_played":"6217280534431588248","potions_obtained":[{"floor":1.0,"key":"AttackPotion"},{"floor":7.0,"key":"SteroidPotion"},{"floor":8.0,"key":"Block Potion"},{"floor":10.0,"key":"Strength Potion"},{"floor":12.0,"key":"Explosive Potion"}],"is_trial":false,"path_per_floor":["M","M","M","$","?","E","M","E","T","M","M","M","R","M","R","B",null,"M","$","?","?","M","E"],"character_chosen":"THE_SILENT","items_purchased":["Happy Flower","Noxious Fumes"],"campfire_rested":0,"item_purchase_floors":[4,4],"current_hp_per_floor":[58,58,57,57,57,40,40,21,21,23,21,20,20,21,21,23,55,46,46,46,46,25,0,0],"gold":399,"neow_bonus":"HUNDRED_GOLD","is_daily":false,"chose_seed":false,"campfire_upgraded":2,"win_rate":0.0,"timestamp":1609773663,"path_taken":["M","M","M","$","?","E","M","E","T","M","M","M","R","M","R","BOSS","M","?","?","?","M","E"],"items_purchased_type":["Relic","Card"],"build_version":"2020-12-22","purchased_purges":0,"victory":false,"max_hp_per_floor":[66,66,66,66,66,66,66,66,66,66,66,66,66,66,66,66,66,66,66,66,66,66,66,66],"relic_stats":{"Blood Vial":16,"Happy Flower":[17],"counters":[14,65],"HoveringKite":[6],"MawBank":204,"obtain_stats":[{"Blood Vial":9,"Happy Flower":4,"HoveringKite":17,"GremlinMask":5,"The Courier":8,"MawBank":6,"Ring of the Snake":0},{"Blood Vial":6,"Happy Flower":3,"HoveringKite":11,"GremlinMask":3,"The Courier":6,"MawBank":4,"Ring of the Snake":0},{"Blood Vial":31,"Happy Flower":12,"HoveringKite":52,"GremlinMask":12,"The Courier":31,"MawBank":18,"Ring of the Snake":0}],"Ring of the Snake":[28]},"card_choices":[{"not_picked":["Cloak And Dagger","Backflip"],"picked":"Dagger Throw","floor":1.0},{"not_picked":["Accuracy","Heel Hook","Skewer"],"picked":"SKIP","floor":2.0},{"not_picked":["Acrobatics","Slice"],"picked":"Eviscerate","floor":3.0},{"not_picked":["Caltrops","PiercingWail"],"picked":"Slice","floor":6.0},{"not_picked":["Outmaneuver","PiercingWail"],"picked":"Dagger Throw","floor":7.0},{"not_picked":["Burst","Noxious Fumes"],"picked":"Unload","floor":8.0},{"not_picked":["Outmaneuver","Flying Knee"],"picked":"Backstab","floor":10.0},{"not_picked":["Dodge and Roll","Poisoned Stab","Skewer"],"picked":"SKIP","floor":11.0},{"not_picked":["Deadly Poison","Dagger Throw","Dodge and Roll"],"picked":"SKIP","floor":12.0},{"not_picked":["Outmaneuver","Deadly Poison"],"picked":"Endless Agony","floor":14},{"not_picked":["Grand Finale","Phantasmal Killer"],"picked":"Wraith Form v2","floor":16},{"not_picked":["Cloak And Dagger+1","Bane"],"picked":"Outmaneuver+1","floor":18},{"not_picked":["Heel Hook","Poisoned Stab","Setup"],"picked":"SKIP","floor":22}],"player_experience":101280,"relics_obtained":[{"floor":6.0,"key":"MawBank"},{"floor":8.0,"key":"The Courier"},{"floor":9.0,"key":"Blood Vial"}],"event_choices":[{"damage_healed":0.0,"max_hp_gain":0.0,"max_hp_loss":0.0,"gold_gain":0.0,"event_name":"FaceTrader","player_choice":"Trade","floor":5.0,"gold_loss":0.0,"damage_taken":0.0,"relics_obtained":["GremlinMask"]},{"damage_healed":0,"gold_gain":0,"player_choice":"Upgraded","damage_taken":0,"max_hp_gain":0,"max_hp_loss":0,"event_name":"Upgrade Shrine","floor":20,"gold_loss":0,"cards_upgraded":["Wraith Form v2"]},{"cards_removed":["Strike_G"],"damage_healed":0,"gold_gain":0,"player_choice":"Gave Gold","damage_taken":0,"max_hp_gain":0,"max_hp_loss":0,"event_name":"Beggar","floor":21,"gold_loss":75}],"is_beta":false,"boss_relics":[{"not_picked":["Fusion Hammer","Runic Dome"],"picked":"HoveringKite"}],"items_purged_floors":[],"is_endless":false,"potions_floor_spawned":[1,7,8,10,12],"killed_by":"Slavers","ascension_level":20}}