{"host":"i09pxcjttd31eh4q","time":1609753534,"event":{"mods":["AchievementEnabler","BaseMod","Colored Map","Keyboard Shortcuts","Minty Spire (QoL Compilation)","StSLib","SuperFastMode"],"gold_per_floor":[119,119,16,37,37,76,100,100,100,144,169,187,263,263,263,356,356,372,395,395,395],"floor_reached":20,"playtime":448,"items_purged":["Strike_G"],"score":414,"play_id":"42760783-40d4-46b3-a4f2-8689fccc9419","local_time":"20210104184534","is_ascension_mode":true,"campfire_choices":[{"data":"Noxious Fumes","floor":8.0,"key":"SMITH"},{"floor":15.0,"key":"REST"}],"circlet_count":0,"master_deck":["AscendersBane","Strike_G","Strike_G","Defend_G","Defend_G","Defend_G","Defend_G","Survivor","Neutralize","Endless Agony","Poisoned Stab","Quick Slash","Footwork","Noxious Fumes+1","Dagger Spray","PiercingWail","Blade Dance","Corpse Explosion","Bullet Time+1","Deflect+1","Adrenaline+1","Cloak And Dagger+1"],"relics":["Ring of the Snake","NeowsBlessing","Golden Idol","Ninja Scroll","Kunai","Juzu Bracelet","Odd Mushroom","PreservedInsect","Shuriken","Astrolabe"],"acts_visited":["Exordium","TheCity"],"potions_floor_usage":[],"damage_taken":[{"damage":0.0,"enemies":"Cultist","floor":1.0,"turns":1.0},{"damage":0.0,"enemies":"2 Louse","floor":4.0,"turns":1.0},{"damage":0.0,"enemies":"3 Sentries","floor":6.0,"turns":1.0},{"damage":7.0,"enemies":"Small Slimes","floor":7.0,"turns":3.0},{"damage":30.0,"enemies":"Lagavulin","floor":10.0,"turns":7.0},{"damage":4.0,"enemies":"The Mushroom Lair","floor":11.0,"turns":4.0},{"damage":0.0,"enemies":"Looter","floor":12.0,"turns":3.0},{"damage":17.0,"enemies":"Lagavulin Event","floor":13.0,"turns":6.0},{"damage":16.0,"enemies":"The Guardian","floor":16.0,"turns":10.0},{"damage":21,"enemies":"Shell Parasite","floor":18,"turns":4},{"damage":14,"enemies":"Spheric Guardian","floor":19,"turns":4},{"damage":14,"enemies":"Snake Plant","floor":20,"turns":2}],"seed_played":"-2917439284466741825","potions_obtained":[{"floor":6.0,"key":"Weak Potion"},{"floor":7.0,"key":"FearPotion"},{"floor":10.0,"key":"Block Potion"}],"is_trial":false,"path_per_floor":["M","?","$","M","$","E","M","R","T","E","?","M","?","T","R","B",null,"M","M","M"],"character_chosen":"THE_SILENT","items_purchased":["Poisoned Stab"],"campfire_rested":1,"item_purchase_floors":[3],"current_hp_per_floor":[59,59,59,59,59,59,52,52,52,22,18,18,1,1,19,3,46,25,11,0,0],"gold":395,"neow_bonus":"THREE_ENEMY_KILL","is_daily":false,"chose_seed":false,"campfire_upgraded":1,"win_rate":0.0,"timestamp":1609753534,"path_taken":["M","?","$","M","$","E","M","R","T","E","?","M","?","?","R","BOSS","M","M","M"],"items_purchased_type":["Card"],"build_version":"2020-12-22","purchased_purges":1,"victory":false,"max_hp_per_floor":[66,60,60,60,60,60,60,60,60,60,60,60,60,60,60,60,60,60,60,60,60],"card_choices":[{"not_picked":["Slice","PiercingWail"],"picked":"Endless Agony","floor":1.0},{"not_picked":["PiercingWail","Cloak And Dagger"],"picked":"Quick Slash","floor":4.0},{"not_picked":["Slice","Flechettes"],"picked":"Footwork","floor":6.0},{"not_picked":["Quick Slash","Dodge and Roll"],"picked":"Noxious Fumes","floor":7.0},{"not_picked":["Noxious Fumes","Concentrate"],"picked":"Dagger Spray","floor":10.0},{"not_picked":["Dodge and Roll","Wraith Form v2"],"picked":"PiercingWail","floor":12.0},{"not_picked":["Flechettes","Noxious Fumes"],"picked":"Blade Dance","floor":13.0},{"not_picked":["Doppelganger","Bullet Time"],"picked":"Corpse Explosion","floor":16.0},{"not_picked":["Deadly Poison","Dagger Throw","Deflect"],"picked":"SKIP","floor":18},{"not_picked":["Blade Dance","Dagger Spray"],"picked":"Cloak And Dagger+1","floor":19}],"player_experience":824016,"relics_obtained":[{"floor":6.0,"key":"Ninja Scroll"},{"floor":9.0,"key":"Kunai"},{"floor":10.0,"key":"Juzu Bracelet"},{"floor":11.0,"key":"Odd Mushroom"},{"floor":13.0,"key":"PreservedInsect"},{"floor":14.0,"key":"Shuriken"}],"event_choices":[{"damage_healed":0.0,"max_hp_gain":0.0,"max_hp_loss":6.0,"gold_gain":0.0,"event_name":"Golden Idol","player_choice":"Lose Max HP","floor":2.0,"gold_loss":0.0,"damage_taken":0.0,"relics_obtained":["Golden Idol"]},{"damage_healed":0.0,"max_hp_gain":0.0,"max_hp_loss":0.0,"gold_gain":0.0,"event_name":"Mushrooms","player_choice":"Fought Mushrooms","floor":11.0,"gold_loss":0.0,"damage_taken":0.0},{"damage_healed":0.0,"max_hp_gain":0.0,"max_hp_loss":0.0,"gold_gain":0.0,"event_name":"Dead Adventurer","player_choice":"Searched \u00271\u0027 times","floor":13.0,"gold_loss":0.0,"damage_taken":0.0}],"is_beta":false,"boss_relics":[{"not_picked":["Velvet Choker","Philosopher\u0027s Stone"],"picked":"Astrolabe"}],"items_purged_floors":[3],"is_endless":false,"potions_floor_spawned":[6,7,10,12],"killed_by":"Snake Plant","ascension_level":20}}