{"host":"6jxiafzta1a1kcvk","time":1609749872,"event":{"mods":["Act Like it!","BaseMod","Conspire","Hubris","Hunter ¡‘»À","Jorbs\u0027s Wanderer Trilogy","Minty Spire (QoL Compilation)","Replay The Spire","Spicy Shops","StSLib","SuperFastMode","The Hayseed","The Mystic","vexMod"],"gold_per_floor":[148,167,186,186,186,244,244,261,261,320,320,354,367,367,367,494,494,510,607,622,622,632,632,694,310,333,333,345,377,377,393,393,521,521,534,534,534,158,171,171,206,206,206,206,237,237,237,281,281,281,281,281,41,96,96],"floor_reached":56,"playtime":2935,"items_purged":["Pain","Defend_Giant","Strike_Giant","Hallucinations","Strike_Giant"],"score":1161,"play_id":"349681a2-5419-4e2d-9413-77dd6d71f6b5","local_time":"20210104164432","is_ascension_mode":false,"campfire_choices":[{"floor":7.0,"key":"RECALL"},{"floor":11.0,"key":"REST"},{"floor":15.0,"key":"REST"},{"data":"SpikerPetCall","floor":23.0,"key":"SMITH"},{"floor":27.0,"key":"REST"},{"floor":32.0,"key":"REST"},{"data":"Drunk Grant","floor":40.0,"key":"SMITH"},{"data":"Giant Prayer","floor":42,"key":"SMITH"},{"floor":47,"key":"REST"},{"floor":49,"key":"REST"},{"data":"Pot Of Greed","floor":52,"key":"SMITH"}],"circlet_count":0,"master_deck":["Defend_Giant+1","Defend_Giant+1","Defend_Giant+1","CultistPetCall+1","EagleFirst","EagleSecond","SpikerPetCall+1","Backflip Giant","Hunter Bow+1","Encourage_Giant","Combo Form","Combo Connect","GremlinNobPetCall","Random Death Rattle+1","Retain Combo+1","Echo Defend Giant+1","Giant Prayer+1","Pot Of Greed+1","Pot Of Greed","Drunk Grant+1","Giant Prayer+1","Pot Of Greed+1"],"relics":["GiantSoulBox","NeowsBlessing","Chameleon Ring","Replay:WaspNest","ReplayTheSpireMod:Shallot","Gambling Chip","hubris:64BitClover","MealTicket","GiantSoulStone","Velvet Choker","Bag of Preparation","WarpedTongs","Gremlin Food","ClockworkSouvenir","Replay:Baseball","Grinning Jar","hubris:FruitBowl","hubris:Metronome","vexMod:TanglingVine","HandDrill","HornCleat","Replay:Bottled Eggs","Replay:Wax Seal","Kunai","hubris:Potato"],"acts_visited":["Exordium","TheCity","TheBeyond","TheEnding"],"potions_floor_usage":[55,55,55],"damage_taken":[{"damage":0.0,"enemies":"Jaw Worm","floor":1.0,"turns":1.0},{"damage":0.0,"enemies":"2 Louse","floor":2.0,"turns":1.0},{"damage":0.0,"enemies":"Cultist","floor":3.0,"turns":1.0},{"damage":23.0,"enemies":"Lagavulin","floor":6.0,"turns":5.0},{"damage":0.0,"enemies":"2 Fungi Beasts","floor":8.0,"turns":4.0},{"damage":21.0,"enemies":"Gremlin Nob","floor":10.0,"turns":5.0},{"damage":49.0,"enemies":"Lagavulin","floor":12.0,"turns":7.0},{"damage":0.0,"enemies":"3 Louse","floor":13.0,"turns":4.0},{"damage":33.0,"enemies":"Fading Forest","floor":16.0,"turns":11.0},{"damage":18.0,"enemies":"2 Thieves","floor":18.0,"turns":4.0},{"damage":1.0,"enemies":"conspire:FuzzyDice","floor":20.0,"turns":5.0},{"damage":18.0,"enemies":"Centurion and Healer","floor":22.0,"turns":5.0},{"damage":44.0,"enemies":"Slavers","floor":24.0,"turns":7.0},{"damage":0.0,"enemies":"Shelled Parasite and Fungi","floor":28.0,"turns":4.0},{"damage":30.0,"enemies":"conspire:SneckoGhost","floor":29.0,"turns":7.0},{"damage":0.0,"enemies":"Snake Plant","floor":31.0,"turns":3.0},{"damage":62.0,"enemies":"Automaton","floor":33.0,"turns":8.0},{"damage":13.0,"enemies":"Orb Walker","floor":35.0,"turns":3.0},{"damage":5.0,"enemies":"3 Darklings","floor":39.0,"turns":4.0},{"damage":25,"enemies":"R_Hoarder","floor":41,"turns":8},{"damage":30,"enemies":"Reptomancer","floor":45,"turns":6},{"damage":32,"enemies":"Spire Growth","floor":48,"turns":5},{"damage":47,"enemies":"Replay:Hell Engine","floor":50,"turns":8},{"damage":67,"enemies":"Shield and Spear","floor":54,"turns":8},{"damage":75,"enemies":"The Heart","floor":55,"turns":8}],"seed_played":"-7182665985080122485","potions_obtained":[{"floor":3.0,"key":"Adrenaline Potion"},{"floor":6.0,"key":"Block Potion"},{"floor":8.0,"key":"Energy Potion"},{"floor":28.0,"key":"SkillPotion"},{"floor":29.0,"key":"SneckoOil"}],"is_trial":false,"path_per_floor":["M","M","M","?","?","E","R","M","T","E","R","E","M","?","R","B",null,"M","?","M","?","M","R","E","$","T","R","M","E","$","M","R","B",null,"M","?","?","$","M","R","E","R","T","?","E","?","R","M","R","B",null,"R","$","E","B",null],"character_chosen":"Giant","items_purchased":["ClockworkSouvenir","Replay:Baseball","hubris:FruitBowl","HandDrill","Kunai"],"campfire_rested":6,"item_purchase_floors":[25,25,30,38,53],"current_hp_per_floor":[65,65,65,65,65,51,51,55,55,47,69,24,24,24,46,42,80,62,42,61,61,57,57,26,41,41,66,70,58,27,53,78,68,92,89,89,89,92,92,92,92,92,92,92,78,78,92,81,99,66,99,99,99,61,48],"gold":96,"neow_bonus":"THREE_ENEMY_KILL","is_daily":false,"chose_seed":false,"campfire_upgraded":4,"win_rate":0.0,"timestamp":1609749872,"path_taken":["M","M","M","?","?","E","R","M","T","E","R","E","?","?","R","BOSS","M","?","M","?","?","R","E","$","T","R","M","E","?","M","R","BOSS","M","?","?","$","M","R","E","R","T","?","E","?","R","M","R","BOSS","R","$","E","BOSS"],"items_purchased_type":["Relic","Relic","Relic","Relic","Relic"],"build_version":"2020-12-22","purchased_purges":5,"victory":true,"max_hp_per_floor":[65,65,65,65,65,70,70,70,70,75,75,75,75,75,75,80,80,80,80,80,80,80,80,85,85,85,85,85,85,85,85,85,92,92,92,92,92,92,92,92,92,92,92,92,92,92,92,99,99,99,99,99,99,106,106],"card_choices":[{"not_picked":["Struggle Attack","Ready_Giant"],"picked":"SpikerPetCall","floor":1.0},{"not_picked":["Combo Recycle","The End Giant"],"picked":"Backflip Giant","floor":2.0},{"not_picked":["Fanatic Cultist","EagleSecond"],"picked":"Hunter Bow","floor":3.0},{"not_picked":["Pummel Giant","Combo Recycle"],"picked":"Encourage_Giant","floor":6.0},{"not_picked":["Combo Defend","Random Death Rattle"],"picked":"Combo Form","floor":8.0},{"not_picked":["Combo Connect","One Blood","ByrdPetCall"],"picked":"SKIP","floor":10.0},{"not_picked":["Death Explode","Burning Pact Giant"],"picked":"Combo Connect","floor":12.0},{"not_picked":["Hunter Bow","HPGrowth_Giant","Resurrection Giant"],"picked":"SKIP","floor":13.0},{"not_picked":["BattleMaster_Giant","Upgrade_Giant"],"picked":"GremlinNobPetCall","floor":16.0},{"not_picked":["Ready_Giant","CultistPetCall"],"picked":"Random Death Rattle","floor":18.0},{"not_picked":["Ready_Giant","Fanatic Cultist"],"picked":"Retain Combo+1","floor":20.0},{"not_picked":["Heal Wind","Spirit Of Beast"],"picked":"Echo Defend Giant","floor":22.0},{"not_picked":["HPGrowth_Giant","GremlinTsunderePetCall"],"picked":"Giant Prayer","floor":24.0},{"not_picked":["Pummel Giant","HPGrowth_Giant","Seek Pet"],"picked":"SKIP","floor":28.0},{"not_picked":["Fanatic Cultist","Trace_Giant","The End Giant"],"picked":"SKIP","floor":29.0},{"not_picked":["Combo Defend","Death Prophecy","Combo Connect"],"picked":"SKIP","floor":31.0},{"not_picked":["Duplicate Hand","Combo Defend+1"],"picked":"Drunk Grant","floor":35.0},{"not_picked":["HealerPetCall","Retain Combo+1","Protect_Giant"],"picked":"SKIP","floor":39.0},{"not_picked":["SnakeForm","Rupture Giant","Discover Pet+1"],"picked":"SKIP","floor":41},{"not_picked":["Random Death Rattle","Heal Wind","Rupture Giant"],"picked":"SKIP","floor":45},{"not_picked":["Pummel Giant","Clone Minion+1"],"picked":"Giant Prayer+1","floor":48},{"not_picked":["GremlinTsunderePetCall","Retain Combo","Heal Wind+1"],"picked":"SKIP","floor":54}],"player_experience":60395,"relics_obtained":[{"floor":5.0,"key":"Chameleon Ring"},{"floor":6.0,"key":"Replay:WaspNest"},{"floor":9.0,"key":"ReplayTheSpireMod:Shallot"},{"floor":10.0,"key":"Gambling Chip"},{"floor":12.0,"key":"hubris:64BitClover"},{"floor":16.0,"key":"GiantSoulStone"},{"floor":19.0,"key":"Bag of Preparation"},{"floor":24.0,"key":"Gremlin Food"},{"floor":29.0,"key":"Grinning Jar"},{"floor":31.0,"key":"hubris:Metronome"},{"floor":41,"key":"HornCleat"},{"floor":43,"key":"Replay:Bottled Eggs"},{"floor":45,"key":"Replay:Wax Seal"},{"floor":54,"key":"hubris:Potato"}],"event_choices":[{"damage_healed":0.0,"max_hp_gain":0.0,"max_hp_loss":0.0,"gold_gain":0.0,"event_name":"Wheel of Change","player_choice":"Relic","floor":5.0,"gold_loss":0.0,"damage_taken":0.0},{"damage_healed":0.0,"max_hp_gain":0.0,"max_hp_loss":0.0,"gold_gain":0.0,"event_name":"Dead Adventurer","player_choice":"Searched \u00271\u0027 times","floor":14.0,"gold_loss":0.0,"damage_taken":0.0,"relics_obtained":["MealTicket"]},{"damage_healed":0.0,"max_hp_gain":0.0,"max_hp_loss":0.0,"gold_gain":0.0,"event_name":"Accursed Blacksmith","player_choice":"Rummage","floor":21.0,"gold_loss":0.0,"damage_taken":0.0,"relics_obtained":["WarpedTongs"],"cards_obtained":["Pain"]},{"damage_healed":0.0,"max_hp_gain":0.0,"max_hp_loss":0.0,"gold_gain":0.0,"event_name":"conspire:Investor","player_choice":"Leave","floor":36.0,"gold_loss":0.0,"damage_taken":0.0},{"damage_healed":0,"gold_gain":0,"player_choice":"Ignored","damage_taken":0,"max_hp_gain":0,"max_hp_loss":0,"event_name":"Tomb of Lord Red Mask","floor":44,"gold_loss":0},{"cards_removed":["EagleFirst"],"damage_healed":0,"gold_gain":0,"player_choice":"Purged","damage_taken":0,"max_hp_gain":0,"max_hp_loss":0,"event_name":"Purifier","floor":46,"gold_loss":0}],"is_beta":false,"boss_relics":[{"not_picked":["Sozu","Runic Pyramid"],"picked":"Velvet Choker"},{"not_picked":["vexMod:EndlessSickness","Tiny House"],"picked":"vexMod:TanglingVine"}],"items_purged_floors":[25,30,30,38,38],"is_endless":false,"potions_floor_spawned":[3,6,8,12,22,28,29,33,35,39,54],"ascension_level":0}}