{"host":"mruvby243fwgm3bp","time":1609800243,"event":{"mods":["AchievementEnabler","BaseMod","Colored Map","Colored Powertips","Minty Spire (QoL Compilation)","Permanent Neow","Random Character Button","StSLib"],"gold_per_floor":[117,117,137,150,168,168,168,178,203,203,222,2,2,15,15,15,15],"floor_reached":16,"playtime":1033,"items_purged":[],"score":122,"play_id":"3db7f4bc-3241-4a2e-8feb-6c44867af130","local_time":"20210104144403","is_ascension_mode":true,"campfire_choices":[{"data":"After Image","floor":6,"key":"SMITH"},{"data":"Madness","floor":10,"key":"SMITH"},{"data":"Corpse Explosion","floor":15,"key":"SMITH"}],"circlet_count":0,"master_deck":["Strike_G","Strike_G","Strike_G","Strike_G","Strike_G","Defend_G","Defend_G","Defend_G","Defend_G","Defend_G","Survivor","Neutralize","After Image+1","Dagger Spray","Madness+1","Escape Plan","PiercingWail","Escape Plan","Corpse Explosion+1"],"relics":["Ring of the Snake","Omamori","Membership Card","Blood Vial"],"acts_visited":["Exordium"],"potions_floor_usage":[11,16],"damage_taken":[{"damage":2,"enemies":"2 Louse","floor":1,"turns":4},{"damage":0,"enemies":"Cultist","floor":3,"turns":5},{"damage":0,"enemies":"Jaw Worm","floor":4,"turns":5},{"damage":0,"enemies":"Exordium Wildlife","floor":5,"turns":4},{"damage":0,"enemies":"2 Fungi Beasts","floor":8,"turns":4},{"damage":6,"enemies":"Exordium Thugs","floor":11,"turns":7},{"damage":0,"enemies":"Looter","floor":14,"turns":4},{"damage":46,"enemies":"Slime Boss","floor":16,"turns":9}],"seed_played":"-7505134498894107874","potions_obtained":[{"floor":3,"key":"Dexterity Potion"},{"floor":4,"key":"Block Potion"},{"floor":14,"key":"SmokeBomb"}],"is_trial":false,"path_per_floor":["M","?","M","M","M","R","?","M","T","R","M","$","?","M","R","B"],"character_chosen":"THE_SILENT","items_purchased":["Membership Card","Corpse Explosion"],"campfire_rested":0,"item_purchase_floors":[12,12],"current_hp_per_floor":[61,61,61,61,61,61,66,66,66,66,60,60,42,44,44,0,0],"gold":15,"neow_bonus":"THREE_RARE_CARDS","is_daily":false,"chose_seed":false,"campfire_upgraded":3,"win_rate":0.0,"timestamp":1609800243,"path_taken":["M","?","?","M","M","R","?","M","T","R","M","?","?","M","R","BOSS"],"items_purchased_type":["Relic","Card"],"build_version":"2020-12-22","purchased_purges":0,"victory":false,"max_hp_per_floor":[63,63,63,63,63,63,68,68,68,68,68,68,68,68,68,68,68],"card_choices":[{"not_picked":["Storm of Steel","Burst"],"picked":"After Image","floor":0},{"not_picked":["Quick Slash","Distraction"],"picked":"Dagger Spray","floor":1},{"not_picked":["Reflex","Acrobatics","Endless Agony"],"picked":"SKIP","floor":3},{"not_picked":["Sucker Punch","Skewer"],"picked":"Escape Plan","floor":4},{"not_picked":["Deadly Poison","Calculated Gamble"],"picked":"PiercingWail","floor":5},{"not_picked":["Poisoned Stab","Flying Knee","Dodge and Roll"],"picked":"SKIP","floor":8},{"not_picked":["Bane","Reflex"],"picked":"Escape Plan","floor":11},{"not_picked":["Poisoned Stab","Sucker Punch","Dodge and Roll"],"picked":"SKIP","floor":14}],"player_experience":371410,"relics_obtained":[{"floor":9,"key":"Omamori"}],"event_choices":[{"damage_healed":0,"gold_gain":0,"player_choice":"1 cards matched","damage_taken":0,"max_hp_gain":0,"max_hp_loss":0,"event_name":"Match and Keep!","floor":2,"gold_loss":0,"cards_obtained":["Madness"]},{"damage_healed":0,"gold_gain":0,"player_choice":"Donut","damage_taken":0,"max_hp_gain":5,"max_hp_loss":0,"event_name":"Big Fish","floor":7,"gold_loss":0},{"damage_healed":0,"gold_gain":0,"player_choice":"Success","damage_taken":18,"relics_obtained":["Blood Vial"],"max_hp_gain":0,"max_hp_loss":0,"event_name":"Scrap Ooze","floor":13,"gold_loss":0}],"is_beta":false,"boss_relics":[],"items_purged_floors":[],"is_endless":false,"potions_floor_spawned":[3,4,14],"killed_by":"Slime Boss","ascension_level":6}}