{"host":"29nokk5suv5vtcrv","time":1609766295,"event":{"mods":["BaseMod","Minty Spire (QoL Compilation)","Slay-I"],"gold_per_floor":[119,132,54,54,99,99,133,133,133,83,95,110,135,151,151,247,247,262,251,251,251,251],"floor_reached":21,"playtime":1100,"items_purged":[],"score":260,"play_id":"018460d2-8f5b-4ccf-ac0d-1dde5821dfab","local_time":"20210104141815","is_ascension_mode":true,"campfire_choices":[{"data":"Flame Barrier","floor":6,"key":"SMITH"},{"data":"Bandage Up","floor":8,"key":"SMITH"},{"data":"Juggernaut","floor":15,"key":"SMITH"}],"circlet_count":0,"master_deck":["Strike_R","Strike_R","Strike_R","Strike_R","Defend_R","Defend_R","Defend_R","Defend_R","Bash","Bandage Up+1","Inflame","Flame Barrier+1","Juggernaut+1","CurseOfTheBell","Rampage","Body Slam"],"relics":["Burning Blood","Self Forming Clay","Centennial Puzzle","Strawberry","Kunai","Red Skull","Calling Bell","PreservedInsect","Ornamental Fan","Bird Faced Urn"],"acts_visited":["Exordium","TheCity"],"potions_floor_usage":[12,14,19,19,19,21],"damage_taken":[{"damage":1,"enemies":"2 Louse","floor":1,"turns":5},{"damage":18,"enemies":"Jaw Worm","floor":2,"turns":4},{"damage":33,"enemies":"Gremlin Nob","floor":7,"turns":5},{"damage":1,"enemies":"Cultist","floor":11,"turns":4},{"damage":7,"enemies":"3 Louse","floor":12,"turns":4},{"damage":1,"enemies":"2 Fungi Beasts","floor":14,"turns":3},{"damage":64,"enemies":"Slime Boss","floor":16,"turns":14},{"damage":35,"enemies":"Shell Parasite","floor":18,"turns":12},{"damage":13,"enemies":"2 Thieves","floor":19,"turns":5},{"damage":66,"enemies":"Masked Bandits","floor":21,"turns":4}],"seed_played":"-6822907970321294769","potions_obtained":[{"floor":2,"key":"Dexterity Potion"},{"floor":11,"key":"Swift Potion"},{"floor":12,"key":"Fire Potion"},{"floor":16,"key":"LiquidBronze"},{"floor":18,"key":"Dexterity Potion"},{"floor":19,"key":"PowerPotion"}],"is_trial":false,"path_per_floor":["M","M","$","?","T","R","E","R","T","?","M","M","T","M","R","B",null,"M","M","$","?"],"character_chosen":"IRONCLAD","items_purchased":["Flame Barrier"],"campfire_rested":0,"item_purchase_floors":[3],"current_hp_per_floor":[80,72,72,65,65,65,45,45,45,45,56,61,61,72,72,20,70,51,52,52,0,0],"gold":251,"neow_bonus":"RANDOM_COLORLESS","is_daily":false,"chose_seed":false,"campfire_upgraded":3,"win_rate":0.0,"timestamp":1609766295,"path_taken":["M","M","$","?","?","R","E","R","T","?","M","M","?","M","R","BOSS","M","?","$","?"],"items_purchased_type":["Card"],"build_version":"2020-12-22","purchased_purges":0,"victory":false,"max_hp_per_floor":[80,80,80,80,80,80,87,87,87,87,87,87,87,87,87,87,87,87,87,87,87,87],"card_choices":[{"not_picked":["Deep Breath","PanicButton"],"picked":"Bandage Up","floor":0},{"not_picked":["Shockwave","Pommel Strike","Iron Wave"],"picked":"SKIP","floor":1},{"not_picked":["Flex","Sword Boomerang"],"picked":"Inflame","floor":2},{"not_picked":["Battle Trance","Warcry","Iron Wave"],"picked":"SKIP","floor":7},{"not_picked":["Flex","Warcry","Shrug It Off"],"picked":"SKIP","floor":11},{"not_picked":["Thunderclap","Clash"],"picked":"Juggernaut","floor":12},{"not_picked":["Hemokinesis","Twin Strike","Clash"],"picked":"SKIP","floor":14},{"not_picked":["Pommel Strike","True Grit"],"picked":"Rampage","floor":18},{"not_picked":["Disarm+1","Flex+1"],"picked":"Body Slam","floor":19}],"player_experience":852762,"relics_obtained":[{"floor":5,"key":"Centennial Puzzle"},{"floor":7,"key":"Strawberry"},{"floor":9,"key":"Kunai"},{"floor":13,"key":"Red Skull"},{"floor":17,"key":"PreservedInsect"},{"floor":17,"key":"Ornamental Fan"},{"floor":17,"key":"Bird Faced Urn"}],"event_choices":[{"damage_healed":0,"gold_gain":0,"player_choice":"Success","damage_taken":7,"relics_obtained":["Self Forming Clay"],"max_hp_gain":0,"max_hp_loss":0,"event_name":"Scrap Ooze","floor":4,"gold_loss":0},{"cards_removed":["Strike_R"],"damage_healed":0,"gold_gain":0,"player_choice":"Card Removal","damage_taken":0,"max_hp_gain":0,"max_hp_loss":0,"event_name":"The Cleric","floor":10,"gold_loss":50},{"damage_healed":0,"gold_gain":0,"player_choice":"Fought Bandits","damage_taken":0,"max_hp_gain":0,"max_hp_loss":0,"event_name":"Masked Bandits","floor":21,"gold_loss":0}],"is_beta":false,"boss_relics":[{"not_picked":["Ectoplasm","Empty Cage"],"picked":"Calling Bell"}],"items_purged_floors":[],"is_endless":false,"potions_floor_spawned":[2,11,12,16,18,19],"killed_by":"Masked Bandits","ascension_level":9}}