{"host":"ixqzyafodex1tsi5","time":1609764535,"event":{"mods":["ATMod(°¢èªMod)","AchievementEnabler","Act Like it!","BaseMod","Gensokyo","GifTheSpireLib","Luminous","Minty Spire (QoL Compilation)","Relic Stats","Replay The Spire","RumiaBox-Â¶Ã×æ«µÄÉñÃØºÐ×Ó","Shop Mod","Spicy Shops","StSLib","The Cursed","[IsaacMod]ÒÔÈö¼âËþ","¡¾¹¦ÄÜMod¡¿»ìãçÖ®»·ÐÞ¸´²¹¶¡","¡¾ÒÅÎï¿¨ÅÆ¡¿REMEMod"],"gold_per_floor":[115,40,52,71,85,85,110,110,110,124,142,142,142,42,42,146,146,158,158,158,169,181,181,181,181,235,245,120,130,150,168,168,271,271,291,591,173,192,234,234,377,436,436,479,479,554,554,668,668,793],"floor_reached":51,"playtime":1149,"items_purged":["Defend_G","Strike_G","Defend_G","Strike_G"],"score":958,"play_id":"1f4824a5-8f83-4797-b2cf-b017371b8e94","local_time":"20210104204855","is_ascension_mode":false,"campfire_choices":[{"data":"Hyperbeam","floor":6,"key":"SMITH"},{"data":"AT_DrawKnifeCut","floor":15,"key":"SMITH"},{"floor":23,"key":"REST"},{"data":"RitualDagger","floor":40,"key":"SMITH"},{"floor":49,"key":"DIG"}],"circlet_count":0,"master_deck":["Strike_G+1","Defend_G+1","Survivor","Neutralize","AT_DrawKnifeCut+1","Hyperbeam+1","Slice","AT_WindFlip","Iron Wave"],"relics":["Ring of the Serpent","REME_ComplimentaryCards","HushsDoor","AT_ATBox","DoctorsRemote","Mummified Hand","Garlic","GodSword5","JudasShadow","AT_BellDemon","Unceasing Top","Tough Bandages","REME_PoisonedDagger","ZombieArmy","REME_LimitBreaker","Empty Cage","SteamSale","REME_CardOfGreed","AT_SunfireAegis","MoreBug","AT_MibuBalloonWealth","Incense Burner","Juzu Bracelet","Akabeko","Singing Bowl","Replay:Ringing Soul","AT_SilverBalance"],"acts_visited":["Exordium","TheCity","TheBeyond"],"potions_floor_usage":[22,30,31,33,33,33],"damage_taken":[{"damage":0,"enemies":"Cultist","floor":1,"turns":2},{"damage":0,"enemies":"Small Slimes","floor":3,"turns":2},{"damage":0,"enemies":"2 Louse","floor":4,"turns":1},{"damage":0,"enemies":"Gremlin Gang","floor":5,"turns":1},{"damage":4,"enemies":"Gremlin Nob","floor":7,"turns":3},{"damage":0,"enemies":"Exordium Wildlife","floor":10,"turns":2},{"damage":0,"enemies":"Blue Slaver","floor":11,"turns":1},{"damage":24,"enemies":"Hexaghost","floor":16,"turns":8},{"damage":8,"enemies":"Shell Parasite","floor":18,"turns":3},{"damage":4,"enemies":"2 Thieves","floor":21,"turns":2},{"damage":9,"enemies":"Snake Plant","floor":22,"turns":3},{"damage":6,"enemies":"Chosen and Byrds","floor":27,"turns":3},{"damage":0,"enemies":"3 Cultists","floor":29,"turns":1},{"damage":1,"enemies":"Snecko","floor":30,"turns":3},{"damage":42,"enemies":"Snake Plant","floor":31,"turns":4},{"damage":7,"enemies":"Collector","floor":33,"turns":4},{"damage":0,"enemies":"3 Shapes","floor":35,"turns":1},{"damage":0,"enemies":"Orb Walker","floor":38,"turns":1},{"damage":0,"enemies":"Maw","floor":39,"turns":3},{"damage":0,"enemies":"3 Darklings","floor":41,"turns":1},{"damage":0,"enemies":"R_Hoarder","floor":42,"turns":2},{"damage":0,"enemies":"Transient","floor":44,"turns":5},{"damage":1,"enemies":"Mind Bloom Boss Battle","floor":46,"turns":4},{"damage":6,"enemies":"4 Shapes","floor":48,"turns":1},{"damage":0,"enemies":"Awakened One","floor":50,"turns":6}],"seed_played":"8039849836246139823","potions_obtained":[{"floor":5,"key":"LiquidMemories"},{"floor":10,"key":"Energy Potion"},{"floor":16,"key":"Adrenaline Potion"},{"floor":22,"key":"PowerPotion"},{"floor":29,"key":"CultistPotion"},{"floor":31,"key":"Languid Potion"},{"floor":32,"key":"Block Potion"},{"floor":38,"key":"BlessingOfTheForge"},{"floor":44,"key":"EntropicBrew"},{"floor":48,"key":"Languid Potion"}],"is_trial":false,"path_per_floor":["M","$","M","M","M","R","E","?","T","M","M","T","?","$","R","B",null,"M","?","?","M","M","R","?","?","T","M","$","M","M","M","R","B",null,"M","?","$","M","M","R","M","E","T","M","?","?","?","M","R","B",null],"character_chosen":"THE_SILENT","items_purchased":["JudasShadow","SteamSale","REME_CardOfGreed","AT_SunfireAegis","MoreBug"],"campfire_rested":1,"item_purchase_floors":[17,37,37,37,37],"current_hp_per_floor":[70,70,70,70,70,70,66,66,66,66,66,66,52,52,52,28,57,49,49,49,45,36,57,57,51,51,45,45,45,44,2,2,1,1,1,1,1,1,1,1,1,3,3,5,4,6,9,5,5,5],"gold":793,"neow_bonus":"REMOVE_CARD","is_daily":false,"chose_seed":false,"campfire_upgraded":3,"win_rate":0.0,"timestamp":1609764535,"path_taken":["M","$","M","M","?","R","E","?","T","M","?","?","?","?","R","BOSS","M","?","?","?","M","R","?","?","T","M","$","M","?","M","R","BOSS","M","?","?","M","M","R","?","E","T","M","?","?","?","M","R","BOSS"],"items_purchased_type":["Relic","Relic","Relic","Relic","Relic"],"build_version":"2020-12-22","purchased_purges":4,"victory":true,"max_hp_per_floor":[70,70,70,70,70,70,70,70,70,70,70,70,70,70,70,70,57,57,57,57,57,57,57,57,57,57,57,57,57,57,57,57,1,1,1,1,1,1,1,1,1,3,3,5,4,6,9,11,11,11],"relic_stats":{"Tough Bandages":[54],"Singing Bowl":8,"counters":[25,67],"Mummified Hand":[3],"Juzu Bracelet":1,"obtain_stats":[{"AT_BellDemon":26,"AT_ATBox":0,"Singing Bowl":42,"AT_MibuBalloonWealth":38,"Incense Burner":39,"Juzu Bracelet":41,"Empty Cage":34,"Replay:Ringing Soul":43,"Tough Bandages":29,"Mummified Hand":7,"Ring of the Snake":0,"ZombieArmy":31,"KeepersGift":0,"MoreBug":37,"DoctorsRemote":0,"JudasShadow":17,"AT_SilverBalance":49,"REME_LimitBreaker":33,"REME_PoisonedDagger":30,"SteamSale":37,"Akabeko":42,"Garlic":9,"GodSword5":12,"REME_CardOfGreed":37,"AT_SunfireAegis":37,"HushsDoor":0,"Ring of the Serpent":17,"Unceasing Top":27,"REME_ComplimentaryCards":0},{"AT_BellDemon":11,"AT_ATBox":0,"Singing Bowl":21,"AT_MibuBalloonWealth":18,"Incense Burner":19,"Juzu Bracelet":20,"Empty Cage":16,"Replay:Ringing Soul":21,"Tough Bandages":13,"Mummified Hand":5,"Ring of the Snake":0,"ZombieArmy":15,"KeepersGift":0,"MoreBug":17,"DoctorsRemote":0,"JudasShadow":8,"AT_SilverBalance":24,"REME_LimitBreaker":16,"REME_PoisonedDagger":14,"SteamSale":17,"Akabeko":21,"Garlic":5,"GodSword5":7,"REME_CardOfGreed":17,"AT_SunfireAegis":17,"HushsDoor":0,"Ring of the Serpent":8,"Unceasing Top":12,"REME_ComplimentaryCards":0},{"AT_BellDemon":28,"AT_ATBox":0,"Singing Bowl":51,"AT_MibuBalloonWealth":45,"Incense Burner":48,"Juzu Bracelet":49,"Empty Cage":43,"Replay:Ringing Soul":51,"Tough Bandages":32,"Mummified Hand":9,"Ring of the Snake":0,"ZombieArmy":39,"KeepersGift":0,"MoreBug":44,"DoctorsRemote":0,"JudasShadow":20,"AT_SilverBalance":61,"REME_LimitBreaker":43,"REME_PoisonedDagger":35,"SteamSale":44,"Akabeko":51,"Garlic":9,"GodSword5":12,"REME_CardOfGreed":44,"AT_SunfireAegis":44,"HushsDoor":0,"Ring of the Serpent":20,"Unceasing Top":31,"REME_ComplimentaryCards":0}],"Unceasing Top":[2]},"card_choices":[{"not_picked":["Cloak And Dagger","Prepared"],"picked":"Slice","floor":1},{"not_picked":["Atom Bomb","AT_TwilightShroud","Backstab"],"picked":"SKIP","floor":3},{"not_picked":["Masterful Stab","Dodge and Roll","Flying Knee"],"picked":"SKIP","floor":4},{"not_picked":["Backstab","Outmaneuver","All Out Attack"],"picked":"SKIP","floor":5},{"not_picked":["Outmaneuver","Bane","Catalyst"],"picked":"SKIP","floor":7},{"not_picked":["Dodge and Roll","Deflect","Underhanded Strike"],"picked":"SKIP","floor":10},{"not_picked":["Hidden Blade","REME_ShadowStrike","Dodge and Roll"],"picked":"SKIP","floor":11},{"not_picked":["Dodge and Roll","Deadly Poison","Quick Slash"],"picked":"SKIP","floor":18},{"not_picked":["Sucker Punch","Poisoned Stab","Finisher"],"picked":"SKIP","floor":21},{"not_picked":["Draining Mist","Flying Knee","Dodge and Roll+1"],"picked":"SKIP","floor":22},{"not_picked":["AT_WomanClash","Deadly Poison","Poisoned Stab"],"picked":"SKIP","floor":27},{"not_picked":["Slice","Caltrops","Sucker Punch"],"picked":"SKIP","floor":29},{"not_picked":["Toxin Wave","Dagger Spray","Bullet Time"],"picked":"SKIP","floor":30},{"not_picked":["Replay:Poison Smokescreen","Cloak And Dagger+1","Bane+1"],"picked":"SKIP","floor":31},{"not_picked":["Outmaneuver+1","Underhanded Strike+1","Terror+1"],"picked":"SKIP","floor":35},{"not_picked":["Concentrate","Backflip"],"picked":"AT_WindFlip","floor":38},{"not_picked":["Replay:Poison Smokescreen","Deadly Poison+1","AT_KneejerkReflex"],"picked":"SKIP","floor":39},{"not_picked":["Dodge and Roll","Underhanded Strike+1","Dagger Throw"],"picked":"SKIP","floor":41},{"not_picked":["Bane+1","Bouncing Flask","Atom Bomb"],"picked":"Singing Bowl","floor":42},{"not_picked":["ReplayTheSpireMod:Exploit Weakness+1","PiercingWail+1","Dodge and Roll+1"],"picked":"Singing Bowl","floor":44},{"not_picked":["Prepared+1","Flechettes+1","Bane+1"],"picked":"Singing Bowl","floor":46},{"not_picked":["Slice+1","Underhanded Strike","Flying Knee+1"],"picked":"Singing Bowl","floor":48}],"player_experience":175752,"relics_obtained":[{"floor":7,"key":"Mummified Hand"},{"floor":9,"key":"Garlic"},{"floor":12,"key":"GodSword5"},{"floor":26,"key":"AT_BellDemon"},{"floor":27,"key":"Unceasing Top"},{"floor":29,"key":"Tough Bandages"},{"floor":30,"key":"REME_PoisonedDagger"},{"floor":31,"key":"ZombieArmy"},{"floor":33,"key":"REME_LimitBreaker"},{"floor":38,"key":"AT_MibuBalloonWealth"},{"floor":39,"key":"Incense Burner"},{"floor":41,"key":"Juzu Bracelet"},{"floor":42,"key":"Akabeko"},{"floor":42,"key":"Singing Bowl"},{"floor":43,"key":"Replay:Ringing Soul"},{"floor":49,"key":"AT_SilverBalance"}],"event_choices":[{"cards_removed":["Strike_G"],"damage_healed":0,"gold_gain":0,"player_choice":"Forget","damage_taken":0,"max_hp_gain":0,"max_hp_loss":0,"event_name":"Living Wall","floor":8,"gold_loss":0},{"damage_healed":0,"gold_gain":0,"player_choice":"Entered Light","damage_taken":14,"max_hp_gain":0,"max_hp_loss":0,"event_name":"Shining Light","floor":13,"gold_loss":0,"cards_upgraded":["Defend_G","Strike_G"]},{"damage_healed":0,"gold_gain":0,"player_choice":"Ignored","damage_taken":0,"max_hp_gain":0,"max_hp_loss":0,"event_name":"The Mausoleum","floor":20,"gold_loss":0},{"damage_healed":0,"gold_gain":0,"player_choice":"Joined the Cult","damage_taken":6,"max_hp_gain":0,"max_hp_loss":0,"event_name":"Nest","floor":25,"gold_loss":0,"cards_obtained":["RitualDagger"]},{"damage_healed":0,"gold_gain":0,"player_choice":"Max HP","damage_taken":0,"max_hp_gain":0,"max_hp_loss":0,"event_name":"Winding Halls","floor":45,"gold_loss":0},{"damage_healed":0,"gold_gain":0,"player_choice":"Fight","damage_taken":0,"max_hp_gain":0,"max_hp_loss":0,"event_name":"MindBloom","floor":46,"gold_loss":0},{"cards_removed":["RitualDagger"],"damage_healed":0,"gold_gain":0,"player_choice":"Took Card","damage_taken":0,"max_hp_gain":0,"max_hp_loss":0,"event_name":"NoteForYourself","floor":47,"gold_loss":0,"cards_obtained":["Iron Wave"]}],"is_beta":false,"boss_relics":[{"not_picked":["ChampionBelt","Sozu"],"picked":"Ring of the Serpent"},{"not_picked":[]},{"not_picked":["Replay:Bronze Core","Runic Pyramid"],"picked":"Empty Cage"},{"not_picked":[]}],"items_purged_floors":[2,14,28,37],"is_endless":false,"potions_floor_spawned":[5,10,16,18,22,29,31,35,38,44,48],"ascension_level":0}}