{"host":"a1eatafr7pisesky","time":1609772208,"event":{"mods":["BaseMod","Colored Map","DeckTracker","Highlight Path","Keyboard Shortcuts","Minty Spire (QoL Compilation)","Permanent Neow","Random Character Button","StSLib","SuperFastMode","everything is the same but u backflip on backflip"],"gold_per_floor":[16,35,35,45,10,10,43,60,60,76,99,117,117,128,128,231,231,247,247,91,91,110,110,141,141,141],"floor_reached":25,"playtime":633,"items_purged":["Strike_B"],"score":301,"play_id":"f42fb840-ca17-4f8f-9052-f90740b4f1c1","local_time":"20210104235648","is_ascension_mode":true,"campfire_choices":[{"data":"Dualcast","floor":6.0,"key":"SMITH"},{"floor":13.0,"key":"REST"},{"data":"Doom and Gloom","floor":15.0,"key":"SMITH"},{"data":"Capacitor","floor":23,"key":"SMITH"}],"circlet_count":0,"master_deck":["Strike_B+1","Strike_B+1","Strike_B+1","Defend_B+1","Defend_B+1","Defend_B+1","Defend_B+1","Zap","Dualcast+1","Core Surge","Streamline","Cold Snap","Doom and Gloom+1","Chill","FTL","White Noise","Biased Cognition","Barrage","Capacitor+1","Coolheaded+1"],"relics":["FrozenCore","Bag of Marbles","Gremlin Horn","Odd Mushroom","Turnip"],"acts_visited":["Exordium","TheCity"],"potions_floor_usage":[24,24],"damage_taken":[{"damage":10.0,"enemies":"2 Louse","floor":1.0,"turns":2.0},{"damage":0.0,"enemies":"Small Slimes","floor":2.0,"turns":3.0},{"damage":10.0,"enemies":"Jaw Worm","floor":4.0,"turns":2.0},{"damage":24.0,"enemies":"3 Sentries","floor":7.0,"turns":6.0},{"damage":1.0,"enemies":"Looter","floor":8.0,"turns":2.0},{"damage":5.0,"enemies":"Large Slime","floor":10.0,"turns":4.0},{"damage":18.0,"enemies":"The Mushroom Lair","floor":11.0,"turns":2.0},{"damage":7.0,"enemies":"Red Slaver","floor":12.0,"turns":2.0},{"damage":0.0,"enemies":"2 Fungi Beasts","floor":14.0,"turns":2.0},{"damage":31.0,"enemies":"Hexaghost","floor":16.0,"turns":8.0},{"damage":26.0,"enemies":"3 Byrds","floor":18.0,"turns":5.0},{"damage":0,"enemies":"Spheric Guardian","floor":22,"turns":6},{"damage":34,"enemies":"Slavers","floor":24,"turns":7},{"damage":16,"enemies":"Shelled Parasite and Fungi","floor":25,"turns":1}],"seed_played":"-3755926468925771077","potions_obtained":[{"floor":4.0,"key":"EssenceOfDarkness"},{"floor":7.0,"key":"BlessingOfTheForge"},{"floor":8.0,"key":"AttackPotion"},{"floor":16.0,"key":"Regen Potion"}],"is_trial":false,"path_per_floor":["M","M","$","M","?","R","E","M","T","M","?","M","R","M","R","B",null,"M","?","$","?","M","R","E","M"],"character_chosen":"DEFECT","items_purchased":["Capacitor"],"campfire_rested":1,"item_purchase_floors":[20],"current_hp_per_floor":[58,58,58,48,66,66,42,41,41,36,18,11,33,33,33,2,57,31,31,31,31,31,31,12,0,0],"gold":141,"neow_bonus":"THREE_RARE_CARDS","is_daily":false,"chose_seed":false,"campfire_upgraded":3,"win_rate":0.0,"timestamp":1609772208,"path_taken":["M","M","$","M","?","R","E","M","T","M","?","M","R","M","R","BOSS","M","?","$","?","M","R","E","M"],"items_purchased_type":["Card"],"build_version":"2020-12-22","purchased_purges":1,"victory":false,"max_hp_per_floor":[75,75,75,75,75,75,75,75,75,75,75,75,75,75,75,75,75,75,75,75,75,75,75,75,75,75],"card_choices":[{"not_picked":["Fission","Multi-Cast"],"picked":"Core Surge","floor":0.0},{"not_picked":["Leap","Redo"],"picked":"Streamline","floor":1.0},{"not_picked":["Beam Cell","Defragment"],"picked":"Cold Snap","floor":2.0},{"not_picked":["Storm","Scrape","BootSequence"],"picked":"SKIP","floor":4.0},{"not_picked":["Coolheaded","Machine Learning","Streamline"],"picked":"SKIP","floor":7.0},{"not_picked":["Hologram","Cold Snap"],"picked":"Doom and Gloom","floor":8.0},{"not_picked":["Beam Cell","Fusion"],"picked":"Chill","floor":10.0},{"not_picked":["Storm","Beam Cell"],"picked":"FTL","floor":11.0},{"not_picked":["Compile Driver","Auto Shields","Redo"],"picked":"SKIP","floor":12.0},{"not_picked":["Sweeping Beam","Scrape"],"picked":"White Noise","floor":14.0},{"not_picked":["Creative AI","Rainbow"],"picked":"Biased Cognition","floor":16.0},{"not_picked":["Conserve Battery","Turbo"],"picked":"Barrage","floor":18.0},{"not_picked":["Chaos+1","Compile Driver"],"picked":"Coolheaded+1","floor":22},{"not_picked":["Compile Driver","Sweeping Beam","Heatsinks"],"picked":"SKIP","floor":24}],"player_experience":284476,"relics_obtained":[{"floor":7.0,"key":"Bag of Marbles"},{"floor":9.0,"key":"Gremlin Horn"},{"floor":11.0,"key":"Odd Mushroom"},{"floor":24,"key":"Turnip"}],"event_choices":[{"damage_healed":18.0,"max_hp_gain":0.0,"max_hp_loss":0.0,"gold_gain":0.0,"event_name":"The Cleric","player_choice":"Healed","floor":5.0,"gold_loss":35.0,"damage_taken":0.0},{"damage_healed":0.0,"max_hp_gain":0.0,"max_hp_loss":0.0,"gold_gain":0.0,"event_name":"Mushrooms","player_choice":"Fought Mushrooms","floor":11.0,"gold_loss":0.0,"damage_taken":0.0},{"damage_healed":0,"gold_gain":0,"player_choice":"Ignored","damage_taken":0,"max_hp_gain":0,"max_hp_loss":0,"event_name":"Cursed Tome","floor":19,"gold_loss":0},{"damage_healed":0,"gold_gain":0,"player_choice":"Simplicity","damage_taken":0,"max_hp_gain":0,"max_hp_loss":0,"event_name":"Back to Basics","floor":21,"gold_loss":0,"cards_upgraded":["Strike_B","Strike_B","Strike_B","Defend_B","Defend_B","Defend_B","Defend_B"]}],"is_beta":false,"boss_relics":[{"not_picked":["SacredBark","Pandora\u0027s Box"],"picked":"FrozenCore"}],"items_purged_floors":[20],"is_endless":false,"potions_floor_spawned":[4,7,8,11,14,16,18],"killed_by":"Shelled Parasite and Fungi","ascension_level":7}}