{"host":"7sni158j623xchr2","time":1609746378,"event":{"mods":["BaseMod","Colored Map","Highlight Path","Minty Spire (QoL Compilation)","Permanent Neow","Potion Indicator Mod","Rare Cards Sparkle","Relic Sorter","Relic Stats","StSLib","everything is the same but u backflip on backflip"],"gold_per_floor":[10,10,10,24,40,40,67,84,84,112,123,150,150,162,162,260,260,272,272,272,1,14,14,39,39,39,39,52,52,79,92,92,191,191,207,16,16,16,32,32,57,71,94,138,197,197,26,0,0,0,0,0,0,39,39],"floor_reached":56,"playtime":1899,"items_purged":["Strike_B","Defend_B"],"score":1359,"play_id":"29814ff4-b1e8-4469-a4a0-cd2204eadf33","local_time":"20210104014618","is_ascension_mode":true,"campfire_choices":[{"data":"Zap","floor":6.0,"key":"SMITH"},{"floor":13.0,"key":"REST"},{"data":"Dualcast","floor":15.0,"key":"SMITH"},{"data":"All For One","floor":23.0,"key":"SMITH"},{"data":"Force Field","floor":27.0,"key":"SMITH"},{"data":"Hologram","floor":29.0,"key":"SMITH"},{"floor":32.0,"key":"REST"},{"data":"Seek","floor":40.0,"key":"SMITH"},{"floor":49,"key":"RECALL"},{"data":"Rainbow","floor":52,"key":"SMITH"}],"circlet_count":0,"master_deck":["Defend_B","Zap+1","Dualcast+1","Rainbow+1","Defragment+1","Compile Driver","All For One+1","Cold Snap","Hologram+1","Leap","Sweeping Beam","Static Discharge+1","Force Field+1","Electrodynamics+1","Steam+1","Rip and Tear+1","Cold Snap+1","Defragment+1","Ball Lightning+1","Loop+1","Defragment+1","Seek+1","White Noise+1","Go for the Eyes+1","Panache+1","Heatsinks+1","Double Energy+1","Turbo","Glacier+1","Thunder Strike+1","Capacitor+1","Leap","Core Surge+1"],"relics":["FrozenCore","Centennial Puzzle","Akabeko","Frozen Egg 2","Molten Egg 2","StoneCalendar","Regal Pillow","Empty Cage","Anchor","InkBottle","CeramicFish","Nunchaku","Unceasing Top","Red Mask","Bottled Lightning"],"acts_visited":["Exordium","TheCity","TheBeyond","TheEnding"],"potions_floor_usage":[55,55,55,55,55],"damage_taken":[{"damage":5.0,"enemies":"Small Slimes","floor":1.0,"turns":3.0},{"damage":8.0,"enemies":"2 Louse","floor":4.0,"turns":2.0},{"damage":1.0,"enemies":"Cultist","floor":5.0,"turns":3.0},{"damage":18.0,"enemies":"3 Sentries","floor":7.0,"turns":5.0},{"damage":4.0,"enemies":"2 Fungi Beasts","floor":8.0,"turns":2.0},{"damage":0.0,"enemies":"Gremlin Nob","floor":10.0,"turns":2.0},{"damage":2.0,"enemies":"Exordium Thugs","floor":11.0,"turns":3.0},{"damage":15.0,"enemies":"3 Sentries","floor":12.0,"turns":5.0},{"damage":1.0,"enemies":"Blue Slaver","floor":14.0,"turns":2.0},{"damage":15.0,"enemies":"The Guardian","floor":16.0,"turns":8.0},{"damage":1.0,"enemies":"2 Thieves","floor":18.0,"turns":3.0},{"damage":0.0,"enemies":"Spheric Guardian","floor":22.0,"turns":3.0},{"damage":12.0,"enemies":"Slavers","floor":24.0,"turns":3.0},{"damage":0.0,"enemies":"Snake Plant","floor":25.0,"turns":1.0},{"damage":10.0,"enemies":"Snecko","floor":28.0,"turns":4.0},{"damage":22.0,"enemies":"Book of Stabbing","floor":30.0,"turns":4.0},{"damage":7.0,"enemies":"Sentry and Sphere","floor":31.0,"turns":5.0},{"damage":14.0,"enemies":"Automaton","floor":33.0,"turns":7.0},{"damage":24.0,"enemies":"3 Darklings","floor":35.0,"turns":3.0},{"damage":0.0,"enemies":"Orb Walker","floor":39.0,"turns":4.0},{"damage":15.0,"enemies":"Nemesis","floor":41.0,"turns":5.0},{"damage":0.0,"enemies":"Spire Growth","floor":42.0,"turns":4.0},{"damage":7,"enemies":"Reptomancer","floor":44,"turns":5},{"damage":0,"enemies":"Mind Bloom Boss Battle","floor":45,"turns":4},{"damage":6,"enemies":"Donu and Deca","floor":50,"turns":6},{"damage":5,"enemies":"Shield and Spear","floor":54,"turns":7},{"damage":6,"enemies":"The Heart","floor":55,"turns":9}],"seed_played":"-4217783891767854781","potions_obtained":[{"floor":1.0,"key":"Fire Potion"},{"floor":4.0,"key":"PowerPotion"},{"floor":10.0,"key":"FearPotion"},{"floor":14.0,"key":"DistilledChaos"},{"floor":16.0,"key":"Weak Potion"},{"floor":22.0,"key":"SmokeBomb"},{"floor":42,"key":"LiquidMemories"},{"floor":44,"key":"EntropicBrew"}],"is_trial":false,"path_per_floor":["M","?","?","M","M","R","E","M","T","E","M","E","R","M","R","B",null,"M","?","?","$","M","R","E","M","T","R","M","R","E","M","R","B",null,"M","$","?","?","M","R","E","M","T","E","?","?","$","?","R","B",null,"R","$","E","B",null],"character_chosen":"DEFECT","items_purchased":["Defragment+1","GamblersBrew","Ball Lightning+1","Go for the Eyes+1","Anchor","Capacitor+1","Leap"],"campfire_rested":2,"item_purchase_floors":[21,21,21,36,36,47,47],"current_hp_per_floor":[70,70,70,62,61,61,43,39,39,39,37,22,44,43,43,28,75,74,74,60,60,60,60,48,48,48,48,38,38,16,9,48,34,80,56,56,56,46,46,46,31,31,31,24,24,66,66,66,66,60,66,66,66,61,55],"gold":39,"neow_bonus":"THREE_RARE_CARDS","is_daily":false,"chose_seed":false,"campfire_upgraded":7,"win_rate":0.0,"timestamp":1609746378,"path_taken":["M","?","?","M","M","R","E","M","T","E","M","E","R","M","R","BOSS","M","?","?","$","M","R","E","M","T","R","?","R","E","M","R","BOSS","M","$","?","?","M","R","E","M","T","E","?","?","?","?","R","BOSS","R","$","E","BOSS"],"items_purchased_type":["Card","Potion","Card","Card","Relic","Card","Card"],"build_version":"2020-12-22","purchased_purges":2,"victory":true,"max_hp_per_floor":[75,75,75,75,75,75,75,75,75,75,75,75,75,75,75,75,75,75,75,80,80,80,80,80,80,80,80,80,80,80,80,80,80,80,80,80,76,76,76,76,76,76,76,76,76,66,66,66,66,66,66,66,66,66,66],"relic_stats":{"Centennial Puzzle":[50],"Regal Pillow":15,"Nunchaku":[3],"counters":[27,112],"CeramicFish":45,"StoneCalendar":[82],"obtain_stats":[{"Regal Pillow":30,"CeramicFish":43,"StoneCalendar":24,"Frozen Egg 2":10,"Empty Cage":34,"Akabeko":9,"FrozenCore":17,"Centennial Puzzle":7,"Anchor":36,"Nunchaku":44,"Molten Egg 2":12,"Red Mask":48,"Bottled Lightning":54,"Cracked Core":0,"InkBottle":41,"Unceasing Top":45},{"Regal Pillow":16,"CeramicFish":22,"StoneCalendar":13,"Frozen Egg 2":6,"Empty Cage":18,"Akabeko":5,"FrozenCore":10,"Centennial Puzzle":4,"Anchor":19,"Nunchaku":23,"Molten Egg 2":8,"Red Mask":24,"Bottled Lightning":26,"Cracked Core":0,"InkBottle":21,"Unceasing Top":24},{"Regal Pillow":53,"CeramicFish":81,"StoneCalendar":44,"Frozen Egg 2":17,"Empty Cage":65,"Akabeko":15,"FrozenCore":35,"Centennial Puzzle":13,"Anchor":68,"Nunchaku":86,"Molten Egg 2":25,"Red Mask":90,"Bottled Lightning":103,"Cracked Core":0,"InkBottle":77,"Unceasing Top":90}],"InkBottle":[20],"Unceasing Top":[0],"FrozenCore":[29]},"card_choices":[{"not_picked":["Creative AI","Multi-Cast"],"picked":"Rainbow","floor":0.0},{"not_picked":["Heatsinks","Reprogram"],"picked":"Defragment","floor":1.0},{"not_picked":["Hologram","Beam Cell"],"picked":"Compile Driver","floor":4.0},{"not_picked":["Streamline","Hologram"],"picked":"All For One","floor":5.0},{"not_picked":["Hologram","Beam Cell"],"picked":"Cold Snap","floor":7.0},{"not_picked":["Gash","Hologram","Compile Driver"],"picked":"SKIP","floor":8.0},{"not_picked":["Gash","Compile Driver"],"picked":"Hologram","floor":8.0},{"not_picked":["Tempest","Hello World+1"],"picked":"Leap","floor":10.0},{"not_picked":["Ball Lightning","Conserve Battery"],"picked":"Sweeping Beam","floor":11.0},{"not_picked":["Conserve Battery","Sweeping Beam+1"],"picked":"Static Discharge+1","floor":12.0},{"not_picked":["Gash+1","Sweeping Beam+1"],"picked":"Force Field","floor":14.0},{"not_picked":["Thunder Strike+1","Machine Learning+1"],"picked":"Electrodynamics+1","floor":16.0},{"not_picked":["Aggregate+1","Sweeping Beam+1"],"picked":"Steam+1","floor":18.0},{"not_picked":["Double Energy","Blizzard+1","Rebound+1"],"picked":"SKIP","floor":22.0},{"not_picked":["Static Discharge+1","Leap","Fusion"],"picked":"SKIP","floor":24.0},{"not_picked":["Sweeping Beam+1","Gash+1"],"picked":"Loop+1","floor":28.0},{"not_picked":["Blizzard+1","Amplify","Beam Cell+1"],"picked":"SKIP","floor":30.0},{"not_picked":["Gash+1","FTL+1"],"picked":"Defragment+1","floor":31.0},{"not_picked":["Creative AI+1","Electrodynamics+1"],"picked":"Seek","floor":33.0},{"not_picked":["Loop+1","Coolheaded"],"picked":"White Noise+1","floor":35.0},{"not_picked":["Dramatic Entrance+1","Flash of Steel+1"],"picked":"Panache+1","floor":38.0},{"not_picked":["Beam Cell+1","Consume+1"],"picked":"Heatsinks+1","floor":39.0},{"not_picked":["Chaos","Defragment+1"],"picked":"Double Energy+1","floor":41.0},{"not_picked":["Loop+1","Coolheaded+1"],"picked":"Turbo","floor":42},{"not_picked":["Heatsinks+1","Recycle"],"picked":"Glacier+1","floor":44},{"not_picked":["Ball Lightning+1","Sweeping Beam+1"],"picked":"Thunder Strike+1","floor":45},{"not_picked":["Barrage+1","Sweeping Beam+1"],"picked":"Core Surge+1","floor":54}],"player_experience":1586077,"relics_obtained":[{"floor":7.0,"key":"Centennial Puzzle"},{"floor":9.0,"key":"Akabeko"},{"floor":10.0,"key":"Frozen Egg 2"},{"floor":12.0,"key":"Molten Egg 2"},{"floor":24.0,"key":"StoneCalendar"},{"floor":30.0,"key":"Regal Pillow"},{"floor":41.0,"key":"InkBottle"},{"floor":43,"key":"CeramicFish"},{"floor":44,"key":"Nunchaku"},{"floor":45,"key":"Unceasing Top"},{"floor":54,"key":"Bottled Lightning"}],"event_choices":[{"damage_healed":0.0,"max_hp_gain":0.0,"max_hp_loss":0.0,"gold_gain":0.0,"event_name":"Living Wall","player_choice":"Grow","floor":2.0,"gold_loss":0.0,"damage_taken":0.0,"cards_upgraded":["Defragment"]},{"cards_removed":["Defend_B"],"damage_healed":0.0,"max_hp_gain":0.0,"max_hp_loss":0.0,"gold_gain":0.0,"event_name":"Purifier","player_choice":"Purged","floor":3.0,"gold_loss":0.0,"damage_taken":0.0},{"damage_healed":0.0,"max_hp_gain":0.0,"max_hp_loss":0.0,"gold_gain":0.0,"cards_transformed":["Strike_B","Strike_B"],"event_name":"Drug Dealer","player_choice":"Became Test Subject","floor":19.0,"gold_loss":0.0,"damage_taken":0.0,"cards_obtained":["Rip and Tear","Cold Snap"]},{"damage_healed":0.0,"max_hp_gain":5.0,"max_hp_loss":0.0,"gold_gain":0.0,"event_name":"Forgotten Altar","player_choice":"Shed Blood","floor":20.0,"gold_loss":0.0,"damage_taken":19.0},{"damage_healed":0.0,"max_hp_gain":0.0,"max_hp_loss":4.0,"gold_gain":0.0,"event_name":"Winding Halls","player_choice":"Max HP","floor":37.0,"gold_loss":0.0,"damage_taken":0.0},{"damage_healed":0.0,"max_hp_gain":0.0,"max_hp_loss":0.0,"gold_gain":0.0,"event_name":"SensoryStone","player_choice":"Memory 3","floor":38.0,"gold_loss":0.0,"damage_taken":10.0},{"damage_healed":0,"gold_gain":0,"player_choice":"Fight","damage_taken":0,"max_hp_gain":0,"max_hp_loss":0,"event_name":"MindBloom","floor":45,"gold_loss":0},{"damage_healed":66,"gold_gain":0,"player_choice":"Heal","damage_taken":0,"max_hp_gain":0,"max_hp_loss":10,"event_name":"The Moai Head","floor":46,"gold_loss":0},{"damage_healed":0,"gold_gain":0,"player_choice":"Paid","damage_taken":0,"relics_obtained":["Red Mask"],"max_hp_gain":0,"max_hp_loss":0,"event_name":"Tomb of Lord Red Mask","floor":48,"gold_loss":26}],"is_beta":false,"boss_relics":[{"not_picked":["Philosopher\u0027s Stone","Sozu"],"picked":"FrozenCore"},{"not_picked":["SacredBark","Velvet Choker"],"picked":"Empty Cage"}],"items_purged_floors":[21,47],"is_endless":false,"potions_floor_spawned":[1,4,10,14,16,22,25,42,44],"ascension_level":2}}