{"host":"ds1yr10zonoc6w4a","time":1609730096,"event":{"mods":["BaseMod","Better Match","Better Third Choice","BetterRewards","Minty Spire (QoL Compilation)","StSLib","The Animator"],"gold_per_floor":[110,135,148,148,163,163,238,388,388,407,138,152,166,66,66,66,66],"floor_reached":16,"playtime":1000,"items_purged":["Doubt","animator:Strike"],"score":174,"play_id":"5b77791d-da0d-423e-9484-37d64e1b43e0","local_time":"20210103201456","is_ascension_mode":true,"campfire_choices":[{"data":"animator:DolaCouronne","floor":6,"key":"SMITH"},{"floor":15,"key":"REST"}],"circlet_count":0,"master_deck":["AscendersBane","animator:Strike_NoGameNoLife","animator:Defend_NoGameNoLife","animator:Strike","animator:Strike","animator:Defend","animator:Defend","animator:Defend","animator:DolaSchwi","animator:DolaCouronne+1","animator:SayakaMiki","animator:Spearman","animator:Megumin+3","animator:Witch","animator:YuiTsuruno","animator:Melzalgald","animator:HighElfArcher","animator:Witch","animator:IrohaTamaki","animator:Saitama"],"relics":["animator:LivingPicture","animator:TheMissingPiece","animator:PurgingStone","NeowsBlessing","Golden Idol","Gremlin Horn"],"acts_visited":["Exordium"],"potions_floor_usage":[5,16,16],"damage_taken":[{"damage":0,"enemies":"Cultist","floor":1,"turns":1},{"damage":0,"enemies":"Jaw Worm","floor":2,"turns":1},{"damage":0,"enemies":"Small Slimes","floor":3,"turns":1},{"damage":2,"enemies":"Blue Slaver","floor":5,"turns":8},{"damage":6,"enemies":"Red Slaver","floor":10,"turns":7},{"damage":1,"enemies":"Looter","floor":12,"turns":4},{"damage":10,"enemies":"Blue Slaver","floor":13,"turns":5},{"damage":30,"enemies":"The Guardian","floor":16,"turns":8}],"seed_played":"-4450547812331492630","potions_obtained":[{"floor":1,"key":"FearPotion"},{"floor":2,"key":"Fruit Juice"},{"floor":13,"key":"Explosive Potion"}],"is_trial":false,"path_per_floor":["M","M","M","?","M","R","?","?","T","M","$","M","M","$","R","B"],"character_chosen":"THE_ANIMATOR","items_purchased":["animator:Melzalgald","animator:HighElfArcher","animator:Witch"],"campfire_rested":1,"item_purchase_floors":[11,11,11],"current_hp_per_floor":[54,54,54,33,37,37,26,26,26,20,20,19,9,9,28,0,0],"gold":66,"neow_bonus":"THREE_ENEMY_KILL","is_daily":false,"chose_seed":false,"campfire_upgraded":1,"win_rate":0.0,"timestamp":1609730096,"path_taken":["M","?","M","?","M","R","?","?","T","M","$","M","M","$","R","BOSS"],"items_purchased_type":["Card","Card","Card"],"build_version":"2020-12-22","purchased_purges":2,"victory":false,"max_hp_per_floor":[60,60,60,60,66,66,66,66,66,66,66,66,66,66,66,66,66],"card_choices":[{"not_picked":["animator:MaesHughes","animator:Ara"],"picked":"animator:SayakaMiki","floor":1},{"not_picked":["animator:LizardPriest","animator:Jibril"],"picked":"animator:Spearman","floor":2},{"not_picked":["animator:Kazuma","animator:Darkness"],"picked":"animator:Megumin","floor":3},{"not_picked":["animator:Priestess","animator:GuildGirl"],"picked":"animator:Witch","floor":5},{"not_picked":["animator:AcuraAkari","animator:Shichika"],"picked":"animator:YuiTsuruno","floor":10},{"not_picked":["animator:Shichika","animator:Shigure"],"picked":"animator:IrohaTamaki","floor":12},{"not_picked":["animator:Witch","animator:EmiyaShirou"],"picked":"animator:Saitama","floor":13}],"player_experience":633818,"relics_obtained":[{"floor":9,"key":"Gremlin Horn"}],"event_choices":[{"damage_healed":0,"gold_gain":0,"player_choice":"Take Damage","damage_taken":21,"relics_obtained":["Golden Idol"],"max_hp_gain":0,"max_hp_loss":0,"event_name":"Golden Idol","floor":4,"gold_loss":0},{"damage_healed":0,"gold_gain":75,"player_choice":"Gold","damage_taken":11,"max_hp_gain":0,"max_hp_loss":0,"event_name":"betterThird:BetterGoop","floor":7,"gold_loss":0},{"damage_healed":0,"gold_gain":150,"player_choice":"AGREE","damage_taken":238,"max_hp_gain":0,"max_hp_loss":0,"event_name":"betterThird:BetterSerpent","floor":8,"gold_loss":0}],"is_beta":false,"boss_relics":[],"items_purged_floors":[11,14],"is_endless":false,"potions_floor_spawned":[1,2,13],"killed_by":"The Guardian","ascension_level":17}}