{"host":"5f3w3xqo483bhjcu","time":1609755372,"event":{"mods":["Act Like it!","BaseMod","Koishi","Marisa£®ÏF”Í°°ƒß¿Ì…≥£©","Minty Spire (QoL Compilation)","Reimu£®≤©¿ˆ¡È√Œ£©","Remilia£®¿Ÿ√◊¿Ú—«£©","StSLib","Waifu the Spire","WarShipGirlsR/’ΩΩ¢…Ÿ≈ÆR mod","Yakumo Yukari mod","Youmu£®ªÍ∆«—˝√Œ£©","Yuyuko","°æ“≈ŒÔø®≈∆°øREMEMod"],"gold_per_floor":[115,115,136,61,77,111,111,142,167,187,9,32,55,78,78,78,78],"floor_reached":16,"playtime":795,"items_purged":["Defend_MRS","Strike_MRS"],"score":139,"play_id":"ed104694-69c0-406a-bf0e-c898b010ba15","local_time":"20210104181612","is_ascension_mode":false,"campfire_choices":[{"data":"MillisecondPulsars","floor":7.0,"key":"SMITH"},{"floor":15.0,"key":"REST"}],"circlet_count":0,"master_deck":["Strike_MRS","Strike_MRS","Strike_MRS","Defend_MRS","Defend_MRS","Defend_MRS","MasterSpark+1","UpSweep","Discovery","StarlightTyphoon","EnergyFlow","MysteriousBeam","MillisecondPulsars+1","Acceleration","EarthLightRay","AlicesGift"],"relics":["MiniHakkero","REME_ComplimentaryCards","Golden Idol","Ancient Tea Set","Boot","Smiling Mask"],"acts_visited":["Exordium"],"potions_floor_usage":[16],"damage_taken":[{"damage":5.0,"enemies":"Small Slimes","floor":1.0,"turns":2.0},{"damage":8.0,"enemies":"Jaw Worm","floor":3.0,"turns":3.0},{"damage":1.0,"enemies":"2 Louse","floor":5.0,"turns":2.0},{"damage":0.0,"enemies":"Lagavulin","floor":6.0,"turns":4.0},{"damage":18.0,"enemies":"3 Sentries","floor":8.0,"turns":5.0},{"damage":6.0,"enemies":"Exordium Wildlife","floor":10.0,"turns":3.0},{"damage":7.0,"enemies":"3 Louse","floor":12.0,"turns":3.0},{"damage":5.0,"enemies":"Looter","floor":13.0,"turns":2.0},{"damage":1.0,"enemies":"Large Slime","floor":14.0,"turns":4.0},{"damage":51,"enemies":"The Guardian","floor":16,"turns":8}],"seed_played":"-26415099403015892","potions_obtained":[{"floor":1.0,"key":"BottledSpark"},{"floor":3.0,"key":"SkillPotion"},{"floor":6.0,"key":"SteroidPotion"}],"is_trial":false,"path_per_floor":["M","?","M","$","M","E","R","E","T","M","$","M","M","M","R","B"],"character_chosen":"MARISA","items_purchased":["EarthLightRay","PowerPotion"],"campfire_rested":1,"item_purchase_floors":[11,11],"current_hp_per_floor":[70,52,44,44,43,43,43,25,25,19,19,16,15,18,40,0,0],"gold":78,"neow_bonus":"UPGRADE_CARD","is_daily":false,"chose_seed":false,"campfire_upgraded":1,"win_rate":0.0,"timestamp":1609755372,"path_taken":["M","?","M","$","M","E","R","E","T","M","$","M","M","M","R","BOSS"],"items_purchased_type":["Card","Potion"],"build_version":"2020-12-22","purchased_purges":2,"victory":false,"max_hp_per_floor":[75,75,75,75,75,75,75,75,75,75,75,75,75,75,75,75,75],"card_choices":[{"not_picked":["ManaConvection","SporeBomb"],"picked":"StarlightTyphoon","floor":1.0},{"not_picked":["6A","WitchLeyline"],"picked":"EnergyFlow","floor":3.0},{"not_picked":["ShootingEcho","StarlightTyphoon"],"picked":"MysteriousBeam","floor":5.0},{"not_picked":["Acceleration","StarlightTyphoon"],"picked":"MillisecondPulsars","floor":6.0},{"not_picked":["EnergyRecoil","ShootTheMoon","NonDirectionalLaser"],"picked":"SKIP","floor":8.0},{"not_picked":["BlazeAway","GalacticHalo"],"picked":"Acceleration","floor":10.0},{"not_picked":["ShootTheMoon","MilkyWay","IllusionStar"],"picked":"SKIP","floor":12.0},{"not_picked":["6A","LuminesStrike","ShootingEcho"],"picked":"SKIP","floor":13.0},{"not_picked":["WitchOfGreed","DragonMeteor"],"picked":"AlicesGift","floor":14.0}],"player_experience":365523,"relics_obtained":[{"floor":6.0,"key":"Ancient Tea Set"},{"floor":8.0,"key":"Boot"},{"floor":9.0,"key":"Smiling Mask"}],"event_choices":[{"damage_healed":0.0,"max_hp_gain":0.0,"max_hp_loss":0.0,"gold_gain":0.0,"event_name":"Golden Idol","player_choice":"Take Damage","floor":2.0,"gold_loss":0.0,"damage_taken":18.0,"relics_obtained":["Golden Idol"]}],"is_beta":false,"boss_relics":[],"items_purged_floors":[4,11],"is_endless":false,"potions_floor_spawned":[1,3,6],"killed_by":"The Guardian","ascension_level":0}}