{"host":"7z9izfsmsy4azoxx","time":1609775365,"event":{"mods":["AchievementEnabler","BaseMod","Colored Map","Custom Start","Hermit","Minty Spire (QoL Compilation)","StSLib","SuperFastMode"],"gold_per_floor":[511217,511217,511233,510410,510410,510441,510441,510441,510441,510451,509858,509858,509267,509280,509280,509354,509354,509366,509383,508571,508581,508594,508594,508594,508594],"floor_reached":24,"playtime":417,"items_purged":["Regret","Strike_R","Strike_R","Strike_R"],"score":467,"play_id":"809ba722-a4a7-47e1-bc86-126575e71376","local_time":"20210105004925","is_ascension_mode":true,"campfire_choices":[{"data":"Flex","floor":7,"key":"SMITH"},{"data":"Metallicize","floor":12,"key":"SMITH"},{"data":"Barricade","floor":15,"key":"SMITH"},{"floor":23,"key":"REST"}],"circlet_count":0,"master_deck":["AscendersBane","Strike_R+1","Defend_R","Defend_R","Defend_R","Defend_R","Bash+1","Metallicize+1","Flex+1","Fire Breathing","Pummel+1","Burning Pact","Second Wind","Body Slam+1","Blood for Blood+1","Sword Boomerang+1","Carnage+1","Barricade+1","Reaper+1","Shockwave+1","Limit Break","Inflame","Hemokinesis+1","Seeing Red"],"relics":["Burning Blood","Smiling Mask","Gambling Chip","Pen Nib","Frozen Eye","Molten Egg 2","ClockworkSouvenir","Question Card","Whetstone","Art of War","Orrery","Black Star","Toy Ornithopter","Prayer Wheel"],"acts_visited":["Exordium","TheCity"],"potions_floor_usage":[10,11,16,19,24,24],"damage_taken":[{"damage":17,"enemies":"Cultist","floor":1,"turns":4},{"damage":25,"enemies":"Jaw Worm","floor":3,"turns":6},{"damage":29,"enemies":"Gremlin Nob","floor":6,"turns":4},{"damage":5,"enemies":"Small Slimes","floor":10,"turns":3},{"damage":13,"enemies":"Blue Slaver","floor":14,"turns":2},{"damage":21,"enemies":"Slime Boss","floor":16,"turns":4},{"damage":0,"enemies":"Chosen","floor":18,"turns":3},{"damage":33,"enemies":"2 Thieves","floor":19,"turns":3},{"damage":59,"enemies":"3 Cultists","floor":21,"turns":5},{"damage":21,"enemies":"Snecko","floor":22,"turns":4},{"damage":55,"enemies":"Book of Stabbing","floor":24,"turns":3}],"seed_played":"3981265187419545033","potions_obtained":[{"floor":1,"key":"Explosive Potion"},{"floor":3,"key":"GamblersBrew"},{"floor":19,"key":"Dexterity Potion"},{"floor":21,"key":"FearPotion"}],"is_trial":false,"path_per_floor":["M","?","M","$","?","E","R","?","T","M","$","R","$","M","R","B",null,"M","M","$","M","M","R","E"],"character_chosen":"IRONCLAD","items_purchased":["Gambling Chip","Pen Nib","Frozen Eye","Fire Breathing","Pummel","ClockworkSouvenir","Question Card","BloodPotion","Energy Potion","Whetstone","Art of War","Blood for Blood+1","Orrery","Toy Ornithopter","Prayer Wheel","Limit Break","Inflame","Hemokinesis+1"],"campfire_rested":1,"item_purchase_floors":[4,4,4,4,4,11,11,11,11,13,13,13,13,20,20,20,20,20],"current_hp_per_floor":[57,57,38,38,38,15,15,15,15,16,31,31,31,24,24,9,59,65,56,56,37,22,44,0,0],"gold":508594,"neow_bonus":"UPGRADE_CARD","is_daily":false,"chose_seed":false,"campfire_upgraded":3,"win_rate":0.0,"timestamp":1609775365,"path_taken":["M","?","M","$","?","E","R","?","T","M","$","R","?","M","R","BOSS","M","M","$","M","M","R","E"],"items_purchased_type":["Relic","Relic","Relic","Card","Card","Relic","Relic","Potion","Potion","Relic","Relic","Card","Relic","Relic","Relic","Card","Card","Card"],"build_version":"2020-12-22","purchased_purges":4,"victory":false,"max_hp_per_floor":[75,75,75,75,75,75,75,75,75,75,75,75,75,75,75,75,75,75,75,75,75,75,75,75,75],"card_choices":[{"not_picked":["Twin Strike","Heavy Blade"],"picked":"Metallicize","floor":1},{"not_picked":["Clothesline","Body Slam"],"picked":"Flex","floor":3},{"not_picked":["Infernal Blade","Battle Trance"],"picked":"Second Wind","floor":6},{"not_picked":["Shockwave","Fiend Fire+1"],"picked":"Body Slam+1","floor":10},{"not_picked":["Intimidate","Battle Trance","Shrug It Off"],"picked":"Sword Boomerang+1","floor":13},{"not_picked":["Combust","Metallicize","Anger+1"],"picked":"Carnage+1","floor":13},{"not_picked":["Sword Boomerang+1","Pummel+1","Thunderclap+1"],"picked":"Barricade","floor":14},{"not_picked":["Impervious","Bludgeon+1","Berserk"],"picked":"Reaper+1","floor":16},{"not_picked":["Cleave+1","Whirlwind+1","Pommel Strike+1","Pummel+1"],"picked":"SKIP","floor":18},{"not_picked":["Sword Boomerang+1","Wild Strike+1","Twin Strike+1"],"picked":"Shockwave+1","floor":19},{"not_picked":["Flame Barrier","Double Tap","Anger+1","True Grit"],"picked":"SKIP","floor":21},{"not_picked":["Thunderclap+1","Havoc+1","Ghostly Armor","Fire Breathing"],"picked":"SKIP","floor":21},{"not_picked":["Disarm+1","Twin Strike+1","Havoc"],"picked":"Seeing Red","floor":22},{"not_picked":["Entrench","Sever Soul+1","Iron Wave+1","Cleave+1"],"picked":"SKIP","floor":22}],"player_experience":514889,"relics_obtained":[{"floor":6,"key":"Molten Egg 2"}],"event_choices":[{"damage_healed":0,"gold_gain":0,"player_choice":"Box","damage_taken":0,"relics_obtained":["Smiling Mask"],"max_hp_gain":0,"max_hp_loss":0,"event_name":"Big Fish","floor":2,"gold_loss":0,"cards_obtained":["Regret"]},{"damage_healed":0,"gold_gain":0,"cards_transformed":["Strike_R"],"player_choice":"Change","damage_taken":0,"max_hp_gain":0,"max_hp_loss":0,"event_name":"Living Wall","floor":5,"gold_loss":0,"cards_obtained":["Burning Pact"]},{"damage_healed":0,"gold_gain":0,"player_choice":"Ignored","damage_taken":0,"max_hp_gain":0,"max_hp_loss":0,"event_name":"Golden Wing","floor":8,"gold_loss":0}],"is_beta":false,"boss_relics":[{"not_picked":["Coffee Dripper","Sozu"],"picked":"Black Star"}],"items_purged_floors":[4,11,13,20],"is_endless":false,"potions_floor_spawned":[1,3,6,14,19,21],"killed_by":"Book of Stabbing","ascension_level":20}}