{"host":"kh6fvhxn285ncg0o","time":1609739955,"event":{"mods":["Act Like it!","BaseMod","Colored Map","Friendly Minions","Keyboard Shortcuts","Minty Spire (QoL Compilation)","Quick Restart","Relic Stats","StSLib","SuperFastMode"],"gold_per_floor":[115,40,40,51,51,384,399,399,399,424,435,469,484,484,484,558,558,578,578,493,66,84,109,109,144,144,172,188,288,288,288,288,362,362,372,322,322,339,387,387,422,422,476,511,511,511,529,548,548,548,548,548,548,72,103,103],"floor_reached":57,"playtime":1691,"items_purged":["Strike_R","Strike_R","Strike_R+1","Bash"],"score":3443,"play_id":"8d68c7be-683c-4e2b-8d27-21b0b46b1c8e","local_time":"20210104145915","is_ascension_mode":true,"campfire_choices":[{"data":"Carnage","floor":8,"key":"SMITH"},{"data":"Shrug It Off","floor":15,"key":"SMITH"},{"data":"Second Wind","floor":24,"key":"SMITH"},{"data":"Dark Embrace","floor":32,"key":"SMITH"},{"data":"Pommel Strike","floor":40,"key":"SMITH"},{"data":"Rage","floor":42,"key":"SMITH"},{"floor":49,"key":"RECALL"},{"data":"Offering","floor":53,"key":"SMITH"}],"circlet_count":0,"master_deck":["AscendersBane","Defend_R","Defend_R","Defend_R","Defend_R+1","Body Slam+1","Carnage+1","Evolve+1","Shrug It Off+1","Second Wind+1","Dark Embrace+1","Offering+1","Master of Strategy","Rage+1","Ghostly","Ghostly","Ghostly","Offering","Warcry+1","Pommel Strike+1","Disarm+1","Decay","Panacea","Shrug It Off"],"relics":["Burning Blood","NeowsBlessing","Old Coin","Du-Vu Doll","Juzu Bracelet","Smiling Mask","Cursed Key","Vajra","Art of War","Lantern","Darkstone Periapt","Anchor","Charon\u0027s Ashes","Ornamental Fan","Coffee Dripper","Turnip","Mummified Hand","Bag of Marbles","Happy Flower","Toy Ornithopter","Bag of Preparation"],"acts_visited":["Exordium","TheCity","TheBeyond","TheEnding"],"potions_floor_usage":[12,16,16,23,56,56],"damage_taken":[{"damage":0,"enemies":"Jaw Worm","floor":1,"turns":1},{"damage":0,"enemies":"Small Slimes","floor":4,"turns":1},{"damage":0,"enemies":"3 Sentries","floor":6,"turns":2},{"damage":1,"enemies":"2 Louse","floor":7,"turns":3},{"damage":37,"enemies":"Gremlin Nob","floor":10,"turns":4},{"damage":7,"enemies":"2 Fungi Beasts","floor":11,"turns":2},{"damage":12,"enemies":"3 Sentries","floor":12,"turns":5},{"damage":7,"enemies":"Looter","floor":13,"turns":3},{"damage":15,"enemies":"The Guardian","floor":16,"turns":13},{"damage":28,"enemies":"3 Byrds","floor":18,"turns":7},{"damage":6,"enemies":"2 Thieves","floor":22,"turns":1},{"damage":8,"enemies":"Gremlin Leader","floor":23,"turns":3},{"damage":16,"enemies":"Slavers","floor":25,"turns":2},{"damage":6,"enemies":"Gremlin Leader","floor":27,"turns":3},{"damage":6,"enemies":"Cultist and Chosen","floor":28,"turns":3},{"damage":0,"enemies":"Colosseum Slavers","floor":29,"turns":4},{"damage":6,"enemies":"Colosseum Nobs","floor":29,"turns":3},{"damage":1,"enemies":"Automaton","floor":33,"turns":3},{"damage":6,"enemies":"3 Shapes","floor":35,"turns":3},{"damage":2,"enemies":"Orb Walker","floor":38,"turns":2},{"damage":2,"enemies":"2 Orb Walkers","floor":39,"turns":1},{"damage":2,"enemies":"Reptomancer","floor":41,"turns":1},{"damage":5,"enemies":"Nemesis","floor":44,"turns":3},{"damage":2,"enemies":"Jaw Worm Horde","floor":47,"turns":1},{"damage":1,"enemies":"Transient","floor":48,"turns":6},{"damage":2,"enemies":"Donu and Deca","floor":50,"turns":5},{"damage":2,"enemies":"Awakened One","floor":51,"turns":4},{"damage":2,"enemies":"Shield and Spear","floor":55,"turns":2},{"damage":1,"enemies":"The Heart","floor":56,"turns":6}],"seed_played":"208803913145829660","potions_obtained":[{"floor":1,"key":"Regen Potion"},{"floor":11,"key":"Swift Potion"},{"floor":12,"key":"Strength Potion"},{"floor":16,"key":"SteroidPotion"},{"floor":22,"key":"EntropicBrew"},{"floor":25,"key":"Ancient Potion"},{"floor":27,"key":"SpeedPotion"},{"floor":28,"key":"SpeedPotion"}],"is_trial":false,"path_per_floor":["M","$","?","M","?","E","M","R","T","E","M","E","M","?","R","B",null,"M","?","?","$","M","E","R","E","T","E","M","?","?","?","R","B",null,"M","$","?","M","?","R","E","R","T","E","?","?","M","M","R","B","B",null,"R","$","E","B",null],"character_chosen":"IRONCLAD","items_purchased":["Master of Strategy","Art of War","Panacea","Happy Flower","Toy Ornithopter"],"campfire_rested":0,"item_purchase_floors":[21,21,54,54,54],"current_hp_per_floor":[74,74,74,75,68,74,75,75,75,44,43,51,50,27,27,18,61,39,39,39,39,39,37,37,27,27,27,27,33,33,33,33,37,37,37,37,35,35,35,35,35,35,41,41,41,41,41,41,41,41,41,41,41,41,41,41],"gold":103,"neow_bonus":"THREE_ENEMY_KILL","is_daily":false,"chose_seed":false,"campfire_upgraded":7,"win_rate":0.0,"timestamp":1609739955,"path_taken":["M","$","?","M","?","E","M","R","T","E","M","E","M","?","R","BOSS","M","?","?","$","M","E","R","E","T","E","M","?","?","?","R","BOSS","M","$","?","M","?","R","E","R","T","E","?","?","M","M","R","BOSS","BOSS","R","$","E","BOSS"],"items_purchased_type":["Card","Relic","Card","Relic","Relic"],"build_version":"2020-12-22","purchased_purges":4,"victory":true,"max_hp_per_floor":[75,75,75,75,75,75,75,75,75,75,75,75,75,75,75,75,75,75,75,75,75,75,75,75,75,75,75,75,75,37,37,37,37,37,37,37,35,35,35,35,35,35,41,41,41,41,41,41,41,41,41,41,41,41,41,41],"relic_stats":{"Darkstone Periapt":6,"Happy Flower":[2],"counters":[29,97],"Charon\u0027s Ashes":[878],"Juzu Bracelet":2,"Bag of Preparation":[2],"Smiling Mask":225,"Cursed Key":1,"Burning Blood":124,"Ornamental Fan":[92],"Mummified Hand":[12],"Turnip":[2],"Art of War":[5],"obtain_stats":[{"Darkstone Periapt":25,"Lantern":23,"NeowsBlessing":0,"Happy Flower":54,"Vajra":20,"Charon\u0027s Ashes":29,"Juzu Bracelet":10,"Bag of Preparation":55,"Smiling Mask":12,"Cursed Key":17,"Burning Blood":0,"Old Coin":6,"Du-Vu Doll":9,"Anchor":27,"Ornamental Fan":29,"Mummified Hand":41,"Turnip":39,"Art of War":21,"Coffee Dripper":34,"Bag of Marbles":44,"Toy Ornithopter":54},{"Darkstone Periapt":13,"Lantern":12,"NeowsBlessing":0,"Happy Flower":27,"Vajra":10,"Charon\u0027s Ashes":17,"Juzu Bracelet":5,"Bag of Preparation":28,"Smiling Mask":7,"Cursed Key":9,"Burning Blood":0,"Old Coin":3,"Du-Vu Doll":4,"Anchor":14,"Ornamental Fan":17,"Mummified Hand":22,"Turnip":21,"Art of War":10,"Coffee Dripper":18,"Bag of Marbles":23,"Toy Ornithopter":27},{"Darkstone Periapt":47,"Lantern":45,"NeowsBlessing":0,"Happy Flower":89,"Vajra":41,"Charon\u0027s Ashes":60,"Juzu Bracelet":11,"Bag of Preparation":91,"Smiling Mask":18,"Cursed Key":34,"Burning Blood":0,"Old Coin":4,"Du-Vu Doll":7,"Anchor":50,"Ornamental Fan":60,"Mummified Hand":70,"Turnip":69,"Art of War":41,"Coffee Dripper":63,"Bag of Marbles":73,"Toy Ornithopter":89}],"Toy Ornithopter":1},"card_choices":[{"not_picked":["Inflame","Sword Boomerang"],"picked":"Body Slam","floor":1},{"not_picked":["Pommel Strike","Armaments"],"picked":"Carnage","floor":4},{"not_picked":["Blood for Blood","Sword Boomerang"],"picked":"Evolve","floor":7},{"not_picked":["Juggernaut","Dual Wield","Cleave"],"picked":"SKIP","floor":10},{"not_picked":["Entrench","Ghostly Armor"],"picked":"Shrug It Off","floor":11},{"not_picked":["Pummel","Flex"],"picked":"Second Wind","floor":12},{"not_picked":["Whirlwind","Warcry"],"picked":"Dark Embrace","floor":13},{"not_picked":["Exhume","Bludgeon"],"picked":"Offering","floor":16},{"not_picked":["Warcry","Inflame+1","Havoc"],"picked":"SKIP","floor":18},{"not_picked":["Twin Strike+1","Reaper","Thunderclap"],"picked":"SKIP","floor":22},{"not_picked":["Sword Boomerang","Headbutt","Searing Blow"],"picked":"SKIP","floor":23},{"not_picked":["Anger","Shrug It Off","Warcry"],"picked":"SKIP","floor":25},{"not_picked":["Inflame+1","Perfected Strike+1"],"picked":"Rage","floor":27},{"not_picked":["Pummel","Limit Break","Sword Boomerang"],"picked":"SKIP","floor":28},{"not_picked":["Immolate","Demon Form"],"picked":"Offering","floor":33},{"not_picked":["Twin Strike","Flame Barrier+1","Spot Weakness"],"picked":"SKIP","floor":35},{"not_picked":["Hemokinesis","Flex"],"picked":"Warcry+1","floor":38},{"not_picked":["Sentinel","Body Slam"],"picked":"Pommel Strike","floor":39},{"not_picked":["Uppercut+1","Fire Breathing+1"],"picked":"Disarm+1","floor":41},{"not_picked":["Whirlwind","Spot Weakness","Havoc"],"picked":"SKIP","floor":44},{"not_picked":["Twin Strike","Armaments","Headbutt+1"],"picked":"SKIP","floor":47},{"not_picked":["Wild Strike","Hemokinesis","Armaments"],"picked":"SKIP","floor":48},{"not_picked":["Carnage+1","Clash"],"picked":"Shrug It Off","floor":55}],"player_experience":3355740,"relics_obtained":[{"floor":6,"key":"Old Coin"},{"floor":9,"key":"Du-Vu Doll"},{"floor":10,"key":"Juzu Bracelet"},{"floor":12,"key":"Smiling Mask"},{"floor":23,"key":"Lantern"},{"floor":25,"key":"Darkstone Periapt"},{"floor":27,"key":"Anchor"},{"floor":29,"key":"Charon\u0027s Ashes"},{"floor":29,"key":"Ornamental Fan"},{"floor":39,"key":"Turnip"},{"floor":41,"key":"Mummified Hand"},{"floor":44,"key":"Bag of Marbles"},{"floor":55,"key":"Bag of Preparation"}],"event_choices":[{"damage_healed":0,"gold_gain":0,"player_choice":"Grow","damage_taken":0,"max_hp_gain":0,"max_hp_loss":0,"event_name":"Living Wall","floor":3,"gold_loss":0,"cards_upgraded":["Body Slam"]},{"cards_removed":["Strike_R"],"damage_healed":0,"gold_gain":0,"player_choice":"Card Removal","damage_taken":7,"max_hp_gain":0,"max_hp_loss":0,"event_name":"Golden Wing","floor":5,"gold_loss":0},{"damage_healed":0,"gold_gain":0,"player_choice":"Entered Light","damage_taken":23,"max_hp_gain":0,"max_hp_loss":0,"event_name":"Shining Light","floor":14,"gold_loss":0,"cards_upgraded":["Strike_R","Defend_R"]},{"cards_removed":["Strike_R"],"damage_healed":0,"gold_gain":0,"player_choice":"Elegance","damage_taken":0,"max_hp_gain":0,"max_hp_loss":0,"event_name":"Back to Basics","floor":19,"gold_loss":0},{"damage_healed":0,"gold_gain":0,"player_choice":"Obtained Relic","damage_taken":0,"relics_obtained":["Vajra"],"max_hp_gain":0,"max_hp_loss":0,"event_name":"Addict","floor":20,"gold_loss":85},{"damage_healed":0,"gold_gain":0,"player_choice":"Fight","damage_taken":0,"max_hp_gain":0,"max_hp_loss":0,"event_name":"Colosseum","floor":29,"gold_loss":0},{"damage_healed":0,"gold_gain":0,"player_choice":"Fought Nobs","damage_taken":0,"max_hp_gain":0,"max_hp_loss":0,"event_name":"Colosseum","floor":29,"gold_loss":0},{"damage_healed":0,"gold_gain":0,"player_choice":"Became a Ghost","damage_taken":0,"max_hp_gain":0,"max_hp_loss":38,"event_name":"Ghosts","floor":30,"gold_loss":0,"cards_obtained":["Ghostly","Ghostly","Ghostly"]},{"damage_healed":0,"gold_gain":0,"player_choice":"Ignored","damage_taken":0,"max_hp_gain":0,"max_hp_loss":0,"event_name":"The Mausoleum","floor":31,"gold_loss":0},{"damage_healed":0,"gold_gain":0,"player_choice":"Max HP","damage_taken":0,"max_hp_gain":0,"max_hp_loss":2,"event_name":"Winding Halls","floor":37,"gold_loss":0},{"damage_healed":0,"gold_gain":0,"player_choice":"Fight","damage_taken":0,"max_hp_gain":0,"max_hp_loss":0,"event_name":"Mysterious Sphere","floor":39,"gold_loss":0},{"damage_healed":0,"gold_gain":0,"player_choice":"Upgraded","damage_taken":0,"max_hp_gain":0,"max_hp_loss":0,"event_name":"Upgrade Shrine","floor":45,"gold_loss":0,"cards_upgraded":["Evolve"]},{"damage_healed":0,"gold_gain":0,"player_choice":"Ignored","damage_taken":0,"max_hp_gain":0,"max_hp_loss":0,"event_name":"Tomb of Lord Red Mask","floor":46,"gold_loss":0}],"is_beta":false,"boss_relics":[{"not_picked":["Velvet Choker","Snecko Eye"],"picked":"Cursed Key"},{"not_picked":["Philosopher\u0027s Stone","Pandora\u0027s Box"],"picked":"Coffee Dripper"}],"items_purged_floors":[2,21,36,54],"is_endless":false,"potions_floor_spawned":[1,11,12,16,22,25,27,28,35,39,47,48,55],"ascension_level":20}}