{"host":"bf9sa99gaumonoeu","time":1609788256,"event":{"mods":["AchievementEnabler","Act Like it!","BaseMod","Better Sensory Stone","Colored Map","Colored Powertips","Downfall","Duelist Mod","Friendly Minions","Gensokyo","GifTheSpireLib","Hallownest","Hermit","Hubris","Jorbs\u0027s Wanderer Trilogy","KinomotoSakuraMod(????)","Koishi","Lobotomy","Marisa????????","Minty Spire (QoL Compilation)","Rare Cards Sparkle","Reimu??????","Remilia??????","Replay The Spire","Shop Mod","StSLib","The Administrix","The Animator","The Blue Laboratory","The Bug Knight","The Construct","The Cursed","The Disciple","The Hierophant","The Mystic","The Necromancer","The Poker Player","The Runesmith","The Senshi","The Servant 0.9.4","Waifu the Spire"],"gold_per_floor":[125,125,144,69,99,99,128,128,128,161,161,179,10,20,20,117,117,161,173,73,83,83,83,113,113,161,161,186,204,218,234,234,336,336,352,40,59,59,77,77,104,104,104,119,150,150,177,197,197,197],"floor_reached":51,"playtime":3985,"items_purged":["Regret","animator:Defend","animator:Defend"],"score":1160,"play_id":"c46c8e41-0360-4ca9-a476-b9b4376d1e9f","local_time":"20210104172416","is_ascension_mode":true,"campfire_choices":[{"floor":6,"key":"REST"},{"floor":11,"key":"REST"},{"data":"animator:Aqua","floor":15,"key":"SMITH"},{"data":"animator:Vanir","floor":23,"key":"SMITH"},{"floor":25,"key":"REST"},{"data":"animator:Wiz","floor":32,"key":"SMITH"},{"floor":40,"key":"RECALL"},{"data":"animator:Verdia","floor":42,"key":"SMITH"},{"data":"animator:Darkness","floor":49,"key":"SMITH"}],"circlet_count":0,"master_deck":["animator:Strike_Konosuba+1","animator:Defend_Konosuba","animator:Strike","animator:Strike","animator:Defend","animator:Kazuma","animator:Aqua+1","animator:Megumin+24","animator:Mitsurugi","animator:Shion","animator:Vanir+1","animator:Verdia+1","animator:Mitsurugi+1","animator:GazelDwargon","animator:PinaCoLada+1","animator:Darkness+1","animator:YaoHaDucy+1","animator:Kazuma","animator:YunYun","animator:Verdia","animator:Kazuma+1","animator:Wiz+1","animator:Eris+1","animator:Mitsurugi","animator:Mitsurugi+1","animator:Darkness","Meditate","animator:Wiz"],"relics":["animator:LivingPicture","animator:TheMissingPiece","Ginger","NlothsMask","Akabeko","animator:Hoodie","ReplayTheSpireMod:DimensionalGlitch","PureWhite:ReiMu","RuthlessExorcism:ReiMu","Eternal Feather","Whetstone","hubris:VirtuousBlindfold","Guide Book","hubris:DisguiseKit","Calipers","Lantern","Smiling Mask"],"acts_visited":["Exordium","TheCity","TheBeyond"],"potions_floor_usage":[16,16,24,33],"damage_taken":[{"damage":27,"enemies":"Jaw Worm","floor":1,"turns":9},{"damage":31,"enemies":"Cultist","floor":3,"turns":8},{"damage":0,"enemies":"2 Louse","floor":5,"turns":2},{"damage":0,"enemies":"Gremlin Gang","floor":7,"turns":2},{"damage":22,"enemies":"3 Sentries","floor":10,"turns":4},{"damage":0,"enemies":"Exordium Thugs","floor":12,"turns":3},{"damage":0,"enemies":"Large Slime","floor":14,"turns":3},{"damage":28,"enemies":"Hexaghost","floor":16,"turns":9},{"damage":9,"enemies":"Shell Parasite","floor":18,"turns":4},{"damage":2,"enemies":"Chosen","floor":19,"turns":4},{"damage":23,"enemies":"Snake Plant","floor":21,"turns":4},{"damage":14,"enemies":"Book of Stabbing","floor":24,"turns":4},{"damage":15,"enemies":"Gremlin Leader","floor":28,"turns":6},{"damage":0,"enemies":"Snecko","floor":29,"turns":4},{"damage":9,"enemies":"Centurion and Healer","floor":30,"turns":4},{"damage":7,"enemies":"Snake Plant","floor":31,"turns":4},{"damage":62,"enemies":"Collector","floor":33,"turns":9},{"damage":10,"enemies":"3 Shapes","floor":35,"turns":3},{"damage":0,"enemies":"Orb Walker","floor":37,"turns":1},{"damage":0,"enemies":"Transient","floor":39,"turns":5},{"damage":0,"enemies":"HollowMod:StalkingDevout","floor":41,"turns":4},{"damage":0,"enemies":"4 Shapes","floor":44,"turns":2},{"damage":42,"enemies":"Nemesis","floor":45,"turns":5},{"damage":0,"enemies":"Giant Head","floor":47,"turns":4},{"damage":1,"enemies":"Spire Growth","floor":48,"turns":2},{"damage":52,"enemies":"Time Eater","floor":50,"turns":5}],"seed_played":"2894730169775013649","potions_obtained":[{"floor":1,"key":"ZuzhouPotion:ReiMu"},{"floor":10,"key":"Adrenaline Potion"},{"floor":21,"key":"animator:FalseLifePotion"},{"floor":30,"key":"blueLaboratory:FruitPreserves"},{"floor":31,"key":"blueLaboratory:FruitPunch"},{"floor":35,"key":"blueLaboratory:PolymorphPotion"},{"floor":44,"key":"Fire Potion"}],"is_trial":false,"path_per_floor":["M","?","M","$","M","R","M","?","T","E","R","M","$","M","R","B",null,"M","M","$","M","?","R","E","R","T","T","E","M","M","M","R","B",null,"M","$","M","?","M","R","E","R","T","M","E","T","E","M","R","B",null],"character_chosen":"THE_ANIMATOR","items_purchased":["animator:Mitsurugi","Fire Potion","animator:GazelDwargon","Guide Book","animator:Mitsurugi+1"],"campfire_rested":3,"item_purchase_floors":[13,13,13,36,36],"current_hp_per_floor":[34,34,6,6,8,28,30,30,30,11,31,36,36,41,41,16,60,55,55,55,34,58,58,46,68,68,68,57,61,56,51,63,4,62,58,58,63,63,72,87,89,90,90,92,57,57,64,63,78,34],"gold":197,"neow_bonus":"RANDOM_EVENT","is_daily":false,"chose_seed":false,"campfire_upgraded":5,"win_rate":0.0,"timestamp":1609788256,"path_taken":["M","?","M","$","?","R","?","?","T","E","R","M","$","?","R","BOSS","M","M","$","M","?","R","E","R","T","?","E","M","?","M","R","BOSS","M","$","M","?","M","R","E","R","T","?","E","?","E","M","R","BOSS"],"items_purchased_type":["Card","Potion","Card","Relic","Card"],"build_version":"2020-12-22","purchased_purges":3,"victory":true,"max_hp_per_floor":[66,66,67,67,67,67,67,67,67,68,68,71,71,74,74,74,74,74,74,74,74,74,74,74,74,74,74,76,79,79,79,79,81,81,81,81,84,84,87,87,90,90,90,93,93,93,96,96,96,96],"card_choices":[{"not_picked":["animator:Ain","animator:Konayuki"],"picked":"animator:Megumin","floor":1},{"not_picked":["animator:Priestess","animator:Kuribayashi"],"picked":"animator:Mitsurugi","floor":3},{"not_picked":["animator:Rider","animator:Tyuule"],"picked":"animator:Shion","floor":5},{"not_picked":["animator:Mitsurugi","animator:Kazuma"],"picked":"animator:Vanir","floor":7},{"not_picked":["animator:TsurugaMeisai","animator:SakuraMatou"],"picked":"animator:Verdia","floor":10},{"not_picked":["animator:Rena","animator:UneriGinkaku","animator:Ciel"],"picked":"SKIP","floor":12},{"not_picked":["animator:Elsword","animator:Kuribayashi","animator:ZankiKiguchi"],"picked":"SKIP","floor":14},{"not_picked":["animator:SwordMaiden","animator:Rimuru"],"picked":"animator:PinaCoLada","floor":16},{"not_picked":["animator:Vanir","animator:Chomusuke"],"picked":"animator:Darkness","floor":18},{"not_picked":["animator:Ciel","animator:Hakurou","animator:Vesta"],"picked":"SKIP","floor":19},{"not_picked":["animator:Raven","animator:Aisha"],"picked":"animator:YaoHaDucy+1","floor":21},{"not_picked":["animator:Laby","animator:DwarfShaman+1"],"picked":"animator:Kazuma","floor":24},{"not_picked":["animator:Mitsurugi","animator:Kazuma"],"picked":"animator:YunYun","floor":28},{"not_picked":["animator:Millim","animator:RinTohsaka"],"picked":"animator:Verdia","floor":29},{"not_picked":["animator:Togame","animator:Elsword+1"],"picked":"animator:Kazuma+1","floor":30},{"not_picked":["animator:Shuna","animator:RinTohsaka"],"picked":"animator:Wiz","floor":31},{"not_picked":["animator:Shizu","animator:GoblinSlayer"],"picked":"animator:Eris","floor":33},{"not_picked":["animator:Kazuma","animator:Aqua"],"picked":"animator:Mitsurugi","floor":35},{"not_picked":["animator:YaoHaDucy+1","animator:Ain+1"],"picked":"animator:Darkness","floor":37},{"not_picked":["animator:Kazuma","animator:Konayuki+1","animator:YaoHaDucy+1"],"picked":"SKIP","floor":39},{"not_picked":["animator:Chris","animator:ShinjiMatou+1","animator:Raven"],"picked":"SKIP","floor":41},{"not_picked":["animator:Vanir","animator:Kazuma"],"picked":"animator:Megumin","floor":44},{"not_picked":["animator:Archer+1","animator:Verdia","animator:HighElfArcher"],"picked":"Meditate","floor":45},{"not_picked":["animator:Elsword","animator:GazelDwargon","WheelKick"],"picked":"animator:Wiz","floor":47},{"not_picked":["animator:YaoHaDucy+1","animator:Konayuki","animator:ShinjiMatou+1","PathToVictory"],"picked":"SKIP","floor":48}],"player_experience":751278,"relics_obtained":[{"floor":10,"key":"animator:Hoodie"},{"floor":24,"key":"PureWhite:ReiMu"},{"floor":26,"key":"RuthlessExorcism:ReiMu"},{"floor":27,"key":"Eternal Feather"},{"floor":28,"key":"Whetstone"},{"floor":41,"key":"hubris:DisguiseKit"},{"floor":45,"key":"Calipers"},{"floor":46,"key":"Lantern"},{"floor":47,"key":"Smiling Mask"}],"event_choices":[{"damage_healed":0,"gold_gain":0,"player_choice":"Box","damage_taken":0,"relics_obtained":["Ginger"],"max_hp_gain":0,"max_hp_loss":0,"event_name":"Big Fish","floor":0,"gold_loss":0,"cards_obtained":["Regret"]},{"damage_healed":0,"gold_gain":0,"player_choice":"Trade","damage_taken":0,"relics_obtained":["NlothsMask"],"max_hp_gain":0,"max_hp_loss":0,"event_name":"FaceTrader","floor":2,"gold_loss":0},{"damage_healed":0,"gold_gain":0,"player_choice":"Gave Potion","damage_taken":0,"relics_obtained":["Akabeko"],"max_hp_gain":0,"max_hp_loss":0,"event_name":"WeMeetAgain","floor":8,"gold_loss":0},{"damage_healed":24,"gold_gain":0,"player_choice":"Heal","damage_taken":0,"max_hp_gain":0,"max_hp_loss":0,"event_name":"The Library","floor":22,"gold_loss":0},{"damage_healed":0,"gold_gain":0,"cards_transformed":["animator:Strike"],"player_choice":"Transformed","damage_taken":0,"max_hp_gain":0,"max_hp_loss":0,"event_name":"Transmorgrifier","floor":38,"gold_loss":0,"cards_obtained":["animator:Megumin"]}],"is_beta":false,"boss_relics":[{"not_picked":["Replay:Ancient Bell","construct:WeddingRing"],"picked":"ReplayTheSpireMod:DimensionalGlitch"},{"not_picked":["Fusion Hammer","Empty Cage"],"picked":"hubris:VirtuousBlindfold"}],"items_purged_floors":[4,20,36],"is_endless":false,"potions_floor_spawned":[1,10,21,30,31,35,44],"ascension_level":7}}