{"host":"709gjpjg43u3i5a8","time":1609732164,"event":{"mods":["Act Like it!","BaseMod","Colored Map","Colored Powertips","Downfall","Duelist Mod","Gensokyo","GifTheSpireLib","Hallownest","Hermit","Hubris","Infinite Spire","Koishi","Marisa????????","Minty Spire (QoL Compilation)","Remilia??????","Shop Mod","StSLib","Td1madao Mod","The Administrix","The Animator","The Bug Knight","The Construct","The Cursed","The Disciple","The Hierophant","The Jungle","The Necromancer","The Poker Player","The Runesmith","The Servant 0.9.4"],"gold_per_floor":[119,119,130,145,172,172,172],"floor_reached":6,"playtime":569,"items_purged":[],"score":40,"play_id":"362322ff-1beb-42f5-90bb-0374064192e4","local_time":"20210103204924","is_ascension_mode":true,"campfire_choices":[],"circlet_count":0,"master_deck":["animator:Strike_Overlord","animator:Defend_Overlord","animator:Strike","animator:Strike","animator:Strike","animator:Defend","animator:Defend","animator:Defend","animator:Cocytus","animator:Demiurge","animator:MumenRider+1","animator:Entoma+1"],"relics":["animator:LivingPicture","animator:TheMissingPiece","NeowsBlessing"],"acts_visited":["Exordium"],"potions_floor_usage":[6],"damage_taken":[{"damage":0,"enemies":"Small Slimes","floor":1,"turns":1},{"damage":0,"enemies":"Jaw Worm","floor":3,"turns":1},{"damage":0,"enemies":"2 Louse","floor":4,"turns":1},{"damage":15,"enemies":"Lots of Slimes","floor":5,"turns":6},{"damage":58,"enemies":"3 Sentries","floor":6,"turns":10}],"seed_played":"-6073043406329925718","potions_obtained":[{"floor":3,"key":"DistilledChaos"}],"is_trial":false,"path_per_floor":["M","?","M","M","M","E"],"character_chosen":"THE_ANIMATOR","items_purchased":[],"campfire_rested":0,"item_purchase_floors":[],"current_hp_per_floor":[66,66,66,66,51,0,0],"gold":172,"neow_bonus":"THREE_ENEMY_KILL","is_daily":false,"chose_seed":false,"campfire_upgraded":0,"win_rate":0.0,"timestamp":1609732164,"path_taken":["M","?","M","M","M","E"],"items_purchased_type":[],"build_version":"2020-12-22","purchased_purges":0,"victory":false,"max_hp_per_floor":[66,66,66,66,66,68,68],"card_choices":[{"not_picked":["animator:CowGirl","animator:Guy"],"picked":"animator:MumenRider","floor":1},{"not_picked":["animator:MamiTomoe","animator:Mikaela","animator:Viivi"],"picked":"SKIP","floor":3},{"not_picked":["animator:NagisaMomoe","animator:CrowleyEusford","animator:Geryuganshoop"],"picked":"SKIP","floor":4},{"not_picked":["animator:Demiurge","animator:Evileye"],"picked":"animator:Entoma","floor":5}],"player_experience":448746,"relics_obtained":[],"event_choices":[{"damage_healed":0,"gold_gain":0,"player_choice":"Grow","damage_taken":0,"max_hp_gain":0,"max_hp_loss":0,"event_name":"Living Wall","floor":2,"gold_loss":0,"cards_upgraded":["animator:MumenRider"]}],"is_beta":false,"boss_relics":[],"items_purged_floors":[],"is_endless":false,"potions_floor_spawned":[3],"killed_by":"3 Sentries","ascension_level":1}}