{"host":"ezpyhq51vb66cjag","time":1607608625,"event":{"mods":["BaseMod","Highlight Path","StSLib","Replay The Spire","Colored Map","Hubris","Minty Spire (QoL Compilation)","The Jungle","vexMod","Friendly Minions","Aspiration","Act Like it!","Gensokyo","GifTheSpireLib","Quick Restart","Conspire","Downfall","Hermit","The Bladedancer"],"gold_per_floor":[117,117,117,185,110,142,142,155,155,171,188,188,204,379,379,379,379],"floor_reached":16,"playtime":507,"items_purged":["hermit:Strike_Hermit"],"score":125,"play_id":"40dcd25d-22bc-46b7-b076-d8dc76612244","local_time":"20201210215705","is_ascension_mode":false,"campfire_choices":[{"floor":7.0,"key":"RECALL"},{"data":"hermit:Dissolve","floor":15.0,"key":"SMITH"}],"circlet_count":0,"master_deck":["hermit:Strike_Hermit","hermit:Strike_Hermit","hermit:Strike_Hermit","hermit:Defend_Hermit","hermit:Defend_Hermit","hermit:Defend_Hermit","hermit:Defend_Hermit","hermit:Snapshot+1","hermit:Covet","hermit:Dissolve+1","hermit:Malice","Doubt"],"special_seed":0,"relics":["hermit:Momento","NeowsBlessing","hubris:Icosahedron","Happy Flower","hubris:TinFlute","FossilizedHelix"],"acts_visited":["Exordium"],"potions_floor_usage":[],"damage_taken":[{"damage":0.0,"enemies":"2 Louse","floor":1.0,"turns":1.0},{"damage":0.0,"enemies":"Lagavulin","floor":6.0,"turns":1.0},{"damage":0.0,"enemies":"Jaw Worm","floor":8.0,"turns":1.0},{"damage":0.0,"enemies":"Cultist","floor":10.0,"turns":4.0},{"damage":0.0,"enemies":"Looter","floor":11.0,"turns":3.0},{"damage":6.0,"enemies":"Gremlin Gang","floor":13.0,"turns":4.0},{"damage":56,"enemies":"Hexaghost","floor":16,"turns":13}],"seed_played":"1939881509574606205","potions_obtained":[{"floor":6.0,"key":"FairyPotion"},{"floor":10.0,"key":"FearPotion"}],"is_trial":false,"path_per_floor":["M","?","?","T","$","E","R","M","T","M","M","?","M","?","R","B"],"character_chosen":"HERMIT","items_purchased":[],"campfire_rested":0,"item_purchase_floors":[],"current_hp_per_floor":[75,75,75,75,75,75,75,75,75,75,75,75,69,69,69,13,13],"gold":379,"neow_bonus":"THREE_ENEMY_KILL","is_daily":false,"chose_seed":false,"campfire_upgraded":1,"win_rate":0.0,"timestamp":1607608625,"path_taken":["M","?","?","?","$","E","R","M","T","?","M","?","?","?","R","BOSS"],"build_version":"2020-11-30","purchased_purges":1,"victory":false,"max_hp_per_floor":[75,75,75,75,75,75,75,75,75,75,75,75,75,75,75,75,75],"card_choices":[{"not_picked":["hermit:TrackingShot","hermit:FullyLoaded","hermit:HoleUp"],"picked":"SKIP","floor":1.0},{"not_picked":["hermit:Brawl","hermit:ItchyTrigger","hermit:Manifest"],"picked":"SKIP","floor":6.0},{"not_picked":["hermit:Spite","hermit:Manifest"],"picked":"hermit:Dissolve","floor":8.0},{"not_picked":["hermit:Ricochet","hermit:ItchyTrigger","hermit:Roulette"],"picked":"SKIP","floor":10.0},{"not_picked":["hermit:TakeCover","hermit:FullyLoaded"],"picked":"hermit:Malice","floor":11.0},{"not_picked":["hermit:Virtue","hermit:Coalescence","hermit:TakeCover"],"picked":"SKIP","floor":13.0}],"player_experience":176960,"relics_obtained":[{"floor":6.0,"key":"Happy Flower"},{"floor":9.0,"key":"hubris:TinFlute"}],"event_choices":[{"damage_healed":0.0,"max_hp_gain":0.0,"max_hp_loss":0.0,"gold_gain":0.0,"event_name":"WeMeetAgain","player_choice":"Gave Potion","floor":12.0,"gold_loss":0.0,"damage_taken":0.0,"relics_obtained":["FossilizedHelix"]},{"damage_healed":0.0,"max_hp_gain":0.0,"max_hp_loss":0.0,"gold_gain":175.0,"event_name":"Liars Game","player_choice":"AGREE","floor":14.0,"gold_loss":0.0,"damage_taken":0.0,"cards_obtained":["Doubt"]}],"is_beta":false,"boss_relics":[],"items_purged_floors":[5],"is_endless":false,"potions_floor_spawned":[6,10],"killed_by":"Hexaghost","ascension_level":0}}