{"host":"11728qvdvolffudn","time":1607627005,"event":{"mods":["BaseMod","Block Reminder","Colored Powertips","Minty Spire (QoL Compilation)","Permanent Neow","Quick Restart","Rare Cards Sparkle","Relic Stats","Highlight Path","Custom Start","Displayed Cursed Tome"],"gold_per_floor":[118,137,157,169,169,169,119,119,119,138,148,3,3,38,38,141,191,208,208,219,239,239,239],"floor_reached":22,"playtime":3761,"items_purged":["Strike_R"],"score":188,"play_id":"97fd54e5-2dde-4803-960f-e1d4459be694","local_time":"20201210190325","is_ascension_mode":false,"campfire_choices":[{"data":"Bash","floor":6,"key":"SMITH"},{"data":"Limit Break","floor":8,"key":"SMITH"},{"data":"Inflame","floor":13,"key":"SMITH"},{"floor":15,"key":"REST"}],"circlet_count":0,"master_deck":["Strike_R","Strike_R","Strike_R","Defend_R","Defend_R","Defend_R","Defend_R+1","Bash+1","Limit Break+1","Headbutt","Infernal Blade","Inflame+1","Iron Wave","Limit Break+1"],"relics":["Burning Blood","Shuriken","Ornamental Fan","Magic Flower","Tiny House"],"acts_visited":["Exordium","TheCity"],"potions_floor_usage":[14],"damage_taken":[{"damage":7,"enemies":"Cultist","floor":1,"turns":5},{"damage":5,"enemies":"2 Louse","floor":2,"turns":3},{"damage":8,"enemies":"Jaw Worm","floor":3,"turns":4},{"damage":19,"enemies":"Large Slime","floor":4,"turns":6},{"damage":9,"enemies":"Blue Slaver","floor":10,"turns":3},{"damage":2,"enemies":"3 Louse","floor":11,"turns":3},{"damage":34,"enemies":"3 Sentries","floor":14,"turns":8},{"damage":16,"enemies":"Slime Boss","floor":16,"turns":6},{"damage":24,"enemies":"Spheric Guardian","floor":18,"turns":4},{"damage":24,"enemies":"Shell Parasite","floor":20,"turns":6},{"damage":18,"enemies":"Centurion and Healer","floor":21,"turns":4},{"damage":51,"enemies":"3 Cultists","floor":22,"turns":4}],"seed_played":"50072875381483651","potions_obtained":[{"floor":1,"key":"Weak Potion"},{"floor":2,"key":"Ancient Potion"},{"floor":17,"key":"Explosive Potion"},{"floor":20,"key":"Weak Potion"}],"is_trial":false,"path_per_floor":["M","M","M","M","?","R","?","R","T","M","M","$","R","E","R","B",null,"M","?","M","M","M"],"character_chosen":"IRONCLAD","items_purchased":["Inflame"],"campfire_rested":1,"item_purchase_floors":[12],"current_hp_per_floor":[79,80,78,65,53,53,53,53,53,50,54,54,54,26,50,43,85,70,70,55,46,0,0],"gold":239,"neow_bonus":"ONE_RANDOM_RARE_CARD","is_daily":false,"chose_seed":false,"campfire_upgraded":3,"win_rate":0,"timestamp":1607627005,"path_taken":["M","M","?","M","?","R","?","R","T","M","M","$","R","E","R","BOSS","M","?","M","M","M"],"build_version":"2020-11-30","purchased_purges":1,"victory":false,"max_hp_per_floor":[80,80,80,80,80,80,80,80,80,80,80,80,80,80,80,80,85,85,85,85,85,85,85],"relic_stats":{"counters":[12,56],"Shuriken":[3],"Ornamental Fan":[12],"Magic Flower":[12],"obtain_stats":[{"Tiny House":17,"Shuriken":5,"Ornamental Fan":9,"Magic Flower":14,"Burning Blood":0},{"Tiny House":8,"Shuriken":4,"Ornamental Fan":4,"Magic Flower":7,"Burning Blood":0},{"Tiny House":38,"Shuriken":18,"Ornamental Fan":18,"Magic Flower":32,"Burning Blood":0}],"Burning Blood":78},"card_choices":[{"not_picked":["Metallicize","Clothesline","Sword Boomerang"],"picked":"SKIP","floor":1},{"not_picked":["Body Slam","True Grit","Heavy Blade"],"picked":"SKIP","floor":2},{"not_picked":["Carnage","Pommel Strike"],"picked":"Headbutt","floor":3},{"not_picked":["Pommel Strike","Havoc","Berserk"],"picked":"SKIP","floor":4},{"not_picked":["Sword Boomerang","Metallicize","Bloodletting"],"picked":"SKIP","floor":10},{"not_picked":["Headbutt","Perfected Strike"],"picked":"Infernal Blade","floor":11},{"not_picked":["Havoc","Feel No Pain","Uppercut"],"picked":"SKIP","floor":14},{"not_picked":["Armaments+1","Body Slam"],"picked":"Iron Wave","floor":18},{"not_picked":["Wild Strike","Heavy Blade","Metallicize"],"picked":"SKIP","floor":20},{"not_picked":["Sever Soul+1","Impervious","Heavy Blade"],"picked":"SKIP","floor":21}],"player_experience":115661,"relics_obtained":[{"floor":9,"key":"Ornamental Fan"},{"floor":14,"key":"Magic Flower"}],"event_choices":[{"damage_healed":0,"gold_gain":0,"player_choice":"Success","damage_taken":12,"relics_obtained":["Shuriken"],"max_hp_gain":0,"max_hp_loss":0,"event_name":"Scrap Ooze","floor":5,"gold_loss":0},{"cards_removed":["Strike_R"],"damage_healed":0,"gold_gain":0,"player_choice":"Card Removal","damage_taken":0,"max_hp_gain":0,"max_hp_loss":0,"event_name":"The Cleric","floor":7,"gold_loss":50},{"damage_healed":0,"gold_gain":0,"player_choice":"Copied","damage_taken":0,"max_hp_gain":0,"max_hp_loss":0,"event_name":"Duplicator","floor":19,"gold_loss":0,"cards_obtained":["Limit Break"]}],"is_beta":false,"boss_relics":[{"not_picked":["Coffee Dripper","Fusion Hammer"],"picked":"Tiny House"}],"items_purged_floors":[12],"is_endless":false,"potions_floor_spawned":[1,2,20],"killed_by":"3 Cultists","ascension_level":0}}