{"host":"rmsq46plbpwfbxcc","time":1607618091,"event":{"mods":["BaseMod","Colored Map","DeckTracker","Minty Spire (QoL Compilation)","Permanent Neow","SuperFastMode","AchievementEnabler"],"gold_per_floor":[58,77,77,134,190,190,228,298,298,298,364,426,477,539,539,635,685,704,366,407,447,457,492,492,519,519,519,536,536,593,126,126,126,126],"floor_reached":33,"playtime":1273,"items_purged":["Strike_G","Defend_G"],"score":608,"play_id":"cb563344-06af-4b29-b406-17c4028f0401","local_time":"20201211013451","is_ascension_mode":true,"campfire_choices":[{"data":"HandOfGreed","floor":6.0,"key":"SMITH"},{"data":"Neutralize","floor":10.0,"key":"SMITH"},{"floor":15.0,"key":"REST"},{"floor":24.0,"key":"REST"},{"data":"Blade Dance","floor":27.0,"key":"SMITH"},{"floor":32,"key":"REST"}],"circlet_count":0,"master_deck":["AscendersBane","Strike_G+1","Strike_G","Strike_G","Defend_G","Defend_G","Defend_G","Defend_G","Survivor","Neutralize+1","HandOfGreed+1","Dagger Spray","PiercingWail","PiercingWail","Cloak And Dagger","Corpse Explosion+1","Terror+1","Blade Dance+1","Phantasmal Killer","Backflip","Choke","Bullet Time","Infinite Blades+1"],"special_seed":0,"relics":["Ring of the Snake","Happy Flower","Ancient Tea Set","Tiny House","Pear","War Paint","HornCleat","Frozen Egg 2","Pen Nib","Omamori"],"acts_visited":["Exordium","TheCity"],"potions_floor_usage":[33,33],"damage_taken":[{"damage":0.0,"enemies":"2 Louse","floor":1.0,"turns":4.0},{"damage":0.0,"enemies":"Cultist","floor":2.0,"turns":3.0},{"damage":4.0,"enemies":"Small Slimes","floor":4.0,"turns":5.0},{"damage":17.0,"enemies":"Exordium Thugs","floor":5.0,"turns":7.0},{"damage":2.0,"enemies":"Blue Slaver","floor":7.0,"turns":6.0},{"damage":5.0,"enemies":"3 Louse","floor":8.0,"turns":6.0},{"damage":0.0,"enemies":"Exordium Wildlife","floor":11.0,"turns":4.0},{"damage":0.0,"enemies":"Exordium Thugs","floor":12.0,"turns":7.0},{"damage":9.0,"enemies":"3 Sentries","floor":13.0,"turns":6.0},{"damage":6.0,"enemies":"Lots of Slimes","floor":14.0,"turns":8.0},{"damage":32.0,"enemies":"The Guardian","floor":16.0,"turns":12.0},{"damage":2.0,"enemies":"3 Byrds","floor":18.0,"turns":4.0},{"damage":1.0,"enemies":"Chosen","floor":20.0,"turns":2.0},{"damage":16.0,"enemies":"Shelled Parasite and Fungi","floor":21.0,"turns":8.0},{"damage":24.0,"enemies":"Snake Plant","floor":22.0,"turns":7.0},{"damage":16.0,"enemies":"Slavers","floor":23.0,"turns":6.0},{"damage":7.0,"enemies":"Gremlin Leader","floor":25.0,"turns":6.0},{"damage":1.0,"enemies":"Cultist and Chosen","floor":28.0,"turns":3.0},{"damage":14,"enemies":"Slavers","floor":30,"turns":5},{"damage":39,"enemies":"Collector","floor":33,"turns":6}],"seed_played":"-4757237266438684835","potions_obtained":[{"floor":2.0,"key":"Explosive Potion"},{"floor":3.0,"key":"Block Potion"},{"floor":5.0,"key":"DuplicationPotion"},{"floor":12.0,"key":"FearPotion"},{"floor":13.0,"key":"Strength Potion"},{"floor":17.0,"key":"Swift Potion"},{"floor":20.0,"key":"Dexterity Potion"},{"floor":25.0,"key":"AttackPotion"}],"is_trial":false,"path_per_floor":["M","M","?","M","M","R","M","M","T","R","M","M","E","M","R","B",null,"M","$","M","M","M","E","R","E","T","R","M","?","E","$","R","B"],"character_chosen":"THE_SILENT","items_purchased":["Pear","Infinite Blades+1","EntropicBrew","Omamori"],"campfire_rested":3,"item_purchase_floors":[19,31,31,31],"current_hp_per_floor":[59,59,59,55,38,38,36,31,31,31,31,31,22,16,35,3,55,53,63,62,46,22,6,30,23,23,23,22,22,8,8,32,0,0],"gold":126,"neow_bonus":"RANDOM_COLORLESS_2","is_daily":false,"chose_seed":false,"campfire_upgraded":3,"win_rate":0,"timestamp":1607618091,"path_taken":["M","M","?","M","M","R","M","?","T","R","M","M","E","M","R","BOSS","M","$","M","M","M","E","R","E","T","R","M","?","E","?","R","BOSS"],"build_version":"2020-11-30","purchased_purges":2,"victory":false,"max_hp_per_floor":[66,66,66,66,66,66,66,66,66,66,66,66,66,66,66,66,71,71,81,81,81,81,81,81,81,81,81,81,81,81,81,81,81,81],"card_choices":[{"not_picked":["Sadistic Nature","Metamorphosis"],"picked":"HandOfGreed","floor":0.0},{"not_picked":["Deflect","Poisoned Stab"],"picked":"Dagger Spray","floor":1.0},{"not_picked":["Dagger Spray","Prepared","Catalyst"],"picked":"SKIP","floor":2.0},{"not_picked":["Catalyst","Setup"],"picked":"PiercingWail","floor":4.0},{"not_picked":["Predator","Deflect","Underhanded Strike"],"picked":"SKIP","floor":5.0},{"not_picked":["Quick Slash","Deflect"],"picked":"PiercingWail","floor":7.0},{"not_picked":["Flying Knee","Dodge and Roll"],"picked":"Cloak And Dagger","floor":8.0},{"not_picked":["Heel Hook","PiercingWail","Predator"],"picked":"SKIP","floor":11.0},{"not_picked":["Bane","Poisoned Stab"],"picked":"Corpse Explosion","floor":12.0},{"not_picked":["Sucker Punch","Underhanded Strike"],"picked":"Terror","floor":13.0},{"not_picked":["Deadly Poison","Underhanded Strike"],"picked":"Blade Dance","floor":14.0},{"not_picked":["Glass Knife","Doppelganger"],"picked":"Phantasmal Killer","floor":16.0},{"not_picked":["Dodge and Roll","Cloak And Dagger"],"picked":"Backflip","floor":17.0},{"not_picked":["Underhanded Strike+1","Caltrops","Acrobatics+1"],"picked":"SKIP","floor":18.0},{"not_picked":["Flying Knee","Deadly Poison"],"picked":"Choke","floor":20.0},{"not_picked":["Noxious Fumes","Prepared","Riddle With Holes"],"picked":"SKIP","floor":21.0},{"not_picked":["Skewer","Dagger Throw","Doppelganger"],"picked":"SKIP","floor":22.0},{"not_picked":["Underhanded Strike","Terror","Heel Hook"],"picked":"SKIP","floor":23.0},{"not_picked":["Eviscerate","Dagger Spray","Quick Slash"],"picked":"SKIP","floor":25.0},{"not_picked":["Dagger Throw","Night Terror","Flying Knee"],"picked":"SKIP","floor":28.0},{"not_picked":["Cloak And Dagger","Deflect","Sucker Punch"],"picked":"SKIP","floor":30}],"player_experience":1308482,"relics_obtained":[{"floor":9.0,"key":"Happy Flower"},{"floor":13.0,"key":"Ancient Tea Set"},{"floor":23.0,"key":"War Paint"},{"floor":25.0,"key":"HornCleat"},{"floor":26.0,"key":"Frozen Egg 2"},{"floor":30,"key":"Pen Nib"}],"event_choices":[{"damage_healed":0.0,"max_hp_gain":0.0,"max_hp_loss":0.0,"gold_gain":0.0,"event_name":"Lab","player_choice":"Got Potions","floor":3.0,"gold_loss":0.0,"damage_taken":0.0},{"damage_healed":0.0,"max_hp_gain":0.0,"max_hp_loss":0.0,"gold_gain":0.0,"cards_transformed":["Strike_G"],"event_name":"Transmorgrifier","player_choice":"Transformed","floor":29.0,"gold_loss":0.0,"damage_taken":0.0,"cards_obtained":["Bullet Time"]}],"is_beta":false,"boss_relics":[{"not_picked":["Busted Crown","Fusion Hammer"],"picked":"Tiny House"}],"items_purged_floors":[19,31],"is_endless":false,"potions_floor_spawned":[2,4,5,12,13,20,25],"killed_by":"Collector","ascension_level":16}}