{"host":"r6ezb81a0j4v6xl2","time":1607639595,"event":{"mods":["BaseMod","Colored Map","StSLib","Infinite Spire","Minty Spire (QoL Compilation)"],"gold_per_floor":[118,129,129,129,144,144,164,197,197,232,260,260,287,302,302,400,400,420,420,420,420,420,420,420],"floor_reached":23,"playtime":1758,"items_purged":[],"score":532,"play_id":"d34ffec9-adfb-4d63-98bd-d11550cfc401","local_time":"20201210163315","daily_mods":["Draft","Hoarder","Flight","Elite Swarm"],"is_ascension_mode":false,"campfire_choices":[{"floor":6,"key":"REST"},{"floor":15,"key":"REST"}],"circlet_count":0,"master_deck":["Dagger Spray","Dagger Spray","Dagger Spray","Slice","Slice","Slice+1","Caltrops","Caltrops","Caltrops","Slice","Slice","Slice","Backflip","Backflip","Backflip","Dagger Spray","Dagger Spray","Dagger Spray","Acrobatics","Acrobatics","Acrobatics","Acrobatics","Acrobatics","Acrobatics","Deadly Poison","Deadly Poison","Deadly Poison","Dagger Spray","Dagger Spray","Dagger Spray","Dagger Spray","Dagger Spray","Dagger Spray","Blade Dance+1","Blade Dance","Blade Dance","Prepared","Prepared","Dagger Spray","Dagger Spray","Dagger Spray","Deflect","Deflect","Deflect","Acrobatics","Acrobatics","Acrobatics","Dagger Throw","Dagger Throw","Dagger Throw","Dagger Spray","Dagger Spray","Dagger Spray","Dagger Throw","Dagger Throw","Dagger Throw","A Thousand Cuts","A Thousand Cuts","A Thousand Cuts","Dagger Throw","Dagger Throw","Dagger Throw","A Thousand Cuts","A Thousand Cuts","A Thousand Cuts","Adrenaline","Adrenaline","Adrenaline","Slice+1","Slice+1","Slice+1","Cloak And Dagger","Cloak And Dagger","Cloak And Dagger","Necronomicurse","Necronomicurse","Necronomicurse"],"relics":["Ring of the Snake","FossilizedHelix","Singing Bowl","infinitespire:Beetle Shell","MealTicket","Odd Mushroom","infinitespire:Satchel","HoveringKite","Necronomicon"],"acts_visited":["Exordium","TheCity"],"potions_floor_usage":[8,10,13,23],"damage_taken":[{"damage":22,"enemies":"infinitespire:Voidling","floor":1,"turns":3},{"damage":0,"enemies":"Cultist","floor":2,"turns":3},{"damage":0,"enemies":"Small Slimes","floor":5,"turns":1},{"damage":0,"enemies":"Looter","floor":7,"turns":2},{"damage":0,"enemies":"3 Sentries","floor":8,"turns":3},{"damage":0,"enemies":"Gremlin Nob","floor":10,"turns":3},{"damage":9,"enemies":"The Mushroom Lair","floor":11,"turns":2},{"damage":0,"enemies":"Lagavulin","floor":13,"turns":3},{"damage":0,"enemies":"3 Louse","floor":14,"turns":1},{"damage":0,"enemies":"Slime Boss","floor":16,"turns":7},{"damage":20,"enemies":"2 Thieves","floor":18,"turns":3},{"damage":39,"enemies":"Nightmare","floor":23,"turns":6}],"seed_played":"-6552564888340942450","potions_obtained":[{"floor":1,"key":"AttackPotion"},{"floor":4,"key":"infinitespire:BlackPotion"},{"floor":4,"key":"GhostInAJar"},{"floor":10,"key":"EssenceOfSteel"},{"floor":13,"key":"Strength Potion"}],"is_trial":true,"path_per_floor":["M","M","T","?","M","R","M","E","T","E","?","?","E","M","R","B",null,"M","?","?","?","?","NM"],"character_chosen":"THE_SILENT","items_purchased":[],"campfire_rested":2,"item_purchase_floors":[],"current_hp_per_floor":[48,48,48,48,48,69,69,69,69,71,62,48,48,50,72,72,74,54,54,54,38,38,0,0],"gold":420,"neow_bonus":"","is_daily":false,"chose_seed":false,"campfire_upgraded":0,"win_rate":0,"timestamp":1607639595,"path_taken":["M","?","?","?","M","R","?","E","T","E","?","?","E","M","R","BOSS","M","?","?","?","?","NM"],"build_version":"2020-11-30","purchased_purges":0,"victory":false,"max_hp_per_floor":[70,70,70,70,70,70,70,70,70,72,72,72,72,74,74,74,74,74,74,74,74,74,74,74],"card_choices":[{"not_picked":["Dodge and Roll","Acrobatics"],"picked":"Dagger Spray","floor":0},{"not_picked":["Deadly Poison","Flying Knee"],"picked":"Slice","floor":0},{"not_picked":["Blur","Outmaneuver"],"picked":"Caltrops","floor":0},{"not_picked":["Poisoned Stab","Concentrate"],"picked":"Slice","floor":0},{"not_picked":["Dodge and Roll","Calculated Gamble"],"picked":"Backflip","floor":0},{"not_picked":["Flying Knee","Bane"],"picked":"Dagger Spray","floor":0},{"not_picked":["Dodge and Roll","Dash"],"picked":"Acrobatics","floor":0},{"not_picked":["Catalyst","Skewer"],"picked":"Acrobatics","floor":0},{"not_picked":["Dagger Throw","PiercingWail"],"picked":"Deadly Poison","floor":0},{"not_picked":["Expertise","Prepared"],"picked":"Dagger Spray","floor":0},{"not_picked":["Concentrate","Quick Slash"],"picked":"Dagger Spray","floor":0},{"not_picked":["Poisoned Stab","Setup"],"picked":"Blade Dance","floor":0},{"not_picked":["Eviscerate","Dodge and Roll"],"picked":"Prepared","floor":0},{"not_picked":["Dash","Masterful Stab"],"picked":"Dagger Spray","floor":0},{"not_picked":["Blade Dance","Finisher"],"picked":"Deflect","floor":0},{"not_picked":["Deflect","Tactician"],"picked":"Acrobatics","floor":1},{"not_picked":["Deadly Poison","Bane"],"picked":"Dagger Throw","floor":2},{"not_picked":["Corpse Explosion","Poisoned Stab"],"picked":"Dagger Spray","floor":5},{"not_picked":["Prepared","Eviscerate"],"picked":"Dagger Throw","floor":7},{"not_picked":["Wraith Form v2","Bullet Time"],"picked":"A Thousand Cuts","floor":8},{"not_picked":["Corpse Explosion","Grand Finale","After Image"],"picked":"Singing Bowl","floor":10},{"not_picked":["Outmaneuver","Deadly Poison"],"picked":"Dagger Throw","floor":11},{"not_picked":["Venomology","Phantasmal Killer"],"picked":"A Thousand Cuts","floor":13},{"not_picked":["Prepared","Dodge and Roll","Deadly Poison"],"picked":"Singing Bowl","floor":14},{"not_picked":["Night Terror","Corpse Explosion"],"picked":"Adrenaline","floor":16},{"not_picked":["Backflip+1","Sucker Punch+1"],"picked":"Slice+1","floor":18}],"player_experience":399037,"relics_obtained":[{"floor":3,"key":"FossilizedHelix"},{"floor":8,"key":"Singing Bowl"},{"floor":9,"key":"infinitespire:Beetle Shell"},{"floor":10,"key":"MealTicket"},{"floor":11,"key":"Odd Mushroom"},{"floor":13,"key":"infinitespire:Satchel"},{"floor":21,"key":"Necronomicon"}],"event_choices":[{"damage_healed":0,"gold_gain":0,"player_choice":"Got Potions","damage_taken":0,"max_hp_gain":0,"max_hp_loss":0,"event_name":"Lab","floor":4,"gold_loss":0},{"damage_healed":0,"gold_gain":0,"player_choice":"Fought Mushrooms","damage_taken":0,"max_hp_gain":0,"max_hp_loss":0,"event_name":"Mushrooms","floor":11,"gold_loss":0},{"damage_healed":0,"gold_gain":0,"player_choice":"Entered Light","damage_taken":14,"max_hp_gain":0,"max_hp_loss":0,"event_name":"Shining Light","floor":12,"gold_loss":0,"cards_upgraded":["Blade Dance","Slice"]},{"damage_healed":0,"gold_gain":0,"player_choice":"Read","damage_taken":0,"max_hp_gain":0,"max_hp_loss":0,"event_name":"The Library","floor":19,"gold_loss":0,"cards_obtained":["Cloak And Dagger"]},{"cards_removed":["Prepared"],"damage_healed":0,"gold_gain":0,"player_choice":"Elegance","damage_taken":0,"max_hp_gain":0,"max_hp_loss":0,"event_name":"Back to Basics","floor":20,"gold_loss":0},{"damage_healed":0,"gold_gain":0,"player_choice":"Obtained Book","damage_taken":16,"max_hp_gain":0,"max_hp_loss":0,"event_name":"Cursed Tome","floor":21,"gold_loss":0},{"damage_healed":0,"gold_gain":0,"player_choice":"Ignored","damage_taken":0,"max_hp_gain":0,"max_hp_loss":0,"event_name":"Beggar","floor":22,"gold_loss":0}],"is_beta":false,"boss_relics":[{"not_picked":["Snecko Eye","Ectoplasm"],"picked":"HoveringKite"}],"items_purged_floors":[],"is_endless":false,"potions_floor_spawned":[1,5,10,13],"killed_by":"Nightmare","ascension_level":0}}