{"host":"xx5zt3jtdyh8iun7","time":1607612155,"event":{"mods":["BaseMod","StSLib","Act Like it!","Minty Spire (QoL Compilation)","AchievementEnabler","Replay The Spire"],"gold_per_floor":[119,138,154,34,34,61,61,96,150,161,11,11,46,61,61,161,161,177,177,177,190,204,204,233,233,279,279,305,305,325,336,336,431,531,548,560,560,580,597,625,625,657,706,724,724,724,517,534,586,586,586,586,512,537,537,537],"floor_reached":55,"playtime":5599,"items_purged":["Defend_P"],"score":1219,"play_id":"50333a22-b382-4327-a0c1-b7e587fded70","local_time":"20201210155555","is_ascension_mode":true,"campfire_choices":[{"data":"Eruption","floor":7,"key":"SMITH"},{"floor":12,"key":"RECALL"},{"floor":23,"key":"REST"},{"floor":25,"key":"REST"},{"floor":27,"key":"REST"},{"floor":29,"key":"REST"},{"floor":32,"key":"REST"},{"floor":41,"key":"REST"},{"floor":46,"key":"REST"},{"floor":52,"key":"REST"}],"circlet_count":0,"master_deck":["Eruption+1","Vigilance+1","Scrawl","CrushJoints+1","Crescendo+1","WheelKick+1","CutThroughFate+1","WreathOfFlame+1","Crescendo+1","FlurryOfBlows+1","InnerPeace+1","LessonLearned+1","FearNoEvil+1","TalkToTheHand+1","BowlingBash","Scrawl","ReachHeaven","Establishment+1","InnerPeace+1","SashWhip+1","Replay:Hum+1","Consecrate+1","LessonLearned","Protect+1","SpiritShield+1","WheelKick","DeceiveReality+1","MentalFortress+1","WindmillStrike+1","Meditate+1","Fasting2","Fasting2+1","CutThroughFate+1","Wireheading","FlurryOfBlows"],"relics":["HolyWater","Iron Hammer","Omamori","Gremlin Food","Happy Flower","Replay:Grab Bag","Fusion Hammer","ReplayTheSpireMod:DimensionalGlitch","Replay:Drink Me","Nloth\u0027s Gift","ReplayTheSpireMod:Shallot","Akabeko","Replay:Wanted Poster","Ancient Tea Set","StrikeDummy","Bronze Scales","Strange Spoon","Nunchaku"],"acts_visited":["Exordium","TheCity","TheBeyond","TheEnding"],"potions_floor_usage":[6,16,16,33,33,33,39,55,55,55],"damage_taken":[{"damage":0,"enemies":"Cultist","floor":1,"turns":2},{"damage":0,"enemies":"2 Louse","floor":2,"turns":2},{"damage":0,"enemies":"Jaw Worm","floor":3,"turns":3},{"damage":0,"enemies":"Gremlin Nob","floor":6,"turns":2},{"damage":2,"enemies":"Replay:BlueRogue","floor":8,"turns":2},{"damage":0,"enemies":"Lots of Slimes","floor":10,"turns":1},{"damage":0,"enemies":"Gremlin Nob","floor":13,"turns":2},{"damage":0,"enemies":"3 Louse","floor":14,"turns":3},{"damage":25,"enemies":"The Guardian","floor":16,"turns":7},{"damage":0,"enemies":"Chosen","floor":18,"turns":1},{"damage":0,"enemies":"Shell Parasite","floor":21,"turns":1},{"damage":0,"enemies":"Centurion and Healer","floor":22,"turns":1},{"damage":0,"enemies":"Slavers","floor":24,"turns":1},{"damage":0,"enemies":"Replay:Snechameleon","floor":28,"turns":1},{"damage":0,"enemies":"3 Cultists","floor":30,"turns":2},{"damage":0,"enemies":"Shelled Parasite and Fungi","floor":31,"turns":1},{"damage":9,"enemies":"Pondfish","floor":33,"turns":6},{"damage":0,"enemies":"Orb Walker","floor":35,"turns":1},{"damage":0,"enemies":"3 Darklings","floor":36,"turns":2},{"damage":0,"enemies":"Maw","floor":38,"turns":4},{"damage":8,"enemies":"Jaw Worm Horde","floor":39,"turns":3},{"damage":2,"enemies":"Nemesis","floor":40,"turns":7},{"damage":0,"enemies":"Giant Head","floor":42,"turns":3},{"damage":0,"enemies":"Sphere and 2 Shapes","floor":44,"turns":1},{"damage":0,"enemies":"4 Shapes","floor":48,"turns":3},{"damage":0,"enemies":"Donu and Deca","floor":50,"turns":5},{"damage":5,"enemies":"Shield and Spear","floor":54,"turns":5},{"damage":119,"enemies":"The Heart","floor":55,"turns":5}],"seed_played":"-7641019599445827865","potions_obtained":[{"floor":2,"key":"Energy Potion"},{"floor":10,"key":"Block Potion"},{"floor":13,"key":"Weak Potion"},{"floor":16,"key":"Block Potion"},{"floor":18,"key":"Explosive Potion"},{"floor":28,"key":"Fire Potion"},{"floor":30,"key":"LifebloodPotion"},{"floor":33,"key":"Regen Potion"},{"floor":35,"key":"ColorlessPotion"},{"floor":38,"key":"Fire Potion"},{"floor":42,"key":"Venom Potion"},{"floor":54,"key":"Block Potion"}],"is_trial":false,"path_per_floor":["M","M","M","$","?","E","R","E","T","M","$","R","E","M","R","B",null,"M","?","?","M","M","R","E","R","T","R","E","R","M","M","R","B",null,"M","M","?","M","M","E","R","E","T","M","?","R","$","M","R","B",null,"R","$","E","B"],"character_chosen":"WATCHER","items_purchased":["CutThroughFate","LessonLearned","Fasting2","Strange Spoon","Wireheading"],"campfire_rested":8,"item_purchase_floors":[4,11,47,47,53],"current_hp_per_floor":[72,72,72,72,72,72,72,70,70,70,70,70,70,70,70,45,54,54,54,54,54,54,54,54,54,54,54,54,54,54,54,54,45,54,54,54,54,54,46,44,54,54,54,54,54,54,54,54,54,54,54,54,54,49,0,0],"gold":537,"neow_bonus":"ONE_RANDOM_RARE_CARD","is_daily":false,"chose_seed":false,"campfire_upgraded":1,"win_rate":0,"timestamp":1607612155,"path_taken":["M","M","?","$","?","E","R","E","T","?","?","R","E","M","R","BOSS","M","?","?","M","M","R","E","R","T","R","E","R","M","?","R","BOSS","M","M","?","?","M","E","R","E","T","M","?","R","$","M","R","BOSS","R","$","E","BOSS"],"build_version":"2020-11-30","purchased_purges":1,"victory":false,"max_hp_per_floor":[72,72,72,72,72,72,72,72,72,72,72,72,72,72,72,72,54,54,54,54,54,54,54,54,54,54,54,54,54,54,54,54,54,54,54,54,54,54,54,54,54,54,54,54,54,54,54,54,54,54,54,54,54,54,54,54],"card_choices":[{"not_picked":["ThirdEye","PathToVictory"],"picked":"CrushJoints","floor":1},{"not_picked":["ForeignInfluence","Perseverance"],"picked":"Crescendo","floor":2},{"not_picked":["Replay:Hum","Evaluate"],"picked":"WheelKick","floor":3},{"not_picked":["Prostrate","Replay:AtTheReady"],"picked":"Crescendo","floor":6},{"not_picked":["EmptyFist","CrushJoints"],"picked":"FlurryOfBlows","floor":8},{"not_picked":["Wallop","FlurryOfBlows"],"picked":"InnerPeace","floor":10},{"not_picked":["PathToVictory","Judgement"],"picked":"FearNoEvil","floor":13},{"not_picked":["ThirdEye","FlyingSleeves"],"picked":"TalkToTheHand","floor":14},{"not_picked":["MasterReality","Devotion"],"picked":"Scrawl","floor":16},{"not_picked":["Prostrate","CrushJoints"],"picked":"ReachHeaven","floor":18},{"not_picked":["EmptyBody","Prostrate","ForeignInfluence+1"],"picked":"SKIP","floor":21},{"not_picked":["LikeWater","ThirdEye"],"picked":"Establishment","floor":22},{"not_picked":["ConjureBlade","Sanctity"],"picked":"InnerPeace","floor":24},{"not_picked":["FollowUp","Crescendo"],"picked":"SashWhip","floor":28},{"not_picked":["EmptyBody","ThirdEye+1"],"picked":"Replay:Hum","floor":30},{"not_picked":["CrushJoints","ClearTheMind"],"picked":"Consecrate","floor":31},{"not_picked":["DevaForm","Omniscience"],"picked":"LessonLearned","floor":33},{"not_picked":["ForeignInfluence+1","Nirvana"],"picked":"Protect","floor":35},{"not_picked":["JustLucky","BattleHymn"],"picked":"SpiritShield","floor":36},{"not_picked":["Study+1","Replay:Battleflow+1"],"picked":"DeceiveReality","floor":38},{"not_picked":["SashWhip","Halt"],"picked":"MentalFortress+1","floor":39},{"not_picked":["Replay:BluntJabs+1","ClearTheMind+1"],"picked":"WindmillStrike","floor":40},{"not_picked":["Weave+1","CarveReality+1","Replay:BluntJabs+1"],"picked":"SKIP","floor":42},{"not_picked":["Replay:BluntJabs","WaveOfTheHand"],"picked":"Meditate","floor":44},{"not_picked":["Replay:AtTheReady","CrushJoints+1"],"picked":"CutThroughFate+1","floor":48},{"not_picked":["Blasphemy","Replay:AtTheReady"],"picked":"FlurryOfBlows","floor":54}],"player_experience":548051,"relics_obtained":[{"floor":6,"key":"Iron Hammer"},{"floor":8,"key":"Omamori"},{"floor":9,"key":"Gremlin Food"},{"floor":13,"key":"Happy Flower"},{"floor":24,"key":"ReplayTheSpireMod:Shallot"},{"floor":28,"key":"Akabeko"},{"floor":40,"key":"Ancient Tea Set"},{"floor":42,"key":"StrikeDummy"},{"floor":43,"key":"Bronze Scales"},{"floor":54,"key":"Nunchaku"}],"event_choices":[{"damage_healed":0,"gold_gain":0,"cards_transformed":["Defend_P"],"player_choice":"Transformed","damage_taken":0,"max_hp_gain":0,"max_hp_loss":0,"event_name":"Transmorgrifier","floor":5,"gold_loss":0,"cards_obtained":["WreathOfFlame"]},{"damage_healed":0,"gold_gain":0,"player_choice":"Inject Mutagens","damage_taken":0,"relics_obtained":["MutagenicStrength"],"max_hp_gain":0,"max_hp_loss":0,"event_name":"Drug Dealer","floor":19,"gold_loss":0},{"damage_healed":0,"gold_gain":0,"player_choice":"Traded Relic","damage_taken":0,"relics_obtained":["Nloth\u0027s Gift"],"max_hp_gain":0,"max_hp_loss":0,"event_name":"N\u0027loth","floor":20,"relics_lost":["MutagenicStrength"],"gold_loss":0},{"damage_healed":0,"gold_gain":0,"cards_transformed":["Defend_P"],"player_choice":"Transformed","damage_taken":0,"max_hp_gain":0,"max_hp_loss":0,"event_name":"Transmorgrifier","floor":37,"gold_loss":0,"cards_obtained":["WheelKick"]},{"cards_removed":["Defend_P"],"damage_healed":0,"gold_gain":0,"player_choice":"Offered Basic","damage_taken":0,"max_hp_gain":0,"max_hp_loss":0,"event_name":"Bonfire Elementals","floor":45,"gold_loss":0}],"is_beta":false,"boss_relics":[{"not_picked":["SlaversCollar","Astrolabe"],"picked":"Replay:Grab Bag"},{"not_picked":["ChewingGum","Velvet Choker"],"picked":"Fusion Hammer"},{"not_picked":["Abe\u0027s Treasure","Runic Dome"],"picked":"ReplayTheSpireMod:DimensionalGlitch"},{"not_picked":["SacredBark","Snecko Eye"],"picked":"Replay:Drink Me"},{"not_picked":["Kintsugi","Ring of Chaos"],"picked":"HolyWater"},{"not_picked":["Pandora\u0027s Box","Empty Cage"],"picked":"Replay:Wanted Poster"}],"items_purged_floors":[4],"is_endless":false,"potions_floor_spawned":[2,10,13,16,18,28,30,33,35,38,42,44,48,54],"killed_by":"The Heart","ascension_level":1}}