{"host":"j0a1jfichhxu8b8p","time":1607613577,"event":{"mods":["BaseMod","Colored Map","DeckTracker","Keyboard Shortcuts","Minty Spire (QoL Compilation)","everything is the same but u backflip on backflip","Permanent Neow"],"gold_per_floor":[112,82,102,102,27,58,76,76,76],"floor_reached":8,"playtime":315,"items_purged":["Strike_R"],"score":101,"play_id":"2dedee1b-6ae7-4497-9373-8745c74dd637","local_time":"20201211001937","is_ascension_mode":true,"campfire_choices":[],"circlet_count":0,"master_deck":["AscendersBane","Strike_R","Strike_R","Strike_R","Defend_R","Defend_R","Defend_R","Defend_R","Bash","Twin Strike","Shrug It Off"],"relics":["Burning Blood","Torii","Ginger"],"acts_visited":["Exordium"],"potions_floor_usage":[6,8,8,8,8],"damage_taken":[{"damage":12,"enemies":"Jaw Worm","floor":1,"turns":4},{"damage":2,"enemies":"Cultist","floor":3,"turns":4},{"damage":37,"enemies":"Gremlin Nob","floor":6,"turns":6},{"damage":4,"enemies":"Small Slimes","floor":7,"turns":6},{"damage":21,"enemies":"Lagavulin","floor":8,"turns":5}],"seed_played":"2665015490126950757","potions_obtained":[{"floor":2,"key":"EntropicBrew"},{"floor":2,"key":"SpeedPotion"},{"floor":6,"key":"Swift Potion"},{"floor":7,"key":"Dexterity Potion"}],"is_trial":false,"path_per_floor":["M","?","M","?","$","E","M","E"],"character_chosen":"IRONCLAD","items_purchased":[],"campfire_rested":0,"item_purchase_floors":[],"current_hp_per_floor":[44,44,48,41,41,10,12,0,0],"gold":76,"neow_bonus":"ONE_RARE_RELIC","is_daily":false,"chose_seed":false,"campfire_upgraded":0,"win_rate":0,"timestamp":1607613577,"path_taken":["M","?","?","?","$","E","M","E"],"build_version":"2020-11-30","purchased_purges":1,"victory":false,"max_hp_per_floor":[75,75,75,75,75,75,75,75,75],"card_choices":[{"not_picked":["Sword Boomerang","Heavy Blade","Perfected Strike"],"picked":"SKIP","floor":1},{"not_picked":["Reckless Charge","Thunderclap"],"picked":"Twin Strike","floor":3},{"not_picked":["Sword Boomerang","Perfected Strike","Thunderclap"],"picked":"SKIP","floor":6},{"not_picked":["Body Slam","Perfected Strike"],"picked":"Shrug It Off","floor":7}],"player_experience":274176,"relics_obtained":[{"floor":6,"key":"Ginger"}],"event_choices":[{"damage_healed":0,"gold_gain":0,"player_choice":"Bought 2 Potions","damage_taken":0,"max_hp_gain":0,"max_hp_loss":0,"event_name":"The Woman in Blue","floor":2,"gold_loss":0},{"cards_removed":["Strike_R"],"damage_healed":0,"gold_gain":0,"player_choice":"Card Removal","damage_taken":7,"max_hp_gain":0,"max_hp_loss":0,"event_name":"Golden Wing","floor":4,"gold_loss":0}],"is_beta":false,"boss_relics":[],"items_purged_floors":[5],"is_endless":false,"potions_floor_spawned":[6,7],"killed_by":"Lagavulin","ascension_level":16}}