{"host":"87w2793jpavfbt1o","time":1607592941,"event":{"gold_per_floor":[118,130,146,164,235,247,291,303,387,399,425,455,467,504,516,632,644,676,702,714,701,11,11,11,11],"floor_reached":24,"playtime":1631,"items_purged":["ReplayTheSpireMod:Splinters"],"score":478,"play_id":"467fc8b7-7d38-4bc0-a206-1bc46a4bcbc3","local_time":"20201210013541","is_ascension_mode":true,"campfire_choices":[{"floor":6,"key":"RECALL"},{"floor":8,"key":"REST"},{"floor":10,"key":"REST"},{"data":"Establishment","floor":23,"key":"SMITH"}],"neow_cost":"","seed_source_timestamp":-3647685929349820288,"circlet_count":0,"master_deck":["conspire:GhostlyStrike","conspire:GhostlyStrike","conspire:GhostlyStrike","conspire:GhostlyStrike","conspire:GhostlyDefend","conspire:GhostlyDefend","conspire:GhostlyDefend","conspire:GhostlyDefend","Eruption","Vigilance","sneckomod:UnknownRareAttack","expansioncontent:TimeRipple","Conclude","Indignation","Replay:ManipulateFuture","PathToVictory","FlyingSleeves","DeusExMachina","FlurryOfBlows","Replay:BluntJabs","Consecrate","MarkedMod:Acupuncture","Establishment+1","ThirdEye","MarkedMod:GentlePulse","MarkedMod:GentlePulse","MarkedMod:Acupuncture"],"relics":["PureWater","REME_ComplimentaryCards","testmod-TestBox","testmod-IncinerationGenerator","MawBank","testmod-InjuryResistance","testmod-DragonStarHat","REME_PuzzleBoxRelic","aspiration:PoetsPen","Omamori","Durian","halation:Diary"],"potions_floor_usage":[4,14,16,16],"damage_taken":[{"damage":0,"enemies":"Cultist","floor":1,"turns":2},{"damage":0,"enemies":"2 Louse","floor":2,"turns":1},{"damage":0,"enemies":"Small Slimes","floor":3,"turns":2},{"damage":15,"enemies":"Exordium Wildlife","floor":4,"turns":3},{"damage":30,"enemies":"3 Sentries","floor":7,"turns":3},{"damage":4,"enemies":"Large Slime","floor":11,"turns":2},{"damage":2,"enemies":"Exordium Thugs","floor":12,"turns":2},{"damage":13,"enemies":"Gremlin Nob","floor":14,"turns":3},{"damage":8,"enemies":"The Guardian","floor":16,"turns":6},{"damage":0,"enemies":"Spheric Guardian","floor":18,"turns":3},{"damage":9,"enemies":"Chosen","floor":19,"turns":3},{"damage":68,"enemies":"Nightmare","floor":24,"turns":3}],"seed_played":"3595868737024093423","potions_obtained":[{"floor":3,"key":"ColorlessPotion"},{"floor":4,"key":"Languid Potion"},{"floor":11,"key":"Weak Potion"},{"floor":12,"key":"Strength Potion"}],"is_trial":false,"path_per_floor":["M","M","M","M","?","R","E","R","T","R","M","M","?","E","R","B",null,"M","M","?","?","$","R","NM"],"character_chosen":"WATCHER","items_purchased":["expansioncontent:TimeRipple","Omamori","Durian","MarkedMod:GentlePulse","MarkedMod:Acupuncture","halation:Diary"],"campfire_rested":2,"item_purchase_floors":[0,22,22,22,22,22],"current_hp_per_floor":[65,65,65,50,50,50,20,41,41,62,58,56,55,42,42,34,63,63,54,54,54,59,59,0,0],"gold":11,"neow_bonus":"","is_prod":false,"is_daily":false,"chose_seed":false,"campfire_upgraded":1,"win_rate":0,"timestamp":1607592941,"path_taken":["M","M","?","M","?","R","E","R","T","R","M","?","?","E","R","BOSS","M","M","?","?","$","R","NM"],"build_version":"2020-11-30","purchased_purges":1,"victory":false,"max_hp_per_floor":[72,72,72,72,72,72,72,72,72,72,72,72,72,72,72,72,72,72,72,72,72,77,77,77,77],"card_choices":[{"not_picked":["FollowUp","Replay:DivineShield"],"picked":"Conclude","floor":1},{"not_picked":["Weave","Pray"],"picked":"Indignation","floor":2},{"not_picked":["FlurryOfBlows","FollowUp"],"picked":"Replay:ManipulateFuture","floor":3},{"not_picked":["Prostrate","FlyingSleeves"],"picked":"PathToVictory","floor":4},{"not_picked":["Protect","Halt"],"picked":"FlyingSleeves","floor":5},{"not_picked":["Replay:DivineShield","FlyingSleeves"],"picked":"DeusExMachina","floor":5},{"not_picked":["Sanctity","Pray"],"picked":"FlurryOfBlows","floor":7},{"not_picked":["Sanctity","Prostrate"],"picked":"Replay:BluntJabs","floor":11},{"not_picked":["Evaluate","Protect"],"picked":"Consecrate","floor":12},{"not_picked":["ThirdEye","Nirvana"],"picked":"MarkedMod:Acupuncture","floor":14},{"not_picked":["Blasphemy","Devotion"],"picked":"Establishment","floor":16},{"not_picked":["Swivel","MentalFortress+1"],"picked":"ThirdEye","floor":18},{"not_picked":["Halt","Replay:Battleflow"],"picked":"MarkedMod:GentlePulse","floor":19}],"player_experience":601060,"relics_obtained":[{"floor":5,"key":"MawBank"},{"floor":7,"key":"testmod-InjuryResistance"},{"floor":14,"key":"REME_PuzzleBoxRelic"}],"event_choices":[{"damage_healed":0,"gold_gain":0,"player_choice":"Relic ","damage_taken":3,"max_hp_gain":0,"max_hp_loss":0,"event_name":"betterThird:BetterScrap","floor":13,"gold_loss":0,"cards_obtained":["BootSequence"]},{"damage_healed":0,"gold_gain":0,"player_choice":"Agree","damage_taken":0,"max_hp_gain":0,"max_hp_loss":0,"event_name":"conspire:LoneGhost","floor":15,"gold_loss":0},{"damage_healed":0,"gold_gain":0,"player_choice":"Ignored","damage_taken":0,"max_hp_gain":0,"max_hp_loss":0,"event_name":"Ghosts","floor":20,"gold_loss":0}],"is_beta":false,"boss_relics":[{"not_picked":["testmod-PortableAltar","hubris:VirtuousBlindfold"],"picked":"aspiration:PoetsPen"}],"items_purged_floors":[22],"is_endless":false,"potions_floor_spawned":[3,4,11,12],"killed_by":"Nightmare","ascension_level":8}}