{"host":"63rwe7p34ct1i0qu","time":1607576357,"event":{"gold_per_floor":[115,115,133,133,133,133,151,163,186,186,202,212,238,254,254,254,254],"floor_reached":16,"playtime":555,"items_purged":[],"score":135,"play_id":"e84939c9-0bd2-4eb6-b98c-dd4063a3897f","local_time":"20201210135917","is_ascension_mode":true,"campfire_choices":[{"floor":6,"key":"REST"},{"floor":15,"key":"REST"}],"neow_cost":"NONE","seed_source_timestamp":20917229064100,"circlet_count":0,"master_deck":["Strike_B","Strike_B","Strike_B","Defend_B","Defend_B","Defend_B","Defend_B","Zap","Dualcast","Chill+1","Core Surge","Genetic Algorithm","Coolheaded"],"relics":["Fusion Hammer","Lantern","Anchor","Unceasing Top"],"potions_floor_usage":[16],"damage_taken":[{"damage":1,"enemies":"2 Louse","floor":1,"turns":2},{"damage":0,"enemies":"Small Slimes","floor":3,"turns":2},{"damage":0,"enemies":"Cultist","floor":7,"turns":4},{"damage":6,"enemies":"Gremlin Gang","floor":8,"turns":6},{"damage":0,"enemies":"2 Fungi Beasts","floor":11,"turns":4},{"damage":0,"enemies":"Lots of Slimes","floor":12,"turns":5},{"damage":14,"enemies":"3 Sentries","floor":13,"turns":10},{"damage":1,"enemies":"Looter","floor":14,"turns":3},{"damage":70,"enemies":"Hexaghost","floor":16,"turns":14}],"seed_played":"5239276677854959096","potions_obtained":[{"floor":7,"key":"DistilledChaos"}],"is_trial":false,"path_per_floor":["M","?","M","?","$","R","M","M","T","?","M","M","E","M","R","B"],"character_chosen":"DEFECT","items_purchased":[],"campfire_rested":2,"item_purchase_floors":[],"current_hp_per_floor":[67,60,60,53,53,75,75,69,69,69,69,69,55,54,75,5,5],"gold":254,"neow_bonus":"BOSS_RELIC","is_prod":false,"is_daily":false,"chose_seed":false,"campfire_upgraded":0,"win_rate":0,"timestamp":1607576357,"path_taken":["M","?","M","?","$","R","M","M","T","?","M","M","E","?","R","BOSS"],"build_version":"2020-11-30","purchased_purges":0,"victory":false,"max_hp_per_floor":[75,75,75,75,75,75,75,75,75,75,75,75,75,75,75,75,75],"card_choices":[{"not_picked":["Go for the Eyes","Steam"],"picked":"Chill","floor":1},{"not_picked":["Auto Shields","Melter","Recycle"],"picked":"SKIP","floor":3},{"not_picked":["Beam Cell","Gash","Scrape"],"picked":"SKIP","floor":7},{"not_picked":["Coolheaded","Redo"],"picked":"Core Surge","floor":8},{"not_picked":["Loop","Sweeping Beam","Gash"],"picked":"SKIP","floor":11},{"not_picked":["Darkness","Beam Cell"],"picked":"Genetic Algorithm","floor":12},{"not_picked":["Heatsinks","Turbo"],"picked":"Coolheaded","floor":13},{"not_picked":["Compile Driver","Loop","Leap"],"picked":"SKIP","floor":14}],"player_experience":1263405,"relics_obtained":[{"floor":9,"key":"Anchor"},{"floor":13,"key":"Unceasing Top"}],"event_choices":[{"damage_healed":0,"gold_gain":0,"player_choice":"Success","damage_taken":7,"relics_obtained":["Lantern"],"max_hp_gain":0,"max_hp_loss":0,"event_name":"Scrap Ooze","floor":2,"gold_loss":0},{"cards_removed":["Strike_B"],"damage_healed":0,"gold_gain":0,"player_choice":"Card Removal","damage_taken":7,"max_hp_gain":0,"max_hp_loss":0,"event_name":"Golden Wing","floor":4,"gold_loss":0},{"damage_healed":0,"gold_gain":0,"player_choice":"Forge","damage_taken":0,"max_hp_gain":0,"max_hp_loss":0,"event_name":"Accursed Blacksmith","floor":10,"gold_loss":0,"cards_upgraded":["Chill"]}],"is_beta":false,"boss_relics":[],"items_purged_floors":[],"is_endless":false,"potions_floor_spawned":[7],"killed_by":"Hexaghost","ascension_level":6}}