{"host":"dl5mjdlimopbuch5","time":1607604386,"event":{"gold_per_floor":[114,114,129,129,129,129,159,159,159,174,189,151,151,166,166,266,266,281,196,211,211,211,211,226,226,251,251,251,251,266,281,281,390,390,405,5,64,79,94,94,109,109,193,208,223,232,232,262,274,286],"floor_reached":51,"playtime":1864,"items_purged":[],"score":752,"play_id":"f7dea6c3-7516-4952-bbe8-ca7e1a9bf4cc","local_time":"20201210124626","daily_mods":["Allstar","Vintage","Night Terrors"],"is_ascension_mode":false,"campfire_choices":[{"data":"ForeignInfluence","floor":6,"key":"SMITH"},{"data":"EmptyFist","floor":8,"key":"SMITH"},{"data":"The Bomb","floor":13,"key":"SMITH"},{"data":"Tantrum","floor":15,"key":"SMITH"},{"floor":23,"key":"REST"},{"data":"Wish","floor":27,"key":"SMITH"},{"data":"Clumsy","floor":29,"key":"PURGE"},{"data":"Eruption","floor":32,"key":"SMITH"},{"data":"Wish","floor":40,"key":"SMITH"},{"floor":42,"key":"REST"},{"data":"Doubt","floor":47,"key":"PURGE"},{"floor":49,"key":"REST"}],"neow_cost":"","seed_source_timestamp":0,"circlet_count":0,"master_deck":["Strike_P","Strike_P","Strike_P","Strike_P","Defend_P","Defend_P","Defend_P","Eruption+1","Vigilance","Master of Strategy","The Bomb+1","Bandage Up+1","Apotheosis+1","Secret Technique","ForeignInfluence+1","EmptyFist+1","Tantrum+1","Wish+1","Adaptation+1","ForeignInfluence+1","Wish+1","EmptyBody+1","Shame"],"special_seed":18606,"relics":["PureWater","Boot","Bronze Scales","GoldenEye","Darkstone Periapt","Smiling Mask","Eternal Feather","Torii","Cursed Key","Frozen Egg 2","Ornamental Fan","Peace Pipe","Red Mask","Potion Belt","Juzu Bracelet","CeramicFish","Pantograph","SacredBark","Meat on the Bone","Lee\u0027s Waffle","Molten Egg 2","Du-Vu Doll","Bottled Flame","Pen Nib","Damaru","Gremlin Horn","StrikeDummy","Bag of Marbles","Shuriken","MawBank"],"potions_floor_usage":[33,33,45,50,50],"damage_taken":[{"damage":1,"enemies":"Cultist","floor":1,"turns":3},{"damage":13,"enemies":"2 Louse","floor":3,"turns":3},{"damage":6,"enemies":"Lagavulin","floor":7,"turns":3},{"damage":6,"enemies":"Jaw Worm","floor":10,"turns":3},{"damage":7,"enemies":"Blue Slaver","floor":11,"turns":2},{"damage":0,"enemies":"Large Slime","floor":14,"turns":2},{"damage":14,"enemies":"The Guardian","floor":16,"turns":6},{"damage":1,"enemies":"Chosen","floor":18,"turns":2},{"damage":0,"enemies":"Shell Parasite","floor":20,"turns":2},{"damage":51,"enemies":"Masked Bandits","floor":22,"turns":4},{"damage":4,"enemies":"Shelled Parasite and Fungi","floor":24,"turns":3},{"damage":3,"enemies":"Snake Plant","floor":30,"turns":2},{"damage":0,"enemies":"Snecko","floor":31,"turns":3},{"damage":15,"enemies":"Automaton","floor":33,"turns":4},{"damage":8,"enemies":"Orb Walker","floor":35,"turns":3},{"damage":0,"enemies":"Mind Bloom Boss Battle","floor":37,"turns":2},{"damage":11,"enemies":"3 Darklings","floor":38,"turns":4},{"damage":12,"enemies":"Maw","floor":39,"turns":5},{"damage":36,"enemies":"Spire Growth","floor":41,"turns":4},{"damage":69,"enemies":"Writhing Mass","floor":44,"turns":4},{"damage":16,"enemies":"3 Darklings","floor":45,"turns":3},{"damage":10,"enemies":"Giant Head","floor":48,"turns":5},{"damage":51,"enemies":"Time Eater","floor":50,"turns":5}],"seed_played":"8996604888150855735","potions_obtained":[{"floor":1,"key":"EssenceOfSteel"},{"floor":3,"key":"StancePotion"},{"floor":14,"key":"Ambrosia"},{"floor":24,"key":"Fire Potion"},{"floor":30,"key":"SteroidPotion"},{"floor":39,"key":"GamblersBrew"},{"floor":45,"key":"StancePotion"},{"floor":48,"key":"EntropicBrew"}],"is_trial":false,"path_per_floor":["M","?","M","?","?","R","E","R","T","M","M","$","R","M","R","B",null,"M","?","M","?","?","R","M","$","T","R","$","R","M","M","R","B",null,"M","$","?","M","M","R","M","R","T","M","M","T","R","E","R","B",null],"character_chosen":"WATCHER","items_purchased":["Tantrum","Lee\u0027s Waffle","Molten Egg 2"],"campfire_rested":3,"item_purchase_floors":[12,36,36],"current_hp_per_floor":[71,71,64,50,50,50,50,50,50,50,49,49,58,58,67,58,72,71,71,71,71,26,67,66,66,72,73,73,73,73,73,73,58,73,71,80,80,75,68,80,44,75,81,30,32,38,50,46,82,49],"gold":298,"neow_bonus":"","is_prod":false,"is_daily":true,"chose_seed":false,"campfire_upgraded":7,"win_rate":0,"timestamp":1607604386,"path_taken":["M","?","M","?","?","R","E","R","T","M","M","$","R","M","R","BOSS","M","?","M","?","?","R","M","?","T","R","$","R","M","M","R","BOSS","M","$","?","M","M","R","M","R","T","M","M","?","R","E","R","BOSS"],"build_version":"2020-11-30","purchased_purges":0,"victory":true,"max_hp_per_floor":[72,72,72,72,72,72,72,72,72,72,72,72,72,72,72,72,72,72,72,72,72,72,67,67,67,73,73,73,73,73,73,73,73,73,73,80,80,80,80,80,80,75,81,81,81,87,87,87,82,82],"card_choices":[{"not_picked":["ClearTheMind","Brilliance"],"picked":"EmptyFist","floor":7},{"not_picked":["Ragnarok","Omniscience"],"picked":"Wish","floor":16},{"not_picked":["SashWhip+1","Tantrum+1"],"picked":"ForeignInfluence+1","floor":22},{"not_picked":["Ragnarok","Scrawl"],"picked":"Wish","floor":33},{"not_picked":["EmptyMind","Sanctity+1"],"picked":"EmptyBody+1","floor":37},{"not_picked":["Sanctity+1","Wallop+1","Consecrate+1"],"picked":"SKIP","floor":48}],"player_experience":199215,"relics_obtained":[{"floor":1,"key":"Boot"},{"floor":3,"key":"Bronze Scales"},{"floor":7,"key":"GoldenEye"},{"floor":9,"key":"Darkstone Periapt"},{"floor":10,"key":"Smiling Mask"},{"floor":11,"key":"Eternal Feather"},{"floor":14,"key":"Torii"},{"floor":18,"key":"Frozen Egg 2"},{"floor":20,"key":"Peace Pipe"},{"floor":22,"key":"Red Mask"},{"floor":24,"key":"Potion Belt"},{"floor":26,"key":"Juzu Bracelet"},{"floor":30,"key":"CeramicFish"},{"floor":31,"key":"Pantograph"},{"floor":35,"key":"Meat on the Bone"},{"floor":37,"key":"Du-Vu Doll"},{"floor":38,"key":"Bottled Flame"},{"floor":39,"key":"Pen Nib"},{"floor":41,"key":"Damaru"},{"floor":43,"key":"Gremlin Horn"},{"floor":44,"key":"StrikeDummy"},{"floor":45,"key":"Bag of Marbles"},{"floor":46,"key":"Shuriken"},{"floor":48,"key":"MawBank"}],"event_choices":[{"damage_healed":0,"gold_gain":0,"player_choice":"Ignored","damage_taken":0,"max_hp_gain":0,"max_hp_loss":0,"event_name":"Golden Wing","floor":2,"gold_loss":0},{"damage_healed":0,"gold_gain":0,"player_choice":"Entered Light","damage_taken":14,"max_hp_gain":0,"max_hp_loss":0,"event_name":"Shining Light","floor":4,"gold_loss":0,"cards_upgraded":["Bandage Up","Apotheosis"]},{"damage_healed":0,"gold_gain":0,"cards_transformed":["Defend_P"],"player_choice":"Change","damage_taken":0,"max_hp_gain":0,"max_hp_loss":0,"event_name":"Living Wall","floor":5,"gold_loss":0,"cards_obtained":["ForeignInfluence"]},{"damage_healed":0,"gold_gain":0,"player_choice":"Obtained Relic","damage_taken":0,"relics_obtained":["Ornamental Fan"],"max_hp_gain":0,"max_hp_loss":0,"event_name":"Addict","floor":19,"gold_loss":85},{"damage_healed":0,"gold_gain":0,"player_choice":"Read","damage_taken":0,"max_hp_gain":0,"max_hp_loss":0,"event_name":"The Library","floor":21,"gold_loss":0,"cards_obtained":["Adaptation"]},{"damage_healed":0,"gold_gain":0,"player_choice":"Fought Bandits","damage_taken":0,"max_hp_gain":0,"max_hp_loss":0,"event_name":"Masked Bandits","floor":22,"gold_loss":0},{"damage_healed":0,"gold_gain":0,"player_choice":"Fight","damage_taken":0,"max_hp_gain":0,"max_hp_loss":0,"event_name":"MindBloom","floor":37,"gold_loss":0}],"is_beta":false,"boss_relics":[{"not_picked":["Runic Dome","Black Star"],"picked":"Cursed Key"},{"not_picked":["VioletLotus","Astrolabe"],"picked":"SacredBark"}],"items_purged_floors":[],"is_endless":false,"potions_floor_spawned":[1,3,14,16,18,24,30,38,39,45,48],"ascension_level":0}}