{"host":"tst5pjz7m60hr0pr","time":1607628685,"event":{"mods":["BaseMod","StSLib","Downfall","AchievementEnabler","Aspiration","Bard","Beaked The Cultist","Better Altar","Better Match","Better Note","Better Sensory Stone","Better Skull","Better Third Choice","BetterRewards","CCEM","Clawfect","Colored Map","Conspire","GifTheSpireLib","Googly Eyes","Halation","Act Like it!","Hallownest","Hermit","Highlight Path","Hubris","Hunter ??","Infinite Spire","Jedi Mod","Marisa????????","Mimic Mod","Minty Spire (QoL Compilation)","Permanent Neow","Replay The Spire","Shade Mod","Shop Mod","Spicy Shops","Stuff the Spire","The Administrix","The Blackbeard","The Bug Knight","The Cursed","The Disciple","The IronCluck","The Jungle","The Mystic","The Necromancer","The Problem Sleuth","The Runesmith","The Servant 0.9.4","The Spell Scribe","Unceasing Turn Reminder","everything is the same but u backflip on backflip","slay the spire mod where everything is the same but ironclad has a cowboy hat"],"gold_per_floor":[119,119,119,140,166,181,216,216,241,286,313,362,389,407,407,407,407,534,534,562,562,201,201,226,279,279,307,307,307,307,307,333,116,116,250,250,265,315,315,506,506,554,554,574,628,628,717,761,761,812,812,819],"floor_reached":53,"playtime":6858,"items_purged":["JA+1"],"score":1131,"play_id":"1714e7fa-d48b-4f01-86a2-5e6152d0816e","local_time":"20201210133125","is_ascension_mode":false,"campfire_choices":[{"floor":17.0,"key":"REST"},{"data":"TheCursedMod:Hemoplague","floor":26.0,"key":"SMITH"},{"data":"TheCursedMod:CircleOfBlood","floor":29.0,"key":"SMITH"},{"floor":46,"key":"REST"},{"floor":49,"key":"REST"}],"circlet_count":0,"master_deck":["TheCursedMod:Strike_TheCursed","TheCursedMod:Strike_TheCursed","TheCursedMod:Strike_TheCursed","TheCursedMod:Defend_TheCursed","TheCursedMod:Defend_TheCursed","TheCursedMod:Defend_TheCursed","TheCursedMod:CursedWand","TheCursedMod:CleanUpWorkshop","TheCursedMod:Dregs","TheCursedMod:SpitefulPlan","Injury","TheCursedMod:TroublousMinions","TheCursedMod:HellfireBreathing","TheCursedMod:SurpriseAttack","TheCursedMod:LuckyCharm","TheCursedMod:CircleOfBlood+1","TheCursedMod:CursedSpellbook","TheCursedMod:ReleasedKnowledge","TheCursedMod:Grudge","TheCursedMod:NeowsMight","TheCursedMod:ReleasedStrength+1","TheCursedMod:CursedRelics","Midas Touch","Pain","TheCursedMod:HellfireBreathing+1","TheCursedMod:Hemoplague+1","TheCursedMod:CursedBlade","TheCursedMod:CursedBlade+1","TheCursedMod:CircleOfFlame+1","Clumsy","TheCursedMod:AbyssShockwave","TheCursedMod:CursedSpellbook","TheCursedMod:OutForBlood","CurseOfTheBell","TheCursedMod:SurpriseAttack","Hallucinations","hubris:Wrath","Languid","jedi:frostbite","Pain","TheCursedMod:SoulReap+1","expansioncontent:LastStand+1","TheCursedMod:VoidForm+1","hubris:Disease","TheCursedMod:ReleasedKnowledge","TheCursedMod:SmokeScreen","Writhe","TheCursedMod:CursedAmulet+1","TheCursedMod:CollectTribute+1"],"special_seed":0,"relics":["TheCursedMod:BlackMagic101","halation:IllGainedPizza","Golden Idol","halation:PinkSoulGem","StuffTheSpire:MayFlowers","Replay:Baseball","TheCursedMod:Tack","ReplayTheSpireMod:Lightbulb","hubris:ScarierMask","WarpedTongs","Durian","hubris:MysteriousPyramids","halation:LostSnail","Mirror","conspire:RoyalGoblet","Fusion Hammer","ReplayTheSpireMod:TigerMarble","halation:SelfBoilingWater","Unceasing Top","Ring of Greed","Ring of Chaos","Golden Egg","MerchantsRug","halation:TrafficLight","Du-Vu Doll","ReplayTheSpireMod:Shallot","hubris:SlimyHat","hubris:NiceRug","Frozen Egg 2","halation:Thesaurus","jedi:fakemustache","Replay:Kaleidoscope","infinitespire:CursedDice","CatCart","Bottled Flame","infinitespire:Eraser","StuffTheSpire:GreaterSneckoEye"],"acts_visited":["TheBeyond"],"potions_floor_usage":[47],"damage_taken":[{"damage":0.0,"enemies":"Cultist","floor":1.0,"turns":3.0},{"damage":3.0,"enemies":"2 Louse","floor":4.0,"turns":3.0},{"damage":0.0,"enemies":"Jaw Worm","floor":5.0,"turns":5.0},{"damage":11.0,"enemies":"Large Slime","floor":6.0,"turns":6.0},{"damage":13.0,"enemies":"Gremlin Nob","floor":7.0,"turns":4.0},{"damage":0.0,"enemies":"Lagavulin","floor":10.0,"turns":7.0},{"damage":0.0,"enemies":"Looter","floor":11.0,"turns":3.0},{"damage":18.0,"enemies":"3 Sentries","floor":12.0,"turns":8.0},{"damage":6.0,"enemies":"Blue Slaver","floor":13.0,"turns":3.0},{"damage":8.0,"enemies":"Exordium Thugs","floor":14.0,"turns":4.0},{"damage":16.0,"enemies":"Slime Boss","floor":18.0,"turns":7.0},{"damage":2.0,"enemies":"Chosen","floor":20.0,"turns":5.0},{"damage":1.0,"enemies":"2 Thieves","floor":24.0,"turns":2.0},{"damage":24.0,"enemies":"conspire:SneckoGhost","floor":25.0,"turns":7.0},{"damage":13.0,"enemies":"3 Cultists","floor":27.0,"turns":4.0},{"damage":12.0,"enemies":"Centurion and Healer","floor":32.0,"turns":3.0},{"damage":22,"enemies":"Automaton","floor":35,"turns":6},{"damage":2,"enemies":"3 Darklings","floor":37,"turns":3},{"damage":0,"enemies":"hubris:Merchant","floor":40,"turns":5},{"damage":0,"enemies":"Reptomancer","floor":42,"turns":3},{"damage":1,"enemies":"Orb Walker","floor":44,"turns":1},{"damage":0,"enemies":"4 Shapes","floor":45,"turns":3},{"damage":0,"enemies":"Orin","floor":47,"turns":4},{"damage":0,"enemies":"R_Hoarder","floor":48,"turns":2},{"damage":0,"enemies":"Nightmare","floor":50,"turns":5},{"damage":0,"enemies":"Donu and Deca","floor":52,"turns":4}],"seed_played":"-2483284718955668830","potions_obtained":[{"floor":4.0,"key":"ColorlessPotion"},{"floor":6.0,"key":"SpeedPotion"},{"floor":12.0,"key":"Strength Potion"},{"floor":14.0,"key":"Regen Potion"},{"floor":27.0,"key":"Flashbang"},{"floor":35,"key":"GamblersBrew"},{"floor":40,"key":"DistilledChaos"},{"floor":40,"key":"EntropicBrew"},{"floor":40,"key":"BlessingOfTheForge"},{"floor":42,"key":"Adrenaline Potion"},{"floor":47,"key":"Reflective Coating"}],"is_trial":false,"path_per_floor":["M","?","?","M","M","M","E","?","T","E","M","E","M","M","PTL","PTL","R","B",null,"M","?","$","?","M","E","R","M","T","R","AVR","?","M","$","R_BF","B",null,"M","?","?","$","?","E","AVR","M","MIM","R","?","E","R","NM","R_BF","B",null],"character_chosen":"THE_CURSED","items_purchased":["TheCursedMod:CursedRelics","Midas Touch","Mirror","TheCursedMod:AbyssShockwave","TheCursedMod:CursedSpellbook","MerchantsRug","halation:TrafficLight","Du-Vu Doll","ReplayTheSpireMod:Shallot","hubris:SlimyHat"],"campfire_rested":3,"item_purchase_floors":[22,22,33,33,33,40,40,40,40,40],"current_hp_per_floor":[75,75,75,72,72,61,48,48,48,53,53,45,45,37,37,37,59,50,75,75,75,75,75,74,63,63,54,54,54,54,54,54,54,78,63,80,78,78,78,80,80,80,80,79,80,80,80,80,80,80,60,76],"gold":819,"neow_bonus":"RANDOM_COMMON_RELIC","is_daily":false,"chose_seed":false,"campfire_upgraded":2,"win_rate":0.0,"timestamp":1607628685,"path_taken":["M","?","?","?","M","M","E","?","T","E","M","E","M","M","PTL","PTL","R","BOSS","M","?","$","?","?","E","R","M","T","R","AVR","?","M","?","R_BF","BOSS","M","?","?","$","?","E","AVR","M","MIM","R","?","E","R","NM","R_BF","BOSS"],"build_version":"2020-11-30","purchased_purges":1,"victory":true,"max_hp_per_floor":[75,75,75,75,75,75,75,75,75,75,75,75,75,75,75,75,75,75,75,75,75,75,75,75,80,80,80,80,80,80,80,80,80,80,80,80,80,80,80,80,80,80,80,80,80,80,80,80,80,80,80,80],"card_choices":[{"not_picked":["TheCursedMod:CursedShiv","TheCursedMod:SpreadPlague"],"picked":"TheCursedMod:SpitefulPlan","floor":1.0},{"not_picked":["TheCursedMod:PrepareRite","TheCursedMod:Stigma"],"picked":"TheCursedMod:TroublousMinions","floor":4.0},{"not_picked":["TheCursedMod:CursedMace","TheCursedMod:RavingStaff"],"picked":"TheCursedMod:HellfireBreathing","floor":5.0},{"not_picked":["TheCursedMod:CircleOfFocus","TheCursedMod:VitalStrike"],"picked":"TheCursedMod:SurpriseAttack","floor":6.0},{"not_picked":["TheCursedMod:FuryStrike","TheCursedMod:Wield"],"picked":"TheCursedMod:LuckyCharm","floor":7.0},{"not_picked":["TheCursedMod:EmpowerCircles","TheCursedMod:TacticalStrike","TheCursedMod:UltimatePain"],"picked":"SKIP","floor":10.0},{"not_picked":["TheCursedMod:Mangle","TheCursedMod:CursedBlade"],"picked":"TheCursedMod:CircleOfBlood","floor":11.0},{"not_picked":["TheCursedMod:PrepareRite","TheCursedMod:VitalStrike"],"picked":"TheCursedMod:CursedSpellbook","floor":12.0},{"not_picked":["TheCursedMod:FleshFromBone","TheCursedMod:CircleOfCorruption"],"picked":"TheCursedMod:ReleasedKnowledge","floor":13.0},{"not_picked":["TheCursedMod:StingEye","TheCursedMod:FuryStrike"],"picked":"TheCursedMod:Grudge","floor":14.0},{"not_picked":["TheCursedMod:ManaCirculation","TheCursedMod:ShockAndAwe"],"picked":"TheCursedMod:NeowsMight","floor":18.0},{"not_picked":["TheCursedMod:CursedAmulet","TheCursedMod:SmokeScreen"],"picked":"TheCursedMod:ReleasedStrength+1","floor":20.0},{"not_picked":["TheCursedMod:Obscuration+1","TheCursedMod:CircleOfAmplification"],"picked":"TheCursedMod:HellfireBreathing+1","floor":24.0},{"not_picked":["TheCursedMod:RavingStaff","TheCursedMod:WearCloak"],"picked":"TheCursedMod:Hemoplague","floor":25.0},{"not_picked":["TheCursedMod:Wield","TheCursedMod:SoulCrush"],"picked":"TheCursedMod:CursedBlade","floor":27.0},{"not_picked":["TheCursedMod:Stigma+1","TheCursedMod:CursedMace+1"],"picked":"TheCursedMod:CircleOfFlame+1","floor":32.0},{"not_picked":["TheCursedMod:DemonSword","TheCursedMod:Neurasthenia"],"picked":"TheCursedMod:OutForBlood","floor":35},{"not_picked":["SporeBomb","GasGiant+1","WitchOfGreed"],"picked":"TheCursedMod:SurpriseAttack","floor":37},{"not_picked":[],"picked":"TheCursedMod:SoulReap","floor":40},{"not_picked":[],"picked":"expansioncontent:LastStand+1","floor":40},{"not_picked":["MysteriousBeam"],"picked":"SKIP","floor":40},{"not_picked":["TheCursedMod:CursedAmulet"],"picked":"SKIP","floor":40},{"not_picked":["Acceleration"],"picked":"SKIP","floor":40},{"not_picked":["EventHorizon+1"],"picked":"SKIP","floor":40},{"not_picked":["jedi:cleanse"],"picked":"SKIP","floor":40},{"not_picked":["MysteriousBeam"],"picked":"SKIP","floor":40},{"not_picked":["TheCursedMod:CursedAmulet"],"picked":"SKIP","floor":40},{"not_picked":["Acceleration"],"picked":"SKIP","floor":40},{"not_picked":["EventHorizon+1"],"picked":"SKIP","floor":40},{"not_picked":["jedi:cleanse"],"picked":"SKIP","floor":40},{"not_picked":["TheCursedMod:HellfireBreathing+1","TheCursedMod:CursedSpellbook"],"picked":"TheCursedMod:VoidForm+1","floor":42},{"not_picked":["LuminesStrike","MeteoricShower+1"],"picked":"TheCursedMod:ReleasedKnowledge","floor":44},{"not_picked":["TheCursedMod:Stretching","TheCursedMod:CircleOfBlood"],"picked":"TheCursedMod:SmokeScreen","floor":45},{"not_picked":["TheCursedMod:BloodBarrier+1","Acceleration+1"],"picked":"TheCursedMod:CursedAmulet+1","floor":47},{"not_picked":["ShootingEcho+1","ChargeUpSpray"],"picked":"TheCursedMod:CollectTribute+1","floor":48},{"not_picked":["OneTimeOff","WitchLeyline+1","RefractionSpark"],"picked":"SKIP","floor":50}],"player_experience":227323,"relics_obtained":[{"floor":7.0,"key":"StuffTheSpire:MayFlowers"},{"floor":9.0,"key":"Replay:Baseball"},{"floor":10.0,"key":"TheCursedMod:Tack"},{"floor":12.0,"key":"ReplayTheSpireMod:Lightbulb"},{"floor":25.0,"key":"Durian"},{"floor":28.0,"key":"hubris:MysteriousPyramids"},{"floor":36,"key":"ReplayTheSpireMod:TigerMarble"},{"floor":36,"key":"halation:SelfBoilingWater"},{"floor":36,"key":"Unceasing Top"},{"floor":38,"key":"Ring of Greed"},{"floor":38,"key":"Ring of Chaos"},{"floor":38,"key":"Golden Egg"},{"floor":38,"key":"Membership Card"},{"floor":40,"key":"Frozen Egg 2"},{"floor":40,"key":"halation:Thesaurus"},{"floor":42,"key":"Replay:Kaleidoscope"},{"floor":47,"key":"CatCart"},{"floor":48,"key":"Bottled Flame"},{"floor":50,"key":"infinitespire:Eraser"},{"floor":51,"key":"StuffTheSpire:GreaterSneckoEye"}],"event_choices":[{"damage_healed":0.0,"max_hp_gain":0.0,"max_hp_loss":0.0,"gold_gain":0.0,"event_name":"Golden Idol","player_choice":"Take Wound","floor":2.0,"gold_loss":0.0,"damage_taken":0.0,"relics_obtained":["Golden Idol"],"cards_obtained":["Injury"]},{"damage_healed":0.0,"max_hp_gain":0.0,"max_hp_loss":0.0,"gold_gain":0.0,"event_name":"Fountain of Cleansing","player_choice":"Ignored","floor":21.0,"gold_loss":0.0,"damage_taken":0.0},{"damage_healed":0.0,"max_hp_gain":0.0,"max_hp_loss":0.0,"gold_gain":0.0,"event_name":"Accursed Blacksmith","player_choice":"Rummage","floor":23.0,"gold_loss":0.0,"damage_taken":0.0,"relics_obtained":["WarpedTongs"],"cards_obtained":["Pain"]},{"damage_healed":0.0,"max_hp_gain":0.0,"max_hp_loss":0.0,"gold_gain":0.0,"event_name":"Duplicator","player_choice":"Copied","floor":31.0,"gold_loss":0.0,"damage_taken":0.0,"cards_obtained":["TheCursedMod:CursedBlade"]},{"cards_removed":["TheCursedMod:Strike_TheCursed"],"damage_healed":0,"gold_gain":0,"player_choice":"Removed Attack","damage_taken":0,"max_hp_gain":0,"max_hp_loss":0,"event_name":"Falling","floor":39,"gold_loss":0},{"damage_healed":0,"gold_gain":0,"cards_transformed":["TheCursedMod:Defend_TheCursed"],"player_choice":"Transformed","damage_taken":0,"max_hp_gain":0,"max_hp_loss":0,"event_name":"Transmorgrifier","floor":41,"gold_loss":0,"cards_obtained":["JA"]},{"damage_healed":0,"gold_gain":0,"player_choice":"Fight","damage_taken":0,"max_hp_gain":0,"max_hp_loss":0,"event_name":"OrinTheCat","floor":47,"gold_loss":0}],"is_beta":false,"boss_relics":[{"not_picked":["halation:Prosthetics","ChewingGum"],"picked":"hubris:ScarierMask"},{"not_picked":["halation:ForbiddenBikini","halation:PinkAlligatorPlush"],"picked":"Replay:Grab Bag"},{"not_picked":["hubris:GrandSneckoEye","Replay:Fungal Core"],"picked":"conspire:RoyalGoblet"},{"not_picked":["Runic Dome","StuffTheSpire:RunicConfusion"],"picked":"Fusion Hammer"},{"not_picked":["aspiration:BardSkillbook","aspiration:RitualDagger"],"picked":"aspiration:MarisaSkillbook"},{"not_picked":["halation:HeavySnake","aspiration:SilentSkillbook"],"picked":"Calling Bell"}],"items_purged_floors":[43],"is_endless":false,"potions_floor_spawned":[4,6,12,14,25,27,35,42,47],"ascension_level":0}}