{"host":"augq31c17g2ieuye","time":1607623898,"event":{"mods":["BaseMod","AchievementEnabler","StSLib","Aspiration","Better Altar","Better Match","Better Note","Better Sensory Stone","Better Skull","Better Third Choice","Better Vampires","BetterRewards","CCEM","Card Forge","Colored Map","Conspire","Displayed Cursed Tome","Downfall","Energized Spire","Gold Saver","Hubris","Infinite Spire","Mad Scientist","Mimic Mod","Minty Spire (QoL Compilation)","Replay The Spire","Spicy Shops","GifTheSpireLib","Stuff the Spire","The Blue Laboratory","The Necromancer","The Servant 0.9.4","The Witch"],"gold_per_floor":[111,111,111,127,127,159,159,185,216,231,343,343,471,488,488,588,588,599,698,711,741,759,871,871,1011,1042,1174,1189,1199,1213,1232,1232,1335,1335,1347,1569,1587,1444,1454,1454,1566,1566,1648,1648,1773,1773,1773],"floor_reached":46,"playtime":4720,"items_purged":[],"score":1165,"play_id":"184a0e5c-70d4-44b4-9e88-af4228c5c6ea","local_time":"20201210191138","is_ascension_mode":true,"campfire_choices":[{"floor":7,"key":"RECALL"},{"data":"Fusion","floor":15,"key":"SMITH"},{"data":"Mirror Shield+1","floor":24,"key":"SMITH"},{"data":"Doom and Gloom+1","floor":32,"key":"SMITH"},{"data":"Doom and Gloom+2","floor":40,"key":"SMITH"},{"data":"Doom and Gloom+3","floor":42,"key":"SMITH"},{"data":"Doom and Gloom+4","floor":44,"key":"SMITH"}],"circlet_count":0,"master_deck":["Zap+1","Dualcast+1","Loop+1","Crystallizer+1","Conserve Battery+1","BasicCrystalCard+1","Mirror Shield+1","Seek+1","Mirror Shield+2","Conserve Battery+1","BootSequence+1","Fusion+1","StuffTheSpire:ForEach+1","Panic Button+1","Double Energy+1","Capacitor+1","Cold Snap+1","Doom and Gloom+5","Defragment+1","Time Bomb+1","Loop+1","Capacitor+1","Sweeping Beam+1","Consume+1","Echo Form+1","Turbo+1","Double Energy+1"],"relics":["Cracked Core","Hammer of Thor","Seething Fire","Anvil of the Gods","hubris:SlimyHat","StuffTheSpire:BottledEssence","Raider\u0027s Mask","Replay:Antivirus Software","Replay:Towering Pillar of Hats","Unceasing Top","Pear","conspire:InfiniteJournal","Boot","StuffTheSpire:TintedRock","Matryoshka","infinitespire:PuzzleCube","Replay:Bronze Core","Red Mask","Snack Pack","CCEMRelics:FryingPan","Turnip","ReplayTheSpireMod:TigerMarble","CCEMRelics:SpiritsEdge","hubris:HollowSoul","Runic Capacitor","CeramicFish","aspiration:EnhancedActuators","Garlic","Bag of Marbles"],"acts_visited":["Exordium","TheCity","TheBeyond"],"potions_floor_usage":[6,8,8,11,16,41,41],"damage_taken":[{"damage":0,"enemies":"Jaw Worm","floor":1,"turns":2},{"damage":0,"enemies":"Small Slimes","floor":4,"turns":2},{"damage":0,"enemies":"Lagavulin","floor":6,"turns":6},{"damage":0,"enemies":"Replay:BlueRogue","floor":8,"turns":3},{"damage":0,"enemies":"2 Louse","floor":9,"turns":7},{"damage":0,"enemies":"2 Louse","floor":10,"turns":2},{"damage":0,"enemies":"3 Sentries","floor":11,"turns":5},{"damage":4,"enemies":"Replay:BlueRogue","floor":13,"turns":3},{"damage":0,"enemies":"Large Slime","floor":14,"turns":7},{"damage":0,"enemies":"Slime Boss","floor":16,"turns":5},{"damage":3,"enemies":"Shell Parasite","floor":18,"turns":3},{"damage":0,"enemies":"Chosen","floor":20,"turns":6},{"damage":0,"enemies":"Masked Bandits","floor":21,"turns":2},{"damage":0,"enemies":"Snake Plant","floor":22,"turns":2},{"damage":0,"enemies":"conspire:SneckoGhost","floor":23,"turns":5},{"damage":3,"enemies":"Slavers","floor":25,"turns":4},{"damage":0,"enemies":"Shelled Parasite and Fungi","floor":26,"turns":4},{"damage":0,"enemies":"Book of Stabbing","floor":27,"turns":5},{"damage":20,"enemies":"Shelled Parasite and Fungi","floor":28,"turns":4},{"damage":0,"enemies":"conspire:HollyBat","floor":29,"turns":4},{"damage":0,"enemies":"Snake Plant","floor":30,"turns":2},{"damage":0,"enemies":"Snecko","floor":31,"turns":4},{"damage":17,"enemies":"Collector","floor":33,"turns":7},{"damage":19,"enemies":"3 Shapes","floor":35,"turns":2},{"damage":4,"enemies":"3 Darklings","floor":37,"turns":4},{"damage":0,"enemies":"Sphere and 2 Shapes","floor":39,"turns":4},{"damage":57,"enemies":"Nightmare","floor":41,"turns":6},{"damage":0,"enemies":"Giant Head","floor":45,"turns":4}],"seed_played":"267576500945176691","potions_obtained":[{"floor":6,"key":"EntropicBrew"},{"floor":10,"key":"Swift Potion"},{"floor":11,"key":"ColorlessPotion"},{"floor":16,"key":"blueLaboratory:PhilterOfMotion"},{"floor":20,"key":"LiquidBronze"},{"floor":21,"key":"blueLaboratory:HummingbirdPotion"},{"floor":41,"key":"Dexterity Potion"}],"is_trial":false,"path_per_floor":["M","?","?","M","?","E","R","E","MIM","M","E","?","E","M","R","B",null,"M","?","M","?","M","E","R","E","MIM","E","M","M","M","M","R","B",null,"M","?","M","$","M","R","NM","R","T","R","E","?"],"character_chosen":"DEFECT","items_purchased":["hubris:SlimyHat","StuffTheSpire:BottledEssence","Raider\u0027s Mask","Replay:Antivirus Software","Replay:Towering Pillar of Hats","Unceasing Top","Pear","conspire:InfiniteJournal","Loop","Crystallizer+1","Runic Capacitor"],"campfire_rested":0,"item_purchase_floors":[0,0,0,0,0,0,0,0,0,0,38],"current_hp_per_floor":[38,47,47,47,47,47,47,49,49,49,49,54,50,50,50,50,92,89,89,89,89,89,89,89,86,88,88,70,72,72,74,74,57,92,73,73,69,69,69,69,14,14,14,14,18,0,0],"gold":1773,"neow_bonus":"","is_daily":false,"chose_seed":false,"campfire_upgraded":6,"win_rate":0,"timestamp":1607623898,"path_taken":["M","?","?","M","?","E","R","E","MIM","?","E","?","E","M","R","BOSS","M","?","M","?","M","E","R","E","MIM","E","M","M","M","M","R","BOSS","M","?","M","$","M","R","NM","R","T","R","E","?"],"build_version":"2020-11-30","purchased_purges":0,"victory":false,"max_hp_per_floor":[85,85,85,85,85,85,85,87,87,87,87,92,92,92,92,92,92,92,92,92,92,92,92,92,92,92,92,92,92,92,92,92,92,92,92,92,92,92,92,92,92,92,92,92,92,92,92],"card_choices":[{"not_picked":["Rip and Tear","Leap"],"picked":"BootSequence","floor":1},{"not_picked":["Conserve Battery","Melter"],"picked":"Fusion","floor":4},{"not_picked":["Conserve Battery","ReplayTheSpireMod:Reroute Power","Fusion"],"picked":"SKIP","floor":6},{"not_picked":["Multi-Cast","Conserve Battery"],"picked":"StuffTheSpire:ForEach","floor":8},{"not_picked":["StuffTheSpire:LoadUp","Cold Snap"],"picked":"Panic Button","floor":9},{"not_picked":["Hologram","Panic Button"],"picked":"Double Energy","floor":10},{"not_picked":["Glacier","StuffTheSpire:LoadUp"],"picked":"Capacitor","floor":11},{"not_picked":["Crystallizer","White Noise"],"picked":"Cold Snap","floor":13},{"not_picked":["Stack","Panic Button"],"picked":"Doom and Gloom","floor":14},{"not_picked":["StuffTheSpire:Purify","Machine Learning"],"picked":"Creative AI","floor":16},{"not_picked":["Coolheaded","Stack"],"picked":"Defragment+1","floor":18},{"not_picked":["Steam+1","Sweeping Beam","Compile Driver+1"],"picked":"SKIP","floor":20},{"not_picked":["ReplayTheSpireMod:GoodbyeWorld","Storm"],"picked":"Time Bomb","floor":22},{"not_picked":["StuffTheSpire:SnapShoot","FIFO Queue"],"picked":"Loop","floor":23},{"not_picked":["Gash","hubris:PowerSurge","StuffTheSpire:Plugnplay"],"picked":"SKIP","floor":25},{"not_picked":["StuffTheSpire:Purify","Steam"],"picked":"Capacitor+1","floor":26},{"not_picked":["StuffTheSpire:Plugnplay","All For One"],"picked":"Sweeping Beam","floor":27},{"not_picked":["StuffTheSpire:ShieldGenerator","Sweeping Beam+1","Panic Button"],"picked":"SKIP","floor":28},{"not_picked":["StuffTheSpire:ShieldGenerator","Sweeping Beam+1","Panic Button"],"picked":"SKIP","floor":28},{"not_picked":["Streamline","Gash","Go for the Eyes"],"picked":"SKIP","floor":29},{"not_picked":["Redo+1","Steam"],"picked":"Consume+1","floor":30},{"not_picked":["Redo","StuffTheSpire:NuclearReactor","ReplayGash"],"picked":"SKIP","floor":31},{"not_picked":["Biased Cognition","Creative AI"],"picked":"Echo Form","floor":33},{"not_picked":["Time Bomb+1","Redo"],"picked":"Turbo+1","floor":35},{"not_picked":["Skim+1","Compile Driver","Go for the Eyes"],"picked":"SKIP","floor":37},{"not_picked":["BasicCrystalCard+1","Defragment","Doom and Gloom"],"picked":"SKIP","floor":39},{"not_picked":["StuffTheSpire:ShieldGenerator+1","StuffTheSpire:Plugnplay+1","Ball Lightning"],"picked":"SKIP","floor":41},{"not_picked":["Loop+1","Time Bomb"],"picked":"Double Energy+1","floor":45}],"player_experience":236089,"relics_obtained":[{"floor":6,"key":"Boot"},{"floor":8,"key":"StuffTheSpire:TintedRock"},{"floor":11,"key":"Matryoshka"},{"floor":13,"key":"infinitespire:PuzzleCube"},{"floor":21,"key":"Red Mask"},{"floor":23,"key":"Snack Pack"},{"floor":25,"key":"CCEMRelics:FryingPan"},{"floor":26,"key":"Turnip"},{"floor":26,"key":"ReplayTheSpireMod:TigerMarble"},{"floor":27,"key":"CCEMRelics:SpiritsEdge"},{"floor":41,"key":"CeramicFish"},{"floor":43,"key":"aspiration:EnhancedActuators"},{"floor":43,"key":"Garlic"},{"floor":45,"key":"Bag of Marbles"}],"event_choices":[{"damage_healed":0,"gold_gain":0,"player_choice":"Donut","damage_taken":0,"max_hp_gain":5,"max_hp_loss":0,"event_name":"Big Fish","floor":12,"gold_loss":0},{"damage_healed":0,"gold_gain":99,"player_choice":"Steal","damage_taken":0,"max_hp_gain":0,"max_hp_loss":0,"event_name":"betterThird:BetterNest","floor":19,"gold_loss":0},{"damage_healed":0,"gold_gain":0,"player_choice":"Fought Bandits","damage_taken":0,"max_hp_gain":0,"max_hp_loss":0,"event_name":"Masked Bandits","floor":21,"gold_loss":0},{"damage_healed":0,"gold_gain":222,"player_choice":"Wore Mask","damage_taken":0,"max_hp_gain":0,"max_hp_loss":0,"event_name":"Tomb of Lord Red Mask","floor":36,"gold_loss":0}],"is_beta":false,"boss_relics":[{"not_picked":["hubris:CrackedHourglass","aspiration:PoetsPen_weak"],"picked":"Replay:Bronze Core"},{"not_picked":["Snecko Eye","Velvet Choker"],"picked":"hubris:HollowSoul"}],"items_purged_floors":[],"is_endless":false,"potions_floor_spawned":[6,10,11,16,20,21,22,23,28,29,31,39,41],"ascension_level":2}}