{"host":"zzf13dk0jcen0ncv","time":1607595728,"event":{"gold_per_floor":[110,128,147,162,162,200,224,224,224,248,266,266,289,324,324,414,414,437,437,462,462,480,520,231,231,231],"floor_reached":25,"playtime":765,"items_purged":["Strike_R"],"score":849,"play_id":"c7033ab2-433e-4f18-b060-4af0c435e8ab","local_time":"20201210192208","is_ascension_mode":true,"campfire_choices":[{"data":"Heavy Blade","floor":8,"key":"SMITH"},{"data":"Evolve","floor":15,"key":"SMITH"}],"neow_cost":"","seed_source_timestamp":4832635097540400,"circlet_count":0,"master_deck":["AscendersBane","Bash","Brutality","Inflame","Uppercut","Combust","Disarm","Evolve+1","Panache","Enlightenment","Perfected Strike","Twin Strike","Master of Strategy","Inflame","Swift Strike","Inflame","Power Through","Uppercut","Hemokinesis","Sadistic Nature","Feel No Pain","Flex","Twin Strike","Spot Weakness","Feel No Pain","Heavy Blade+1","Havoc","Power Through","Brutality","Battle Trance","Armaments","Thunderclap","Clothesline+1","Limit Break","Entrench","Dark Embrace","Reaper+1","Limit Break","Battle Trance","Offering","Impervious","Second Wind","Feel No Pain","Feel No Pain","Sever Soul+1","Reaper+1","Panacea","Flex","Thinking Ahead","Power Through"],"relics":["Burning Blood","Matryoshka","Orrery","FossilizedHelix","Chemical X","Letter Opener","HornCleat","Membership Card","Magic Flower","Kunai","Sling","Golden Idol","Mango","Nunchaku","Gremlin Horn","Molten Egg 2","Pandora\u0027s Box","Nilry\u0027s Codex","Ginger","Bag of Marbles"],"potions_floor_usage":[16,20],"damage_taken":[{"damage":0,"enemies":"Small Slimes","floor":1,"turns":3},{"damage":1,"enemies":"2 Louse","floor":2,"turns":3},{"damage":10,"enemies":"Jaw Worm","floor":3,"turns":4},{"damage":13,"enemies":"Exordium Wildlife","floor":4,"turns":4},{"damage":0,"enemies":"Gremlin Nob","floor":6,"turns":4},{"damage":10,"enemies":"Lots of Slimes","floor":7,"turns":2},{"damage":13,"enemies":"Large Slime","floor":10,"turns":4},{"damage":3,"enemies":"2 Fungi Beasts","floor":11,"turns":3},{"damage":12,"enemies":"Lots of Slimes","floor":13,"turns":4},{"damage":2,"enemies":"3 Sentries","floor":14,"turns":4},{"damage":43,"enemies":"Slime Boss","floor":16,"turns":6},{"damage":46,"enemies":"Spheric Guardian","floor":18,"turns":6},{"damage":20,"enemies":"Shell Parasite","floor":20,"turns":5},{"damage":36,"enemies":"Centurion and Healer","floor":22,"turns":6},{"damage":10,"enemies":"Book of Stabbing","floor":23,"turns":5},{"damage":93,"enemies":"Gremlin Leader","floor":25,"turns":5}],"seed_played":"705959083622104387","potions_obtained":[{"floor":3,"key":"Regen Potion"},{"floor":6,"key":"SteroidPotion"},{"floor":7,"key":"Block Potion"},{"floor":14,"key":"Strength Potion"},{"floor":20,"key":"SteroidPotion"}],"is_trial":false,"path_per_floor":["M","M","M","M","?","E","M","R","T","M","M","?","M","E","R","B",null,"M","?","M","?","M","E","$","E"],"character_chosen":"IRONCLAD","items_purchased":["Matryoshka","Orrery","FossilizedHelix","Evolve","Panache","Enlightenment","Perfected Strike","Twin Strike","Chemical X","Letter Opener","Master of Strategy","HornCleat","Inflame","Swift Strike","Membership Card","Magic Flower","Kunai","Inflame","Power Through","Uppercut","Hemokinesis","Sadistic Nature","Feel No Pain","Sling","Flex","Twin Strike","Panacea","Flex","Thinking Ahead","Power Through","Bag of Marbles"],"campfire_rested":0,"item_purchase_floors":[0,0,0,0,0,0,0,0,0,0,0,0,0,0,0,0,0,0,0,0,0,0,0,0,0,0,24,24,24,24,24],"current_hp_per_floor":[75,75,74,70,68,82,81,81,81,77,82,87,84,87,87,53,79,42,21,32,32,31,47,47,0,0],"gold":231,"neow_bonus":"","is_prod":false,"is_daily":false,"chose_seed":false,"campfire_upgraded":2,"win_rate":0,"timestamp":1607595728,"path_taken":["M","M","M","M","?","E","M","R","T","M","M","?","M","E","R","BOSS","M","?","M","?","?","E","?","E"],"build_version":"2020-11-30","purchased_purges":1,"victory":false,"max_hp_per_floor":[75,75,75,75,68,82,82,82,82,82,82,87,87,87,87,87,87,87,87,87,87,87,87,87,87,87],"card_choices":[{"not_picked":["Intimidate","Armaments"],"picked":"Brutality","floor":0},{"not_picked":["Pommel Strike","Wild Strike"],"picked":"Inflame","floor":0},{"not_picked":["True Grit","Bloodletting"],"picked":"Uppercut","floor":0},{"not_picked":["Sword Boomerang","Clash"],"picked":"Combust","floor":0},{"not_picked":["Iron Wave","Sword Boomerang"],"picked":"Disarm","floor":0},{"not_picked":["Havoc","Flex"],"picked":"Spot Weakness","floor":1},{"not_picked":["Headbutt","Warcry"],"picked":"Feel No Pain","floor":2},{"not_picked":["Inflame","Clothesline"],"picked":"Heavy Blade","floor":3},{"not_picked":["Rampage","Shrug It Off"],"picked":"Havoc","floor":4},{"not_picked":["Clash","Reckless Charge"],"picked":"Power Through","floor":6},{"not_picked":["True Grit","Heavy Blade"],"picked":"Brutality","floor":7},{"not_picked":["Disarm","Headbutt"],"picked":"Battle Trance","floor":10},{"not_picked":["Anger","Clash"],"picked":"Armaments","floor":11},{"not_picked":["Havoc","Pommel Strike"],"picked":"Thunderclap","floor":13},{"not_picked":["Rage","Warcry"],"picked":"Clothesline+1","floor":14},{"not_picked":["Exhume","Reaper+1"],"picked":"Limit Break","floor":16},{"not_picked":["Cleave+1","Clothesline+1"],"picked":"Feel No Pain","floor":18},{"not_picked":["Disarm","Iron Wave+1"],"picked":"Feel No Pain","floor":20},{"not_picked":["Clothesline+1","Thunderclap+1"],"picked":"Sever Soul+1","floor":22},{"not_picked":["Blood for Blood+1","Anger+1"],"picked":"Reaper+1","floor":23}],"player_experience":899810,"relics_obtained":[{"floor":6,"key":"Mango"},{"floor":9,"key":"Nunchaku"},{"floor":9,"key":"Gremlin Horn"},{"floor":14,"key":"Molten Egg 2"},{"floor":19,"key":"Nilry\u0027s Codex"},{"floor":23,"key":"Ginger"}],"event_choices":[{"damage_healed":0,"gold_gain":0,"player_choice":"Lose Max HP","damage_taken":0,"relics_obtained":["Golden Idol"],"max_hp_gain":0,"max_hp_loss":7,"event_name":"Golden Idol","floor":5,"gold_loss":0},{"damage_healed":0,"gold_gain":0,"player_choice":"Donut","damage_taken":0,"max_hp_gain":5,"max_hp_loss":0,"event_name":"Big Fish","floor":12,"gold_loss":0},{"damage_healed":0,"gold_gain":0,"player_choice":"Obtained Book","damage_taken":21,"max_hp_gain":0,"max_hp_loss":0,"event_name":"Cursed Tome","floor":19,"gold_loss":0},{"damage_healed":0,"gold_gain":0,"player_choice":"Ignored","damage_taken":0,"max_hp_gain":0,"max_hp_loss":0,"event_name":"The Mausoleum","floor":21,"gold_loss":0}],"is_beta":false,"boss_relics":[{"not_picked":["Tiny House","Black Blood"],"picked":"Pandora\u0027s Box"}],"items_purged_floors":[0],"is_endless":false,"potions_floor_spawned":[3,6,7,14,20],"killed_by":"Gremlin Leader","ascension_level":20}}