{"host":"hahe3lxotqh08ugn","time":1607642293,"event":{"mods":["BaseMod","AchievementEnabler","Googly Eyes","Minty Spire (QoL Compilation)","Quick Restart","StSLib","Hermit","The Cursed"],"gold_per_floor":[112,128,78,78,3,28,28,28,28,28,28,58,72,85,85,183,183,198,198,18,18,35,35,46,56,56,56,56,18,18,46,46,145,145,162,162,173,173,173],"floor_reached":38,"playtime":2701,"items_purged":["hermit:Strike_Hermit"],"score":407,"play_id":"69d615de-c3ae-4846-be31-6a40936c2eef","local_time":"20201210181813","is_ascension_mode":false,"campfire_choices":[{"floor":7,"key":"REST"},{"floor":10,"key":"REST"},{"floor":15,"key":"REST"},{"floor":23,"key":"REST"},{"floor":27,"key":"REST"},{"floor":30,"key":"REST"},{"floor":32,"key":"REST"}],"circlet_count":0,"master_deck":["hermit:Strike_Hermit","hermit:Strike_Hermit","hermit:Defend_Hermit","hermit:Defend_Hermit","hermit:Defend_Hermit+1","hermit:Defend_Hermit","hermit:Snapshot","hermit:Covet+1","hermit:Determination","hermit:Coalescence+1","hermit:WideOpen","hermit:Feint","hermit:SprayPray","hermit:TakeAim+1","hermit:Misfire","hermit:Vantage","hermit:Roughhouse","hermit:Coalescence","hermit:EyeOfTheStorm","hermit:Dive","RitualDagger","hermit:Ricochet","hermit:Deadeye","Shame","hermit:ShadowCloak+1","hermit:Vantage+1","hermit:Gambit","hermit:CalledShot","Normality","hermit:Vantage+1","Parasite"],"relics":["hermit:Momento","Pear","Bottled Tornado","Frozen Egg 2","Cursed Key","Nilry\u0027s Codex","WingedGreaves","Black Star","Bronze Scales"],"acts_visited":["Exordium","TheCity","TheBeyond"],"potions_floor_usage":[6,16,22,25,25,37,37],"damage_taken":[{"damage":0,"enemies":"Cultist","floor":1,"turns":3},{"damage":5,"enemies":"2 Louse","floor":2,"turns":3},{"damage":42,"enemies":"Gremlin Nob","floor":6,"turns":5},{"damage":15,"enemies":"3 Sentries","floor":12,"turns":8},{"damage":7,"enemies":"Small Slimes","floor":13,"turns":4},{"damage":9,"enemies":"Exordium Thugs","floor":14,"turns":4},{"damage":55,"enemies":"Slime Boss","floor":16,"turns":14},{"damage":18,"enemies":"Chosen","floor":18,"turns":6},{"damage":46,"enemies":"3 Byrds","floor":22,"turns":7},{"damage":16,"enemies":"Snecko","floor":24,"turns":7},{"damage":5,"enemies":"Centurion and Healer","floor":25,"turns":4},{"damage":33,"enemies":"Cultist and Chosen","floor":31,"turns":8},{"damage":14,"enemies":"Champ","floor":33,"turns":12},{"damage":34,"enemies":"Orb Walker","floor":35,"turns":5},{"damage":25,"enemies":"3 Darklings","floor":37,"turns":5},{"damage":33,"enemies":"Writhing Mass","floor":38,"turns":6}],"seed_played":"-7772378447701359950","potions_obtained":[{"floor":1,"key":"Swift Potion"},{"floor":12,"key":"Strength Potion"},{"floor":13,"key":"hermit:Tonic"},{"floor":16,"key":"Energy Potion"},{"floor":24,"key":"Fire Potion"},{"floor":25,"key":"Strength Potion"},{"floor":31,"key":"Energy Potion"}],"is_trial":false,"path_per_floor":["M","M","?","?","$","E","R","$","T","R","?","E","M","M","R","B",null,"M","?","$","?","M","R","M","M","T","R","?","$","R","M","R","B",null,"M","T","M","M"],"character_chosen":"HERMIT","items_purchased":["hermit:WideOpen","hermit:Feint","hermit:EyeOfTheStorm","hermit:Dive","hermit:ShadowCloak+1"],"campfire_rested":7,"item_purchase_floors":[5,5,20,20,29],"current_hp_per_floor":[82,77,77,61,61,29,56,56,56,83,83,68,61,52,79,24,92,74,58,58,52,6,33,17,12,12,39,69,69,92,59,86,72,92,58,58,33,0,0],"gold":173,"neow_bonus":"TEN_PERCENT_HP_BONUS","is_daily":false,"chose_seed":false,"campfire_upgraded":0,"win_rate":0.0,"timestamp":1607642293,"path_taken":["M","?","?","?","$","E","R","$","T","R","?","E","M","M","R","BOSS","M","?","$","?","M","R","M","M","T","R","?","?","R","M","R","BOSS","M","?","M","?"],"build_version":"2020-11-30","purchased_purges":1,"victory":false,"max_hp_per_floor":[82,82,82,82,82,92,92,92,92,92,92,92,92,92,92,92,92,92,92,92,92,92,92,92,92,92,92,92,92,92,92,92,92,92,92,92,92,92,92],"card_choices":[{"not_picked":["hermit:Feint","hermit:Desperado"],"picked":"hermit:Determination","floor":1},{"not_picked":["hermit:Roulette","hermit:CalledShot"],"picked":"hermit:Coalescence","floor":2},{"not_picked":["hermit:ItchyTrigger","hermit:Maintenance"],"picked":"hermit:SprayPray","floor":6},{"not_picked":["hermit:TrackingShot","hermit:HighCaliber"],"picked":"hermit:TakeAim+1","floor":12},{"not_picked":["hermit:Horror","hermit:BodyArmor"],"picked":"hermit:Misfire","floor":13},{"not_picked":["hermit:SprayPray","hermit:HoleUp"],"picked":"hermit:Vantage","floor":14},{"not_picked":["hermit:OverwhelmingPower+1","hermit:Magnum"],"picked":"hermit:Roughhouse","floor":16},{"not_picked":["hermit:LowProfile","hermit:HighCaliber"],"picked":"hermit:Coalescence","floor":18},{"not_picked":["hermit:ItchyTrigger+1","hermit:Roulette+1","hermit:NoHoldsBarred"],"picked":"SKIP","floor":22},{"not_picked":["hermit:ItchyTrigger","hermit:Vantage"],"picked":"hermit:Ricochet","floor":24},{"not_picked":["hermit:Quickdraw","hermit:HighCaliber"],"picked":"hermit:Deadeye","floor":25},{"not_picked":["hermit:CalledShot","hermit:TrackingShot+1"],"picked":"hermit:Vantage+1","floor":31},{"not_picked":["hermit:Purgatory","hermit:Dissolve"],"picked":"hermit:Gambit","floor":33},{"not_picked":["hermit:Feint+1","hermit:Headshot+1"],"picked":"hermit:CalledShot","floor":35},{"not_picked":["hermit:Headshot+1","hermit:Cheat+1"],"picked":"hermit:Vantage+1","floor":37}],"player_experience":272704,"relics_obtained":[{"floor":6,"key":"Pear"},{"floor":9,"key":"Bottled Tornado"},{"floor":12,"key":"Frozen Egg 2"},{"floor":19,"key":"Nilry\u0027s Codex"},{"floor":26,"key":"WingedGreaves"},{"floor":36,"key":"Bronze Scales"}],"event_choices":[{"cards_removed":["hermit:Strike_Hermit"],"damage_healed":0,"gold_gain":0,"player_choice":"Card Removal","damage_taken":0,"max_hp_gain":0,"max_hp_loss":0,"event_name":"The Cleric","floor":3,"gold_loss":50},{"damage_healed":0,"gold_gain":0,"player_choice":"Entered Light","damage_taken":16,"max_hp_gain":0,"max_hp_loss":0,"event_name":"Shining Light","floor":4,"gold_loss":0,"cards_upgraded":["hermit:Defend_Hermit","hermit:Coalescence"]},{"damage_healed":0,"gold_gain":0,"player_choice":"Upgraded","damage_taken":0,"max_hp_gain":0,"max_hp_loss":0,"event_name":"Upgrade Shrine","floor":11,"gold_loss":0,"cards_upgraded":["hermit:Covet"]},{"damage_healed":0,"gold_gain":0,"player_choice":"Obtained Book","damage_taken":16,"max_hp_gain":0,"max_hp_loss":0,"event_name":"Cursed Tome","floor":19,"gold_loss":0},{"damage_healed":0,"gold_gain":0,"player_choice":"Joined the Cult","damage_taken":6,"max_hp_gain":0,"max_hp_loss":0,"event_name":"Nest","floor":21,"gold_loss":0,"cards_obtained":["RitualDagger"]},{"damage_healed":30,"gold_gain":0,"player_choice":"Heal","damage_taken":0,"max_hp_gain":0,"max_hp_loss":0,"event_name":"The Library","floor":28,"gold_loss":0}],"is_beta":false,"boss_relics":[{"not_picked":["Ectoplasm","Sozu"],"picked":"Cursed Key"},{"not_picked":["Snecko Eye","Pandora\u0027s Box"],"picked":"Black Star"}],"items_purged_floors":[20],"is_endless":false,"potions_floor_spawned":[1,12,13,16,24,25,31],"killed_by":"Writhing Mass","ascension_level":0}}