{"host":"sav7uxregyirlf69","time":1607614034,"event":{"mods":["BaseMod","SuperFastMode","StSLib","READ ME - Guardian Mod","Colored Map","DeckTracker","AchievementEnabler","Keyboard Shortcuts","Minty Spire (QoL Compilation)","Hermit"],"gold_per_floor":[111,111,126,137,151,151,163,163,186,220,220,1,14,30,30,127,127,141,156,169,187,87,87,121,121,121,71,104,114,64,78,78,175,175,191,206,256,256,274,274,294,328,328,346,373,388,408,424,424,424,424,424,116,146,146],"floor_reached":56,"playtime":1234,"items_purged":["Pain","Strike_R","Strike_R","Strike_R","Wild Strike"],"score":1279,"play_id":"06cf83b0-b002-4895-a833-758ff410ab7e","local_time":"20201211002714","daily_mods":["Heirloom"],"is_ascension_mode":true,"campfire_choices":[{"data":"Fire Breathing","floor":6,"key":"SMITH"},{"data":"Wild Strike","floor":8,"key":"SMITH"},{"data":"Pommel Strike","floor":15,"key":"SMITH"},{"data":"Evolve","floor":23,"key":"SMITH"},{"data":"Bludgeon","floor":32,"key":"SMITH"},{"data":"Bludgeon","floor":40,"key":"SMITH"},{"floor":49,"key":"RECALL"},{"data":"Juggernaut","floor":52,"key":"SMITH"}],"circlet_count":0,"master_deck":["Defend_R","Defend_R","Defend_R","Defend_R","Bash","Fire Breathing+1","Clothesline","Cleave","Wild Strike+1","Pommel Strike+1","Barricade","Shrug It Off+1","Evolve+1","Bludgeon+1","Bludgeon+1","Uppercut+1","Juggernaut+1","Sever Soul","Carnage+1"],"relics":["Burning Blood","Torii","Regal Pillow","WarpedTongs","TheAbacus","Snecko Eye","Smiling Mask","Mercury Hourglass","Kunai","Sozu","Incense Burner","Question Card","Frozen Egg 2","MealTicket","Pantograph","Self Forming Clay"],"acts_visited":["Exordium","TheCity","TheBeyond","TheEnding"],"potions_floor_usage":[16,24,29,55,55],"damage_taken":[{"damage":2,"enemies":"2 Louse","floor":1,"turns":3},{"damage":2,"enemies":"Cultist","floor":3,"turns":4},{"damage":9,"enemies":"Small Slimes","floor":4,"turns":4},{"damage":5,"enemies":"Gremlin Gang","floor":5,"turns":6},{"damage":27,"enemies":"Exordium Thugs","floor":7,"turns":6},{"damage":15,"enemies":"Gremlin Nob","floor":10,"turns":4},{"damage":3,"enemies":"Lots of Slimes","floor":13,"turns":2},{"damage":2,"enemies":"Gremlin Gang","floor":14,"turns":3},{"damage":26,"enemies":"Slime Boss","floor":16,"turns":5},{"damage":11,"enemies":"2 Thieves","floor":18,"turns":3},{"damage":1,"enemies":"Chosen","floor":19,"turns":4},{"damage":1,"enemies":"Snake Plant","floor":20,"turns":3},{"damage":17,"enemies":"Chosen and Byrds","floor":21,"turns":5},{"damage":31,"enemies":"Slavers","floor":24,"turns":5},{"damage":31,"enemies":"Gremlin Leader","floor":28,"turns":7},{"damage":15,"enemies":"Centurion and Healer","floor":29,"turns":3},{"damage":1,"enemies":"Snecko","floor":31,"turns":4},{"damage":21,"enemies":"Automaton","floor":33,"turns":6},{"damage":1,"enemies":"3 Shapes","floor":35,"turns":3},{"damage":1,"enemies":"Orb Walker","floor":36,"turns":2},{"damage":3,"enemies":"Mind Bloom Boss Battle","floor":37,"turns":3},{"damage":1,"enemies":"4 Shapes","floor":39,"turns":3},{"damage":19,"enemies":"Sphere and 2 Shapes","floor":41,"turns":4},{"damage":17,"enemies":"Reptomancer","floor":42,"turns":5},{"damage":0,"enemies":"3 Darklings","floor":44,"turns":2},{"damage":13,"enemies":"Nemesis","floor":45,"turns":3},{"damage":16,"enemies":"Writhing Mass","floor":46,"turns":3},{"damage":22,"enemies":"Jaw Worm Horde","floor":47,"turns":3},{"damage":0,"enemies":"4 Shapes","floor":48,"turns":4},{"damage":27,"enemies":"Donu and Deca","floor":50,"turns":6},{"damage":12,"enemies":"Shield and Spear","floor":54,"turns":7},{"damage":47,"enemies":"The Heart","floor":55,"turns":8}],"seed_played":"2656848675323062856","potions_obtained":[{"floor":4,"key":"BloodPotion"},{"floor":5,"key":"Ancient Potion"},{"floor":7,"key":"ColorlessPotion"},{"floor":18,"key":"DistilledChaos"},{"floor":21,"key":"Strength Potion"},{"floor":33,"key":"Explosive Potion"}],"is_trial":true,"path_per_floor":["M","?","M","M","M","R","M","R","T","E","?","$","M","M","R","B",null,"M","M","M","M","$","R","E","?","T","$","E","M","$","M","R","B",null,"M","M","?","?","M","R","M","E","T","M","E","M","M","M","R","B",null,"R","$","E","B",null],"character_chosen":"IRONCLAD","items_purchased":["TheAbacus","Pantograph"],"campfire_rested":0,"item_purchase_floors":[12,53],"current_hp_per_floor":[80,80,80,77,78,78,57,57,57,48,48,48,51,55,55,35,80,75,80,80,69,69,69,44,44,44,44,19,26,26,31,31,16,80,80,80,80,80,80,80,67,56,56,62,55,45,29,35,35,14,80,80,80,74,39],"gold":146,"neow_bonus":"","is_daily":false,"chose_seed":false,"campfire_upgraded":7,"win_rate":0,"timestamp":1607614034,"path_taken":["M","?","M","M","?","R","M","R","T","E","?","$","M","?","R","BOSS","M","M","M","M","$","R","E","?","T","?","E","?","$","M","R","BOSS","M","?","?","?","M","R","?","E","T","M","E","M","M","M","R","BOSS","R","$","E","BOSS"],"build_version":"2020-11-30","purchased_purges":5,"victory":true,"max_hp_per_floor":[80,80,80,80,80,80,80,80,80,80,80,80,80,80,80,80,80,80,80,80,80,80,80,80,80,80,80,80,80,80,80,80,80,80,80,80,80,80,80,80,80,80,80,80,80,80,80,80,80,80,80,80,80,80,80],"card_choices":[{"not_picked":["Warcry","Intimidate"],"picked":"Fire Breathing","floor":1},{"not_picked":["Rupture","Whirlwind"],"picked":"Clothesline","floor":3},{"not_picked":["Headbutt","Bloodletting","Body Slam"],"picked":"SKIP","floor":4},{"not_picked":["Rupture","Havoc"],"picked":"Cleave","floor":5},{"not_picked":["Metallicize","Sword Boomerang"],"picked":"Wild Strike","floor":7},{"not_picked":["Uppercut","Ghostly Armor"],"picked":"Wild Strike","floor":10},{"not_picked":["Clothesline","Iron Wave","Shockwave"],"picked":"SKIP","floor":13},{"not_picked":["Armaments","Ghostly Armor"],"picked":"Pommel Strike","floor":14},{"not_picked":["Exhume","Impervious"],"picked":"Barricade","floor":16},{"not_picked":["Fire Breathing","Wild Strike"],"picked":"Shrug It Off+1","floor":18},{"not_picked":["Twin Strike","Clash+1"],"picked":"Evolve","floor":19},{"not_picked":["Headbutt+1","Flex","Sword Boomerang"],"picked":"SKIP","floor":20},{"not_picked":["Body Slam","Headbutt+1"],"picked":"Bludgeon","floor":21},{"not_picked":["Clothesline","Offering","Warcry"],"picked":"SKIP","floor":24},{"not_picked":["True Grit","Wild Strike","Clothesline"],"picked":"SKIP","floor":28},{"not_picked":["Pommel Strike","Infernal Blade+1","Armaments+1"],"picked":"SKIP","floor":29},{"not_picked":["Rampage+1","Headbutt","Hemokinesis"],"picked":"SKIP","floor":31},{"not_picked":["Disarm","Anger+1","Body Slam+1"],"picked":"SKIP","floor":35},{"not_picked":["Heavy Blade+1","Warcry+1","Whirlwind"],"picked":"SKIP","floor":36},{"not_picked":["Carnage+1","Combust+1"],"picked":"Uppercut+1","floor":37},{"not_picked":["Warcry+1","Cleave+1","Perfected Strike+1"],"picked":"SKIP","floor":39},{"not_picked":["Clothesline+1","Perfected Strike","Iron Wave"],"picked":"SKIP","floor":41},{"not_picked":["Juggernaut","Flex","Dropkick"],"picked":"SKIP","floor":42},{"not_picked":["Flex","Dropkick"],"picked":"Juggernaut","floor":42},{"not_picked":["Wild Strike","Headbutt","Havoc+1"],"picked":"Sever Soul","floor":44},{"not_picked":["Shrug It Off+1","Wild Strike","True Grit"],"picked":"Carnage+1","floor":45},{"not_picked":["Thunderclap+1","Heavy Blade","Feed","Seeing Red"],"picked":"SKIP","floor":46},{"not_picked":["Rupture+1","Clothesline","Searing Blow","Perfected Strike"],"picked":"SKIP","floor":47},{"not_picked":["Carnage+1","Pommel Strike+1","Clash","Iron Wave"],"picked":"SKIP","floor":48},{"not_picked":["Dual Wield","Clash","Armaments","Rampage+1"],"picked":"SKIP","floor":54}],"player_experience":915216,"relics_obtained":[{"floor":10,"key":"Regal Pillow"},{"floor":24,"key":"Smiling Mask"},{"floor":26,"key":"Mercury Hourglass"},{"floor":28,"key":"Kunai"},{"floor":37,"key":"Incense Burner"},{"floor":42,"key":"Question Card"},{"floor":43,"key":"Frozen Egg 2"},{"floor":45,"key":"MealTicket"},{"floor":54,"key":"Self Forming Clay"}],"event_choices":[{"cards_removed":["Strike_R"],"damage_healed":0,"gold_gain":0,"player_choice":"Offered Basic","damage_taken":0,"max_hp_gain":0,"max_hp_loss":0,"event_name":"Bonfire Elementals","floor":2,"gold_loss":0},{"damage_healed":0,"gold_gain":0,"player_choice":"Rummage","damage_taken":0,"relics_obtained":["WarpedTongs"],"max_hp_gain":0,"max_hp_loss":0,"event_name":"Accursed Blacksmith","floor":11,"gold_loss":0,"cards_obtained":["Pain"]},{"damage_healed":0,"gold_gain":0,"player_choice":"Copied","damage_taken":0,"max_hp_gain":0,"max_hp_loss":0,"event_name":"Duplicator","floor":25,"gold_loss":0,"cards_obtained":["Bludgeon"]},{"damage_healed":0,"gold_gain":0,"player_choice":"Fight","damage_taken":0,"max_hp_gain":0,"max_hp_loss":0,"event_name":"MindBloom","floor":37,"gold_loss":0},{"cards_removed":["Strike_R"],"damage_healed":0,"gold_gain":0,"player_choice":"Purged","damage_taken":0,"max_hp_gain":0,"max_hp_loss":0,"event_name":"Purifier","floor":38,"gold_loss":0}],"is_beta":false,"boss_relics":[{"not_picked":["SacredBark","Tiny House"],"picked":"Snecko Eye"},{"not_picked":["Velvet Choker","Philosopher\u0027s Stone"],"picked":"Sozu"}],"items_purged_floors":[12,22,27,30,53],"is_endless":false,"potions_floor_spawned":[4,5,7,13,18,19,21,33,35,36,39,41,45,54],"ascension_level":1}}