{"host":"8ryqzxm5jok1fscm","time":1607584230,"event":{"gold_per_floor":[114,114,126,13,13,13,41,41,41,76,104,179,179,190,190,290,290,309,324,324,224,224,224,237,252,252,127,74,74,74,103,103,198,198,208,58,72,91,109,109,141,141,141,157,157,157,167,167,167,167],"floor_reached":51,"playtime":1785,"items_purged":["Strike_R","sneckomod:Bewildered","Strike_R","Defend_R"],"score":750,"play_id":"f4bce0f9-1927-416c-a358-a7c3ec8ec104","local_time":"20201210081030","is_ascension_mode":false,"campfire_choices":[{"data":"Rupture","floor":6.0,"key":"SMITH"},{"data":"Bash","floor":13.0,"key":"SMITH"},{"floor":15.0,"key":"REST"},{"data":"Sword Boomerang","floor":29.0,"key":"SMITH"},{"data":"Shrug It Off","floor":32.0,"key":"SMITH"},{"data":"Barricade","floor":40.0,"key":"SMITH"},{"data":"Shrug It Off","floor":45,"key":"SMITH"},{"data":"Bash","floor":49,"key":"SMITH"}],"neow_cost":"","seed_source_timestamp":576494274786200,"circlet_count":0,"master_deck":["Defend_R","Defend_R","Defend_R","Bash+1","Twin Strike+1","Hemokinesis","Rupture+1","Dropkick","Sword Boomerang+1","Pummel","Shrug It Off+1","Fiend Fire","Shrug It Off+1","Thunderclap","Blood for Blood","Dropkick","Shrug It Off+1","Clothesline+1","Barricade+1","Inflame+1","Cleave+1","Infernal Blade+1","Armaments+1","Pommel Strike+1","Iron Wave+1","Iron Wave+1","Entrench+1","Shrug It Off+1","Dropkick","Bash+1"],"special_seed":0,"relics":["Burning Blood","Juzu Bracelet","PreservedInsect","Centennial Puzzle","Oddly Smooth Stone","Blood Vial","Odd Mushroom","Velvet Choker","sneckomod:BabySnecko","Boot","Anchor","HornCleat","Astrolabe","Vajra","Ancient Tea Set","Spirit Poop"],"potions_floor_usage":[41,50,50],"damage_taken":[{"damage":8.0,"enemies":"Small Slimes","floor":1.0,"turns":4.0},{"damage":1.0,"enemies":"Cultist","floor":3.0,"turns":3.0},{"damage":6.0,"enemies":"Gremlin Nob","floor":7.0,"turns":3.0},{"damage":19.0,"enemies":"3 Sentries","floor":10.0,"turns":6.0},{"damage":17.0,"enemies":"The Mushroom Lair","floor":11.0,"turns":4.0},{"damage":3.0,"enemies":"2 Louse","floor":14.0,"turns":2.0},{"damage":40.0,"enemies":"The Guardian","floor":16.0,"turns":11.0},{"damage":4.0,"enemies":"Shell Parasite","floor":18.0,"turns":6.0},{"damage":4.0,"enemies":"Chosen","floor":19.0,"turns":3.0},{"damage":4.0,"enemies":"Snecko","floor":24.0,"turns":5.0},{"damage":17.0,"enemies":"Snake Plant","floor":25.0,"turns":3.0},{"damage":8.0,"enemies":"Book of Stabbing","floor":31.0,"turns":4.0},{"damage":13.0,"enemies":"Champ","floor":33.0,"turns":8.0},{"damage":7.0,"enemies":"3 Shapes","floor":35.0,"turns":3.0},{"damage":4.0,"enemies":"3 Darklings","floor":37.0,"turns":6.0},{"damage":6.0,"enemies":"Transient","floor":38.0,"turns":5.0},{"damage":7.0,"enemies":"Jaw Worm Horde","floor":39.0,"turns":4.0},{"damage":2,"enemies":"Reptomancer","floor":41,"turns":4},{"damage":0,"enemies":"Writhing Mass","floor":44,"turns":5},{"damage":0,"enemies":"Transient","floor":47,"turns":5},{"damage":57,"enemies":"Awakened One","floor":50,"turns":13}],"seed_played":"5112537354640436091","potions_obtained":[{"floor":3.0,"key":"AttackPotion"},{"floor":7.0,"key":"Swift Potion"},{"floor":14.0,"key":"Guardian:BlockOnCardUsePotion"},{"floor":19.0,"key":"SkillPotion"},{"floor":31.0,"key":"Slimebound:ThreeZeroPotion"},{"floor":37.0,"key":"BlessingOfTheForge"},{"floor":39.0,"key":"sneckomod:MuddlingPotion"},{"floor":41,"key":"ColorlessPotion"},{"floor":47,"key":"Strength Potion"}],"is_trial":false,"path_per_floor":["M","?","M","$","?","R","E","?","T","E","?","?","R","M","R","B",null,"M","M","?","$","?","?","M","M","T","$","$","R","?","E","R","B",null,"M","$","M","M","M","R","E","$","T","M","R","?","M","?","R","B",null],"character_chosen":"IRONCLAD","items_purchased":["Rupture","Shrug It Off"],"campfire_rested":1,"item_purchase_floors":[4,28],"current_hp_per_floor":[78,62,67,67,49,49,49,49,49,36,27,16,16,21,45,13,80,80,80,80,80,65,65,69,60,60,60,60,60,60,60,60,55,85,84,84,85,85,84,84,85,85,85,85,85,82,82,82,82,31],"gold":167,"neow_bonus":"","is_prod":false,"is_daily":false,"chose_seed":false,"campfire_upgraded":7,"win_rate":0.0,"timestamp":1607584230,"path_taken":["M","?","M","$","?","R","E","?","T","E","?","?","R","M","R","BOSS","M","M","?","$","?","?","M","M","T","?","$","R","?","E","R","BOSS","M","?","M","M","M","R","E","$","T","M","R","?","M","?","R","BOSS"],"build_version":"2020-11-30","purchased_purges":4,"victory":true,"max_hp_per_floor":[80,80,80,80,80,80,80,80,80,80,80,80,80,80,80,80,80,80,80,80,80,85,85,85,85,85,85,85,85,85,85,85,85,85,85,85,85,85,85,85,85,85,85,85,85,82,82,82,82,82],"card_choices":[{"not_picked":["Anger","Searing Blow"],"picked":"Twin Strike","floor":1.0},{"not_picked":["Headbutt","Bloodletting"],"picked":"Hemokinesis","floor":3.0},{"not_picked":["Sword Boomerang","Twin Strike"],"picked":"Dropkick","floor":7.0},{"not_picked":["Body Slam","Inflame"],"picked":"Sword Boomerang","floor":10.0},{"not_picked":["Warcry","Carnage"],"picked":"Pummel","floor":11.0},{"not_picked":["Headbutt","Battle Trance"],"picked":"Shrug It Off","floor":14.0},{"not_picked":["Offering","Demon Form"],"picked":"Fiend Fire","floor":16.0},{"not_picked":["Twin Strike","Uppercut"],"picked":"Shrug It Off+1","floor":18.0},{"not_picked":["Sever Soul","Flex"],"picked":"Thunderclap","floor":19.0},{"not_picked":["Searing Blow+1","Bloodletting"],"picked":"Blood for Blood","floor":24.0},{"not_picked":["Dual Wield","Infernal Blade"],"picked":"Dropkick","floor":25.0},{"not_picked":["Body Slam+1","Second Wind"],"picked":"Clothesline+1","floor":31.0},{"not_picked":["Impervious","Fiend Fire"],"picked":"Barricade","floor":33.0},{"not_picked":["Sword Boomerang","Anger+1"],"picked":"Armaments+1","floor":35.0},{"not_picked":["Ghostly Armor+1","Anger+1"],"picked":"Pommel Strike+1","floor":37.0},{"not_picked":["Metallicize+1","Searing Blow"],"picked":"Iron Wave+1","floor":38.0},{"not_picked":["Power Through+1","Clothesline"],"picked":"Iron Wave+1","floor":39.0},{"not_picked":["Corruption","Infernal Blade+1"],"picked":"Entrench+1","floor":41},{"not_picked":["Clash+1","Infernal Blade+1"],"picked":"Shrug It Off","floor":44},{"not_picked":["Iron Wave+1","Armaments+1"],"picked":"Dropkick","floor":47}],"player_experience":0,"relics_obtained":[{"floor":7.0,"key":"PreservedInsect"},{"floor":9.0,"key":"Oddly Smooth Stone"},{"floor":10.0,"key":"Blood Vial"},{"floor":11.0,"key":"Odd Mushroom"},{"floor":26.0,"key":"Anchor"},{"floor":31.0,"key":"HornCleat"},{"floor":41,"key":"Vajra"},{"floor":43,"key":"Ancient Tea Set"}],"event_choices":[{"damage_healed":0.0,"max_hp_gain":0.0,"max_hp_loss":0.0,"gold_gain":0.0,"event_name":"Shining Light","player_choice":"Entered Light","floor":2.0,"gold_loss":0.0,"damage_taken":16.0,"cards_upgraded":["Twin Strike","Strike_R"]},{"damage_healed":0.0,"max_hp_gain":0.0,"max_hp_loss":0.0,"gold_gain":0.0,"event_name":"Scrap Ooze","player_choice":"Success","floor":5.0,"gold_loss":0.0,"damage_taken":18.0,"relics_obtained":["Juzu Bracelet"]},{"damage_healed":0.0,"max_hp_gain":0.0,"max_hp_loss":0.0,"gold_gain":0.0,"event_name":"WeMeetAgain","player_choice":"Gave Potion","floor":8.0,"gold_loss":0.0,"damage_taken":0.0,"relics_obtained":["Centennial Puzzle"]},{"damage_healed":0.0,"max_hp_gain":0.0,"max_hp_loss":0.0,"gold_gain":0.0,"event_name":"Mushrooms","player_choice":"Fought Mushrooms","floor":11.0,"gold_loss":0.0,"damage_taken":0.0},{"damage_healed":0.0,"max_hp_gain":0.0,"max_hp_loss":0.0,"gold_gain":75.0,"event_name":"World of Goop","player_choice":"Gather Gold","floor":12.0,"gold_loss":0.0,"damage_taken":11.0},{"damage_healed":0.0,"max_hp_gain":5.0,"max_hp_loss":0.0,"gold_gain":0.0,"event_name":"Forgotten Altar","player_choice":"Shed Blood","floor":22.0,"gold_loss":0.0,"damage_taken":20.0},{"damage_healed":0.0,"max_hp_gain":0.0,"max_hp_loss":0.0,"gold_gain":0.0,"event_name":"The Mausoleum","player_choice":"Opened","floor":23.0,"gold_loss":0.0,"damage_taken":0.0,"relics_obtained":["Boot"]},{"damage_healed":0.0,"max_hp_gain":0.0,"max_hp_loss":0.0,"gold_gain":0.0,"event_name":"Upgrade Shrine","player_choice":"Upgraded","floor":30.0,"gold_loss":0.0,"damage_taken":0.0,"cards_upgraded":["Shrug It Off"]},{"cards_removed":["Parasite"],"damage_healed":0,"gold_gain":0,"player_choice":"Offered Curse","damage_taken":0,"relics_obtained":["Spirit Poop"],"max_hp_gain":0,"max_hp_loss":0,"event_name":"Bonfire Elementals","floor":46,"gold_loss":0},{"damage_healed":0,"gold_gain":0,"player_choice":"1 cards matched","damage_taken":0,"max_hp_gain":0,"max_hp_loss":0,"event_name":"Match and Keep!","floor":48,"gold_loss":0,"cards_obtained":["Bash"]}],"is_beta":false,"boss_relics":[{"not_picked":["Empty Cage","SacredBark"],"picked":"Velvet Choker"},{"not_picked":["Philosopher\u0027s Stone","Tiny House"],"picked":"Astrolabe"}],"items_purged_floors":[4,21,27,36],"is_endless":false,"potions_floor_spawned":[3,7,14,19,31,37,39,41,47],"ascension_level":0}}