{"host":"usewcu4ohw2wtmxk","time":1607635474,"event":{"mods":["BaseMod","AchievementEnabler","Colored Powertips","Minty Spire (QoL Compilation)","Permanent Neow","Quick Restart","Relic Sorter","Relic Stats","Shop Mod","StSLib","BetterRewards","UnlockEverythingMod"],"gold_per_floor":[43,59,74,85,96,96,21,21,100,115,115,115],"floor_reached":11,"playtime":282,"items_purged":["Strike_G"],"score":134,"play_id":"f70d1f0f-998c-4033-88c1-45cd6ed3b813","local_time":"20201211052434","is_ascension_mode":true,"campfire_choices":[{"floor":6.0,"key":"REST"},{"data":"Sadistic Nature","floor":8.0,"key":"SMITH"}],"circlet_count":0,"master_deck":["AscendersBane","Strike_G","Strike_G","Strike_G","Strike_G","Defend_G","Defend_G","Defend_G","Defend_G","Defend_G","Survivor","Neutralize","Backflip","Sadistic Nature+1","Noxious Fumes","Reflex","Footwork","PiercingWail"],"special_seed":0,"relics":["Ring of the Snake","Question Card"],"acts_visited":["Exordium"],"potions_floor_usage":[11,11],"damage_taken":[{"damage":10.0,"enemies":"Small Slimes","floor":1.0,"turns":4.0},{"damage":3.0,"enemies":"2 Louse","floor":2.0,"turns":3.0},{"damage":0.0,"enemies":"Cultist","floor":3.0,"turns":4.0},{"damage":4.0,"enemies":"3 Louse","floor":4.0,"turns":4.0},{"damage":7.0,"enemies":"Exordium Thugs","floor":5.0,"turns":4.0},{"damage":4.0,"enemies":"Lots of Slimes","floor":10.0,"turns":4.0},{"damage":8,"enemies":"Gremlin Nob","floor":11,"turns":3}],"seed_played":"8283687411431768868","potions_obtained":[{"floor":1.0,"key":"SpeedPotion"},{"floor":2.0,"key":"SkillPotion"},{"floor":4.0,"key":"FearPotion"},{"floor":5.0,"key":"ColorlessPotion"}],"is_trial":false,"path_per_floor":["M","M","M","M","M","R","$","R","T","M","E"],"character_chosen":"THE_SILENT","items_purchased":["Backflip","Sadistic Nature","Noxious Fumes"],"campfire_rested":1,"item_purchase_floors":[0,0,0],"current_hp_per_floor":[18,15,15,11,4,23,23,23,23,19,11,11],"gold":115,"neow_bonus":"","is_daily":false,"chose_seed":false,"campfire_upgraded":1,"win_rate":0,"timestamp":1607635474,"path_taken":["M","M","M","M","M","R","$","R","T","M","E"],"build_version":"2020-11-30","purchased_purges":1,"victory":false,"max_hp_per_floor":[66,66,66,66,66,66,66,66,66,66,66,66],"relic_stats":{"counters":[7,26],"Question Card":1,"obtain_stats":[{"Question Card":9,"Ring of the Snake":0},{"Question Card":5,"Ring of the Snake":0},{"Question Card":19,"Ring of the Snake":0}],"Ring of the Snake":[14]},"card_choices":[{"not_picked":["PiercingWail","Poisoned Stab"],"picked":"Reflex","floor":1.0},{"not_picked":["Acrobatics","Flying Knee"],"picked":"Footwork","floor":2.0},{"not_picked":["Sucker Punch","Dash"],"picked":"PiercingWail","floor":3.0},{"not_picked":["Acrobatics","Skewer","Prepared"],"picked":"SKIP","floor":4.0},{"not_picked":["Deadly Poison","Dagger Throw","Cloak And Dagger"],"picked":"SKIP","floor":5.0},{"not_picked":["Blade Dance","Dash","Corpse Explosion","Dodge and Roll"],"picked":"SKIP","floor":10.0}],"player_experience":236716,"relics_obtained":[{"floor":9.0,"key":"Question Card"}],"event_choices":[],"is_beta":false,"boss_relics":[],"items_purged_floors":[7],"is_endless":false,"potions_floor_spawned":[1,2,4,5],"killed_by":"Gremlin Nob","ascension_level":20}}