{"host":"l2dnabsh5e0fsksb","time":1607577480,"event":{"gold_per_floor":[99,99,116,116,143,143,143,68,87,117,117,137,312,371,385,385,385],"floor_reached":16,"playtime":618,"items_purged":[],"score":113,"play_id":"29fd9e95-2615-4fd8-a332-b551a71490af","local_time":"20201210154800","is_ascension_mode":true,"campfire_choices":[{"data":"hexamod:Sear","floor":1,"key":"SMITH"},{"data":"hexamod:ApocalypticArmor","floor":6,"key":"SMITH"},{"floor":8,"key":"RECALL"}],"neow_cost":"NONE","seed_source_timestamp":25292021509500,"circlet_count":0,"master_deck":["hexamod:Strike+1","hexamod:Strike","hexamod:Strike+1","hexamod:Strike","hexamod:Defend","hexamod:Defend","hexamod:Defend","hexamod:Defend","hexamod:Sear+1","hexamod:Float","hexamod:FirstSeal","hexamod:SoulSteal","hexamod:ApocalypticArmor+1","hexamod:Hexaguard","hexamod:InspiringFlames","hexamod:Sear","hexamod:RainOfEmbers","Doubt","hexamod:PhantomFireball","hexamod:PhantomFireball"],"relics":["hexamod:SpiritBrand","downfall:ShatteredFragment","Gremlin Horn","downfall:HeartBlessingBlue","Calipers","Whetstone"],"potions_floor_usage":[3,10,10],"damage_taken":[{"damage":4,"enemies":"Small Slimes","floor":3,"turns":3},{"damage":2,"enemies":"3 Sentries","floor":5,"turns":5},{"damage":0,"enemies":"Cultist","floor":9,"turns":3},{"damage":23,"enemies":"Lagavulin","floor":10,"turns":6},{"damage":0,"enemies":"2 Louse","floor":12,"turns":2},{"damage":29,"enemies":"Lagavulin Event","floor":14,"turns":7},{"damage":4,"enemies":"2 Fungi Beasts","floor":15,"turns":4},{"damage":44,"enemies":"downfall:CharBossDefect","floor":16,"turns":6}],"seed_played":"-8907387680939523170","potions_obtained":[{"floor":0,"key":"DistilledChaos"},{"floor":0,"key":"Swift Potion"},{"floor":0,"key":"Weak Potion"},{"floor":5,"key":"Ancient Potion"},{"floor":9,"key":"LiquidBronze"},{"floor":15,"key":"sneckomod:MuddlingPotion"}],"is_trial":false,"path_per_floor":["R","?","M","?","E","R","T","R","M","E","?","M","?","?","M","B"],"character_chosen":"THE_SPIRIT","items_purchased":[],"campfire_rested":0,"item_purchase_floors":[],"current_hp_per_floor":[70,63,66,45,50,50,50,60,67,51,51,51,51,29,32,0,0],"gold":385,"neow_bonus":"THREE_SMALL_POTIONS","is_prod":false,"is_daily":false,"chose_seed":false,"campfire_upgraded":2,"win_rate":0,"timestamp":1607577480,"path_taken":["R","?","M","?","E","R","T","R","M","E","?","?","?","?","M","BOSS"],"build_version":"2020-11-30","purchased_purges":0,"victory":false,"max_hp_per_floor":[70,70,70,70,70,70,70,80,80,80,80,80,80,80,80,80,80],"card_choices":[{"not_picked":["hexamod:ChargedBarrage","hexamod:SoulSteal","hexamod:GhostShield"],"picked":"SKIP","floor":3},{"not_picked":["hexamod:ChargedBarrage","hexamod:GhostShield"],"picked":"hexamod:SoulSteal","floor":3},{"not_picked":["hexamod:GhostflameBarrier","hexamod:HeatCrush"],"picked":"hexamod:ApocalypticArmor","floor":5},{"not_picked":["hexamod:HeatShield","hexamod:SoulSteal"],"picked":"hexamod:Hexaguard","floor":9},{"not_picked":["hexamod:GhostOfSpirePast","hexamod:SkipABeat"],"picked":"hexamod:InspiringFlames","floor":10},{"not_picked":["hexamod:RadiantFlame","hexamod:ShieldOfDarkness"],"picked":"hexamod:RainOfEmbers","floor":12},{"not_picked":["hexamod:AdvancingGuard","hexamod:NightmareGuise"],"picked":"hexamod:PhantomFireball","floor":14},{"not_picked":["hexamod:AdvancingGuard","hexamod:FastForward"],"picked":"hexamod:PhantomFireball","floor":15}],"player_experience":1724490,"relics_obtained":[{"floor":5,"key":"Gremlin Horn"},{"floor":10,"key":"Calipers"},{"floor":14,"key":"Whetstone"}],"event_choices":[],"is_beta":false,"boss_relics":[],"items_purged_floors":[],"is_endless":false,"potions_floor_spawned":[5,9,15],"killed_by":"downfall:CharBossDefect","ascension_level":1}}