{"host":"vq9qltvb257pqxes","time":1607627271,"event":{"mods":["BaseMod","AchievementEnabler","Colored Map","Colored Powertips","Highlight Path","Mimic Mod","Minty Spire (QoL Compilation)","Quick Restart","Rare Cards Sparkle","SuperFastMode"],"gold_per_floor":[114,114,129,129,129,159,11,11,11,0,15,15,34,53,53,178,178,197,197,246,275,294,294,294,313,338,338,32,32,51,51,51],"floor_reached":31,"playtime":1933,"items_purged":[],"score":233,"play_id":"eb41bf75-691e-47ad-9d2f-5a4253bba212","local_time":"20201210110751","daily_mods":["Allstar","Vintage","Night Terrors"],"is_ascension_mode":false,"campfire_choices":[{"floor":8.0,"key":"REST"},{"data":"Worship","floor":15.0,"key":"SMITH"},{"data":"Judgement","floor":23.0,"key":"SMITH"},{"data":"Secret Technique","floor":27.0,"key":"SMITH"},{"data":"Trip","floor":29.0,"key":"SMITH"}],"circlet_count":0,"master_deck":["Strike_P+1","Strike_P+1","Strike_P+1","Strike_P+1","Defend_P+1","Defend_P+1","Defend_P+1","Defend_P+1","Eruption","Vigilance","Master of Strategy","The Bomb+1","Bandage Up+1","Apotheosis+1","Secret Technique+1","Collect","Worship+1","CutThroughFate","ClearTheMind","Injury","Judgement+1","Halt","Consecrate","Trip+1"],"special_seed":18606,"relics":["PureWater","Boot","Bronze Scales","GoldenEye","Darkstone Periapt","Smiling Mask","Golden Idol","Eternal Feather","Torii","Black Star","Frozen Egg 2","Ornamental Fan","Red Mask","Pantograph","Peace Pipe","Potion Belt","Juzu Bracelet","PrismaticShard","CeramicFish"],"acts_visited":[],"potions_floor_usage":[],"damage_taken":[{"damage":17.0,"enemies":"Cultist","floor":1.0,"turns":4.0},{"damage":5.0,"enemies":"2 Louse","floor":3.0,"turns":3.0},{"damage":6.0,"enemies":"Lagavulin","floor":6.0,"turns":4.0},{"damage":5.0,"enemies":"Jaw Worm","floor":11.0,"turns":3.0},{"damage":9.0,"enemies":"Blue Slaver","floor":13.0,"turns":3.0},{"damage":0.0,"enemies":"Large Slime","floor":14.0,"turns":5.0},{"damage":57.0,"enemies":"The Guardian","floor":16.0,"turns":9.0},{"damage":9.0,"enemies":"Chosen","floor":18.0,"turns":6.0},{"damage":26.0,"enemies":"Shell Parasite","floor":20.0,"turns":8.0},{"damage":12.0,"enemies":"Masked Bandits","floor":21.0,"turns":3.0},{"damage":20.0,"enemies":"Shell Parasite","floor":22.0,"turns":5.0},{"damage":13.0,"enemies":"Shelled Parasite and Fungi","floor":25.0,"turns":3.0},{"damage":37.0,"enemies":"Snake Plant","floor":30.0,"turns":5.0},{"damage":33,"enemies":"Snecko","floor":31,"turns":4}],"seed_played":"8996604888150855735","potions_obtained":[{"floor":1.0,"key":"EssenceOfSteel"},{"floor":3.0,"key":"StancePotion"},{"floor":11.0,"key":"FearPotion"},{"floor":14.0,"key":"SpeedPotion"},{"floor":18.0,"key":"Weak Potion"},{"floor":25.0,"key":"StancePotion"},{"floor":30,"key":"Swift Potion"}],"is_trial":false,"path_per_floor":["M","?","M","?","?","E","$","R","T","?","M","?","M","M","R","B",null,"M","?","MIM","?","M","R","?","M","T","R","$","R","M","M"],"character_chosen":"WATCHER","items_purchased":["Worship","CutThroughFate","ClearTheMind","PrismaticShard","LiquidMemories","Trip"],"campfire_rested":1,"item_purchase_floors":[7,7,7,28,28,28],"current_hp_per_floor":[61,61,60,46,46,46,46,67,67,67,65,71,62,68,73,22,73,70,70,50,44,30,42,42,29,29,41,41,53,22,0,0],"gold":51,"neow_bonus":"","is_daily":true,"chose_seed":false,"campfire_upgraded":4,"win_rate":0.0,"timestamp":1607627271,"path_taken":["M","?","M","?","?","E","?","R","T","?","M","?","?","M","R","BOSS","M","?","?","?","M","R","?","M","T","R","$","R","M","M"],"build_version":"2020-11-30","purchased_purges":0,"victory":false,"max_hp_per_floor":[72,72,72,72,72,72,72,67,67,67,67,73,73,73,73,73,73,73,73,73,73,73,73,73,73,73,73,73,73,73,73,73],"card_choices":[{"not_picked":["FlurryOfBlows","Consecrate"],"picked":"Collect","floor":6.0},{"not_picked":["DeusExMachina","Alpha"],"picked":"Judgement","floor":16.0},{"not_picked":["Perseverance","InnerPeace"],"picked":"Halt","floor":20.0},{"not_picked":["DeceiveReality","Halt"],"picked":"Consecrate","floor":21.0}],"player_experience":97256,"relics_obtained":[{"floor":1.0,"key":"Boot"},{"floor":3.0,"key":"Bronze Scales"},{"floor":6.0,"key":"GoldenEye"},{"floor":9.0,"key":"Darkstone Periapt"},{"floor":11.0,"key":"Smiling Mask"},{"floor":13.0,"key":"Eternal Feather"},{"floor":14.0,"key":"Torii"},{"floor":18.0,"key":"Frozen Egg 2"},{"floor":20.0,"key":"Ornamental Fan"},{"floor":21.0,"key":"Red Mask"},{"floor":22.0,"key":"Pantograph"},{"floor":25.0,"key":"Potion Belt"},{"floor":26.0,"key":"Juzu Bracelet"},{"floor":30,"key":"CeramicFish"}],"event_choices":[{"damage_healed":0.0,"max_hp_gain":0.0,"max_hp_loss":0.0,"gold_gain":0.0,"event_name":"Golden Wing","player_choice":"Ignored","floor":2.0,"gold_loss":0.0,"damage_taken":0.0},{"damage_healed":0.0,"max_hp_gain":0.0,"max_hp_loss":0.0,"gold_gain":0.0,"event_name":"Shining Light","player_choice":"Entered Light","floor":4.0,"gold_loss":0.0,"damage_taken":14.0,"cards_upgraded":["Bandage Up","Apotheosis"]},{"damage_healed":0.0,"max_hp_gain":0.0,"max_hp_loss":0.0,"gold_gain":0.0,"event_name":"Living Wall","player_choice":"Grow","floor":5.0,"gold_loss":0.0,"damage_taken":0.0,"cards_upgraded":["The Bomb"]},{"damage_healed":0.0,"max_hp_gain":0.0,"max_hp_loss":0.0,"gold_gain":0.0,"event_name":"World of Goop","player_choice":"Left Gold","floor":10.0,"gold_loss":11.0,"damage_taken":0.0},{"damage_healed":0.0,"max_hp_gain":0.0,"max_hp_loss":0.0,"gold_gain":0.0,"event_name":"Golden Idol","player_choice":"Take Wound","floor":12.0,"gold_loss":0.0,"damage_taken":0.0,"relics_obtained":["Golden Idol"],"cards_obtained":["Injury"]},{"damage_healed":0.0,"max_hp_gain":0.0,"max_hp_loss":0.0,"gold_gain":0.0,"event_name":"Back to Basics","player_choice":"Simplicity","floor":19.0,"gold_loss":0.0,"damage_taken":0.0,"cards_upgraded":["Strike_P","Strike_P","Strike_P","Strike_P","Defend_P","Defend_P","Defend_P","Defend_P"]},{"damage_healed":0.0,"max_hp_gain":0.0,"max_hp_loss":0.0,"gold_gain":0.0,"event_name":"Masked Bandits","player_choice":"Fought Bandits","floor":21.0,"gold_loss":0.0,"damage_taken":0.0},{"damage_healed":0.0,"max_hp_gain":0.0,"max_hp_loss":0.0,"gold_gain":0.0,"event_name":"The Mausoleum","player_choice":"Opened","floor":24.0,"gold_loss":0.0,"damage_taken":0.0,"relics_obtained":["Peace Pipe"]}],"is_beta":false,"boss_relics":[{"not_picked":["Cursed Key","Runic Dome"],"picked":"Black Star"}],"items_purged_floors":[],"is_endless":false,"potions_floor_spawned":[1,3,11,14,18,25,30],"killed_by":"Snecko","ascension_level":0}}