{"host":"v0kr0xkqfgnh389p","time":1607567240,"event":{"gold_per_floor":[119,119,197,218,242,280,280,321,321,321,345,345,132,173,173,292,292,311,311,324,324,349,385,385,429,429,429,453,477,75,88,88,216,216,234,109,125,205,205,205,236,254,279,294,327,327,347,370,370,501,501,500,500],"floor_reached":52,"playtime":3417,"items_purged":["ReplayTheSpireMod:Splinters","Injury","Parasite"],"score":982,"play_id":"4b26cfff-488f-46f7-8297-3fa7a3a0913b","local_time":"20201209212720","is_ascension_mode":true,"campfire_choices":[{"floor":7,"key":"REST"},{"floor":10,"key":"REST"},{"floor":12,"key":"REST"},{"floor":24,"key":"RECALL"},{"floor":27,"key":"REST"},{"floor":32,"key":"REST"},{"data":"DevaForm","floor":40,"key":"SMITH"},{"data":"Replay:Fractal Strike","floor":46,"key":"SMITH"},{"data":"infinitespire:TheBestDefense","floor":49,"key":"SMITH"}],"neow_cost":"TEN_PERCENT_HP_LOSS","seed_source_timestamp":40019809636200,"circlet_count":0,"master_deck":["Strike_P","Strike_P","Defend_P","Defend_P","Defend_P","Defend_P","Eruption","Vigilance","ReplayUltimateDefense+1","Prostrate","Prostrate+1","Prostrate","Scrawl","Tantrum","DevaForm+1","Prostrate+1","infinitespire:TheBestDefense+1","Replay:Fractal Strike+1","MentalFortress+1","Pot Of Greed","Pot Of Greed","PathToVictory+1","Pot Of Greed","Alpha","SandsOfTime","MasterReality","infinitespire:Starlight","hubris:Fate","hubris:Envy","WindmillStrike+1","Devotion"],"relics":["PureWater","Golden Idol","Potion Belt","hubris:PeanutButter","Mercury Hourglass","ReplayTheSpireMod:CursedCoin","infinitespire:Joker Card","Replay:Mystery Machine","Cursed Key","Omamori","infinitespire:Cupcake","PreservedInsect","Dream Catcher","Grinning Jar","StoneCalendar","Busted Crown","Question Card","Snecko Eye","Akabeko","Shuriken","Simple Rune","Omamori","Empty Cage"],"potions_floor_usage":[6,6,8,16,16,22,33,35,50],"damage_taken":[{"damage":20,"enemies":"Jaw Worm","floor":1,"turns":6},{"damage":0,"enemies":"2 Louse","floor":4,"turns":5},{"damage":22,"enemies":"Cultist","floor":5,"turns":5},{"damage":0,"enemies":"3 Sentries","floor":6,"turns":6},{"damage":36,"enemies":"Lagavulin","floor":8,"turns":7},{"damage":0,"enemies":"Gremlin Gang","floor":11,"turns":5},{"damage":10,"enemies":"3 Sentries","floor":14,"turns":11},{"damage":14,"enemies":"Hexaghost","floor":16,"turns":9},{"damage":7,"enemies":"2 Thieves","floor":18,"turns":4},{"damage":0,"enemies":"Shell Parasite","floor":20,"turns":5},{"damage":29,"enemies":"Cultist and Chosen","floor":22,"turns":6},{"damage":0,"enemies":"Nightmare","floor":23,"turns":13},{"damage":26,"enemies":"Slavers","floor":25,"turns":7},{"damage":0,"enemies":"Snake Plant","floor":28,"turns":3},{"damage":0,"enemies":"Snecko","floor":29,"turns":4},{"damage":17,"enemies":"3 Cultists","floor":31,"turns":4},{"damage":12,"enemies":"Champ","floor":33,"turns":7},{"damage":0,"enemies":"Orb Walker","floor":35,"turns":5},{"damage":0,"enemies":"3 Shapes","floor":37,"turns":4},{"damage":0,"enemies":"Reptomancer","floor":41,"turns":4},{"damage":0,"enemies":"Sphere and 2 Shapes","floor":42,"turns":3},{"damage":0,"enemies":"Spire Growth","floor":44,"turns":3},{"damage":0,"enemies":"Giant Head","floor":45,"turns":4},{"damage":0,"enemies":"Jaw Worm Horde","floor":47,"turns":4},{"damage":13,"enemies":"Transient","floor":48,"turns":5},{"damage":24,"enemies":"Awakened One","floor":50,"turns":8},{"damage":71,"enemies":"2 Louse","floor":52,"turns":4}],"seed_played":"-3059329761231210889","potions_obtained":[{"floor":1,"key":"SteroidPotion"},{"floor":3,"key":"Weak Potion"},{"floor":3,"key":"Reflective Coating"},{"floor":11,"key":"Weak Potion"},{"floor":14,"key":"BlessingOfTheForge"},{"floor":16,"key":"Fire Potion"},{"floor":23,"key":"Ancient Potion"},{"floor":25,"key":"SpeedPotion"},{"floor":33,"key":"SkillPotion"},{"floor":47,"key":"SpeedPotion"},{"floor":48,"key":"Milkshake"},{"floor":50,"key":"Strength Potion"}],"is_trial":false,"path_per_floor":["M","?","?","M","M","E","R","E","T","R","M","R","$","E","R_BF","B",null,"M","?","M","AVR","M","NM","R","E","T","R","M","M","$","M","R","B",null,"M","$","M","T","AVR","R","E","M","T","M","E","R","M","M","R","B",null,"M"],"character_chosen":"WATCHER","items_purchased":["ReplayTheSpireMod:CursedCoin","infinitespire:Joker Card","StoneCalendar"],"campfire_rested":5,"item_purchase_floors":[13,13,30],"current_hp_per_floor":[45,45,45,45,23,23,42,6,6,25,25,44,44,34,53,39,65,58,58,58,58,29,29,29,3,3,22,22,22,22,5,24,12,65,65,62,62,62,62,62,62,62,62,62,62,62,62,59,59,45,62,0,0],"gold":500,"neow_bonus":"RANDOM_COLORLESS_2","is_prod":false,"is_daily":false,"chose_seed":false,"campfire_upgraded":3,"win_rate":0,"timestamp":1607567240,"path_taken":["M","?","?","M","M","E","R","E","T","R","M","R","$","E","R_BF","BOSS","M","?","M","AVR","M","NM","R","E","T","R","M","M","$","M","R","BOSS","M","$","M","?","AVR","R","E","?","T","M","E","R","M","M","R","BOSS","M"],"build_version":"2020-11-30","purchased_purges":3,"victory":false,"max_hp_per_floor":[65,65,65,65,65,65,65,65,65,65,65,65,65,65,65,65,65,65,65,65,65,65,65,65,65,65,65,65,65,65,65,65,65,65,65,62,62,62,62,62,62,62,62,62,62,62,62,62,62,62,62,62,62],"card_choices":[{"not_picked":["ReplayTheSpireMod:Necrogeddon","Transmutation"],"picked":"ReplayUltimateDefense","floor":0},{"not_picked":["Prostrate","Fasting2","Replay:ManipulateFuture"],"picked":"SKIP","floor":1},{"not_picked":["Fasting2","Replay:ManipulateFuture"],"picked":"Prostrate","floor":1},{"not_picked":["Replay:BluntJabs","Replay:Battleflow"],"picked":"Prostrate","floor":3},{"not_picked":["Conclude","Replay:AtTheReady"],"picked":"Prostrate","floor":4},{"not_picked":["WheelKick","Crescendo","FlyingSleeves"],"picked":"SKIP","floor":5},{"not_picked":["Adaptation","ReachHeaven"],"picked":"Scrawl","floor":6},{"not_picked":["CutThroughFate","WheelKick","Replay:Hum"],"picked":"SKIP","floor":8},{"not_picked":["Protect","Crescendo","WindmillStrike"],"picked":"SKIP","floor":11},{"not_picked":["Protect","WindmillStrike"],"picked":"Tantrum","floor":14},{"not_picked":["DeusExMachina","Establishment"],"picked":"DevaForm","floor":16},{"not_picked":["FollowUp+1","EmptyBody","CutThroughFate"],"picked":"SKIP","floor":18},{"not_picked":["FlyingSleeves","JustLucky+1"],"picked":"Prostrate+1","floor":20},{"not_picked":["Crescendo","WaveOfTheHand+1","Consecrate+1"],"picked":"SKIP","floor":22},{"not_picked":["Crescendo","SignatureMove","CrushJoints"],"picked":"SKIP","floor":23},{"not_picked":["Adaptation","Replay:AtTheReady"],"picked":"MentalFortress+1","floor":25},{"not_picked":["Consecrate","BowlingBash+1"],"picked":"PathToVictory+1","floor":27},{"not_picked":["Perseverance","Nirvana","FlyingSleeves"],"picked":"SKIP","floor":28},{"not_picked":["Replay:Battleflow","JustLucky"],"picked":"Alpha","floor":29},{"not_picked":["ReachHeaven+1","EmptyBody","Crescendo"],"picked":"SKIP","floor":31},{"not_picked":["Study","InnerPeace"],"picked":"SandsOfTime","floor":32},{"not_picked":["Replay:LoomingThreat","Replay:AllIn"],"picked":"MasterReality","floor":33},{"not_picked":["EmptyFist"],"picked":"SKIP","floor":35},{"not_picked":["CutThroughFate+1"],"picked":"SKIP","floor":37},{"not_picked":["FlyingSleeves+1","WreathOfFlame+1"],"picked":"SKIP","floor":41},{"not_picked":["Worship","Halt+1"],"picked":"SKIP","floor":42},{"not_picked":["Halt","SandsOfTime"],"picked":"SKIP","floor":44},{"not_picked":["Prostrate"],"picked":"WindmillStrike+1","floor":45},{"not_picked":["Replay:AtTheReady","Vengeance"],"picked":"SKIP","floor":47},{"not_picked":["Worship+1","Consecrate+1"],"picked":"SKIP","floor":48},{"not_picked":["LessonLearned"],"picked":"Devotion","floor":50}],"player_experience":704473,"relics_obtained":[{"floor":3,"key":"Potion Belt"},{"floor":6,"key":"hubris:PeanutButter"},{"floor":8,"key":"Mercury Hourglass"},{"floor":14,"key":"Replay:Mystery Machine"},{"floor":23,"key":"PreservedInsect"},{"floor":25,"key":"Dream Catcher"},{"floor":26,"key":"Grinning Jar"},{"floor":38,"key":"Question Card"},{"floor":41,"key":"Shuriken"},{"floor":43,"key":"Simple Rune"},{"floor":45,"key":"Omamori"}],"event_choices":[{"damage_healed":0,"gold_gain":0,"player_choice":"Take Wound","damage_taken":0,"relics_obtained":["Golden Idol"],"max_hp_gain":0,"max_hp_loss":0,"event_name":"Golden Idol","floor":2,"gold_loss":0,"cards_obtained":["Injury"]},{"damage_healed":0,"gold_gain":0,"player_choice":"Upgraded","damage_taken":0,"max_hp_gain":0,"max_hp_loss":0,"event_name":"Upgrade Shrine","floor":19,"gold_loss":0,"cards_upgraded":["ReplayUltimateDefense"]}],"is_beta":false,"boss_relics":[{"not_picked":["hubris:Stopwatch","hubris:BlackHole"],"picked":"Cursed Key"},{"not_picked":["VioletLotus","hubris:RunicObelisk"],"picked":"Busted Crown"},{"not_picked":["Coffee Dripper","Replay:Drink Me"],"picked":"Empty Cage"}],"items_purged_floors":[13,30,36],"is_endless":true,"potions_floor_spawned":[1,11,14,16,23,25,33,47,48,50],"killed_by":"2 Louse","ascension_level":2}}