{"host":"c5ukdwo3xwa4ucd0","time":1607637177,"event":{"mods":["BaseMod","AchievementEnabler","Colored Powertips","Minty Spire (QoL Compilation)","Quick Restart"],"gold_per_floor":[111,111,111,33,48,48,77,77,77,92,124,137,112,126,126,222,272,284,284,284,351,371,371,100,118,118,118,118,129,129,179,179,275,275,295,345,410,510,522,522,572,572,572,647,647,88,88,104,104,104,104],"floor_reached":50,"playtime":7334,"items_purged":[],"score":548,"play_id":"728a5467-3195-4404-bbc0-4af03bf2eba6","local_time":"20201210225257","is_ascension_mode":false,"campfire_choices":[{"data":"LikeWater","floor":6.0,"key":"SMITH"},{"data":"Sanctity","floor":8.0,"key":"SMITH"},{"floor":15.0,"key":"REST"},{"data":"DevaForm","floor":23.0,"key":"SMITH"},{"floor":28.0,"key":"REST"},{"data":"LikeWater","floor":30.0,"key":"SMITH"},{"data":"LikeWater","floor":32.0,"key":"SMITH"},{"floor":40,"key":"REST"},{"floor":42,"key":"REST"},{"floor":45,"key":"REST"},{"data":"DevaForm","floor":47,"key":"SMITH"},{"data":"Prostrate","floor":49,"key":"SMITH"}],"circlet_count":0,"master_deck":["Strike_P","Strike_P","Strike_P","Strike_P","Defend_P","Defend_P","Defend_P","Defend_P","Eruption+1","Vigilance","BowlingBash+1","BattleHymn","LikeWater+1","Sanctity+1","FlurryOfBlows","BowlingBash","CarveReality","Consecrate","LikeWater+1","DevaForm+1","Prostrate+1","FlurryOfBlows","Writhe","Prostrate","BowlingBash+1","LikeWater+1","BowlingBash","MentalFortress+1","DevaForm+1","Study+1","Sanctity","FearNoEvil+1","DeceiveReality+1","Weave","Protect","Halt","WheelKick","Swivel+1"],"special_seed":0,"relics":["HolyWater","Gremlin Horn","Question Card","Darkstone Periapt","Tiny House","Shuriken","SsserpentHead","Omamori","Pear","Peace Pipe","Akabeko","Vajra","Membership Card","Molten Egg 2","Potion Belt"],"acts_visited":["Exordium","TheCity","TheBeyond"],"potions_floor_usage":[33,34,38,39],"damage_taken":[{"damage":0.0,"enemies":"Jaw Worm","floor":1.0,"turns":5.0},{"damage":0.0,"enemies":"Small Slimes","floor":5.0,"turns":3.0},{"damage":17.0,"enemies":"Lagavulin","floor":7.0,"turns":9.0},{"damage":0.0,"enemies":"Cultist","floor":10.0,"turns":3.0},{"damage":3.0,"enemies":"3 Sentries","floor":11.0,"turns":6.0},{"damage":0.0,"enemies":"3 Louse","floor":12.0,"turns":4.0},{"damage":10.0,"enemies":"Looter","floor":14.0,"turns":3.0},{"damage":46.0,"enemies":"Hexaghost","floor":16.0,"turns":11.0},{"damage":10.0,"enemies":"Chosen","floor":18.0,"turns":5.0},{"damage":16.0,"enemies":"3 Byrds","floor":21.0,"turns":5.0},{"damage":8.0,"enemies":"Shelled Parasite and Fungi","floor":22.0,"turns":7.0},{"damage":1.0,"enemies":"Centurion and Healer","floor":25.0,"turns":6.0},{"damage":4.0,"enemies":"Cultist and Chosen","floor":29.0,"turns":5.0},{"damage":94,"enemies":"Automaton","floor":33,"turns":7},{"damage":16,"enemies":"3 Shapes","floor":35,"turns":3},{"damage":44,"enemies":"Orb Walker","floor":37,"turns":6},{"damage":26,"enemies":"Mind Bloom Boss Battle","floor":38,"turns":10},{"damage":16,"enemies":"Writhing Mass","floor":39,"turns":9},{"damage":0,"enemies":"Maw","floor":48,"turns":8},{"damage":114,"enemies":"Time Eater","floor":50,"turns":8}],"seed_played":"2220763394124656303","potions_obtained":[{"floor":1.0,"key":"ColorlessPotion"},{"floor":7.0,"key":"Regen Potion"},{"floor":11.0,"key":"StancePotion"},{"floor":12.0,"key":"AttackPotion"},{"floor":17.0,"key":"Ambrosia"},{"floor":22.0,"key":"Regen Potion"},{"floor":33,"key":"Fruit Juice"},{"floor":35,"key":"LiquidMemories"},{"floor":38,"key":"LiquidBronze"}],"is_trial":false,"path_per_floor":["M","?","?","$","M","R","E","R","T","M","E","M","$","M","R","B",null,"M","?","?","M","M","R","$","M","T","$","R","M","R","?","R","B",null,"M","?","M","?","M","R","?","R","T","T","R","$","R","M","R","B"],"character_chosen":"WATCHER","items_purchased":["BattleHymn","Consecrate","LikeWater","Omamori","BowlingBash","Membership Card","Weave","Protect","Halt","WheelKick","Molten Egg 2","Potion Belt","Ambrosia","SpeedPotion","BlessingOfTheForge"],"campfire_rested":5,"item_purchase_floors":[4,13,24,24,24,46,46,46,46,46,46,46,46,46,46],"current_hp_per_floor":[79,79,79,79,79,79,62,62,62,62,59,59,59,49,72,26,84,74,80,80,64,65,65,65,64,74,74,100,96,96,96,96,16,105,89,89,45,19,3,34,34,65,65,65,96,96,96,96,96,0,0],"gold":104,"neow_bonus":"TEN_PERCENT_HP_BONUS","is_daily":false,"chose_seed":false,"campfire_upgraded":7,"win_rate":0,"timestamp":1607637177,"path_taken":["M","?","?","$","M","R","E","R","T","M","E","M","?","?","R","BOSS","M","?","?","?","M","R","$","M","T","$","R","M","R","?","R","BOSS","M","?","?","?","M","R","?","R","T","?","R","$","R","M","R","BOSS"],"build_version":"2020-11-30","purchased_purges":0,"victory":false,"max_hp_per_floor":[79,79,79,79,79,79,79,79,79,79,79,79,79,79,79,79,84,84,90,90,90,90,90,90,90,100,100,100,100,100,100,100,100,105,105,105,105,105,105,105,105,105,105,105,105,105,105,105,105,105,105],"card_choices":[{"not_picked":["Crescendo","Tantrum"],"picked":"BowlingBash","floor":1.0},{"not_picked":["Halt","CrushJoints"],"picked":"LikeWater","floor":5.0},{"not_picked":["FearNoEvil","Brilliance"],"picked":"Sanctity","floor":7.0},{"not_picked":["Crescendo","FlyingSleeves","EmptyMind"],"picked":"FlurryOfBlows","floor":10.0},{"not_picked":["ReachHeaven","Protect","Halt"],"picked":"BowlingBash","floor":11.0},{"not_picked":["Evaluate","WheelKick","CutThroughFate"],"picked":"CarveReality","floor":12.0},{"not_picked":["BattleHymn","BowlingBash","Halt"],"picked":"LikeWater","floor":14.0},{"not_picked":["Wish","DeusExMachina","Blasphemy"],"picked":"DevaForm","floor":16.0},{"not_picked":["EmptyFist","Worship","Collect"],"picked":"Prostrate","floor":17.0},{"not_picked":["CutThroughFate","Worship+1","CrushJoints"],"picked":"FlurryOfBlows","floor":18.0},{"not_picked":["Halt+1","Pray","Swivel"],"picked":"Prostrate","floor":21.0},{"not_picked":["Evaluate","WreathOfFlame","CutThroughFate"],"picked":"BowlingBash+1","floor":22.0},{"not_picked":["ThirdEye","Tantrum+1","SignatureMove"],"picked":"MentalFortress+1","floor":25.0},{"not_picked":["SandsOfTime","Vault","Crescendo","FlyingSleeves"],"picked":"SKIP","floor":29.0},{"not_picked":["SpiritShield","ConjureBlade","Blasphemy"],"picked":"DevaForm","floor":33},{"not_picked":["DeceiveReality","WheelKick","BowlingBash+1"],"picked":"Study+1","floor":35},{"not_picked":["Protect","WreathOfFlame","ClearTheMind"],"picked":"Sanctity","floor":37},{"not_picked":["WheelKick+1","Wireheading+1","JustLucky"],"picked":"FearNoEvil+1","floor":38},{"not_picked":["MentalFortress+1","Swivel+1","WreathOfFlame"],"picked":"DeceiveReality+1","floor":39},{"not_picked":["WaveOfTheHand+1","SignatureMove+1","WindmillStrike+1"],"picked":"Swivel+1","floor":48}],"player_experience":283924,"relics_obtained":[{"floor":7.0,"key":"Gremlin Horn"},{"floor":9.0,"key":"Question Card"},{"floor":11.0,"key":"Darkstone Periapt"},{"floor":26.0,"key":"Pear"},{"floor":38,"key":"Peace Pipe"},{"floor":43,"key":"Akabeko"},{"floor":44,"key":"Vajra"}],"event_choices":[{"damage_healed":0.0,"max_hp_gain":0.0,"max_hp_loss":0.0,"gold_gain":0.0,"event_name":"Living Wall","player_choice":"Grow","floor":2.0,"gold_loss":0.0,"damage_taken":0.0,"cards_upgraded":["Eruption"]},{"damage_healed":0.0,"max_hp_gain":0.0,"max_hp_loss":0.0,"gold_gain":0.0,"event_name":"Golden Wing","player_choice":"Ignored","floor":3.0,"gold_loss":0.0,"damage_taken":0.0},{"damage_healed":0.0,"max_hp_gain":0.0,"max_hp_loss":0.0,"gold_gain":0.0,"event_name":"The Mausoleum","player_choice":"Opened","floor":19.0,"gold_loss":0.0,"damage_taken":0.0,"relics_obtained":["Shuriken"],"cards_obtained":["Writhe"]},{"damage_healed":0.0,"max_hp_gain":0.0,"max_hp_loss":0.0,"gold_gain":0.0,"event_name":"FaceTrader","player_choice":"Trade","floor":20.0,"gold_loss":0.0,"damage_taken":0.0,"relics_obtained":["SsserpentHead"]},{"damage_healed":0.0,"max_hp_gain":0.0,"max_hp_loss":0.0,"gold_gain":0.0,"event_name":"Forgotten Altar","player_choice":"Smashed Altar","floor":31.0,"gold_loss":0.0,"damage_taken":0.0,"cards_obtained":["Decay"]},{"damage_healed":0,"gold_gain":0,"player_choice":"Ignored","damage_taken":0,"max_hp_gain":0,"max_hp_loss":0,"event_name":"NoteForYourself","floor":36,"gold_loss":0},{"damage_healed":0,"gold_gain":0,"player_choice":"Fight","damage_taken":0,"max_hp_gain":0,"max_hp_loss":0,"event_name":"MindBloom","floor":38,"gold_loss":0},{"damage_healed":0,"gold_gain":0,"player_choice":"Ignored","damage_taken":0,"max_hp_gain":0,"max_hp_loss":0,"event_name":"Mysterious Sphere","floor":41,"gold_loss":0}],"is_beta":false,"boss_relics":[{"not_picked":["Snecko Eye","Coffee Dripper"],"picked":"Tiny House"},{"not_picked":["Runic Dome","Black Star"],"picked":"HolyWater"}],"items_purged_floors":[],"is_endless":false,"potions_floor_spawned":[1,7,11,12,22,25,29,33,35,37,38],"killed_by":"Time Eater","ascension_level":0}}