{"host":"p7j7o00jacnw7qzt","time":1607612156,"event":{"mods":["BaseMod","Minty Spire (QoL Compilation)","Relic Stats","Colored Map","Colored Powertips","DeckTracker","Highlight Path"],"gold_per_floor":[115,115,129,147,147,147,167,167,167],"floor_reached":8,"playtime":229,"items_purged":[],"score":96,"play_id":"2dbaa895-995f-4d95-8a16-274a406f6d00","local_time":"20201210095556","is_ascension_mode":true,"campfire_choices":[{"data":"Body Slam","floor":6,"key":"SMITH"}],"circlet_count":0,"master_deck":["AscendersBane","Strike_R","Strike_R","Strike_R","Strike_R","Strike_R","Defend_R","Defend_R","Defend_R","Defend_R","Bash","Body Slam+1","Pommel Strike"],"special_seed":0,"relics":["Burning Blood","Tiny Chest","Shuriken"],"acts_visited":["Exordium"],"potions_floor_usage":[],"damage_taken":[{"damage":12.0,"enemies":"Small Slimes","floor":1.0,"turns":4.0},{"damage":18,"enemies":"Jaw Worm","floor":3,"turns":6},{"damage":6,"enemies":"Cultist","floor":4,"turns":3},{"damage":14,"enemies":"Blue Slaver","floor":7,"turns":5},{"damage":8,"enemies":"Gremlin Nob","floor":8,"turns":3}],"seed_played":"-7162880472340489357","potions_obtained":[],"is_trial":false,"path_per_floor":["M","?","M","M","?","R","M","E"],"character_chosen":"IRONCLAD","items_purchased":[],"campfire_rested":0,"item_purchase_floors":[],"current_hp_per_floor":[62,67,55,55,37,37,29,21,21],"gold":167,"neow_bonus":"RANDOM_COMMON_RELIC","is_daily":false,"chose_seed":false,"campfire_upgraded":1,"win_rate":0,"timestamp":1607612156,"path_taken":["M","?","M","M","?","R","M","E"],"build_version":"2020-11-30","purchased_purges":0,"victory":false,"max_hp_per_floor":[75,80,80,80,80,80,80,80,80],"relic_stats":{"counters":[5,21],"Shuriken":[2],"Tiny Chest":0,"obtain_stats":[{"Shuriken":5,"Tiny Chest":0,"Burning Blood":0},{"Shuriken":3,"Tiny Chest":0,"Burning Blood":0},{"Shuriken":13,"Tiny Chest":0,"Burning Blood":0}],"Burning Blood":24},"card_choices":[{"not_picked":["Cleave","Perfected Strike","Intimidate"],"picked":"SKIP","floor":1.0},{"not_picked":["Anger","Wild Strike"],"picked":"Body Slam","floor":3},{"not_picked":["Dropkick","Iron Wave","Infernal Blade"],"picked":"SKIP","floor":4},{"not_picked":["Body Slam","Havoc"],"picked":"Pommel Strike","floor":7}],"player_experience":739506,"relics_obtained":[],"event_choices":[{"damage_healed":0,"gold_gain":0,"player_choice":"Donut","damage_taken":0,"max_hp_gain":5,"max_hp_loss":0,"event_name":"Big Fish","floor":2,"gold_loss":0},{"damage_healed":0,"gold_gain":0,"player_choice":"Success","damage_taken":18,"relics_obtained":["Shuriken"],"max_hp_gain":0,"max_hp_loss":0,"event_name":"Scrap Ooze","floor":5,"gold_loss":0}],"is_beta":false,"boss_relics":[],"items_purged_floors":[],"is_endless":false,"potions_floor_spawned":[],"killed_by":"Gremlin Nob","ascension_level":20}}