{"host":"nptej036rrbiurf5","time":1607572623,"event":{"gold_per_floor":[112,112,112,129,129,158,158,168,168,168,200,200,215,86,86,164,164,175,193,193,193,193],"floor_reached":21,"playtime":572,"items_purged":["Strike_B"],"score":355,"play_id":"8d7c6063-920f-42c0-ae63-1467b76401f6","local_time":"20201210125703","is_ascension_mode":true,"campfire_choices":[{"data":"Coolheaded","floor":7.0,"key":"SMITH"},{"data":"Capacitor","floor":10.0,"key":"SMITH"},{"data":"Redo","floor":15,"key":"SMITH"}],"neow_cost":"TEN_PERCENT_HP_LOSS","seed_source_timestamp":1294264818338400,"circlet_count":0,"master_deck":["AscendersBane","Strike_B","Defend_B","Defend_B+1","Defend_B","Zap","Dualcast","Doom and Gloom+1","Chaos","Coolheaded+1","Chill","Capacitor+1","Redo+1","Compile Driver","Hologram","Multi-Cast","Turbo","Fission"],"special_seed":0,"relics":["Cracked Core","Kunai","Centennial Puzzle","White Beast Statue","InkBottle","Cursed Key"],"potions_floor_usage":[11,11,16],"damage_taken":[{"damage":1.0,"enemies":"Cultist","floor":1.0,"turns":3.0},{"damage":0.0,"enemies":"Small Slimes","floor":4.0,"turns":2.0},{"damage":3.0,"enemies":"3 Sentries","floor":6.0,"turns":5.0},{"damage":3.0,"enemies":"Jaw Worm","floor":8.0,"turns":3.0},{"damage":10,"enemies":"Gremlin Nob","floor":11,"turns":3},{"damage":21,"enemies":"Exordium Thugs","floor":13,"turns":4},{"damage":6,"enemies":"The Guardian","floor":16,"turns":11},{"damage":13,"enemies":"Chosen","floor":18,"turns":4},{"damage":19,"enemies":"Shell Parasite","floor":19,"turns":5},{"damage":26,"enemies":"Snake Plant","floor":21,"turns":2}],"seed_played":"5444380899351000399","potions_obtained":[{"floor":6.0,"key":"ColorlessPotion"},{"floor":8.0,"key":"EssenceOfSteel"},{"floor":11,"key":"SteroidPotion"},{"floor":13,"key":"SkillPotion"},{"floor":16,"key":"Energy Potion"},{"floor":18,"key":"ColorlessPotion"}],"is_trial":false,"path_per_floor":["M","T","?","M","?","E","R","M","T","R","E","?","M","$","R","B",null,"M","M","?","M"],"character_chosen":"DEFECT","items_purchased":["Hologram"],"campfire_rested":0,"item_purchase_floors":[14],"current_hp_per_floor":[63,63,44,44,44,41,41,38,38,38,28,49,28,28,28,22,54,41,22,22,0,0],"gold":193,"neow_bonus":"TRANSFORM_TWO_CARDS","is_prod":false,"is_daily":false,"chose_seed":false,"campfire_upgraded":3,"win_rate":0,"timestamp":1607572623,"path_taken":["M","?","?","M","?","E","R","M","T","R","E","?","M","$","R","BOSS","M","M","?","?"],"build_version":"2020-11-30","purchased_purges":1,"victory":false,"max_hp_per_floor":[64,64,64,64,64,64,64,64,64,64,64,64,64,64,64,64,64,64,64,64,64,64],"card_choices":[{"not_picked":["Gash","Steam"],"picked":"Coolheaded","floor":1.0},{"not_picked":["Consume","Gash"],"picked":"Chill","floor":4.0},{"not_picked":["Beam Cell","Force Field","Stack"],"picked":"SKIP","floor":6.0},{"not_picked":["Stack","Darkness"],"picked":"Capacitor","floor":8.0},{"not_picked":["Double Energy","Self Repair"],"picked":"Redo","floor":11},{"not_picked":["Hologram","Go for the Eyes"],"picked":"Compile Driver","floor":13},{"not_picked":["Thunder Strike","Reboot"],"picked":"Multi-Cast","floor":16},{"not_picked":["Coolheaded","Redo","Leap"],"picked":"SKIP","floor":18},{"not_picked":["Capacitor","Redo"],"picked":"Turbo","floor":19}],"player_experience":821365,"relics_obtained":[{"floor":2.0,"key":"Kunai"},{"floor":6.0,"key":"Centennial Puzzle"},{"floor":9.0,"key":"White Beast Statue"},{"floor":11,"key":"InkBottle"}],"event_choices":[{"damage_healed":0.0,"max_hp_gain":0.0,"max_hp_loss":0.0,"gold_gain":0.0,"event_name":"Shining Light","player_choice":"Entered Light","floor":3.0,"gold_loss":0.0,"damage_taken":19.0,"cards_upgraded":["Defend_B","Doom and Gloom"]},{"damage_healed":0.0,"max_hp_gain":0.0,"max_hp_loss":0.0,"gold_gain":0.0,"event_name":"Liars Game","player_choice":"Ignored","floor":5.0,"gold_loss":0.0,"damage_taken":0.0},{"damage_healed":21,"gold_gain":0,"player_choice":"Banana","damage_taken":0,"max_hp_gain":0,"max_hp_loss":0,"event_name":"Big Fish","floor":12,"gold_loss":0},{"damage_healed":0,"gold_gain":0,"cards_transformed":["Strike_B"],"player_choice":"Transformed","damage_taken":0,"max_hp_gain":0,"max_hp_loss":0,"event_name":"Transmorgrifier","floor":20,"gold_loss":0,"cards_obtained":["Fission"]}],"is_beta":false,"boss_relics":[{"not_picked":["Black Star","Coffee Dripper"],"picked":"Cursed Key"}],"items_purged_floors":[14],"is_endless":false,"potions_floor_spawned":[6,8,11,13,16,18,19],"killed_by":"Snake Plant","ascension_level":18}}