{"host":"usrgk25etjl0nf5i","time":1607568678,"event":{"gold_per_floor":[117,117,117,131,150,181,181,195,241,263,263,297,317,352,352,457,457,470,483,164,164,191,226,226,226],"floor_reached":24,"playtime":1024,"items_purged":[],"score":341,"play_id":"b2b476e5-c550-48ea-a6c5-1c6c1d2a5222","local_time":"20201209185118","is_ascension_mode":true,"campfire_choices":[{"floor":11,"key":"REST"},{"floor":15,"key":"REST"}],"neow_cost":"NONE","seed_source_timestamp":2476744874472000,"circlet_count":0,"master_deck":["Strike_B","Strike_B","Strike_B","Defend_B","Defend_B","Defend_B","Defend_B","Zap","Dualcast","Echo Form","Defragment","Sunder","Lockon","Scrape","Conserve Battery","Genetic Algorithm","Ball Lightning","Darkness","Genetic Algorithm","Multi-Cast","Defragment","Lockon","Zap","Good Instincts","Go for the Eyes"],"relics":["Cracked Core","WarpedTongs","Shuriken","Spirit Poop","CeramicFish","Bottled Tornado","InkBottle","Cursed Key","hubris:PeanutButter","hubris:Towel","hubris:TinFlute"],"potions_floor_usage":[8,12,14,23],"damage_taken":[{"damage":8,"enemies":"Jaw Worm","floor":1,"turns":4},{"damage":1,"enemies":"2 Louse","floor":4,"turns":2},{"damage":5,"enemies":"Cultist","floor":5,"turns":3},{"damage":6,"enemies":"Lagavulin","floor":6,"turns":7},{"damage":1,"enemies":"3 Louse","floor":8,"turns":2},{"damage":3,"enemies":"Gremlin Gang","floor":10,"turns":5},{"damage":28,"enemies":"Gremlin Nob","floor":12,"turns":4},{"damage":0,"enemies":"Large Slime","floor":13,"turns":4},{"damage":9,"enemies":"3 Sentries","floor":14,"turns":4},{"damage":39,"enemies":"Slime Boss","floor":16,"turns":8},{"damage":7,"enemies":"Chosen","floor":18,"turns":6},{"damage":18,"enemies":"3 Byrds","floor":19,"turns":4},{"damage":28,"enemies":"Book of Stabbing","floor":23,"turns":6},{"damage":13,"enemies":"Cultist and Chosen","floor":24,"turns":4}],"seed_played":"-753132743539426869","potions_obtained":[{"floor":1,"key":"Strength Potion"},{"floor":6,"key":"Fire Potion"},{"floor":8,"key":"Energy Potion"},{"floor":18,"key":"Fire Potion"}],"is_trial":false,"path_per_floor":["M","?","?","M","M","E","?","M","T","M","R","E","M","E","R","B",null,"M","M","$","?","?","E","M"],"character_chosen":"DEFECT","items_purchased":["Defragment","hubris:PeanutButter"],"campfire_rested":2,"item_purchase_floors":[20,20],"current_hp_per_floor":[60,53,53,52,47,41,41,40,40,37,59,31,31,22,44,5,58,51,33,33,33,33,5,0,0],"gold":226,"neow_bonus":"ONE_RANDOM_RARE_CARD","is_prod":false,"is_daily":false,"chose_seed":false,"campfire_upgraded":0,"win_rate":0,"timestamp":1607568678,"path_taken":["M","?","?","M","?","E","?","M","T","?","R","E","M","E","R","BOSS","M","M","$","?","?","E","?"],"build_version":"2020-11-30","purchased_purges":0,"victory":false,"max_hp_per_floor":[75,75,75,75,75,75,75,75,75,75,75,75,75,75,75,75,75,75,75,75,75,75,75,75,75],"card_choices":[{"not_picked":["Loop","Barrage"],"picked":"Defragment","floor":1},{"not_picked":["Gash","Undo"],"picked":"Sunder","floor":4},{"not_picked":["Hologram","Leap"],"picked":"Lockon","floor":5},{"not_picked":["Reprogram","Rip and Tear"],"picked":"Scrape","floor":6},{"not_picked":["Leap","Glacier"],"picked":"Conserve Battery","floor":8},{"not_picked":["Streamline","Cold Snap"],"picked":"Genetic Algorithm","floor":10},{"not_picked":["Fission","Redo"],"picked":"Ball Lightning","floor":12},{"not_picked":["Recycle","Coolheaded"],"picked":"Darkness","floor":13},{"not_picked":["Stack","Cold Snap"],"picked":"Genetic Algorithm","floor":14},{"not_picked":["Thunder Strike","Hyperbeam"],"picked":"Multi-Cast","floor":16},{"not_picked":["Melter+1","Ball Lightning","Steam"],"picked":"SKIP","floor":18},{"not_picked":["Coolheaded","Turbo+1","Redo+1"],"picked":"SKIP","floor":19},{"not_picked":["Turbo+1","Thunder Strike"],"picked":"Go for the Eyes","floor":23}],"player_experience":615195,"relics_obtained":[{"floor":6,"key":"Shuriken"},{"floor":9,"key":"CeramicFish"},{"floor":12,"key":"Bottled Tornado"},{"floor":14,"key":"InkBottle"},{"floor":23,"key":"hubris:TinFlute"}],"event_choices":[{"cards_removed":["Strike_B"],"damage_healed":0,"gold_gain":0,"player_choice":"Card Removal","damage_taken":7,"max_hp_gain":0,"max_hp_loss":0,"event_name":"Golden Wing","floor":2,"gold_loss":0},{"damage_healed":0,"gold_gain":0,"player_choice":"Rummage","damage_taken":0,"relics_obtained":["WarpedTongs"],"max_hp_gain":0,"max_hp_loss":0,"event_name":"Accursed Blacksmith","floor":3,"gold_loss":0,"cards_obtained":["Pain"]},{"cards_removed":["Pain"],"damage_healed":0,"gold_gain":0,"player_choice":"Offered Curse","damage_taken":0,"relics_obtained":["Spirit Poop"],"max_hp_gain":0,"max_hp_loss":0,"event_name":"Bonfire Elementals","floor":7,"gold_loss":0},{"damage_healed":0,"gold_gain":0,"player_choice":"3 cards matched","damage_taken":0,"max_hp_gain":0,"max_hp_loss":0,"event_name":"Match and Keep!","floor":22,"gold_loss":0,"cards_obtained":["Lockon","Zap","Good Instincts"]}],"is_beta":false,"boss_relics":[{"not_picked":["Runic Dome","Coffee Dripper"],"picked":"Cursed Key"}],"items_purged_floors":[],"is_endless":false,"potions_floor_spawned":[1,6,8,18],"killed_by":"Cultist and Chosen","ascension_level":9}}