{"host":"vhkb6vx6yafo1fpa","time":1607566020,"event":{"gold_per_floor":[110,128,56,74,74,74,100,124,124,140,140,150,182,35,35,111,111,124,140,159,159,159,159,171,196,222,222,250,270,190,208,208,284,284,299,279,296,296,196,227,244,244,244,2,12,28,46,75,75,75],"floor_reached":51,"playtime":1621,"items_purged":["Strike_B","Zap","Strike_B","Defend_B"],"score":1510,"play_id":"d48a3e51-515e-4e87-b76b-7bee31d57bb4","local_time":"20201210110700","is_ascension_mode":true,"campfire_choices":[{"data":"Reprogram","floor":6.0,"key":"SMITH"},{"floor":11.0,"key":"REST"},{"floor":15.0,"key":"REST"},{"floor":23.0,"key":"REST"},{"floor":27.0,"key":"REST"},{"floor":32.0,"key":"REST"},{"data":"Skim","floor":42.0,"key":"SMITH"},{"data":"Hyperbeam","floor":49.0,"key":"SMITH"}],"neow_cost":"NONE","seed_source_timestamp":5855062774500,"circlet_count":0,"master_deck":["AscendersBane","Strike_B","Strike_B","Defend_B","Defend_B","Defend_B","Dualcast","BootSequence","Reprogram+1","Hologram","Sweeping Beam","Undo","Compile Driver","Rip and Tear","Hyperbeam+1","Skim+1","Necronomicurse","Fusion+1","Meteor Strike"],"special_seed":0,"relics":["Cracked Core","Pen Nib","Unceasing Top","Odd Mushroom","Matryoshka","Emotion Chip","Nuclear Battery","Necronomicon","FaceOfCleric","Lantern","The Courier","Orichalcum","FossilizedHelix","Philosopher\u0027s Stone","Ornamental Fan","Dream Catcher","Vajra","Bottled Lightning","Strange Spoon","Ginger"],"potions_floor_usage":[50,50],"damage_taken":[{"damage":1.0,"enemies":"Cultist","floor":1.0,"turns":4.0},{"damage":6.0,"enemies":"Small Slimes","floor":2.0,"turns":4.0},{"damage":0.0,"enemies":"Jaw Worm","floor":4.0,"turns":3.0},{"damage":6.0,"enemies":"Lagavulin","floor":7.0,"turns":7.0},{"damage":18.0,"enemies":"The Mushroom Lair","floor":8.0,"turns":3.0},{"damage":6.0,"enemies":"2 Fungi Beasts","floor":10.0,"turns":3.0},{"damage":1.0,"enemies":"Red Slaver","floor":12.0,"turns":3.0},{"damage":34.0,"enemies":"Gremlin Nob","floor":13.0,"turns":4.0},{"damage":28.0,"enemies":"The Guardian","floor":16.0,"turns":17.0},{"damage":6.0,"enemies":"Shell Parasite","floor":18.0,"turns":4.0},{"damage":17.0,"enemies":"Spheric Guardian","floor":19.0,"turns":4.0},{"damage":0.0,"enemies":"Chosen and Byrds","floor":20.0,"turns":6.0},{"damage":0.0,"enemies":"Cultist and Chosen","floor":24.0,"turns":3.0},{"damage":24.0,"enemies":"Slavers","floor":25.0,"turns":2.0},{"damage":24.0,"enemies":"Gremlin Leader","floor":28.0,"turns":5.0},{"damage":6.0,"enemies":"Shelled Parasite and Fungi","floor":29.0,"turns":3.0},{"damage":0.0,"enemies":"Snecko","floor":31.0,"turns":3.0},{"damage":16.0,"enemies":"Champ","floor":33.0,"turns":8.0},{"damage":0.0,"enemies":"Orb Walker","floor":35.0,"turns":2.0},{"damage":0.0,"enemies":"3 Shapes","floor":37.0,"turns":1.0},{"damage":0.0,"enemies":"Reptomancer","floor":40.0,"turns":4.0},{"damage":0.0,"enemies":"Sphere and 2 Shapes","floor":41.0,"turns":1.0},{"damage":0.0,"enemies":"3 Darklings","floor":45.0,"turns":2.0},{"damage":0.0,"enemies":"4 Shapes","floor":46.0,"turns":1.0},{"damage":0.0,"enemies":"Jaw Worm Horde","floor":47.0,"turns":3.0},{"damage":0.0,"enemies":"Nemesis","floor":48.0,"turns":5.0},{"damage":0,"enemies":"Donu and Deca","floor":50,"turns":4}],"seed_played":"1032374202424752026","potions_obtained":[{"floor":2.0,"key":"Fruit Juice"},{"floor":7.0,"key":"LiquidMemories"},{"floor":13.0,"key":"Regen Potion"},{"floor":20.0,"key":"PowerPotion"},{"floor":35.0,"key":"Dexterity Potion"},{"floor":36.0,"key":"Energy Potion"},{"floor":37.0,"key":"CultistPotion"}],"is_trial":false,"path_per_floor":["M","M","$","M","?","R","E","?","T","M","R","M","E","$","R","B",null,"M","M","M","?","?","R","M","E","T","R","E","M","$","M","R","B",null,"M","?","M","?","$","E","M","R","T","$","M","M","M","E","R","B",null],"character_chosen":"DEFECT","items_purchased":["Reprogram","Rip and Tear","Strange Spoon"],"campfire_rested":5,"item_purchase_floors":[3,14,44],"current_hp_per_floor":[67,66,66,66,66,66,60,42,42,36,60,59,25,25,49,21,65,59,42,42,26,26,50,51,28,28,52,29,24,24,25,50,50,77,78,78,79,79,79,80,81,81,81,81,82,83,84,85,85,86],"gold":75,"neow_bonus":"RANDOM_COMMON_RELIC","is_prod":false,"is_daily":false,"chose_seed":false,"campfire_upgraded":3,"win_rate":0,"timestamp":1607566020,"path_taken":["M","?","$","M","?","R","E","?","T","M","R","M","E","$","R","BOSS","M","M","M","?","?","R","M","E","T","R","E","M","$","?","R","BOSS","M","?","?","?","$","E","M","R","T","$","M","?","M","E","R","BOSS"],"build_version":"2020-11-30","purchased_purges":4,"victory":true,"max_hp_per_floor":[75,80,80,80,80,80,80,80,80,80,80,80,80,80,80,80,80,80,80,80,80,80,80,81,82,82,82,83,84,84,85,85,86,86,87,87,88,88,88,89,90,90,90,90,91,92,93,94,94,95],"card_choices":[{"not_picked":["Leap","Rebound"],"picked":"Beam Cell","floor":1.0},{"not_picked":["Barrage","Leap"],"picked":"BootSequence","floor":2.0},{"not_picked":["Blizzard","Turbo"],"picked":"Hologram","floor":4.0},{"not_picked":["Coolheaded","Steam"],"picked":"Sweeping Beam","floor":7.0},{"not_picked":["Coolheaded","White Noise"],"picked":"Undo","floor":10.0},{"not_picked":["Leap","Doom and Gloom","Fusion"],"picked":"SKIP","floor":12.0},{"not_picked":["Hello World","Reboot"],"picked":"Compile Driver","floor":13.0},{"not_picked":["Echo Form","Buffer"],"picked":"Hyperbeam","floor":16.0},{"not_picked":["Chill","Scrape","Leap"],"picked":"SKIP","floor":18.0},{"not_picked":["Auto Shields","Scrape"],"picked":"Skim","floor":19.0},{"not_picked":["Leap","Self Repair","Go for the Eyes"],"picked":"SKIP","floor":20.0},{"not_picked":["Streamline","Leap","Ball Lightning"],"picked":"SKIP","floor":24.0},{"not_picked":["Stack","Rebound"],"picked":"Fusion+1","floor":25.0},{"not_picked":["Loop","Rebound","Redo"],"picked":"SKIP","floor":28.0},{"not_picked":["Redo","Hello World","Reinforced Body"],"picked":"SKIP","floor":29.0},{"not_picked":["Conserve Battery","Recycle","Chaos"],"picked":"SKIP","floor":31.0},{"not_picked":["Machine Learning","Core Surge"],"picked":"Meteor Strike","floor":33.0},{"not_picked":["Sweeping Beam","Go for the Eyes+1","Conserve Battery"],"picked":"SKIP","floor":35.0},{"not_picked":["Barrage+1","Ball Lightning","Conserve Battery"],"picked":"SKIP","floor":37.0},{"not_picked":["Gash","Thunder Strike","Fusion"],"picked":"SKIP","floor":40.0},{"not_picked":["Recycle","Turbo+1","Sweeping Beam"],"picked":"SKIP","floor":41.0},{"not_picked":["Blizzard","Auto Shields","Beam Cell"],"picked":"SKIP","floor":45.0},{"not_picked":["Conserve Battery","Turbo","Gash"],"picked":"SKIP","floor":46.0},{"not_picked":["Coolheaded","Conserve Battery","Steam+1"],"picked":"SKIP","floor":47.0},{"not_picked":["Chill","Rebound","Storm"],"picked":"SKIP","floor":48.0}],"player_experience":319142,"relics_obtained":[{"floor":7.0,"key":"Unceasing Top"},{"floor":8.0,"key":"Odd Mushroom"},{"floor":9.0,"key":"Matryoshka"},{"floor":13.0,"key":"Emotion Chip"},{"floor":21.0,"key":"Necronomicon"},{"floor":25.0,"key":"Lantern"},{"floor":26.0,"key":"The Courier"},{"floor":26.0,"key":"Orichalcum"},{"floor":28.0,"key":"FossilizedHelix"},{"floor":40.0,"key":"Dream Catcher"},{"floor":43.0,"key":"Vajra"},{"floor":43.0,"key":"Bottled Lightning"},{"floor":48.0,"key":"Ginger"}],"event_choices":[{"damage_healed":0.0,"max_hp_gain":0.0,"max_hp_loss":0.0,"gold_gain":0.0,"event_name":"Liars Game","player_choice":"Ignored","floor":5.0,"gold_loss":0.0,"damage_taken":0.0},{"damage_healed":0.0,"max_hp_gain":0.0,"max_hp_loss":0.0,"gold_gain":0.0,"event_name":"Mushrooms","player_choice":"Fought Mushrooms","floor":8.0,"gold_loss":0.0,"damage_taken":0.0},{"damage_healed":0.0,"max_hp_gain":0.0,"max_hp_loss":0.0,"gold_gain":0.0,"event_name":"Cursed Tome","player_choice":"Obtained Book","floor":21.0,"gold_loss":0.0,"damage_taken":16.0},{"damage_healed":0.0,"max_hp_gain":0.0,"max_hp_loss":0.0,"gold_gain":0.0,"event_name":"FaceTrader","player_choice":"Trade","floor":22.0,"gold_loss":0.0,"damage_taken":0.0,"relics_obtained":["FaceOfCleric"]},{"damage_healed":0.0,"max_hp_gain":0.0,"max_hp_loss":0.0,"gold_gain":0.0,"event_name":"The Woman in Blue","player_choice":"Bought 1 Potion","floor":36.0,"gold_loss":0.0,"damage_taken":0.0},{"cards_removed":["Beam Cell"],"damage_healed":0.0,"max_hp_gain":0.0,"max_hp_loss":0.0,"gold_gain":0.0,"event_name":"WeMeetAgain","player_choice":"Gave Card","floor":38.0,"gold_loss":0.0,"damage_taken":0.0,"relics_obtained":["Ornamental Fan"]}],"is_beta":false,"boss_relics":[{"not_picked":["FrozenCore","Fusion Hammer"],"picked":"Nuclear Battery"},{"not_picked":["Velvet Choker","Calling Bell"],"picked":"Philosopher\u0027s Stone"}],"items_purged_floors":[14,30,39,44],"is_endless":false,"potions_floor_spawned":[2,7,13,20,24,28,29,35,37,46,47],"ascension_level":13}}