{"host":"daa8jqyg4gqfaysm","time":1607604199,"event":{"gold_per_floor":[367,386,8,23,23,23,48,48,48,48,73,73,73,86,86,160,160,179,179,192,202,213,213,243,259,283,283,301,151,181,0,0,0,0],"floor_reached":33,"playtime":1289,"items_purged":["Strike_G"],"score":499,"play_id":"17dfa72d-7a2b-4f00-ad1b-e53d27b24ccb","local_time":"20201210204319","is_ascension_mode":true,"campfire_choices":[{"data":"Prepared","floor":6,"key":"SMITH"},{"data":"Well Laid Plans","floor":8,"key":"SMITH"},{"data":"Neutralize","floor":10,"key":"SMITH"},{"data":"Bouncing Flask","floor":12,"key":"SMITH"},{"data":"Skewer","floor":15,"key":"SMITH"},{"floor":23,"key":"REST"},{"floor":27,"key":"REST"},{"floor":32,"key":"REST"}],"neow_cost":"TEN_PERCENT_HP_LOSS","seed_source_timestamp":29228739784200,"circlet_count":0,"master_deck":["AscendersBane","Strike_G","Defend_G","Defend_G","Defend_G","Defend_G","Defend_G","Survivor","Neutralize+1","PiercingWail+1","Reflex+1","Well Laid Plans+1","Bouncing Flask+1","Prepared+1","Phantasmal Killer","Skewer+1","Corpse Explosion","Dash","Backstab","Deadly Poison+1","Dodge and Roll","Predator","Dodge and Roll+1"],"relics":["Ring of the Snake","Ninja Scroll","Blood Vial","War Paint","Empty Cage","Tiny Chest","Boot","Anchor"],"potions_floor_usage":[7,21,30,30],"damage_taken":[{"damage":0,"enemies":"2 Louse","floor":1,"turns":3},{"damage":0,"enemies":"Jaw Worm","floor":2,"turns":5},{"damage":0,"enemies":"Cultist","floor":4,"turns":3},{"damage":27,"enemies":"Gremlin Nob","floor":7,"turns":5},{"damage":0,"enemies":"Red Slaver","floor":14,"turns":4},{"damage":21,"enemies":"Hexaghost","floor":16,"turns":9},{"damage":14,"enemies":"2 Thieves","floor":18,"turns":4},{"damage":8,"enemies":"Chosen","floor":20,"turns":4},{"damage":1,"enemies":"Centurion and Healer","floor":21,"turns":7},{"damage":7,"enemies":"Snecko","floor":22,"turns":5},{"damage":17,"enemies":"Gremlin Leader","floor":24,"turns":6},{"damage":0,"enemies":"3 Cultists","floor":25,"turns":2},{"damage":10,"enemies":"Centurion and Healer","floor":28,"turns":8},{"damage":42,"enemies":"Book of Stabbing","floor":30,"turns":7},{"damage":18,"enemies":"Champ","floor":33,"turns":10}],"seed_played":"-8333262434422824602","potions_obtained":[{"floor":2,"key":"Block Potion"},{"floor":16,"key":"SteroidPotion"},{"floor":21,"key":"SpeedPotion"},{"floor":24,"key":"Strength Potion"},{"floor":25,"key":"FearPotion"}],"is_trial":false,"path_per_floor":["M","M","$","M","?","R","E","R","T","R","T","R","$","M","R","B",null,"M","?","M","M","M","R","E","M","T","R","M","$","E","?","R","B"],"character_chosen":"THE_SILENT","items_purchased":["Well Laid Plans","Bouncing Flask","Ninja Scroll","Predator"],"campfire_rested":3,"item_purchase_floors":[3,3,3,29],"current_hp_per_floor":[59,59,59,59,59,59,32,32,32,32,32,32,32,34,34,15,49,37,37,31,32,27,45,30,32,32,50,42,42,2,2,20,4,4],"gold":0,"neow_bonus":"TWO_FIFTY_GOLD","is_prod":false,"is_daily":false,"chose_seed":false,"campfire_upgraded":5,"win_rate":0,"timestamp":1607604199,"path_taken":["M","M","$","M","?","R","E","R","T","R","?","R","?","M","R","BOSS","M","?","?","M","M","R","E","M","T","R","M","?","E","?","R","BOSS"],"build_version":"2020-11-30","purchased_purges":1,"victory":false,"max_hp_per_floor":[60,60,60,60,60,60,60,60,60,60,60,60,60,60,60,60,60,60,60,60,60,60,60,60,60,60,60,60,60,60,60,60,60,60],"card_choices":[{"not_picked":["Slice","Flying Knee"],"picked":"PiercingWail","floor":1},{"not_picked":["Bullet Time","Deflect"],"picked":"Reflex","floor":2},{"not_picked":["Acrobatics","Quick Slash"],"picked":"Prepared","floor":4},{"not_picked":["Quick Slash","Flying Knee"],"picked":"Phantasmal Killer","floor":7},{"not_picked":["Tactician","Slice"],"picked":"Skewer","floor":14},{"not_picked":["Adrenaline","Phantasmal Killer"],"picked":"Corpse Explosion","floor":16},{"not_picked":["Cloak And Dagger","Well Laid Plans"],"picked":"Dash","floor":18},{"not_picked":["Prepared","Flechettes","Acrobatics"],"picked":"SKIP","floor":20},{"not_picked":["Sucker Punch","Poisoned Stab+1"],"picked":"Backstab","floor":21},{"not_picked":["Prepared","Poisoned Stab"],"picked":"Deadly Poison+1","floor":22},{"not_picked":["Deadly Poison+1","Storm of Steel","Riddle With Holes+1"],"picked":"SKIP","floor":24},{"not_picked":["Predator","Dagger Throw"],"picked":"Dodge and Roll","floor":25},{"not_picked":["Acrobatics","Underhanded Strike","Distraction"],"picked":"SKIP","floor":28},{"not_picked":["Backstab","Dagger Spray"],"picked":"Dodge and Roll+1","floor":30}],"player_experience":659267,"relics_obtained":[{"floor":7,"key":"Blood Vial"},{"floor":11,"key":"War Paint"},{"floor":24,"key":"Tiny Chest"},{"floor":26,"key":"Boot"},{"floor":30,"key":"Anchor"}],"event_choices":[{"damage_healed":0,"gold_gain":0,"player_choice":"Ignored","damage_taken":0,"max_hp_gain":0,"max_hp_loss":0,"event_name":"Liars Game","floor":5,"gold_loss":0},{"cards_removed":["Strike_G"],"damage_healed":0,"gold_gain":0,"player_choice":"Purged","damage_taken":0,"max_hp_gain":0,"max_hp_loss":0,"event_name":"Purifier","floor":19,"gold_loss":0},{"damage_healed":0,"gold_gain":0,"player_choice":"Paid Fearfully","damage_taken":0,"max_hp_gain":0,"max_hp_loss":0,"event_name":"Masked Bandits","floor":31,"gold_loss":181}],"is_beta":false,"boss_relics":[{"not_picked":["Ring of the Serpent","Coffee Dripper"],"picked":"Empty Cage"}],"items_purged_floors":[29],"is_endless":false,"potions_floor_spawned":[2,16,21,24,25],"killed_by":"Champ","ascension_level":15}}