{"host":"72u2l81w7bxoihz9","time":1607603715,"event":{"gold_per_floor":[119,119,134,150,168,44,56,56,56,72,27,27,27,127,127,204,305,323,370,385,395,406,591,591,591,672,672,672,737,737,750,798,872,872,892,1023,1023,1281,1299,1497,1513,1596,1596,1696,1722,1740,1753,1778,2008,2082,2164],"floor_reached":52,"playtime":3785,"items_purged":["MostiFishMod:SpreadingSpore+1","Defend_G","sneckomod:Bewildered","Shame","expansioncontent:StudyTheSpire","Clumsy","MostiFishMod:UniGreen+1"],"score":2093,"play_id":"a7b829b0-ac33-4185-8586-d2f337894cd3","local_time":"20201210203515","is_ascension_mode":true,"campfire_choices":[{"data":"DoctorFetus","floor":8,"key":"SMITH"},{"data":"Concentrate","floor":12,"key":"SMITH"},{"data":"MostiFishMod:SpreadingSpore","floor":15,"key":"SMITH"}],"neow_cost":"","seed_source_timestamp":29856073553100,"circlet_count":0,"master_deck":["AscendersBane","Strike_G","Strike_G","Strike_G","Strike_G","Strike_G","Defend_G+1","Defend_G","Defend_G+1","Survivor","Neutralize","DoctorFetus+1","Bane","Backflip","Concentrate+1","Venomology+1","Dodge and Roll","Deflect+1","MostiFishMod:PoisonShield+1","Prepared+1","MostiFishMod:ShivMaster","Predator","Poisoned Stab","Masterful Stab","EpicFetus+1","Footwork+1","Fluid Movement","Backstab","Impatience","Terror","Concentrate+1","Outmaneuver","MostiFishMod:KingOfFree","Cloak And Dagger+1","Backflip+1","MostiFishMod:WinterMarkForm"],"relics":["Ring of the Snake","testmod-TestBox","HushsDoor","DaveBox","ice","testmod-OneHitWonder","SteamSale","ShadowXiaoBlade","MerchantsRug","Question Card","Mummified Hand","aspiration:Nostalgia","StrikeDummy","Ninja Scroll","ImportantClient","RhineSuit","GuppysTail","Membership Card","vexMod:BarristanHead","ClockworkSouvenir","aspiration:Lifesprig","testmod-ObsoleteBoomerang","Replay:Rubber Ducky","Juzu Bracelet","Dota2Spire:BattleFury","sneckomod:BabySnecko","OrangePellets","ReplayTheSpireMod:Shallot","Onion Ring","BFFS","Dota2Spire:EchoSabre","HollowMod:StagPassRelic","CombinedTypeHook","Chi","Ling","InkBottle","vexMod:HeadHunter","TheAbacus","Hallownest:BeastSealRelic","Dodecahedron","Dota2Spire:PowerTreads","Quantum Egg","Lantern","Mirror","Vajra","Pantograph","SnafuTest:CatRelic","Lee\u0027s Waffle","Chameleon Ring","Dota2Spire:AghanimScepter","Torii","Orrery"],"potions_floor_usage":[31,40,45,50,51,51],"damage_taken":[{"damage":0,"enemies":"Gensokyo:3_Fairies","floor":1,"turns":4},{"damage":9,"enemies":"Gensokyo:Gryphon","floor":3,"turns":3},{"damage":0,"enemies":"Gensokyo:Python","floor":4,"turns":4},{"damage":0,"enemies":"Gensokyo:LivingMonolith","floor":5,"turns":3},{"damage":8,"enemies":"Gensokyo:Python_and_Kodama","floor":7,"turns":4},{"damage":5,"enemies":"Gensokyo:Kitsune","floor":10,"turns":3},{"damage":22,"enemies":"Gensokyo:Yukari","floor":16,"turns":6},{"damage":28,"enemies":"3 Byrds","floor":18,"turns":4},{"damage":0,"enemies":"Spheric Guardian","floor":20,"turns":1},{"damage":0,"enemies":"Cultist and Chosen","floor":21,"turns":3},{"damage":0,"enemies":"Snake Plant","floor":22,"turns":2},{"damage":0,"enemies":"Chosen and Byrds","floor":31,"turns":1},{"damage":1,"enemies":"Champ","floor":33,"turns":2},{"damage":0,"enemies":"Hallownest:3_Siblings","floor":35,"turns":1},{"damage":0,"enemies":"Hallownest:Shield_Heavy","floor":39,"turns":1},{"damage":0,"enemies":"Hallownest:2_Wandering_and_1_Horned","floor":41,"turns":2},{"damage":0,"enemies":"Hallownest:StalkingDevout","floor":45,"turns":1},{"damage":0,"enemies":"Hallownest:2_Soldiers_and_1_Guardian","floor":46,"turns":1},{"damage":0,"enemies":"Hallownest:Xero_Hu_Marmu","floor":47,"turns":1},{"damage":0,"enemies":"Hallownest:Shield_Sturdy","floor":48,"turns":1},{"damage":0,"enemies":"Hallownest:Radiance","floor":50,"turns":1},{"damage":7,"enemies":"Hallownest:BossHollowKnight","floor":51,"turns":1}],"seed_played":"-1092249277472875415","potions_obtained":[{"floor":3,"key":"PowerPotion"},{"floor":5,"key":"Dota2Spire:Clarity"},{"floor":7,"key":"SpeedPotion"},{"floor":22,"key":"Dota2Spire:HealingSalve"},{"floor":31,"key":"testmod-SpacePotion"},{"floor":39,"key":"Reflective Coating"},{"floor":46,"key":"GamblersBrew"},{"floor":47,"key":"Fire Potion"},{"floor":51,"key":"Energy Potion"}],"is_trial":false,"path_per_floor":["M","?","M","M","M","R","M","R","T","M","$","R","T","?","R","B",null,"M","$","M","M","M","R","?","?","T","?","?","$","?","M","R","B",null,"M","$","?","$","M","R","M","R","T","?","E","M","M","M","R","B","B",null],"character_chosen":"THE_SILENT","items_purchased":["MerchantsRug","Mummified Hand","aspiration:Nostalgia","Ninja Scroll","GuppysTail","DeathBook","GhostInAJar","testmod-EscapePotion","Slimebound:ThreeZeroPotion","Venomology","Potion Belt","Membership Card","vexMod:BarristanHead","ReplayTheSpireMod:ShopPack","Replay:Bottled Snecko","Poison Potion","Poison Potion","Languid Potion","SkillPotion","Dota2Spire:UrnOfShadows","MostiFishMod:UniGreen","ClockworkSouvenir","aspiration:Lifesprig","testmod-ObsoleteBoomerang","Replay:Rubber Ducky","vexMod:PaidLearning","Juzu Bracelet","Block Potion","Ancient Potion","expansioncontent:StudyTheSpire","OrangePellets","ReplayTheSpireMod:Shallot","Onion Ring","Omamori","BlessingOfTheForge","Weak Potion","Strength Potion","ColorlessPotion","Poisoned Stab","BFFS","Dota2Spire:EchoSabre","HollowMod:StagPassRelic","CombinedTypeHook","ChiLing","TheBible","Poison Potion","AttackPotion","SpeedPotion","FearPotion","PowerPotion","BlessingOfTheForge","Venom Potion","SpeedPotion","InkBottle","BookofShadows","vexMod:HeadHunter","Ying","TheAbacus","EpicFetus","Footwork","Dota2Spire:MaskOfMadness","Dodecahedron","Dota2Spire:PowerTreads","PunchingBag","Guide Book","ColorlessPotion","Adrenaline Potion","Languid Potion","PowerPotion","Fluid Movement","Replay:Accelerometer","War Paint","Quantum Egg","vexMod:Spyglass","ScarletDevilRocket","SkillPotion","SkillPotion","testmod-SpacePotion","AttackPotion","Impatience","Lantern","Mirror","Vajra","Pantograph","DollysMirror","Weak Potion","Outmaneuver","SkillPotion","Poison Potion","Weak Potion","MostiFishMod:KingOfFree","Lee\u0027s Waffle","Chameleon Ring","Dota2Spire:AghanimScepter","Torii","Orrery"],"campfire_rested":0,"item_purchase_floors":[0,6,6,11,17,17,17,17,17,17,19,19,19,19,19,19,19,19,19,19,19,23,23,23,23,23,23,23,23,23,29,29,29,29,29,29,29,29,29,32,32,32,32,32,32,32,32,32,32,36,36,36,36,36,36,36,36,36,36,36,38,38,38,38,38,38,38,38,38,38,40,40,40,40,40,40,40,40,40,40,42,42,42,42,42,42,42,42,42,42,42,49,49,49,49,49],"current_hp_per_floor":[59,45,36,36,36,36,28,28,28,25,25,25,25,25,25,80,39,11,11,11,11,11,11,11,11,11,11,11,11,2,2,2,1,50,50,50,50,50,50,50,50,50,50,50,50,54,54,64,74,74,71],"gold":2164,"neow_bonus":"","is_prod":false,"is_daily":false,"chose_seed":false,"campfire_upgraded":3,"win_rate":0,"timestamp":1607603715,"path_taken":["M","?","M","M","M","R","?","R","T","M","$","R","?","?","R","BOSS","M","$","M","M","M","R","?","?","T","?","?","$","?","M","R","BOSS","M","$","?","?","M","R","M","R","T","?","E","?","M","M","R","BOSS","BOSS"],"build_version":"2020-11-30","purchased_purges":7,"victory":true,"max_hp_per_floor":[66,80,80,80,80,80,80,80,80,80,80,80,80,80,80,80,39,64,64,64,64,67,67,67,65,65,65,65,65,65,65,65,66,66,67,67,67,67,67,67,67,67,67,67,67,67,67,67,74,74,83],"card_choices":[{"not_picked":[],"picked":"DoctorFetus","floor":0},{"not_picked":["MostiFishMod:PreservedThorns","Deadly Poison"],"picked":"Bane","floor":1},{"not_picked":["RuleDissolution_purple","TheCursedMod:SmokeScreen","OpenUniverse"],"picked":"Backflip","floor":3},{"not_picked":["Gatherer:BambuSword","TheCursedMod:ReleasedKnowledge","SnafuTest:BombNorthernWind","Slimebound:SlimeBrawl"],"picked":"SKIP","floor":4},{"not_picked":["SnafuTest:FirstAid","TheCursedMod:VitalStrike","sneckomod:TrashToTreasure","PrismaMod:MiyuCarnivalAttack"],"picked":"SKIP","floor":5},{"not_picked":["Quick Slash","Dagger Throw","Cloak And Dagger"],"picked":"MostiFishMod:SpreadingSpore","floor":7},{"not_picked":["Underhanded Strike","Predator","Bane"],"picked":"Concentrate","floor":10},{"not_picked":["Sneak Up","Deflect","Underhanded Strike"],"picked":"Dodge and Roll","floor":18},{"not_picked":["Outmaneuver","Cloak And Dagger","Dagger Spray"],"picked":"Deflect","floor":20},{"not_picked":["Fluid Movement","Reflex+1","MostiFishMod:PerfectParry"],"picked":"MostiFishMod:PoisonShield","floor":21},{"not_picked":["Backflip","Sucker Punch","Flying Knee"],"picked":"Prepared+1","floor":22},{"not_picked":["Backstab","Deadly Poison","Blur"],"picked":"Masterful Stab","floor":31},{"not_picked":["Blade Dance","Dagger Spray","Slice","Acrobatics"],"picked":"SKIP","floor":35},{"not_picked":["Slice+1","Hidden Blade","Dagger Spray"],"picked":"Backstab","floor":39},{"not_picked":["Bane+1","Dagger Spray","Outmaneuver"],"picked":"Terror","floor":41},{"not_picked":["Quick Slash","Heel Hook+1","Poisoned Stab"],"picked":"Cloak And Dagger+1","floor":44},{"not_picked":["MostiFishMod:Volcan","Grand Finale","Burst","Tools of the Trade"],"picked":"SKIP","floor":45},{"not_picked":["Riddle With Holes","Hidden Blade+1","MostiFishMod:PreservedThorns+1","Well Laid Plans"],"picked":"SKIP","floor":45},{"not_picked":["Dash+1","Choke+1","Predator","Reflex"],"picked":"SKIP","floor":46},{"not_picked":["MostiFishMod:InvigoratingSolution","Sneak Up","Riddle With Holes","MostiFishMod:PreservedThorns"],"picked":"SKIP","floor":47},{"not_picked":["ReplayTheSpireMod:The Works","Backflip","Hidden Blade+1","Dagger Spray"],"picked":"SKIP","floor":48},{"not_picked":["Tactician","Acrobatics","Leg Sweep+1"],"picked":"Backflip+1","floor":49},{"not_picked":["ReplayTheSpireMod:From All Sides","MostiFishMod:ShivMaster","Adrenaline"],"picked":"MostiFishMod:WinterMarkForm","floor":50}],"player_experience":93597,"relics_obtained":[{"floor":1,"key":"Question Card"},{"floor":1,"key":"PrismaticShard"},{"floor":9,"key":"StrikeDummy"},{"floor":13,"key":"BelialBook"},{"floor":16,"key":"ImportantClient"},{"floor":26,"key":"Dota2Spire:BattleFury"},{"floor":43,"key":"SnafuTest:CatRelic"},{"floor":45,"key":"Dota2Spire:ShadowBlade"}],"event_choices":[{"damage_healed":0,"gold_gain":0,"player_choice":"2 cards matched","damage_taken":0,"max_hp_gain":0,"max_hp_loss":0,"event_name":"Match and Keep!","floor":24,"gold_loss":0,"cards_obtained":["MostiFishMod:ShivMaster","Predator"]},{"damage_healed":0,"gold_gain":0,"player_choice":"Stopped","damage_taken":9,"max_hp_gain":0,"max_hp_loss":0,"event_name":"Cursed Tome","floor":30,"gold_loss":0}],"is_beta":false,"boss_relics":[{"not_picked":["vexMod:MysteryBossChallenge","testmod-KeyOfTheVoid"],"picked":"RhineSuit"},{"not_picked":[]},{"not_picked":["Abe\u0027s Treasure","testmod-TimeTraveler","aspiration:IroncladSkillbook"]}],"items_purged_floors":[17,23,29,29,36,38,42],"is_endless":false,"potions_floor_spawned":[3,5,7,22,31,33,39,46,47,51],"ascension_level":20}}