{"host":"zkqorkqsr6o67e8b","time":1607606961,"event":{"gold_per_floor":[130,130,45,45,45,45,102,102,179,179,235,274,333,21,21,126,126],"floor_reached":16,"playtime":636,"items_purged":["Summon_Undead"],"score":367,"play_id":"d68a2d88-d669-408d-bc0c-e115e19ebc15","local_time":"20201210212921","is_ascension_mode":true,"campfire_choices":[{"data":"HandOfGreed","floor":6.0,"key":"SMITH"},{"data":"Plague_Bolt","floor":8.0,"key":"SMITH"},{"floor":15,"key":"RECALL"}],"neow_cost":"NONE","seed_source_timestamp":46097929041500,"circlet_count":0,"master_deck":["AscendersBane","Summon_Undead","Summon_Undead","Summon_Undead","Summon_Undead","Summon_Undead","Plague_Bolt+1","HandOfGreed+1","REME_FirmDetermination","Reap_The_Weak+1","Bone_Armor"],"special_seed":0,"relics":["Vampire_Amulet","REME_ComplimentaryCards","NeowsBlessing","Boot","Dead Branch","Sundial","Omamori","Bottled Tornado","Membership Card","Frozen Egg 2"],"potions_floor_usage":[],"damage_taken":[{"damage":0.0,"enemies":"Jaw Worm","floor":1.0,"turns":1.0},{"damage":0.0,"enemies":"Gremlin Nob","floor":7.0,"turns":1.0},{"damage":0.0,"enemies":"Lagavulin","floor":11.0,"turns":1.0},{"damage":1.0,"enemies":"Cultist","floor":12.0,"turns":4.0},{"damage":51,"enemies":"Gremlin Nob","floor":13,"turns":6},{"damage":29,"enemies":"Slime Boss","floor":16,"turns":5}],"seed_played":"-7556355232789254666","potions_obtained":[{"floor":1.0,"key":"SkillPotion"},{"floor":7.0,"key":"LiquidBronze"}],"is_trial":false,"path_per_floor":["M","?","$","?","$","R","E","R","T","?","E","M","E","$","R","B"],"character_chosen":"NECROMANCER","items_purchased":["REME_FirmDetermination","Membership Card","Frozen Egg 2"],"campfire_rested":0,"item_purchase_floors":[3,14,14],"current_hp_per_floor":[68,68,68,73,73,73,73,73,73,73,73,72,54,54,54,34,34],"gold":126,"neow_bonus":"THREE_ENEMY_KILL","is_prod":false,"is_daily":false,"chose_seed":false,"campfire_upgraded":2,"win_rate":0,"timestamp":1607606961,"path_taken":["M","?","$","?","?","R","E","R","T","?","E","M","E","$","R","BOSS"],"build_version":"2020-11-30","purchased_purges":1,"victory":false,"max_hp_per_floor":[75,75,75,80,80,80,80,80,80,80,80,80,80,80,80,80,80],"card_choices":[{"not_picked":["Summon_Undead_Army","Bone_Spikes","PosionWeak"],"picked":"SKIP","floor":1.0},{"not_picked":["Scare","Uncharnel"],"picked":"Reap_The_Weak","floor":7.0},{"not_picked":["Epidemic","PosionWeak"],"picked":"Bone_Armor","floor":11.0},{"not_picked":["Toxic_Smoke_Screen","Scare","PosionWeak"],"picked":"SKIP","floor":12.0},{"not_picked":["Vampiric_Strike","PosionWeak","Scare"],"picked":"SKIP","floor":13}],"player_experience":412093,"relics_obtained":[{"floor":7.0,"key":"Dead Branch"},{"floor":9.0,"key":"Sundial"},{"floor":11.0,"key":"Omamori"},{"floor":13,"key":"Bottled Tornado"}],"event_choices":[{"cards_removed":["Summon_Undead"],"damage_healed":0.0,"max_hp_gain":0.0,"max_hp_loss":0.0,"gold_gain":0.0,"event_name":"WeMeetAgain","player_choice":"Gave Card","floor":2.0,"gold_loss":0.0,"damage_taken":0.0,"relics_obtained":["Boot"]},{"damage_healed":0.0,"max_hp_gain":5.0,"max_hp_loss":0.0,"gold_gain":0.0,"event_name":"Big Fish","player_choice":"Donut","floor":4.0,"gold_loss":0.0,"damage_taken":0.0},{"damage_healed":0.0,"max_hp_gain":0.0,"max_hp_loss":0.0,"gold_gain":0.0,"event_name":"Living Wall","player_choice":"Grow","floor":10.0,"gold_loss":0.0,"damage_taken":0.0,"cards_upgraded":["Reap_The_Weak"]}],"is_beta":false,"boss_relics":[],"items_purged_floors":[14],"is_endless":false,"potions_floor_spawned":[1,7,12],"killed_by":"Slime Boss","ascension_level":12}}