{"host":"kpyf5rnb72uwap8k","time":1607572833,"event":{"gold_per_floor":[116,62,76,1,17,17,17,17,41,41,41,72,86,14,14,118,118,130,140,140,140],"floor_reached":20,"playtime":576,"items_purged":["Strike_B"],"score":181,"play_id":"d4f86d25-8538-47dc-82b0-7b9e465142e6","local_time":"20201210130033","is_ascension_mode":true,"campfire_choices":[{"data":"Beam Cell","floor":6,"key":"SMITH"},{"data":"Seek","floor":8,"key":"SMITH"},{"data":"Dualcast","floor":10,"key":"SMITH"},{"floor":15,"key":"REST"}],"neow_cost":"NONE","seed_source_timestamp":239776609299300,"circlet_count":0,"master_deck":["Strike_B","Strike_B","Defend_B","Defend_B","Defend_B","Defend_B","Zap","Dualcast+1","Seek+1","Gash","Sweeping Beam","Beam Cell+1","Conserve Battery","Compile Driver","Reboot","Sweeping Beam","Coolheaded"],"special_seed":0,"relics":["Cracked Core","Anchor","Calipers","SlaversCollar"],"potions_floor_usage":[16,16,16,20],"damage_taken":[{"damage":1,"enemies":"Cultist","floor":1,"turns":3},{"damage":0,"enemies":"Small Slimes","floor":3,"turns":2},{"damage":2,"enemies":"2 Louse","floor":5,"turns":2},{"damage":21,"enemies":"Lagavulin","floor":12,"turns":5},{"damage":0,"enemies":"Large Slime","floor":13,"turns":3},{"damage":31,"enemies":"The Guardian","floor":16,"turns":9},{"damage":26,"enemies":"Chosen","floor":18,"turns":7},{"damage":15,"enemies":"Spheric Guardian","floor":19,"turns":4},{"damage":16,"enemies":"Snecko","floor":20,"turns":6}],"seed_played":"2106880270525860574","potions_obtained":[{"floor":1,"key":"Explosive Potion"},{"floor":3,"key":"LiquidBronze"},{"floor":5,"key":"ColorlessPotion"},{"floor":18,"key":"Fruit Juice"}],"is_trial":false,"path_per_floor":["M","$","M","$","M","R","?","R","T","R","?","E","M","$","R","B",null,"M","M","M"],"character_chosen":"DEFECT","items_purchased":["Sweeping Beam","Reboot"],"campfire_rested":1,"item_purchase_floors":[2,14],"current_hp_per_floor":[74,74,74,74,72,72,72,72,72,72,72,51,51,51,73,42,75,49,34,23,23],"gold":140,"neow_bonus":"ONE_RANDOM_RARE_CARD","is_prod":false,"is_daily":false,"chose_seed":false,"campfire_upgraded":3,"win_rate":0,"timestamp":1607572833,"path_taken":["M","$","M","$","M","R","?","R","T","R","?","E","M","$","R","BOSS","M","M","M"],"build_version":"2020-11-30","purchased_purges":1,"victory":false,"max_hp_per_floor":[75,75,75,75,75,75,75,75,75,75,75,75,75,75,75,75,75,75,75,80,80],"card_choices":[{"not_picked":["Sunder","Turbo"],"picked":"Gash","floor":1},{"not_picked":["Redo","Reinforced Body"],"picked":"Beam Cell","floor":3},{"not_picked":["Beam Cell","Doom and Gloom","Cold Snap"],"picked":"SKIP","floor":5},{"not_picked":["Steam","Barrage"],"picked":"Conserve Battery","floor":12},{"not_picked":["Leap","Barrage"],"picked":"Compile Driver","floor":13},{"not_picked":["Heatsinks+1","Ball Lightning"],"picked":"Sweeping Beam","floor":18},{"not_picked":["Doom and Gloom","Steam+1"],"picked":"Coolheaded","floor":19}],"player_experience":199922,"relics_obtained":[{"floor":9,"key":"Anchor"},{"floor":12,"key":"Calipers"}],"event_choices":[{"damage_healed":0,"gold_gain":0,"player_choice":"Ignored","damage_taken":0,"max_hp_gain":0,"max_hp_loss":0,"event_name":"Liars Game","floor":7,"gold_loss":0},{"cards_removed":["Strike_B"],"damage_healed":0,"gold_gain":0,"player_choice":"Forget","damage_taken":0,"max_hp_gain":0,"max_hp_loss":0,"event_name":"Living Wall","floor":11,"gold_loss":0}],"is_beta":false,"boss_relics":[{"not_picked":["Snecko Eye","Cursed Key"],"picked":"SlaversCollar"}],"items_purged_floors":[4],"is_endless":false,"potions_floor_spawned":[1,3,5,18],"killed_by":"Snecko","ascension_level":1}}