{"host":"0vkf1k7bkmi4whcf","time":1607604314,"event":{"gold_per_floor":[132,145,162,162,238,272,284,284,284,19,19,19,19,19,19,98,98,118,118,136,136,136,136,169,169,169,204,204,233,243,243,243,322,322,333,333,333,351,102,128,29,29,29,64,64,91,101,115,115,115,115,115,6,31,31],"floor_reached":56,"playtime":2021,"items_purged":["Regret"],"score":2278,"play_id":"956beb10-3352-4691-b81a-e2b6d87d9c8b","local_time":"20201210134514","is_ascension_mode":true,"campfire_choices":[{"data":"Nest_LightFlightworm_purple","floor":8,"key":"SMITH"},{"data":"DarkRealmRedLine_purple","floor":11,"key":"SMITH"},{"data":"WeekHit_purple","floor":13,"key":"SMITH"},{"data":"DarkRealmRedLine_purple","floor":15,"key":"SMITH"},{"data":"Mirror_FourBoundary_purple","floor":23,"key":"SMITH"},{"data":"RuptureOfTimeAndSpace_purple","floor":25,"key":"SMITH"},{"data":"DimensionStaggered_purple","floor":28,"key":"SMITH"},{"data":"DarkRealmRedLine_purple","floor":32,"key":"SMITH"},{"floor":42,"key":"REST"},{"floor":45,"key":"RECALL"},{"data":"ProofOfUnderstanding_purple","floor":49,"key":"SMITH"},{"data":"Boundary_LifeAndDeath_purple","floor":52,"key":"SMITH"}],"neow_cost":"NONE","seed_source_timestamp":3060163756200,"circlet_count":0,"master_deck":["AscendersBane","Defend_purpleEX","Defend_purpleEX","Defend_purpleEX","Defend_purpleEX","Observe_purple_1","Observe_purple_2","Umbrella_purple","Worldmountain_purple","DarkRealmRedLine_purple+1","Worldmountain_purple","Fantasy_PerpetualMotionMachine_purple","Nest_LightFlightworm_purple+1","SharpContractionReality_purple","RuleDissolution_purple","Umbrella_purple","Boundary_of_Extermination_purpleEX","Mirror_FourBoundary_purple+1","Mirror_FormAndEmptin_purple","WeekHit_purple+1","DarkRealmRedLine_purple+1","ProofOfUnderstanding_purple+1","WingOfChimera_purple+1","RuptureOfTimeAndSpace_purple+1","Writhe","Gluttony_TH","DimensionStaggered_purple+1","DarkRealmRedLine_purple+1","Boundary_LifeAndDeath_purple+1","StateDuplicate_purple","Slimebound:Tackle+1","Slimebound:Tackle+1","Theboundaryofcreation_purpleEX","Charmbait_purple+1","ExistenceContinue_purple+1","StateErode_purple","OpenedBox_purple","Boundary_of_Extermination_purpleEX","Boundary_of_Extermination_purpleEX+1","CommonSense_AntiCommonSense_purple","Charmbait_purple","AdvanceAttack_purple+1","Bait_HighSpeedFlying_purple","SfantasyHide_purple+1","OpenedBox_purple+1","ExistenceContinue_purple","Bait_HighSpeedFlying_purple","Human_Monster_Realm_purple"],"relics":["Boundary_crack","Memoryfragments_purpleEX","DemoMod:MeltedRock","DemoMod:ChaffGrenade","Sozu","RuthlessExorcism:ReiMu","ThegodofHakurei_purpleEX","Bronze Scales","DemoMod:MemoryAlloy","Red Mask","RedLine:ReiMu","Regal Pillow","Pantograph","Ancient Tea Set","DemoMod:GreenGuonStone"],"potions_floor_usage":[6],"damage_taken":[{"damage":13,"enemies":"Cultist","floor":1,"turns":5},{"damage":1,"enemies":"2 Louse","floor":2,"turns":3},{"damage":7,"enemies":"Jaw Worm","floor":3,"turns":3},{"damage":26,"enemies":"3 Sentries","floor":6,"turns":6},{"damage":9,"enemies":"Large Slime","floor":7,"turns":6},{"damage":32,"enemies":"The Guardian","floor":16,"turns":11},{"damage":1,"enemies":"2 Thieves","floor":18,"turns":3},{"damage":3,"enemies":"Chosen","floor":20,"turns":4},{"damage":31,"enemies":"Book of Stabbing","floor":24,"turns":6},{"damage":18,"enemies":"Slavers","floor":27,"turns":2},{"damage":0,"enemies":"Masked Bandits","floor":29,"turns":2},{"damage":0,"enemies":"Centurion and Healer","floor":30,"turns":4},{"damage":30,"enemies":"Champ","floor":33,"turns":8},{"damage":9,"enemies":"Orb Walker","floor":35,"turns":4},{"damage":33,"enemies":"3 Shapes","floor":38,"turns":3},{"damage":38,"enemies":"Nemesis","floor":40,"turns":5},{"damage":0,"enemies":"Reptomancer","floor":44,"turns":4},{"damage":0,"enemies":"Giant Head","floor":46,"turns":5},{"damage":0,"enemies":"Sphere and 2 Shapes","floor":47,"turns":1},{"damage":0,"enemies":"3 Darklings","floor":48,"turns":1},{"damage":10,"enemies":"Donu and Deca","floor":50,"turns":5},{"damage":0,"enemies":"Shield and Spear","floor":54,"turns":5},{"damage":85,"enemies":"The Heart","floor":55,"turns":8}],"seed_played":"3005396794942678180","potions_obtained":[{"floor":2,"key":"SmokeBomb"},{"floor":3,"key":"Block Potion"}],"is_trial":false,"path_per_floor":["M","M","M","?","?","E","M","R","T","$","R","?","R","$","R","B",null,"M","?","M","?","?","R","E","R","T","E","R","?","M","?","R","B",null,"M","?","?","M","$","E","$","R","T","E","R","E","M","M","R","B",null,"R","$","E","B",null],"character_chosen":"Youkari","items_purchased":["Mirror_FourBoundary_purple","Mirror_FormAndEmptin_purple","WeekHit_purple","DarkRealmRedLine_purple","StateErode_purple","OpenedBox_purple","Boundary_of_Extermination_purpleEX","CommonSense_AntiCommonSense_purple","Charmbait_purple","ExistenceContinue_purple","Bait_HighSpeedFlying_purple"],"campfire_rested":1,"item_purchase_floors":[10,10,10,10,39,39,39,41,41,53,53],"current_hp_per_floor":[54,54,48,48,48,31,32,32,32,32,32,32,32,32,32,20,58,62,62,69,69,84,84,60,60,60,47,47,54,65,65,65,85,86,86,86,86,54,54,38,38,78,78,86,86,86,86,86,86,81,85,85,85,86,61],"gold":31,"neow_bonus":"TEN_PERCENT_HP_BONUS","is_prod":false,"is_daily":false,"chose_seed":false,"campfire_upgraded":10,"win_rate":0,"timestamp":1607604314,"path_taken":["M","M","M","?","?","E","M","R","T","?","R","?","R","$","R","BOSS","M","?","?","?","?","R","E","R","T","E","R","?","M","?","R","BOSS","M","?","?","M","$","E","?","R","T","E","R","E","M","M","R","BOSS","R","$","E","BOSS"],"build_version":"2020-11-30","purchased_purges":1,"victory":true,"max_hp_per_floor":[71,71,71,71,71,71,71,71,71,71,71,71,71,71,71,71,71,71,71,71,71,86,86,86,86,86,86,86,86,86,86,86,86,86,86,86,86,86,86,86,86,86,86,86,86,86,86,86,86,86,86,86,86,86,86],"relic_stats":{"Sozu":6,"Regal Pillow":15,"counters":[23,104],"Bronze Scales":[218],"Pantograph":0,"obtain_stats":[{"DemoMod:GreenGuonStone":54,"Regal Pillow":40,"DemoMod:MemoryAlloy":27,"DemoMod:ChaffGrenade":9,"ThegodofHakurei_purpleEX":24,"DemoMod:GlassGuonStoneRelic":3,"Boundary_crack":0,"Ancient Tea Set":46,"RedLine:ReiMu":34,"Sozu":17,"Bronze Scales":26,"Pantograph":44,"DemoMod:MeltedRock":6,"Red Mask":29,"Memoryfragments_purpleEX":0,"RuthlessExorcism:ReiMu":21},{"DemoMod:GreenGuonStone":22,"Regal Pillow":16,"DemoMod:MemoryAlloy":10,"DemoMod:ChaffGrenade":5,"ThegodofHakurei_purpleEX":9,"DemoMod:GlassGuonStoneRelic":3,"Boundary_crack":0,"Ancient Tea Set":18,"RedLine:ReiMu":13,"Sozu":6,"Bronze Scales":9,"Pantograph":17,"DemoMod:MeltedRock":4,"Red Mask":11,"Memoryfragments_purpleEX":0,"RuthlessExorcism:ReiMu":8},{"DemoMod:GreenGuonStone":96,"Regal Pillow":75,"DemoMod:MemoryAlloy":49,"DemoMod:ChaffGrenade":23,"ThegodofHakurei_purpleEX":47,"DemoMod:GlassGuonStoneRelic":11,"Boundary_crack":0,"Ancient Tea Set":84,"RedLine:ReiMu":63,"Sozu":34,"Bronze Scales":47,"Pantograph":79,"DemoMod:MeltedRock":17,"Red Mask":51,"Memoryfragments_purpleEX":0,"RuthlessExorcism:ReiMu":41}]},"card_choices":[{"not_picked":["RuleDissolution_purple","OpenedBox_purple"],"picked":"Umbrella_purple","floor":1},{"not_picked":["PurpleNeedle_purple","Boundary_ObjectiveBoundary_purple"],"picked":"Worldmountain_purple","floor":2},{"not_picked":["ButterflyHabitatTemple_purple","DimensionStaggered_purple"],"picked":"DarkRealmRedLine_purple","floor":3},{"not_picked":["ExistenceContinue_purple","Boundary_ObjectiveBoundary_purple"],"picked":"Umbrella_purple","floor":6},{"not_picked":["SharpContractionReality_purple","RuleDissolution_purple"],"picked":"Boundary_of_Extermination_purpleEX","floor":7},{"not_picked":["BarrageBoundary_PipeDream_purple","GluttonyofRealm_purpleEX"],"picked":"ProofOfUnderstanding_purple","floor":16},{"not_picked":["Mirror_Drifter_purple","MeetDecomposer_purple"],"picked":"WingOfChimera_purple+1","floor":18},{"not_picked":["Anti_communist_purple","Shallow_ocean_purpleEX"],"picked":"RuptureOfTimeAndSpace_purple","floor":20},{"not_picked":["SharpContractionReality_purple","Realm_recovery_purpleEX+1"],"picked":"DimensionStaggered_purple","floor":24},{"not_picked":["SfantasyHide_purple","ExistenceContinue_purple"],"picked":"DarkRealmRedLine_purple","floor":27},{"not_picked":["MonsterNeedle_purple+1","FragmentationRealm_purple"],"picked":"Boundary_LifeAndDeath_purple","floor":29},{"not_picked":["Umbrella_purple","Mirror_FormAndEmptin_purple"],"picked":"StateDuplicate_purple","floor":30},{"not_picked":["WangLiang_LineAndCurveDreams_purple","Mirror_TwoAndThreeElementRealm_purple"],"picked":"Theboundaryofcreation_purpleEX","floor":33},{"not_picked":["Anti_communist_purple+1","StateDuplicate_purple"],"picked":"Charmbait_purple+1","floor":35},{"not_picked":["WatchEChange_purple","AdvanceAttack_purple"],"picked":"ExistenceContinue_purple+1","floor":38},{"not_picked":["Umbrella_purple","MeetDecomposer_purple"],"picked":"Boundary_of_Extermination_purpleEX+1","floor":40},{"not_picked":["RuleDissolution_purple","Mirror_Drifter_purple"],"picked":"AdvanceAttack_purple+1","floor":44},{"not_picked":["OmniscientAndOmnipotent_Monster_purple","AdvanceAttack_purple+1"],"picked":"Bait_HighSpeedFlying_purple","floor":46},{"not_picked":["StateErode_purple+1","PurpleNeedle_purple+1"],"picked":"SfantasyHide_purple+1","floor":47},{"not_picked":["WasteWire_Metro_purple","Yakumo_Ran_purple+1"],"picked":"OpenedBox_purple+1","floor":48},{"not_picked":["StateDuplicate_purple+1","Charmbait_purple"],"picked":"Human_Monster_Realm_purple","floor":54}],"player_experience":701311,"relics_obtained":[{"floor":6,"key":"DemoMod:MeltedRock"},{"floor":9,"key":"DemoMod:ChaffGrenade"},{"floor":24,"key":"ThegodofHakurei_purpleEX"},{"floor":26,"key":"Bronze Scales"},{"floor":27,"key":"DemoMod:MemoryAlloy"},{"floor":29,"key":"Red Mask"},{"floor":40,"key":"Regal Pillow"},{"floor":44,"key":"Pantograph"},{"floor":46,"key":"Ancient Tea Set"},{"floor":54,"key":"DemoMod:GreenGuonStone"}],"event_choices":[{"damage_healed":0,"gold_gain":76,"player_choice":"Gained Gold","damage_taken":0,"max_hp_gain":0,"max_hp_loss":0,"event_name":"Golden Wing","floor":5,"gold_loss":0},{"cards_removed":["AT_purpleEX"],"damage_healed":0,"gold_gain":0,"player_choice":"Offered Basic","damage_taken":0,"max_hp_gain":0,"max_hp_loss":0,"event_name":"Bonfire Elementals","floor":12,"gold_loss":0},{"damage_healed":0,"gold_gain":0,"player_choice":"Ignored","damage_taken":0,"max_hp_gain":0,"max_hp_loss":0,"event_name":"Purifier","floor":19,"gold_loss":0},{"damage_healed":0,"gold_gain":0,"player_choice":"Opened","damage_taken":0,"relics_obtained":["RuthlessExorcism:ReiMu"],"max_hp_gain":0,"max_hp_loss":0,"event_name":"The Mausoleum","floor":21,"gold_loss":0,"cards_obtained":["Writhe"]},{"damage_healed":0,"gold_gain":0,"player_choice":"Fought Bandits","damage_taken":0,"max_hp_gain":0,"max_hp_loss":0,"event_name":"Masked Bandits","floor":29,"gold_loss":0},{"cards_removed":["Slimebound:Tackle"],"damage_healed":0,"gold_gain":0,"player_choice":"Removed Attack","damage_taken":0,"max_hp_gain":0,"max_hp_loss":0,"event_name":"Falling","floor":36,"gold_loss":0}],"is_beta":false,"boss_relics":[{"not_picked":["Astrolabe","Fusion Hammer"],"picked":"Sozu"},{"not_picked":["Velvet Choker","Coffee Dripper"],"picked":"RedLine:ReiMu"}],"items_purged_floors":[39],"is_endless":false,"potions_floor_spawned":[2,3,18,20,35,40,48,54],"ascension_level":17}}