{"host":"cbs04hxbqwdiijvt","time":1607579660,"event":{"gold_per_floor":[116,116,131,144,144,144,159,177,177,196,196,196,41,54,54,128,128,143,43,43,57,0,33,33,33,33,49,68,68,87,98,98,171,221,239,77,87,87,107,107,133,133,133,164,164,6,26,46,46,46,46],"floor_reached":50,"playtime":2252,"items_purged":["Defend_G","Strike_G"],"score":955,"play_id":"beda3212-153a-4247-a3c7-fb2fb6f14899","local_time":"20201210145420","is_ascension_mode":true,"campfire_choices":[{"floor":6.0,"key":"REST"},{"floor":12.0,"key":"REST"},{"data":"Noxious Fumes","floor":15.0,"key":"SMITH"},{"data":"Envenom","floor":24.0,"key":"SMITH"},{"floor":29.0,"key":"REST"},{"floor":32.0,"key":"REST"},{"data":"Wraith Form v2","floor":40.0,"key":"SMITH"},{"floor":49,"key":"REST"}],"neow_cost":"NONE","seed_source_timestamp":0,"circlet_count":0,"master_deck":["AscendersBane","Strike_G+1","Strike_G+1","Strike_G+1","Defend_G","Defend_G","Defend_G","Survivor","Neutralize","Envenom+1","Bane","Blade Dance+1","Footwork","Adrenaline","Backflip","Noxious Fumes+1","Backflip","Blur+1","Wraith Form v2+1","Malaise","Malaise"],"special_seed":0,"relics":["Ring of the Snake","MealTicket","Cursed Key","Whetstone","Tiny House","Bottled Lightning","Bag of Marbles","Chemical X"],"potions_floor_usage":[],"damage_taken":[{"damage":4.0,"enemies":"Small Slimes","floor":1.0,"turns":4.0},{"damage":9.0,"enemies":"Jaw Worm","floor":3.0,"turns":8.0},{"damage":17.0,"enemies":"2 Louse","floor":4.0,"turns":4.0},{"damage":23.0,"enemies":"Exordium Thugs","floor":7.0,"turns":6.0},{"damage":4.0,"enemies":"Red Slaver","floor":8.0,"turns":3.0},{"damage":0.0,"enemies":"Exordium Wildlife","floor":10.0,"turns":2.0},{"damage":9.0,"enemies":"Lots of Slimes","floor":14.0,"turns":5.0},{"damage":40.0,"enemies":"The Guardian","floor":16.0,"turns":11.0},{"damage":7.0,"enemies":"Chosen","floor":18.0,"turns":5.0},{"damage":5.0,"enemies":"Shell Parasite","floor":21.0,"turns":5.0},{"damage":18.0,"enemies":"Book of Stabbing","floor":23.0,"turns":5.0},{"damage":11.0,"enemies":"Snecko","floor":27.0,"turns":5.0},{"damage":0.0,"enemies":"3 Cultists","floor":28.0,"turns":5.0},{"damage":3.0,"enemies":"Centurion and Healer","floor":30.0,"turns":7.0},{"damage":7.0,"enemies":"Cultist and Chosen","floor":31.0,"turns":6.0},{"damage":38.0,"enemies":"Automaton","floor":33.0,"turns":12.0},{"damage":1.0,"enemies":"3 Shapes","floor":35.0,"turns":9.0},{"damage":36.0,"enemies":"3 Darklings","floor":37.0,"turns":7.0},{"damage":7.0,"enemies":"Maw","floor":39.0,"turns":9.0},{"damage":13.0,"enemies":"Nemesis","floor":41.0,"turns":12.0},{"damage":51.0,"enemies":"Giant Head","floor":44.0,"turns":12.0},{"damage":18,"enemies":"Transient","floor":47,"turns":6},{"damage":18,"enemies":"Spire Growth","floor":48,"turns":9},{"damage":23,"enemies":"Donu and Deca","floor":50,"turns":6}],"seed_played":"5803670444993265109","potions_obtained":[{"floor":4.0,"key":"FairyPotion"},{"floor":7.0,"key":"Swift Potion"},{"floor":14.0,"key":"Explosive Potion"},{"floor":16.0,"key":"LiquidBronze"},{"floor":18.0,"key":"DistilledChaos"},{"floor":23.0,"key":"Dexterity Potion"},{"floor":33.0,"key":"Ancient Potion"},{"floor":34.0,"key":"FairyPotion"},{"floor":39.0,"key":"SkillPotion"},{"floor":48,"key":"Energy Potion"}],"is_trial":false,"path_per_floor":["M","?","M","M","?","R","M","M","T","M","?","R","$","M","R","B",null,"M","$","?","M","?","E","R","?","T","M","M","R","M","M","R","B",null,"M","$","M","T","M","R","E","?","T","E","T","$","M","M","R","B"],"character_chosen":"THE_SILENT","items_purchased":["Noxious Fumes","Malaise","Chemical X"],"campfire_rested":5,"item_purchase_floors":[13,36,46],"current_hp_per_floor":[55,55,46,29,9,28,5,1,1,1,19,38,53,44,44,4,51,44,59,41,36,36,18,18,18,18,7,7,28,25,18,39,1,59,58,73,37,37,30,30,17,17,17,22,22,37,19,1,23,0,0],"gold":46,"neow_bonus":"ONE_RANDOM_RARE_CARD","is_prod":false,"is_daily":false,"chose_seed":false,"campfire_upgraded":3,"win_rate":0,"timestamp":1607579660,"path_taken":["M","?","M","M","?","R","M","M","T","M","?","R","?","M","R","BOSS","M","$","?","M","?","E","R","?","T","M","?","R","M","M","R","BOSS","M","$","M","?","M","R","E","?","T","E","?","$","?","M","R","BOSS"],"build_version":"2020-11-30","purchased_purges":2,"victory":false,"max_hp_per_floor":[66,66,66,66,66,66,66,66,66,66,66,66,66,66,66,66,66,66,66,71,71,71,71,71,71,71,71,71,71,71,71,71,71,76,76,76,76,76,76,76,76,76,76,76,76,76,76,76,76,76,76],"card_choices":[{"not_picked":["Backflip","Flying Knee"],"picked":"Bane","floor":1.0},{"not_picked":["Heel Hook","Underhanded Strike"],"picked":"Blade Dance","floor":3.0},{"not_picked":["Dagger Throw","Underhanded Strike"],"picked":"Footwork","floor":4.0},{"not_picked":["Bane","Masterful Stab"],"picked":"Adrenaline","floor":7.0},{"not_picked":["Riddle With Holes","Prepared","Concentrate"],"picked":"SKIP","floor":8.0},{"not_picked":["Outmaneuver","Expertise"],"picked":"Backflip","floor":10.0},{"not_picked":["Blade Dance","Deadly Poison","Underhanded Strike"],"picked":"SKIP","floor":14.0},{"not_picked":["Finisher+1","Deflect+1"],"picked":"Backflip","floor":18.0},{"not_picked":["Flechettes","Prepared","Terror"],"picked":"SKIP","floor":21.0},{"not_picked":["Deflect","Flechettes"],"picked":"Blur","floor":23.0},{"not_picked":["Dash","Backflip","Riddle With Holes"],"picked":"SKIP","floor":27.0},{"not_picked":["Predator","Flying Knee","Cloak And Dagger"],"picked":"SKIP","floor":28.0},{"not_picked":["Acrobatics","Dodge and Roll","Dagger Throw"],"picked":"SKIP","floor":30.0},{"not_picked":["Deadly Poison","Accuracy","Sucker Punch"],"picked":"SKIP","floor":31.0},{"not_picked":["Night Terror","Venomology"],"picked":"Wraith Form v2","floor":33.0},{"not_picked":["Terror","Dash","Slice+1"],"picked":"SKIP","floor":35.0},{"not_picked":["Bane","Dagger Spray","Quick Slash"],"picked":"SKIP","floor":37.0},{"not_picked":["Outmaneuver","Infinite Blades+1","Backflip"],"picked":"SKIP","floor":39.0},{"not_picked":["Poisoned Stab","Sucker Punch"],"picked":"Malaise","floor":41.0},{"not_picked":["Flechettes+1","Infinite Blades","Dodge and Roll"],"picked":"SKIP","floor":44.0},{"not_picked":["Poisoned Stab+1","Dodge and Roll","Bouncing Flask"],"picked":"SKIP","floor":47},{"not_picked":["Masterful Stab+1","Blade Dance+1","Acrobatics"],"picked":"SKIP","floor":48}],"player_experience":603603,"relics_obtained":[{"floor":9.0,"key":"MealTicket"},{"floor":23.0,"key":"Whetstone"},{"floor":41.0,"key":"Bottled Lightning"},{"floor":44.0,"key":"Bag of Marbles"}],"event_choices":[{"damage_healed":0.0,"max_hp_gain":0.0,"max_hp_loss":0.0,"gold_gain":0.0,"event_name":"Liars Game","player_choice":"Ignored","floor":2.0,"gold_loss":0.0,"damage_taken":0.0},{"damage_healed":0.0,"max_hp_gain":0.0,"max_hp_loss":0.0,"gold_gain":0.0,"event_name":"Shining Light","player_choice":"Entered Light","floor":5.0,"gold_loss":0.0,"damage_taken":20.0,"cards_upgraded":["Strike_G","Blade Dance"]},{"cards_removed":["Strike_G"],"damage_healed":0.0,"max_hp_gain":0.0,"max_hp_loss":0.0,"gold_gain":0.0,"event_name":"Golden Wing","player_choice":"Card Removal","floor":11.0,"gold_loss":0.0,"damage_taken":7.0},{"damage_healed":0.0,"max_hp_gain":5.0,"max_hp_loss":0.0,"gold_gain":0.0,"event_name":"Forgotten Altar","player_choice":"Shed Blood","floor":20.0,"gold_loss":0.0,"damage_taken":23.0},{"damage_healed":0.0,"max_hp_gain":0.0,"max_hp_loss":0.0,"gold_gain":0.0,"event_name":"Masked Bandits","player_choice":"Paid Fearfully","floor":22.0,"gold_loss":57.0,"damage_taken":0.0},{"cards_removed":["Defend_G"],"damage_healed":0.0,"max_hp_gain":0.0,"max_hp_loss":0.0,"gold_gain":0.0,"event_name":"Purifier","player_choice":"Purged","floor":25.0,"gold_loss":0.0,"damage_taken":0.0},{"damage_healed":0.0,"max_hp_gain":0.0,"max_hp_loss":0.0,"gold_gain":0.0,"event_name":"SensoryStone","player_choice":"Memory 1","floor":42.0,"gold_loss":0.0,"damage_taken":0.0}],"is_beta":false,"boss_relics":[{"not_picked":["Pandora\u0027s Box","Busted Crown"],"picked":"Cursed Key"},{"not_picked":["Fusion Hammer","Black Star"],"picked":"Tiny House"}],"items_purged_floors":[13,19],"is_endless":false,"potions_floor_spawned":[4,7,14,16,18,21,23,33,35,39,48],"killed_by":"Donu and Deca","ascension_level":17}}