{"host":"5iafpxwkdrtbs389","time":1607579693,"event":{"gold_per_floor":[118,118,7,19,29,29,44,44,44,44,63,63,63,76,76,177,177,194,194],"floor_reached":18,"playtime":848,"items_purged":["Strike_B"],"score":154,"play_id":"f2dca9b6-b615-455d-b877-68887f865d37","local_time":"20201210145453","is_ascension_mode":false,"campfire_choices":[{"data":"Redo","floor":6,"key":"SMITH"},{"data":"Redo","floor":8,"key":"SMITH"},{"data":"Dualcast","floor":10,"key":"SMITH"},{"data":"Rainbow","floor":15,"key":"SMITH"}],"neow_cost":"NONE","seed_source_timestamp":681230047212700,"circlet_count":0,"master_deck":["Strike_B","Strike_B","Defend_B","Defend_B","Defend_B","Defend_B","Zap","Dualcast+1","Rainbow+1","Sweeping Beam","Capacitor","Darkness","Redo+1","Redo+1","Conserve Battery","Reboot"],"relics":["FrozenCore","The Courier","Meat on the Bone"],"potions_floor_usage":[18],"damage_taken":[{"damage":0,"enemies":"Small Slimes","floor":1,"turns":3},{"damage":3,"enemies":"Jaw Worm","floor":4,"turns":4},{"damage":3,"enemies":"Cultist","floor":5,"turns":4},{"damage":7,"enemies":"Blue Slaver","floor":7,"turns":3},{"damage":25,"enemies":"Large Slime","floor":11,"turns":4},{"damage":6,"enemies":"Exordium Wildlife","floor":14,"turns":4},{"damage":43,"enemies":"The Guardian","floor":16,"turns":11},{"damage":20,"enemies":"2 Thieves","floor":18,"turns":4}],"seed_played":"213329338275388266","potions_obtained":[{"floor":5,"key":"PotionOfCapacity"},{"floor":16,"key":"Fire Potion"}],"is_trial":false,"path_per_floor":["M","?","$","M","M","R","M","R","T","R","M","?","T","M","R","B",null,"M"],"character_chosen":"DEFECT","items_purchased":["Capacitor"],"campfire_rested":0,"item_purchase_floors":[3],"current_hp_per_floor":[75,80,80,77,74,74,67,67,67,67,42,42,42,48,48,17,80,60,60],"gold":194,"neow_bonus":"ONE_RANDOM_RARE_CARD","is_prod":false,"is_daily":false,"chose_seed":false,"campfire_upgraded":4,"win_rate":0.0,"timestamp":1607579693,"path_taken":["M","?","$","M","M","R","M","R","T","R","M","?","?","M","R","BOSS","M"],"build_version":"2020-11-30","purchased_purges":1,"victory":false,"max_hp_per_floor":[75,80,80,80,80,80,80,80,80,80,80,80,80,80,80,80,80,80,80],"card_choices":[{"not_picked":["Cold Snap","Conserve Battery"],"picked":"Sweeping Beam","floor":1},{"not_picked":["Heatsinks","Sweeping Beam"],"picked":"Darkness","floor":4},{"not_picked":["Gash","Steam"],"picked":"Redo","floor":5},{"not_picked":["Leap","Ball Lightning"],"picked":"Redo","floor":7},{"not_picked":["Redo","FTL"],"picked":"Conserve Battery","floor":11},{"not_picked":["Leap","Creative AI","Double Energy"],"picked":"SKIP","floor":14},{"not_picked":["Rainbow","All For One"],"picked":"Reboot","floor":16},{"not_picked":["Cold Snap+1","Capacitor+1","Streamline+1"],"picked":"SKIP","floor":18}],"player_experience":36240,"relics_obtained":[{"floor":9,"key":"The Courier"},{"floor":13,"key":"Meat on the Bone"}],"event_choices":[{"damage_healed":0,"gold_gain":0,"player_choice":"Donut","damage_taken":0,"max_hp_gain":5,"max_hp_loss":0,"event_name":"Big Fish","floor":2,"gold_loss":0},{"cards_removed":["Strike_B"],"damage_healed":0,"gold_gain":0,"player_choice":"Forget","damage_taken":0,"max_hp_gain":0,"max_hp_loss":0,"event_name":"Living Wall","floor":12,"gold_loss":0}],"is_beta":false,"boss_relics":[{"not_picked":["Black Star","Astrolabe"],"picked":"FrozenCore"}],"items_purged_floors":[3],"is_endless":false,"potions_floor_spawned":[5,16],"killed_by":"2 Thieves","ascension_level":0}}