{"host":"sav7uxregyirlf69","time":1607605378,"event":{"gold_per_floor":[118,118,118,118,137,171,196,237,264,106,142,167,167,211,211,309,309,329,287,301,216,216,216,216],"floor_reached":23,"playtime":530,"items_purged":["Strike_R"],"score":488,"play_id":"18f7e01c-e6c1-4afc-83cf-18ffad9b60c3","local_time":"20201210220258","is_ascension_mode":true,"campfire_choices":[{"data":"Disarm","floor":15,"key":"SMITH"}],"neow_cost":"NONE","seed_source_timestamp":63059219705697,"circlet_count":0,"master_deck":["AscendersBane","Strike_R+1","Strike_R","Defend_R","Defend_R+1","Defend_R","Defend_R+1","Bash","Pommel Strike","Shrug It Off","Fire Breathing","Second Wind+1","Feel No Pain","Battle Trance","Disarm+1","Corruption","Pommel Strike"],"relics":["Burning Blood","NeowsBlessing","Golden Idol","MealTicket","Red Skull","Toy Ornithopter","War Paint","Pantograph","Smiling Mask","Fusion Hammer","Orichalcum"],"potions_floor_usage":[11,12,23],"damage_taken":[{"damage":0,"enemies":"2 Louse","floor":1,"turns":1},{"damage":0,"enemies":"Small Slimes","floor":5,"turns":1},{"damage":0,"enemies":"Lagavulin","floor":6,"turns":1},{"damage":2,"enemies":"Jaw Worm","floor":7,"turns":5},{"damage":56,"enemies":"Gremlin Nob","floor":8,"turns":5},{"damage":30,"enemies":"Lagavulin","floor":11,"turns":7},{"damage":0,"enemies":"Large Slime","floor":12,"turns":4},{"damage":8,"enemies":"Gremlin Nob","floor":14,"turns":4},{"damage":45,"enemies":"The Guardian","floor":16,"turns":14},{"damage":29,"enemies":"Shell Parasite","floor":18,"turns":7},{"damage":21,"enemies":"2 Thieves","floor":19,"turns":5},{"damage":10,"enemies":"Snecko","floor":20,"turns":6},{"damage":18,"enemies":"Gremlin Leader","floor":23,"turns":6}],"seed_played":"-1777953073369392120","potions_obtained":[{"floor":8,"key":"BloodPotion"},{"floor":11,"key":"DuplicationPotion"},{"floor":14,"key":"ElixirPotion"},{"floor":16,"key":"Dexterity Potion"}],"is_trial":false,"path_per_floor":["M","?","?","?","M","E","M","E","T","$","E","M","?","E","R","B",null,"M","M","M","?","?","E"],"character_chosen":"IRONCLAD","items_purchased":["Feel No Pain"],"campfire_rested":0,"item_purchase_floors":[10],"current_hp_per_floor":[74,51,44,44,50,56,60,10,10,25,19,30,30,28,28,14,55,32,17,13,13,13,0,0],"gold":216,"neow_bonus":"THREE_ENEMY_KILL","is_prod":false,"is_daily":false,"chose_seed":false,"campfire_upgraded":1,"win_rate":0,"timestamp":1607605378,"path_taken":["M","?","?","?","M","E","M","E","T","$","E","M","?","E","R","BOSS","M","M","M","?","?","E"],"build_version":"2020-11-30","purchased_purges":1,"victory":false,"max_hp_per_floor":[75,75,75,68,68,68,68,68,68,68,68,68,68,68,68,68,68,68,68,68,68,68,68,68],"card_choices":[{"not_picked":["Headbutt","Havoc","Rampage"],"picked":"SKIP","floor":1},{"not_picked":["Metallicize","Intimidate"],"picked":"Pommel Strike","floor":5},{"not_picked":["Body Slam","Sword Boomerang"],"picked":"Shrug It Off","floor":6},{"not_picked":["Twin Strike","Havoc"],"picked":"Fire Breathing","floor":7},{"not_picked":["Sentinel","Wild Strike"],"picked":"Second Wind","floor":8},{"not_picked":["True Grit","Whirlwind"],"picked":"Battle Trance","floor":11},{"not_picked":["Dropkick","Searing Blow","Clash"],"picked":"SKIP","floor":12},{"not_picked":["Reckless Charge","Burning Pact"],"picked":"Disarm","floor":14},{"not_picked":["Limit Break","Brutality"],"picked":"Corruption","floor":16},{"not_picked":["Disarm","Iron Wave","Flex+1"],"picked":"SKIP","floor":18},{"not_picked":["Uppercut","Headbutt","Disarm+1"],"picked":"SKIP","floor":19},{"not_picked":["Heavy Blade","Thunderclap+1"],"picked":"Pommel Strike","floor":20}],"player_experience":912871,"relics_obtained":[{"floor":6,"key":"MealTicket"},{"floor":8,"key":"Red Skull"},{"floor":9,"key":"Toy Ornithopter"},{"floor":11,"key":"War Paint"},{"floor":14,"key":"Smiling Mask"}],"event_choices":[{"damage_healed":0,"gold_gain":0,"player_choice":"Entered Light","damage_taken":23,"max_hp_gain":0,"max_hp_loss":0,"event_name":"Shining Light","floor":2,"gold_loss":0,"cards_upgraded":["Strike_R","Defend_R"]},{"cards_removed":["Strike_R"],"damage_healed":0,"gold_gain":0,"player_choice":"Card Removal","damage_taken":7,"max_hp_gain":0,"max_hp_loss":0,"event_name":"Golden Wing","floor":3,"gold_loss":0},{"damage_healed":0,"gold_gain":0,"player_choice":"Lose Max HP","damage_taken":0,"relics_obtained":["Golden Idol"],"max_hp_gain":0,"max_hp_loss":7,"event_name":"Golden Idol","floor":4,"gold_loss":0},{"damage_healed":0,"gold_gain":0,"player_choice":"Searched \u00271\u0027 times","damage_taken":0,"relics_obtained":["Pantograph"],"max_hp_gain":0,"max_hp_loss":0,"event_name":"Dead Adventurer","floor":13,"gold_loss":0},{"damage_healed":0,"gold_gain":0,"player_choice":"Obtained Relic","damage_taken":0,"relics_obtained":["Orichalcum"],"max_hp_gain":0,"max_hp_loss":0,"event_name":"Addict","floor":21,"gold_loss":85},{"cards_removed":["Strike_R"],"damage_healed":0,"gold_gain":0,"player_choice":"Elegance","damage_taken":0,"max_hp_gain":0,"max_hp_loss":0,"event_name":"Back to Basics","floor":22,"gold_loss":0}],"is_beta":false,"boss_relics":[{"not_picked":["SlaversCollar","Runic Dome"],"picked":"Fusion Hammer"}],"items_purged_floors":[10],"is_endless":false,"potions_floor_spawned":[8,11,14,16],"killed_by":"Gremlin Leader","ascension_level":20}}