{"host":"x0g9zc8ypjv50zb0","time":1607602503,"event":{"gold_per_floor":[114,132,132,132,161,208,220,265,329,341,388,400,425,437,449,564,576,598,610,622,634,646,658,695,721,784,796,808,839,851,863,875,990,1002,1024,1054,1066,271,271,271,298,298,371,371,16,16,16,35,35,44],"floor_reached":51,"playtime":1497,"items_purged":[],"score":1155,"play_id":"a6d6f634-8658-4b77-a8d4-59c7e26ee0c0","local_time":"20201210201503","daily_mods":["Hoarder","Cursed Run"],"is_ascension_mode":false,"campfire_choices":[{"data":"HollowMod:FastStrike","floor":12,"key":"SMITH"},{"data":"HollowMod:FastStrike","floor":15,"key":"SMITH"},{"data":"HollowMod:FastStrike","floor":23,"key":"SMITH"},{"data":"HollowMod:SlysStrikes","floor":27,"key":"SMITH"},{"data":"HollowMod:SlysStrikes","floor":32,"key":"SMITH"},{"data":"HollowMod:SlysStrikes","floor":40,"key":"SMITH"},{"data":"HollowMod:HornetsHelp","floor":49,"key":"SMITH"}],"neow_cost":"NONE","seed_source_timestamp":11275549298900,"circlet_count":0,"master_deck":["HollowMod:NailStrikeStart","HollowMod:NailStrikeStart","HollowMod:QuickDashStart","HollowMod:QuickDashStart","HollowMod:QuickDashStart","HollowMod:PogoStrike","HollowMod:FastStrike+1","HollowMod:FastStrike+1","HollowMod:FastStrike+1","HollowMod:CloakDash","HollowMod:CloakDash","HollowMod:CloakDash","HollowMod:Grubsong","HollowMod:Grubsong","HollowMod:Grubsong","HollowMod:BlackTendrils","HollowMod:BlackTendrils","HollowMod:BlackTendrils","hexamod:Haunted","hexamod:Haunted","hexamod:Haunted","HollowMod:AbyssShriek","HollowMod:AbyssShriek","HollowMod:LifebloodCore","HollowMod:LifebloodCore","HollowMod:LifebloodCore","Parasite","Parasite","Parasite","Decay","Decay","Decay","HollowMod:SlysStrikes+1","HollowMod:SlysStrikes+1","HollowMod:SlysStrikes+1","Shame","Shame","Shame","Guardian:Aged","Guardian:Aged","Guardian:Aged","HollowMod:SiblingsShadow","HollowMod:SiblingsShadow","HollowMod:SiblingsShadow","sneckomod:Bewildered","sneckomod:Bewildered","sneckomod:Bewildered","HollowMod:MantisMark","HollowMod:MantisMark","HollowMod:MantisMark","HollowMod:SharpenedShadows","HollowMod:SharpenedShadows","HollowMod:SharpenedShadows","Delirium","Delirium","Delirium","HollowMod:CrystalDash+1","HollowMod:CrystalDash+1","HollowMod:CrystalDash+1","Parasite","Parasite","Parasite","HollowMod:HornetsHelp+1","HollowMod:HornetsHelp","HollowMod:HornetsHelp","CurseOfTheBell","CurseOfTheBell","CurseOfTheBell","HollowMod:VengefulVoid+1","HollowMod:VengefulVoid+1","HollowMod:VengefulVoid+1","Pride","Pride","Pride","HollowMod:VoidDash","HollowMod:VoidDash","HollowMod:VoidDash","HollowMod:SoulEater","HollowMod:SoulEater","HollowMod:SoulEater","HollowMod:SoulEater","HollowMod:SoulEater","HollowMod:SoulEater","HollowMod:DesolateDive","HollowMod:DesolateDive","HollowMod:DesolateDive","HollowMod:SoulStrike","HollowMod:SoulStrike","HollowMod:SoulStrike","HollowMod:BlackTendrils","HollowMod:BlackTendrils","HollowMod:BlackTendrils","Doubt","Doubt","Doubt","Writhe","Writhe","Writhe","expansioncontent:DashGenerateEvil","expansioncontent:DashGenerateEvil","expansioncontent:DashGenerateEvil","HollowMod:NewLittleFool","HollowMod:NewLittleFool","HollowMod:NewLittleFool","hexamod:Haunted","hexamod:Haunted","hexamod:Haunted"],"relics":["Cursed Key","Darkstone Periapt","Du-Vu Doll","NeowsBlessing","MawBank","Gremlin Food","Unceasing Top","Ancient Tea Set","NeowsBlessing","Pen Nib","Blue Doll","Kintsugi","NeowsBlessing","NeowsBlessing","NeowsBlessing","sneckomod:BabySnecko","Centennial Puzzle","Art of War","NeowsBlessing","Calling Bell","Happy Flower","Question Card","Incense Burner","NeowsBlessing","Membership Card","HornCleat","Replay:Baseball","OrangePellets","Durian","Sundial","NeowsBlessing","Potion Belt","NeowsBlessing","Gremlin Horn","HollowMod:LumaflyLanternRelic","CeramicFish","Frozen Eye","NeowsBlessing","NeowsBlessing"],"potions_floor_usage":[],"damage_taken":[{"damage":2,"enemies":"Small Slimes","floor":1,"turns":3},{"damage":6,"enemies":"Jaw Worm","floor":2,"turns":2},{"damage":0,"enemies":"2 Louse","floor":5,"turns":1},{"damage":0,"enemies":"Gremlin Nob","floor":6,"turns":1},{"damage":0,"enemies":"Lagavulin","floor":8,"turns":1},{"damage":0,"enemies":"Gremlin Nob","floor":11,"turns":1},{"damage":0,"enemies":"Exordium Thugs","floor":13,"turns":1},{"damage":0,"enemies":"HollowMod:FalseKnight","floor":16,"turns":1},{"damage":0,"enemies":"Shell Parasite","floor":18,"turns":1},{"damage":0,"enemies":"Book of Stabbing","floor":24,"turns":1},{"damage":0,"enemies":"HollowMod:HuskSentry","floor":25,"turns":1},{"damage":0,"enemies":"Snake Plant","floor":29,"turns":1},{"damage":0,"enemies":"Champ","floor":33,"turns":1},{"damage":14,"enemies":"3 Darklings","floor":35,"turns":2},{"damage":0,"enemies":"Orb Walker","floor":36,"turns":1},{"damage":0,"enemies":"HollowMod:StalkingDevout","floor":41,"turns":1},{"damage":0,"enemies":"Writhing Mass","floor":48,"turns":1},{"damage":0,"enemies":"Time Eater","floor":50,"turns":1}],"seed_played":"7179792744105403621","potions_obtained":[{"floor":2,"key":"BlessingOfTheForge"},{"floor":5,"key":"SpeedPotion"},{"floor":13,"key":"LifebloodPotion"},{"floor":16,"key":"hexamod:EctoCoolerPotion"},{"floor":41,"key":"Cursed Concoction"},{"floor":48,"key":"Dexterity Potion"}],"is_trial":true,"path_per_floor":["M","M","WH","?","M","E","$","E","T","WH","E","R","M","T","R","B",null,"M","WH","WH","WH","?","R","E","M","T","R","WH","M","$","?","R","B",null,"M","M","WH","$","WH","R","E","WH","T","?","$","WH","WH","M","R","B",null],"character_chosen":"THE_BUGKNIGHT","items_purchased":["Membership Card","HornCleat","Replay:Baseball","OrangePellets","Durian","HollowMod:VoidDash","HollowMod:SoulEater","HollowMod:DesolateDive","HollowMod:SoulStrike","Sundial","FairyPotion","HollowMod:LumaflyLanternRelic","CeramicFish","expansioncontent:DashGenerateEvil","Frozen Eye"],"campfire_rested":0,"item_purchase_floors":[38,38,38,38,38,38,38,38,38,38,38,45,45,45,45],"current_hp_per_floor":[73,67,67,60,60,60,60,60,78,78,78,78,78,96,96,114,165,165,165,165,165,183,183,183,183,201,201,201,201,201,201,201,219,237,223,223,223,246,246,246,246,246,264,296,296,296,296,296,296,314],"gold":44,"neow_bonus":"THREE_ENEMY_KILL","is_prod":false,"is_daily":false,"chose_seed":false,"campfire_upgraded":7,"win_rate":0.0,"timestamp":1607602503,"path_taken":["M","M","WH","?","M","E","$","E","T","WH","E","R","M","?","R","BOSS","M","WH","WH","WH","?","R","E","M","T","R","WH","M","$","?","R","BOSS","M","M","WH","$","WH","R","E","WH","T","?","$","WH","WH","M","R","BOSS"],"build_version":"2020-11-30","purchased_purges":0,"victory":true,"max_hp_per_floor":[75,75,75,75,75,75,75,75,93,93,93,93,93,111,111,129,165,165,165,165,165,183,183,183,183,201,201,201,201,201,201,201,219,237,237,237,237,260,260,260,260,260,278,296,296,296,296,296,296,314],"card_choices":[{"not_picked":["HollowMod:LifebloodCocoon","HollowMod:SharpenedNail"],"picked":"HollowMod:FastStrike","floor":1},{"not_picked":["HollowMod:GreatSlash","HollowMod:InfectedCysts","HollowMod:TaintedHusks"],"picked":"SKIP","floor":2},{"not_picked":["HollowMod:SharpenedNail","HollowMod:SiblingsSouls"],"picked":"HollowMod:CloakDash","floor":5},{"not_picked":["HollowMod:DoubleDash","HollowMod:ShadowDash"],"picked":"HollowMod:Grubsong","floor":6},{"not_picked":["HollowMod:Grubsong","HollowMod:PureNailStrike"],"picked":"HollowMod:BlackTendrils","floor":8},{"not_picked":["HollowMod:SharpenedNail","HollowMod:InfectionAssault"],"picked":"HollowMod:AbyssShriek","floor":11},{"not_picked":["HollowMod:InfectedCysts","HollowMod:DashSlash"],"picked":"HollowMod:LifebloodCore","floor":13},{"not_picked":["HollowMod:MidwifesHunger","HollowMod:theNailsmith"],"picked":"HollowMod:SlysStrikes","floor":16},{"not_picked":["HollowMod:DoubleDash","HollowMod:ShapeofUnn+1"],"picked":"HollowMod:SiblingsShadow","floor":18},{"not_picked":["HollowMod:ShadowDash","HollowMod:NewJinnsSoul"],"picked":"HollowMod:MantisMark","floor":24},{"not_picked":["HollowMod:DescendingDark","HollowMod:QuirrelsAssistance"],"picked":"HollowMod:SharpenedShadows","floor":25},{"not_picked":["HollowMod:SiblingsSouls","HollowMod:DoubleDash"],"picked":"HollowMod:CrystalDash+1","floor":29},{"not_picked":["HollowMod:SoulMaster","HollowMod:SlysStrikes"],"picked":"HollowMod:HornetsHelp","floor":33},{"not_picked":["HollowMod:NewJinnsSoul","HollowMod:HowlingWraiths+1","HollowMod:CoiledNail+1"],"picked":"HollowMod:VengefulVoid+1","floor":35},{"not_picked":["HollowMod:GreatSlash","HollowMod:DesolateDive","HollowMod:LifebloodCocoon","HollowMod:TaintedHusks+1"],"picked":"SKIP","floor":36},{"not_picked":["HollowMod:ChannelNail+1","HollowMod:LifebloodCore","HollowMod:GoodIntentions+1"],"picked":"HollowMod:BlackTendrils","floor":41},{"not_picked":["HollowMod:InfectedCysts","HollowMod:ChannelNail+1","HollowMod:RecoilStrike"],"picked":"HollowMod:NewLittleFool","floor":48}],"player_experience":133197,"relics_obtained":[{"floor":6,"key":"Gremlin Food"},{"floor":8,"key":"Unceasing Top"},{"floor":9,"key":"Ancient Tea Set"},{"floor":11,"key":"Pen Nib"},{"floor":14,"key":"Blue Doll"},{"floor":24,"key":"Centennial Puzzle"},{"floor":26,"key":"Art of War"},{"floor":34,"key":"Happy Flower"},{"floor":34,"key":"Question Card"},{"floor":34,"key":"Incense Burner"},{"floor":41,"key":"Potion Belt"},{"floor":43,"key":"Gremlin Horn"}],"event_choices":[{"damage_healed":0,"gold_gain":0,"player_choice":"Relic ","damage_taken":7,"max_hp_gain":0,"max_hp_loss":0,"event_name":"betterThird:BetterScrap","floor":4,"gold_loss":0,"cards_obtained":["Hello World"]},{"damage_healed":70,"gold_gain":0,"player_choice":"Writhe","damage_taken":0,"max_hp_gain":0,"max_hp_loss":0,"event_name":"Winding Halls","floor":44,"gold_loss":0,"cards_obtained":["Writhe"]}],"is_beta":false,"boss_relics":[{"not_picked":["Astrolabe","Coffee Dripper"],"picked":"Kintsugi"},{"not_picked":["Pandora\u0027s Box","Runic Pyramid"],"picked":"Calling Bell"}],"items_purged_floors":[],"is_endless":false,"potions_floor_spawned":[2,5,13,16,29,33,41,48],"ascension_level":0}}