{"host":"u515qumgrc6s41he","time":1607607235,"event":{"gold_per_floor":[113,113,131,151,171,204,379,408,434,468,482,496,496,514,514,619,619,638,51,150,170,186,217,217,236,262,295,295,308,340,12,12,109,109,126,138,138,138,138,138,170,141,141,176,187,133,150,175,175,175,175,175,32,57,57],"floor_reached":56,"playtime":6111,"items_purged":["Defend_MRS"],"score":1803,"play_id":"4185237e-7d5b-4bb5-8bc2-f071e919905b","local_time":"20201210223355","is_ascension_mode":true,"campfire_choices":[{"data":"SatelliteIllusion","floor":13.0,"key":"SMITH"},{"floor":15.0,"key":"REST"},{"floor":24.0,"key":"REST"},{"floor":28.0,"key":"REST"},{"floor":32.0,"key":"REST"},{"floor":40.0,"key":"REST"},{"floor":49.0,"key":"RECALL"},{"data":"OpenUniverse","floor":52.0,"key":"SMITH"}],"neow_cost":"CURSE","seed_source_timestamp":2249059195437200,"circlet_count":0,"master_deck":["Strike_MRS","Strike_MRS","Strike_MRS","Strike_MRS","Defend_MRS","Defend_MRS","MasterSpark","UpSweep","Doubt","6A","OpenUniverse+1","MagicAbsorber+1","GravityBeat","TreasureHunter","Doubt","MachineGunSpark","Pot Of Greed+1","Pot Of Greed+1","SatelliteIllusion+1","AlicesGift","GravityBeat","MagicAbsorber","MysteriousBeam","MagicChant","MysteriousBeam","Pot Of Greed+1","MaximisePower","GravityBeat+1","GrandCross+1","AsteroidBelt+1","OortCloud","6A","GrandCross","MachineGunSpark+1","ManaRampage","StarlightTyphoon","GasGiant","GravityBeat","Pot Of Greed+1","Orbital","MilkyWay","JA","hexamod:Haunted","expansioncontent:Corrupt","expansioncontent:Corrupt","Parasite","Parasite","SatelliteIllusion","LuminesStrike","OpenUniverse+1","BlazeAway+1","Pot Of Greed+1","OrrerysSun+1","Madness","expansioncontent:DashGenerateEvil","ChargeUpSpray+1","GravityBeat+1","MachineGunSpark","WitchLeyline+1","MysteriousBeam+1","IllusionStar+1","OpenUniverse","Singularity+1","UnstableBomb+1","Pot Of Greed+1"],"special_seed":0,"relics":["MiniHakkero","Thread and Needle","Prayer Wheel","Blue Doll","Boot","Grinning Jar","War Paint","Oddly Smooth Stone","Unceasing Top","Busted Crown","Question Card","Blue Candle","Replay:Bottled Eggs","Divine Protection","Blood Vial","ReplayTheSpireMod:CursedCoin","ReplayTheSpireMod:Lightbulb","ShroomBag","Ice Cream","ReplayTheSpireMod:DimensionalGlitch","Anchor","Replay:Wax Seal","FossilizedHelix","Pen Nib","Replay:Bottled Steam","Chemical X","Turnip"],"potions_floor_usage":[55],"damage_taken":[{"damage":0.0,"enemies":"2 Louse","floor":1.0,"turns":2.0},{"damage":0.0,"enemies":"Cultist","floor":3.0,"turns":4.0},{"damage":2.0,"enemies":"Jaw Worm","floor":4.0,"turns":3.0},{"damage":5.0,"enemies":"2 Fungi Beasts","floor":5.0,"turns":3.0},{"damage":1.0,"enemies":"Lagavulin","floor":6.0,"turns":5.0},{"damage":18.0,"enemies":"3 Sentries","floor":8.0,"turns":8.0},{"damage":12.0,"enemies":"Gremlin Nob","floor":10.0,"turns":2.0},{"damage":1.0,"enemies":"Looter","floor":11.0,"turns":3.0},{"damage":7.0,"enemies":"Large Slime","floor":12.0,"turns":6.0},{"damage":2.0,"enemies":"Blue Slaver","floor":14.0,"turns":3.0},{"damage":0.0,"enemies":"Hexaghost","floor":16.0,"turns":4.0},{"damage":6.0,"enemies":"Spheric Guardian","floor":18.0,"turns":3.0},{"damage":5.0,"enemies":"2 Thieves","floor":21.0,"turns":4.0},{"damage":18.0,"enemies":"Centurion and Healer","floor":22.0,"turns":4.0},{"damage":44.0,"enemies":"Gremlin Leader","floor":23.0,"turns":5.0},{"damage":0.0,"enemies":"3 Cultists","floor":25.0,"turns":2.0},{"damage":8.0,"enemies":"Book of Stabbing","floor":27.0,"turns":3.0},{"damage":0.0,"enemies":"Chosen and Byrds","floor":29.0,"turns":2.0},{"damage":13.0,"enemies":"Gremlin Leader","floor":30.0,"turns":4.0},{"damage":19.0,"enemies":"Champ","floor":33.0,"turns":8.0},{"damage":2.0,"enemies":"Orb Walker","floor":35.0,"turns":2.0},{"damage":46.0,"enemies":"3 Shapes","floor":36.0,"turns":3.0},{"damage":5.0,"enemies":"Giant Head","floor":41.0,"turns":5.0},{"damage":0.0,"enemies":"Nemesis","floor":44.0,"turns":3.0},{"damage":0.0,"enemies":"Transient","floor":45.0,"turns":4.0},{"damage":0.0,"enemies":"Sphere and 2 Shapes","floor":47.0,"turns":2.0},{"damage":0.0,"enemies":"Reptomancer","floor":48.0,"turns":2.0},{"damage":41.0,"enemies":"Awakened One","floor":50.0,"turns":7.0},{"damage":0.0,"enemies":"Shield and Spear","floor":54.0,"turns":2.0},{"damage":77,"enemies":"The Heart","floor":55,"turns":8}],"seed_played":"-526419812354877723","potions_obtained":[{"floor":3.0,"key":"StarNLove"},{"floor":4.0,"key":"Death Potion"},{"floor":5.0,"key":"Fire Potion"},{"floor":8.0,"key":"FearPotion"},{"floor":11.0,"key":"FearPotion"},{"floor":18.0,"key":"SneckoOil"},{"floor":21.0,"key":"Block Potion"},{"floor":23.0,"key":"Adrenaline Potion"},{"floor":29.0,"key":"FairyPotion"},{"floor":33.0,"key":"Swift Potion"},{"floor":35.0,"key":"Energy Potion"},{"floor":47.0,"key":"ShroomBrew"},{"floor":54.0,"key":"Dexterity Potion"}],"is_trial":false,"path_per_floor":["M","?","M","M","M","E","?","E","T","E","M","M","R","M","R","B",null,"M","$","?","M","M","E","R","M","T","E","R","M","E","$","R","B",null,"M","M","$","?","?","R","E","$","T","E","M","$","M","E","R","B",null,"R","$","E","B",null],"character_chosen":"MARISA","items_purchased":["Question Card","AsteroidBelt+1","Blue Candle","ReplayTheSpireMod:CursedCoin","expansioncontent:Corrupt","ReplayTheSpireMod:Lightbulb","ShroomBag","GravityBeat+1","IllusionStar+1","OpenUniverse","Chemical X"],"campfire_rested":5,"item_purchase_floors":[19,19,19,31,31,31,31,42,46,46,53],"current_hp_per_floor":[75,75,75,73,68,67,67,49,49,37,36,29,29,27,49,49,75,69,69,69,64,46,2,24,24,24,16,38,38,25,25,47,34,75,73,28,28,28,20,42,44,44,44,46,47,47,48,49,49,11,75,75,75,75,11],"gold":57,"neow_bonus":"ONE_RARE_RELIC","is_prod":false,"is_daily":false,"chose_seed":false,"campfire_upgraded":2,"win_rate":0,"timestamp":1607607235,"path_taken":["M","?","?","?","M","E","?","E","T","E","M","M","R","M","R","BOSS","M","$","?","M","M","E","R","M","T","E","R","M","E","$","R","BOSS","M","M","$","?","?","R","E","$","T","E","M","$","M","E","R","BOSS","R","$","E","BOSS"],"build_version":"2020-11-30","purchased_purges":1,"victory":true,"max_hp_per_floor":[75,75,75,75,75,75,75,75,75,75,75,75,75,75,75,75,75,75,75,75,75,75,75,75,75,75,75,75,75,75,75,75,75,75,75,75,75,75,75,75,75,75,75,75,75,75,75,75,75,75,75,75,75,75,75],"relic_stats":{"counters":[30,116],"Blue Candle":[21],"Pen Nib":[14],"War Paint":["Pot Of Greed","MagicAbsorber"],"Boot":[637],"Question Card":26,"Blood Vial":9,"Busted Crown":56,"Prayer Wheel":12,"Turnip":[2],"Chemical X":[1],"obtain_stats":[{"Ice Cream":33,"Divine Protection":27,"Blue Doll":8,"Boot":8,"Blood Vial":30,"Sundial":16,"Prayer Wheel":6,"Chemical X":53,"Replay:Bottled Eggs":23,"Replay:Wax Seal":41,"Replay:Bottled Steam":48,"ReplayTheSpireMod:CursedCoin":31,"Blue Candle":19,"Oddly Smooth Stone":10,"Thread and Needle":0,"Pen Nib":44,"War Paint":10,"Question Card":19,"ShroomBag":31,"Anchor":41,"Busted Crown":17,"Ornamental Fan":16,"Turnip":54,"MiniHakkero":0,"Grinning Jar":9,"ReplayTheSpireMod:Lightbulb":31,"ReplayTheSpireMod:DimensionalGlitch":34,"Unceasing Top":16,"FossilizedHelix":43},{"Ice Cream":20,"Divine Protection":17,"Blue Doll":6,"Boot":6,"Blood Vial":19,"Sundial":11,"Prayer Wheel":5,"Chemical X":28,"Replay:Bottled Eggs":15,"Replay:Wax Seal":23,"Replay:Bottled Steam":27,"ReplayTheSpireMod:CursedCoin":19,"Blue Candle":12,"Oddly Smooth Stone":7,"Thread and Needle":0,"Pen Nib":24,"War Paint":7,"Question Card":12,"ShroomBag":19,"Anchor":23,"Busted Crown":11,"Ornamental Fan":11,"Turnip":29,"MiniHakkero":0,"Grinning Jar":6,"ReplayTheSpireMod:Lightbulb":19,"ReplayTheSpireMod:DimensionalGlitch":20,"Unceasing Top":11,"FossilizedHelix":23},{"Ice Cream":78,"Divine Protection":64,"Blue Doll":25,"Boot":25,"Blood Vial":70,"Sundial":42,"Prayer Wheel":17,"Chemical X":106,"Replay:Bottled Eggs":59,"Replay:Wax Seal":88,"Replay:Bottled Steam":99,"ReplayTheSpireMod:CursedCoin":70,"Blue Candle":46,"Oddly Smooth Stone":27,"Thread and Needle":0,"Pen Nib":91,"War Paint":27,"Question Card":46,"ShroomBag":70,"Anchor":88,"Busted Crown":43,"Ornamental Fan":43,"Turnip":108,"MiniHakkero":0,"Grinning Jar":25,"ReplayTheSpireMod:Lightbulb":70,"ReplayTheSpireMod:DimensionalGlitch":78,"Unceasing Top":43,"FossilizedHelix":88}],"Unceasing Top":[2]},"card_choices":[{"not_picked":["MagicChant","UnstableBomb"],"picked":"6A","floor":1.0},{"not_picked":["DarkSpark","Occultation"],"picked":"OpenUniverse","floor":3.0},{"not_picked":["MysteriousBeam","AsteroidBelt"],"picked":"MagicAbsorber","floor":4.0},{"not_picked":["LuminesStrike","NonDirectionalLaser"],"picked":"GravityBeat","floor":5.0},{"not_picked":["ShootingEcho","DragonMeteor"],"picked":"TreasureHunter","floor":6.0},{"not_picked":["MilkyWay","DC"],"picked":"MachineGunSpark","floor":8.0},{"not_picked":["Acceleration","ChargingUp"],"picked":"SatelliteIllusion","floor":10.0},{"not_picked":["BlazeAway","6A"],"picked":"AlicesGift","floor":11.0},{"not_picked":["GrandCross","DarkSpark"],"picked":"GravityBeat","floor":11.0},{"not_picked":["AsteroidBelt","StarBarrage"],"picked":"MagicAbsorber","floor":12.0},{"not_picked":["UnstableBomb","AsteroidBelt"],"picked":"MysteriousBeam","floor":12.0},{"not_picked":["SporeBomb","NonDirectionalLaser"],"picked":"MagicChant","floor":14.0},{"not_picked":["WitchOfGreed","ShootTheMoon"],"picked":"MysteriousBeam","floor":14.0},{"not_picked":["BinaryStars","EscapeVelocity"],"picked":"MaximisePower","floor":16.0},{"not_picked":[],"picked":"GravityBeat+1","floor":18.0},{"not_picked":[],"picked":"GrandCross+1","floor":18.0},{"not_picked":["ShootingEcho+1"],"picked":"OortCloud","floor":21.0},{"not_picked":["SporeBomb+1"],"picked":"6A","floor":21.0},{"not_picked":["PulseMagic"],"picked":"GrandCross","floor":22.0},{"not_picked":["StarBarrage"],"picked":"MachineGunSpark+1","floor":22.0},{"not_picked":["PowerUp"],"picked":"ManaRampage","floor":23.0},{"not_picked":["DarkSpark"],"picked":"StarlightTyphoon","floor":25.0},{"not_picked":["WitchLeyline"],"picked":"GasGiant","floor":25.0},{"not_picked":["NonDirectionalLaser+1"],"picked":"GravityBeat","floor":27.0},{"not_picked":["DoubleSpark"],"picked":"Orbital","floor":29.0},{"not_picked":["DoubleSpark"],"picked":"MilkyWay","floor":29.0},{"not_picked":["BlazingStar"],"picked":"JA","floor":30.0},{"not_picked":["FinalSpark"],"picked":"SatelliteIllusion","floor":33.0},{"not_picked":["Acceleration"],"picked":"LuminesStrike","floor":35.0},{"not_picked":["Occultation"],"picked":"OpenUniverse+1","floor":35.0},{"not_picked":["StarlightTyphoon"],"picked":"BlazeAway+1","floor":36.0},{"not_picked":["SporeBomb+1"],"picked":"OrrerysSun+1","floor":36.0},{"not_picked":["Trip"],"picked":"Madness","floor":39.0},{"not_picked":["expansioncontent:GoopSpray"],"picked":"expansioncontent:DashGenerateEvil","floor":39.0},{"not_picked":["PowerUp+1"],"picked":"ChargeUpSpray+1","floor":41.0},{"not_picked":["PowerUp"],"picked":"MachineGunSpark","floor":44.0},{"not_picked":["WitchOfGreed"],"picked":"WitchLeyline+1","floor":45.0},{"not_picked":["WitchOfGreed+1"],"picked":"MysteriousBeam+1","floor":45.0},{"not_picked":["SuperPerseids"],"picked":"Singularity+1","floor":47.0},{"not_picked":["AlicesGift","EnergyRecoil"],"picked":"SKIP","floor":47.0},{"not_picked":["FinalSpark","Occultation"],"picked":"SKIP","floor":48.0},{"not_picked":["FairyDestructionRay"],"picked":"UnstableBomb+1","floor":54.0}],"player_experience":184546,"relics_obtained":[{"floor":6.0,"key":"Prayer Wheel"},{"floor":8.0,"key":"Blue Doll"},{"floor":8.0,"key":"Boot"},{"floor":9.0,"key":"Grinning Jar"},{"floor":10.0,"key":"War Paint"},{"floor":10.0,"key":"Oddly Smooth Stone"},{"floor":16.0,"key":"Unceasing Top"},{"floor":23.0,"key":"Replay:Bottled Eggs"},{"floor":27.0,"key":"Divine Protection"},{"floor":30.0,"key":"Blood Vial"},{"floor":33.0,"key":"Ice Cream"},{"floor":41.0,"key":"Anchor"},{"floor":41.0,"key":"Replay:Wax Seal"},{"floor":43.0,"key":"FossilizedHelix"},{"floor":44.0,"key":"Pen Nib"},{"floor":48.0,"key":"Replay:Bottled Steam"},{"floor":54.0,"key":"Turnip"}],"event_choices":[{"cards_removed":["Defend_MRS"],"damage_healed":0.0,"max_hp_gain":0.0,"max_hp_loss":0.0,"gold_gain":0.0,"event_name":"Purifier","player_choice":"Purged","floor":2.0,"gold_loss":0.0,"damage_taken":0.0},{"damage_healed":0.0,"max_hp_gain":0.0,"max_hp_loss":0.0,"gold_gain":175.0,"event_name":"Liars Game","player_choice":"AGREE","floor":7.0,"gold_loss":0.0,"damage_taken":0.0,"cards_obtained":["Doubt"]},{"damage_healed":0.0,"max_hp_gain":0.0,"max_hp_loss":0.0,"gold_gain":99.0,"event_name":"Nest","player_choice":"Stole From Cult","floor":20.0,"gold_loss":0.0,"damage_taken":0.0},{"damage_healed":0.0,"max_hp_gain":0.0,"max_hp_loss":0.0,"gold_gain":0.0,"event_name":"The Moai Head","player_choice":"Ignored","floor":38.0,"gold_loss":0.0,"damage_taken":0.0},{"damage_healed":0.0,"max_hp_gain":0.0,"max_hp_loss":0.0,"gold_gain":0.0,"event_name":"SensoryStone","player_choice":"Memory 2","floor":39.0,"gold_loss":0.0,"damage_taken":5.0}],"is_beta":false,"boss_relics":[{"not_picked":["Snecko Eye","Ectoplasm"],"picked":"Busted Crown"},{"not_picked":["Tiny House","ExperimentalFamiliar"],"picked":"ReplayTheSpireMod:DimensionalGlitch"}],"items_purged_floors":[19],"is_endless":false,"potions_floor_spawned":[3,4,5,8,11,18,21,23,29,33,35,47,54],"ascension_level":1}}