{"host":"zt56gx41altgtukx","time":1607583700,"event":{"gold_per_floor":[113,175,194,207,207,225,325,325,373,401,61,80,80,113,113,208,208,226,242,261,261,272,272,303,303,358,358,387,387,422,422,422,529,529,550,41,61,83,102,136,157,157,157,157,157,172,201,236,236,242],"floor_reached":51,"playtime":5387,"items_purged":[],"score":646,"play_id":"0851dd08-6ed6-4718-9133-14c84f4d7bf1","local_time":"20201210010140","is_ascension_mode":false,"campfire_choices":[{"data":"Shade:CallWraith","floor":8.0,"key":"SMITH"},{"floor":13.0,"key":"REST"},{"floor":15.0,"key":"REST"},{"floor":23.0,"key":"REST"},{"floor":29,"key":"REST"},{"data":"Shade:SkeletonArmy","floor":32,"key":"SMITH"},{"floor":42,"key":"REST"},{"floor":49,"key":"REST"}],"neow_cost":"NONE","seed_source_timestamp":5277053430200,"circlet_count":0,"master_deck":["Shade:Strike_Shade","Shade:Strike_Shade","Shade:Strike_Shade","Shade:Defend_Shade","Shade:Defend_Shade","Shade:Defend_Shade","Shade:Defend_Shade","Shade:AnimateDead","Shade:CarefulCut","Shade:Frenzy","Shade:WallOfFlesh","Shade:OpenGraves","Shade:CallWraith+1","Shade:AblativeArmor","Shade:PoundOfFlesh","Shade:Bonestorm","Shade:GraveStillness","Shade:FreshBones","Shade:PressTheAttack","Shade:DangerousRitual","Shade:Premonition","Shade:Putrefaction","Shade:Premonition+1","Shade:FleshToFlesh","Shade:FleshOffering+1","Shade:CommandSoldier","Shade:SanguineRitual","StuffTheSpire:Harmony","Shade:PotionOfRestlessness","Shade:LyeBath","Shade:CloudOfShrapnel+1","Shade:SkeletonArmy+1","Shade:LichForm","Shade:CommandSoldier","Shade:StitchTogether","Shade:SkeletonArmy","expansioncontent:DecasProtection","Parasite","Shade:Premonition+1","Shade:Bonestorm+1","Shade:CallWraith","Shade:BoneShards+1","Shade:FleshToFlesh+1","Shade:Trample+1"],"special_seed":0,"relics":["Shade:YorickSkull","NeowsBlessing","hubris:SlimyHat","halation:Jellyphish","Vajra","halation:SmartPhone","aspiration:HatOfInfinitePower","Dream Catcher","Replay:Bandana","Orichalcum","Black Star","StuffTheSpire:DarkSteelAnvil","Ice Cream","hubris:ToyBattleship","halation:TwoAmDonut","halation:PinkSoulGem"],"potions_floor_usage":[28,30,35,39,40,46,50],"damage_taken":[{"damage":0.0,"enemies":"Small Slimes","floor":1.0,"turns":2.0},{"damage":0.0,"enemies":"2 Louse","floor":3.0,"turns":1.0},{"damage":0.0,"enemies":"Cultist","floor":4.0,"turns":1.0},{"damage":6.0,"enemies":"2 Fungi Beasts","floor":6.0,"turns":4.0},{"damage":13.0,"enemies":"Gremlin Nob","floor":10.0,"turns":5.0},{"damage":6.0,"enemies":"Red Slaver","floor":12.0,"turns":2.0},{"damage":5.0,"enemies":"Exordium Wildlife","floor":14.0,"turns":4.0},{"damage":30.0,"enemies":"Hexaghost","floor":16.0,"turns":11.0},{"damage":23.0,"enemies":"2 Thieves","floor":18.0,"turns":4.0},{"damage":5.0,"enemies":"Chosen","floor":19.0,"turns":4.0},{"damage":5.0,"enemies":"Snake Plant","floor":20.0,"turns":3.0},{"damage":5.0,"enemies":"Snecko","floor":22.0,"turns":5.0},{"damage":0.0,"enemies":"Replay:Snechameleon","floor":24.0,"turns":5.0},{"damage":12,"enemies":"Shelled Parasite and Fungi","floor":28,"turns":6},{"damage":0,"enemies":"conspire:Head Lice","floor":30,"turns":7},{"damage":36,"enemies":"Pondfish","floor":33,"turns":10},{"damage":17,"enemies":"3 Shapes","floor":35,"turns":7},{"damage":7,"enemies":"Orb Walker","floor":37,"turns":4},{"damage":22,"enemies":"Writhing Mass","floor":38,"turns":6},{"damage":18,"enemies":"Jaw Worm Horde","floor":39,"turns":3},{"damage":39,"enemies":"Giant Head","floor":40,"turns":8},{"damage":2,"enemies":"3 Darklings","floor":41,"turns":5},{"damage":20,"enemies":"Transient","floor":46,"turns":5},{"damage":25,"enemies":"Jaw Worm Horde","floor":47,"turns":4},{"damage":7,"enemies":"4 Shapes","floor":48,"turns":3},{"damage":17,"enemies":"Replay:Hell Engine","floor":50,"turns":10}],"seed_played":"-6740040168784112862","potions_obtained":[{"floor":2.0,"key":"Fruit Juice"},{"floor":2.0,"key":"SpeedPotion"},{"floor":2.0,"key":"Explosive Potion"},{"floor":3.0,"key":"Reflective Coating"},{"floor":6.0,"key":"Block Potion"},{"floor":16.0,"key":"Explosive Potion"},{"floor":19.0,"key":"Block Potion"},{"floor":24.0,"key":"Slimebound:ThreeZeroPotion"},{"floor":33,"key":"SpeedPotion"},{"floor":37,"key":"BlessingOfTheForge"},{"floor":40,"key":"EssenceOfSteel"},{"floor":41,"key":"Milkshake"}],"is_trial":false,"path_per_floor":["M","?","M","M","?","M","?","R","T","E","$","M","R","MIM","R","B",null,"M","M","M","?","M","R","E","?","T","?","M","R","E","?","R","B",null,"M","$","M","M","M","E","M","R","T","?","?","M","M","M","R","B",null],"character_chosen":"SHADE","items_purchased":["Shade:Bonestorm","Shade:GraveStillness","halation:Jellyphish","Shade:FreshBones","Shade:PressTheAttack","Shade:StitchTogether","Shade:SkeletonArmy","expansioncontent:DecasProtection","StuffTheSpire:DarkSteelAnvil"],"campfire_rested":6,"item_purchase_floors":[11,11,11,11,11,36,36,36,36],"current_hp_per_floor":[65,49,54,54,54,48,48,48,48,35,35,29,50,45,66,36,70,47,42,34,34,31,52,52,52,52,45,43,57,67,60,60,34,70,58,37,42,40,41,17,28,53,53,53,45,44,34,38,55,66],"gold":242,"neow_bonus":"THREE_ENEMY_KILL","is_prod":false,"is_daily":false,"chose_seed":false,"campfire_upgraded":2,"win_rate":0.0,"timestamp":1607583700,"path_taken":["M","?","M","M","?","?","?","R","T","E","$","?","R","?","R","BOSS","M","M","M","?","M","R","E","?","T","?","M","R","E","?","R","BOSS","M","$","M","M","M","E","M","R","T","?","?","M","M","?","R","BOSS"],"build_version":"2020-11-30","purchased_purges":0,"victory":true,"max_hp_per_floor":[65,65,70,70,70,70,70,70,70,70,70,70,70,70,70,70,70,70,70,70,70,70,70,70,70,70,70,70,70,70,70,70,70,70,70,70,70,75,85,85,85,85,85,85,85,85,85,85,85,92],"card_choices":[{"not_picked":["Shade:ClawBack","Shade:FleshToFlesh"],"picked":"Shade:Frenzy","floor":1.0},{"not_picked":["Shade:Haruspicy","Shade:Patience"],"picked":"Shade:WallOfFlesh","floor":2.0},{"not_picked":["Shade:PotionOfRestlessness","Shade:Asphyxiate"],"picked":"Shade:OpenGraves","floor":3.0},{"not_picked":["Shade:SanguineRitual","Shade:AblativeArmor"],"picked":"Shade:CallWraith","floor":4.0},{"not_picked":["Shade:CallOfTheGrave","Shade:SkeletonHug"],"picked":"Shade:AblativeArmor","floor":6.0},{"not_picked":["Shade:MadHubris","Shade:RitualOffering"],"picked":"Shade:PoundOfFlesh","floor":10.0},{"not_picked":["Shade:Brains","Shade:BoneShards"],"picked":"Shade:DangerousRitual","floor":12.0},{"not_picked":["Shade:CoffinDance","Shade:FuneraryArmor"],"picked":"Shade:Premonition","floor":14.0},{"not_picked":["Shade:OneIsEnough","Shade:LastGasp"],"picked":"Shade:Putrefaction","floor":16.0},{"not_picked":["Shade:FeralStrike","Shade:Excise"],"picked":"Shade:Premonition+1","floor":18.0},{"not_picked":["Shade:Carnophage","Shade:FingerOfDeath"],"picked":"Shade:FleshToFlesh","floor":19.0},{"not_picked":["Shade:GreyBargain","Shade:FingerOfDeath"],"picked":"Shade:FleshOffering+1","floor":20.0},{"not_picked":["Shade:BoneShards","Shade:AblativeArmor+1"],"picked":"Shade:CommandSoldier","floor":22.0},{"not_picked":["Shade:OneIsEnough","Shade:ClawBack"],"picked":"Shade:SanguineRitual","floor":24.0},{"not_picked":["StuffTheSpire:Ambrosia","StuffTheSpire:Perfection"],"picked":"StuffTheSpire:Harmony","floor":27},{"not_picked":["Shade:CoffinDance","Shade:StitchTogether"],"picked":"Shade:PotionOfRestlessness","floor":28},{"not_picked":["Shade:Trample","Shade:SpontaneousRitual"],"picked":"Shade:LyeBath","floor":29},{"not_picked":["Shade:CommandSoldier","Shade:LastGasp"],"picked":"Shade:CloudOfShrapnel+1","floor":30},{"not_picked":["Shade:Tombstone","Shade:Consume"],"picked":"Shade:LichForm","floor":33},{"not_picked":["Shade:FuneraryArmor+1","Shade:FeralStrike"],"picked":"Shade:CommandSoldier","floor":35},{"not_picked":["Shade:FleshLikeOak","Shade:SkeletonHug","Shade:CloudOfShrapnel+1"],"picked":"SKIP","floor":37},{"not_picked":["Shade:ClawBack","Shade:FreshBones+1","Shade:AblativeArmor"],"picked":"SKIP","floor":38},{"not_picked":["Shade:BoneShards+1","Shade:FeralStrike+1"],"picked":"Shade:Premonition+1","floor":39},{"not_picked":["Shade:LastGasp","Shade:BoneShards","Shade:GreyBargain+1"],"picked":"SKIP","floor":40},{"not_picked":["Shade:FleshToFlesh+1","Shade:BoneShards"],"picked":"Shade:Bonestorm+1","floor":41},{"not_picked":["Shade:AblativeArmor+1","Shade:CallWraith+1"],"picked":"Shade:BoneShards+1","floor":46},{"not_picked":["Shade:Frenzy","Shade:BoneShards","Shade:ClawBack+1"],"picked":"SKIP","floor":47},{"not_picked":["Shade:Bonestorm+1","Shade:SkeletonHug"],"picked":"Shade:FleshToFlesh+1","floor":48},{"not_picked":["Shade:Premonition","Shade:GraveStillness+1"],"picked":"Shade:Trample+1","floor":49}],"player_experience":11950,"relics_obtained":[{"floor":9.0,"key":"Bronze Scales"},{"floor":10.0,"key":"hubris:SlimyHat"},{"floor":14.0,"key":"Vajra"},{"floor":21.0,"key":"aspiration:HatOfInfinitePower"},{"floor":24.0,"key":"Dream Catcher"},{"floor":26.0,"key":"Replay:Bandana"},{"floor":30,"key":"Orichalcum"},{"floor":40,"key":"Ice Cream"},{"floor":40,"key":"hubris:ToyBattleship"},{"floor":43,"key":"halation:TwoAmDonut"}],"event_choices":[{"damage_healed":0.0,"max_hp_gain":0.0,"max_hp_loss":0.0,"gold_gain":0.0,"event_name":"The Woman in Blue","player_choice":"Bought 0 Potions","floor":5.0,"gold_loss":0.0,"damage_taken":0.0},{"damage_healed":0.0,"max_hp_gain":0.0,"max_hp_loss":0.0,"gold_gain":100.0,"event_name":"Wheel of Change","player_choice":"Gold","floor":7.0,"gold_loss":0.0,"damage_taken":0.0},{"damage_healed":0.0,"max_hp_gain":0.0,"max_hp_loss":0.0,"gold_gain":0.0,"event_name":"Wheel of Change","player_choice":"Relic","floor":21.0,"gold_loss":0.0,"damage_taken":0.0},{"cards_removed":["Shade:Defend_Shade"],"damage_healed":0.0,"max_hp_gain":0.0,"max_hp_loss":0.0,"gold_gain":0.0,"event_name":"betterNote:BetterNote","player_choice":"Give","floor":25.0,"gold_loss":0.0,"damage_taken":0.0,"cards_obtained":["None"]},{"damage_healed":0,"gold_gain":0,"player_choice":"Read","damage_taken":0,"max_hp_gain":0,"max_hp_loss":0,"event_name":"The Library","floor":31,"gold_loss":0,"cards_obtained":["Shade:SkeletonArmy"]},{"damage_healed":0,"gold_gain":0,"cards_transformed":["Shade:Strike_Shade"],"player_choice":"Transformed","damage_taken":0,"max_hp_gain":0,"max_hp_loss":0,"event_name":"Transmorgrifier","floor":45,"gold_loss":0,"cards_obtained":["Shade:CallWraith"]}],"is_beta":false,"boss_relics":[{"not_picked":["Ectoplasm","halation:Prosthetics"],"picked":"halation:SmartPhone"},{"not_picked":["Calling Bell","Replay:Grab Bag"],"picked":"Black Star"}],"items_purged_floors":[],"is_endless":false,"potions_floor_spawned":[3,4,6,16,19,24,33,37,40,41],"ascension_level":0}}