{"host":"vvp4eihuvtuugjfx","time":1607608261,"event":{"gold_per_floor":[116,4,4,4,16,49,49,75,75,75,93,93,121,121,121,224,224,241,241,274,274,294,294,327,341,341,372,34,48,115,131,131,131,131],"floor_reached":33,"playtime":2915,"items_purged":[],"score":379,"play_id":"244821fb-ab6c-465d-9d93-31a223b084eb","local_time":"20201210145101","is_ascension_mode":true,"campfire_choices":[{"data":"HollowMod:VengefulVoid","floor":10,"key":"SMITH"},{"data":"HollowMod:PogoStrike","floor":10,"key":"SMITH"},{"data":"HollowMod:WraithStrike","floor":15,"key":"SMITH"},{"data":"HollowMod:VoidDash","floor":15,"key":"SMITH"},{"data":"Hallownest:attackMasterCycloneSlash","floor":23,"key":"SMITH"},{"data":"HollowMod:ElderbugsWisdom","floor":23,"key":"SMITH"}],"neow_cost":"NONE","seed_source_timestamp":2457947614893600,"circlet_count":0,"master_deck":["HollowMod:NailStrikeStart","HollowMod:NailStrikeStart","HollowMod:NailStrikeStart","HollowMod:QuickDashStart","HollowMod:QuickDashStart","HollowMod:QuickDashStart","HollowMod:PogoStrike+1","HollowMod:VoidDash+1","HollowMod:NewLittleFool","HollowMod:MidwifesHunger+1","HollowMod:VengefulVoid+1","HollowMod:NewLittleFool","HollowMod:VoidDash","HollowMod:WraithStrike+1","HollowMod:ElderbugsWisdom+1","HollowMod:SiblingsSouls+1","HollowMod:SiblingsSouls","Hallownest:attackMasterCycloneSlash+1","HollowMod:DashSlash","HollowMod:GrimmsGift","HollowMod:DescendingDark","HollowMod:BlackTendrils+1","HollowMod:VengefulVoid+1","HollowMod:DescendingDark","HollowMod:HornetsHelp","HollowMod:VengefulVoid","HollowMod:GrimmsGift","HollowMod:SiblingsSouls","HollowMod:CornifersMapStart","HollowMod:DungDefenderAura+1","HollowMod:CornifersMapStart"],"relics":["Replay:Arrowhead","Potion Belt","Hallownest:DreamNailRelic","aspiration:RitualDagger","Ring of Panic","Ring of Misfortune","Meat on the Bone","Replay:Ringing Soul","The Courier","Iron Hammer","Strange Spoon","MerchantsRug"],"potions_floor_usage":[6],"damage_taken":[{"damage":0,"enemies":"2_ Uuma","floor":1,"turns":4},{"damage":0,"enemies":"Hallownest:monsterHuskGuard","floor":5,"turns":4},{"damage":3,"enemies":"Hallownest:eliteVengeflyKing","floor":6,"turns":8},{"damage":0,"enemies":"Hallownest:eliteMossKnight","floor":8,"turns":4},{"damage":6,"enemies":"Hallownest:2_Baldur","floor":11,"turns":2},{"damage":2,"enemies":"Hallownest:monsterMarmu","floor":12,"turns":5},{"damage":2,"enemies":"Hallownest:eliteCrystalGuardian","floor":13,"turns":4},{"damage":35,"enemies":"Hallownest:BossHornet","floor":16,"turns":10},{"damage":18,"enemies":"Hallownest:3_Youths","floor":18,"turns":6},{"damage":12,"enemies":"Hallownest:2_Mistakes","floor":20,"turns":4},{"damage":9,"enemies":"Hallownest:2_Mistakes","floor":22,"turns":3},{"damage":14,"enemies":"Hallownest:Nosk","floor":24,"turns":4},{"damage":9,"enemies":"Hallownest:monsterShrumalOgre","floor":25,"turns":3},{"damage":61,"enemies":"Hallownest:eliteWatcherKnight","floor":27,"turns":11},{"damage":28,"enemies":"Hallownest:2_Flukemon","floor":29,"turns":4},{"damage":54,"enemies":"Hallownest:Glutton_and_Coward","floor":30,"turns":3},{"damage":9,"enemies":"Hallownest:Warrior_and_Youth","floor":31,"turns":3},{"damage":88,"enemies":"Hallownest:BossGrimm","floor":33,"turns":8}],"seed_played":"-6371513943844840761","potions_obtained":[{"floor":5,"key":"BlessingOfTheForge"},{"floor":16,"key":"FearPotion"},{"floor":24,"key":"Strength Potion"},{"floor":25,"key":"Adrenaline Potion"}],"is_trial":false,"path_per_floor":["M","$","?","?","M","E","$","E","T","R","M","?","E","?","R","B",null,"M","?","MIM","?","M","R","E","M","T","E","$","M","M","M","R_BF","B"],"character_chosen":"THE_BUGKNIGHT","items_purchased":["HollowMod:MidwifesHunger+1","Strange Spoon","MerchantsRug","HollowMod:VengefulVoid+1","HollowMod:DescendingDark","HollowMod:HornetsHelp","HollowMod:VengefulVoid","HollowMod:GrimmsGift","HollowMod:SiblingsSouls"],"campfire_rested":0,"item_purchase_floors":[2,28,28,28,28,28,28,28,28],"current_hp_per_floor":[75,75,75,75,75,72,72,72,72,72,66,64,62,62,62,27,75,57,57,45,45,48,48,49,43,43,83,86,87,58,61,61,0,0],"gold":131,"neow_bonus":"ONE_RANDOM_RARE_CARD","is_prod":false,"is_daily":false,"chose_seed":false,"campfire_upgraded":6,"win_rate":0,"timestamp":1607608261,"path_taken":["M","$","?","?","M","E","?","E","T","R","M","?","E","?","R","BOSS","M","?","?","?","M","R","E","M","T","E","$","M","?","M","R_BF","BOSS"],"build_version":"2020-11-30","purchased_purges":0,"victory":false,"max_hp_per_floor":[75,75,75,75,75,75,75,75,75,75,75,75,75,75,75,75,75,75,75,75,75,75,75,78,81,81,84,87,90,93,96,96,96,96],"card_choices":[{"not_picked":["HollowMod:SoulSplash","HollowMod:InfectedCysts"],"picked":"HollowMod:NewLittleFool","floor":1},{"not_picked":["HollowMod:BaldurShell","HollowMod:VengefulSpirit"],"picked":"HollowMod:VengefulVoid","floor":5},{"not_picked":["HollowMod:SiblingsSouls","HollowMod:CloakDash"],"picked":"HollowMod:NewLittleFool","floor":6},{"not_picked":["HollowMod:VengefulVoid","HollowMod:LifebloodCocoon"],"picked":"HollowMod:VoidDash","floor":8},{"not_picked":["HollowMod:SharpenedNail","HollowMod:HuntersJournal"],"picked":"HollowMod:WraithStrike","floor":11},{"not_picked":["HollowMod:LifebloodCore","HollowMod:InfectedCysts","HollowMod:SoulSplash"],"picked":"SKIP","floor":13},{"not_picked":["HollowMod:Weaversong","HollowMod:Hiveblood"],"picked":"HollowMod:ElderbugsWisdom","floor":16},{"not_picked":["HollowMod:LuriensSpire+1","HollowMod:FastStrike"],"picked":"HollowMod:SiblingsSouls+1","floor":18},{"not_picked":["HollowMod:SoulSplash","HollowMod:SharpenedNail+1"],"picked":"HollowMod:SiblingsSouls","floor":20},{"not_picked":["HollowMod:TaintedHusks","HollowMod:WraithStrike"],"picked":"HollowMod:DashSlash","floor":22},{"not_picked":["HollowMod:MawleksShell+1","HollowMod:CrystalDash"],"picked":"HollowMod:GrimmsGift","floor":24},{"not_picked":["HollowMod:CloakDash","HollowMod:PureVessel"],"picked":"HollowMod:DescendingDark","floor":25},{"not_picked":["HollowMod:InfectedCysts+1","HollowMod:SiblingsSouls"],"picked":"HollowMod:BlackTendrils+1","floor":27},{"not_picked":["HollowMod:SoulEater","HollowMod:HuntersJournal"],"picked":"HollowMod:CornifersMapStart","floor":29},{"not_picked":["HollowMod:SiblingsSouls","HollowMod:VengefulSpirit"],"picked":"HollowMod:DungDefenderAura+1","floor":30},{"not_picked":["HollowMod:VengefulSpirit","HollowMod:VengefulVoid"],"picked":"HollowMod:CornifersMapStart","floor":31}],"player_experience":704969,"relics_obtained":[{"floor":6,"key":"Akabeko"},{"floor":8,"key":"aspiration:DSix"},{"floor":9,"key":"Replay:Arrowhead"},{"floor":13,"key":"Potion Belt"},{"floor":19,"key":"Ring of Panic"},{"floor":19,"key":"Ring of Misfortune"},{"floor":20,"key":"Meat on the Bone"},{"floor":24,"key":"Replay:Ringing Soul"},{"floor":26,"key":"The Courier"},{"floor":27,"key":"Iron Hammer"}],"event_choices":[],"is_beta":false,"boss_relics":[{"not_picked":["Busted Crown","Replay:Drink Me"],"picked":"aspiration:RitualDagger"}],"items_purged_floors":[],"is_endless":false,"potions_floor_spawned":[5,12,16,24,25],"killed_by":"Hallownest:BossGrimm","ascension_level":2}}