{"host":"kv06jx36eid0zw4n","time":1607636501,"event":{"mods":["BaseMod","StSLib","AchievementEnabler","Act Like it!","Aspiration","Beaked The Cultist","Better Note","Better Skull","Better Third Choice","BetterRewards","Block Reminder","Colored Map","Conspire","Elementarium","Energized Spire","Friendly Minions","Gensokyo","GifTheSpireLib","Glutton Mod","GungeonMod","Halation","Hermit","Hubris","Infinite Spire","Key Reminder","KomeijiMod","Lobotomy","Mimic Mod","Minty Spire (QoL Compilation)","MostiFishMod","Pale of the Ancients","Prisma Mod","Quarter Circle Forward PUNCH!","Rare Cards Sparkle","Replay The Spire","RumiaBox-????????","Small Relic Pack","Spicy Shops","Stuff the Spire","The Blue Laboratory","The Cursed","The Judge","TheBandit","Trackpad","Uncapped","Wandering Minibosses","[IsaacMod]????","vexMod"],"gold_per_floor":[109,35,53,53,53,88,106,106,106,106,132,149,160,195,195,293,293,306,606,624,624,639,639,671,671,702,702,714,743,743,771,771,866,866,878,897,897,897,917,917,944,962,1035,1049,1049,1066,1066,1066,1066,1066,1066,1066,1066,2163,2163],"floor_reached":56,"playtime":4590,"items_purged":["StuffTheSpire:Injection"],"score":2346,"play_id":"0db9f698-b6ac-4dc8-ac70-2ab5dce36d8e","local_time":"20201210224141","is_ascension_mode":true,"campfire_choices":[{"floor":15.0,"key":"RECALL"},{"data":"Noxious Fumes","floor":23.0,"key":"SMITH"},{"data":"MostiFishMod:Neurotoxin","floor":25.0,"key":"SMITH"},{"data":"Footwork","floor":27.0,"key":"SMITH"},{"data":"Neutralize","floor":40.0,"key":"SMITH"},{"data":"Crippling Poison","floor":45,"key":"SMITH"},{"data":"Bouncing Flask","floor":49,"key":"SMITH"},{"data":"Deadly Poison","floor":52,"key":"SMITH"}],"circlet_count":0,"master_deck":["Strike_G","Strike_G","Strike_G","Strike_G","Defend_G","Defend_G","Defend_G","Defend_G","Defend_G","Survivor","Neutralize+1","A Thousand Cuts+1","Quick Slash","StuffTheSpire:BrimstoneBlast+1","Poison Darts","ReplayTheSpireMod:Speed Training","MostiFishMod:PerfectParry","ReplayTheSpireMod:Speed Training","Footwork+1","Toxin Wave","Corpse Explosion","PiercingWail","Heel Hook","MostiFishMod:PoisonShield","MostiFishMod:FrostNova","ReplayTheSpireMod:Scrap Shanks","Flash of Steel","Apotheosis+1","Footwork+1","Noxious Fumes+1","MostiFishMod:Neurotoxin+1","Expertise+1","Outmaneuver","MostiFishMod:PreservedThorns+1","Corpse Explosion","StuffTheSpire:Repulse","Phantasmal Killer","StuffTheSpire:BrimstoneBlast+1","ReplayTheSpireMod:Scrap Shanks","StuffTheSpire:Python+1","Catalyst+1","Deadly Poison+1","Crippling Poison+1","Bouncing Flask+1","PiercingWail+1","Parasite"],"special_seed":0,"relics":["Ring of the Snake","DaveBox","HushsDoor","GreenFoldingFan","HowToJump","Question Card","qcfpunch:Chain_With_Nametags","halation:Toothbrush","relicPack:DSword","Thread and Needle","Mercury Hourglass","ImportantClient","FeatherPendant","hubris:NiceRug","infinitespire:Broken Mirror","DianDianMeat","MagicDraw3","vexMod:Dragonfruit","Chemical X","vexMod:PaidLearning","BookOfRevelations","conspire:TopHat","MagicDraw4","Lantern","SharpPlug","ZombieArmy","aspiration:FutureDiary","GuppysTail","DemoMod:OrangeGuonStone","vexMod:FocusSash","aspiration:SeaSaltIceCream","DaveBox","StuffTheSpire:HeavyRock"],"acts_visited":["Gensokyo:Gensokyo","Gensokyo:Gensokyoer","TheBeyond","TheEnding"],"potions_floor_usage":[44,55],"damage_taken":[{"damage":11.0,"enemies":"Gensokyo:Gryphon","floor":1.0,"turns":4.0},{"damage":6.0,"enemies":"Gensokyo:Python","floor":3.0,"turns":3.0},{"damage":11.0,"enemies":"Gensokyo:Mamizou","floor":6.0,"turns":5.0},{"damage":11.0,"enemies":"Gensokyo:2_Kodama","floor":7.0,"turns":3.0},{"damage":3.0,"enemies":"Gensokyo:Cirno","floor":11.0,"turns":4.0},{"damage":5.0,"enemies":"Gensokyo:Gryphon_and_Rabbit","floor":12.0,"turns":3.0},{"damage":2.0,"enemies":"Gensokyo:Kitsune","floor":13.0,"turns":3.0},{"damage":3.0,"enemies":"Gensokyo:Aya","floor":14.0,"turns":4.0},{"damage":8.0,"enemies":"Gensokyo:Kokoro","floor":16.0,"turns":8.0},{"damage":2.0,"enemies":"Gensokyo:Chomper","floor":18.0,"turns":3.0},{"damage":20.0,"enemies":"hubris:Merchant","floor":19.0,"turns":9.0},{"damage":2.0,"enemies":"Gensokyo:3_Dogs","floor":20.0,"turns":3.0},{"damage":2.0,"enemies":"Gensokyo:Slime_Group","floor":22.0,"turns":2.0},{"damage":2.0,"enemies":"Gensokyo:Koishi","floor":24.0,"turns":3.0},{"damage":2.0,"enemies":"Gensokyo:Swordslinger","floor":26.0,"turns":2.0},{"damage":2.0,"enemies":"Gensokyo:Swordslinger","floor":28.0,"turns":2.0},{"damage":2.0,"enemies":"Gensokyo:Reisen","floor":29.0,"turns":3.0},{"damage":0.0,"enemies":"Gensokyo:Koishi","floor":31.0,"turns":4.0},{"damage":0.0,"enemies":"Gensokyo:Eiki","floor":33.0,"turns":3.0},{"damage":0.0,"enemies":"3 Darklings","floor":35.0,"turns":1.0},{"damage":0.0,"enemies":"Orb Walker","floor":36.0,"turns":2.0},{"damage":0.0,"enemies":"Transient","floor":39.0,"turns":5.0},{"damage":2.0,"enemies":"Nemesis","floor":41.0,"turns":3.0},{"damage":2.0,"enemies":"3 Darklings","floor":42.0,"turns":1.0},{"damage":2,"enemies":"Jaw Worm Horde","floor":44,"turns":3},{"damage":14,"enemies":"Sphere and 2 Shapes","floor":46,"turns":1},{"damage":2,"enemies":"hubris:GrandSnecko","floor":50,"turns":4},{"damage":0,"enemies":"Shield and Spear","floor":54,"turns":6},{"damage":138,"enemies":"Delirium","floor":55,"turns":15}],"seed_played":"2526092957106095854","potions_obtained":[{"floor":7.0,"key":"blueLaboratory:ArtistsPotion"},{"floor":11.0,"key":"blueLaboratory:TrueEctoplasm"},{"floor":18.0,"key":"blueLaboratory:PhilterOfMotion"},{"floor":19.0,"key":"blueLaboratory:FruitPunch"},{"floor":19.0,"key":"SmokeBomb"},{"floor":20.0,"key":"LiquidBronze"},{"floor":24.0,"key":"JyouchiReiPotion"},{"floor":33.0,"key":"Swift Potion"},{"floor":39.0,"key":"Swift Potion"},{"floor":42.0,"key":"ColorlessPotion"}],"is_trial":false,"path_per_floor":["M","$","M","?","T","E","M","?","T","?","E","M","M","E","R","B",null,"M","$","M","?","M","R","E","R","MIM","R","M","E","?","E","R_BF","B",null,"M","M","?","AVR","M","R","E","M","T","M","R","M","?","$","R","B",null,"R","$","E","B",null],"character_chosen":"THE_SILENT","items_purchased":["StuffTheSpire:BrimstoneBlast+1","GuppysTail"],"campfire_rested":0,"item_purchase_floors":[2,34],"current_hp_per_floor":[62,62,66,66,66,65,64,29,29,29,36,41,49,56,56,58,67,70,86,103,88,104,104,121,121,132,132,143,155,143,156,173,188,178,194,211,196,199,227,227,251,271,271,292,292,310,310,310,310,314,314,314,314,337,233],"gold":2163,"neow_bonus":"ONE_RANDOM_RARE_CARD","is_daily":false,"chose_seed":false,"campfire_upgraded":7,"win_rate":0,"timestamp":1607636501,"path_taken":["M","$","M","?","?","E","M","?","T","?","E","?","M","E","R","BOSS","M","$","M","?","M","R","E","R","MIM","R","M","E","?","E","R_BF","BOSS","M","M","?","AVR","?","R","E","M","T","M","R","?","?","$","R","BOSS","R","$","E","BOSS"],"build_version":"2020-11-30","purchased_purges":1,"victory":true,"max_hp_per_floor":[70,70,70,70,70,70,70,70,70,70,70,70,70,70,70,70,70,70,96,105,105,113,113,122,122,132,132,143,155,143,156,173,188,178,194,211,211,214,232,232,251,271,271,292,292,314,314,314,314,314,314,314,314,337,361],"card_choices":[{"not_picked":["Acrobatics","Expertise"],"picked":"Quick Slash","floor":1.0},{"not_picked":["Sucker Punch","Blur","Slice"],"picked":"Poison Darts","floor":3.0},{"not_picked":["Hidden Blade","MostiFishMod:SpreadingSpore","Fluid Movement"],"picked":"ReplayTheSpireMod:Speed Training","floor":6.0},{"not_picked":["hubris:SlightOfHand","Acrobatics","Dagger Throw"],"picked":"MostiFishMod:PerfectParry","floor":7.0},{"not_picked":["Deflect","Expertise","Slice"],"picked":"ReplayTheSpireMod:Speed Training","floor":11.0},{"not_picked":["Quick Slash","Deflect","Setup"],"picked":"Footwork","floor":12.0},{"not_picked":["Bane","Deflect","hubris:SlightOfHand"],"picked":"Toxin Wave","floor":13.0},{"not_picked":["StuffTheSpire:Shiver","Reflex","Slice"],"picked":"StuffTheSpire:Injection","floor":14.0},{"not_picked":["MostiFishMod:Confrontation","ReplayTheSpireMod:Necrosis","MostiFishMod:UniGreen"],"picked":"Corpse Explosion","floor":16.0},{"not_picked":["Cloak And Dagger","Bane+1","Blade Dance"],"picked":"PiercingWail","floor":18.0},{"not_picked":[],"picked":"Heel Hook","floor":19.0},{"not_picked":[],"picked":"MostiFishMod:PoisonShield","floor":19.0},{"not_picked":[],"picked":"MostiFishMod:FrostNova","floor":19.0},{"not_picked":[],"picked":"ReplayTheSpireMod:Scrap Shanks","floor":19.0},{"not_picked":[],"picked":"Flash of Steel","floor":19.0},{"not_picked":[],"picked":"Apotheosis","floor":19.0},{"not_picked":["StuffTheSpire:BumpUp"],"picked":"SKIP","floor":19.0},{"not_picked":["Deflect+1","hubris:Counter+1","hubris:Sniper"],"picked":"Footwork","floor":20.0},{"not_picked":["Poisoned Stab+1","MostiFishMod:PerfectParry","Bane"],"picked":"Noxious Fumes","floor":22.0},{"not_picked":["Quick Slash+1","Hidden Blade","conspire:DoublingDagger"],"picked":"MostiFishMod:Neurotoxin","floor":24.0},{"not_picked":["Dagger Spray","Deadly Poison","Poisoned Stab+1"],"picked":"Expertise+1","floor":26.0},{"not_picked":["Calculated Gamble","StuffTheSpire:Fury","Dagger Spray"],"picked":"Outmaneuver","floor":28.0},{"not_picked":["StuffTheSpire:Fury","Flechettes","Hidden Blade"],"picked":"MostiFishMod:PreservedThorns+1","floor":29.0},{"not_picked":["Blade Dance","StuffTheSpire:Injection","Backflip+1"],"picked":"Corpse Explosion","floor":31.0},{"not_picked":["Atom Bomb","Venomology","aspiration:Lunge"],"picked":"Phantasmal Killer","floor":33.0},{"not_picked":["Escape Plan","Cloak And Dagger","Choke"],"picked":"StuffTheSpire:BrimstoneBlast+1","floor":35.0},{"not_picked":["Concentrate","Heel Hook","Unload"],"picked":"ReplayTheSpireMod:Scrap Shanks","floor":36.0},{"not_picked":["hubris:TrickCloak","StuffTheSpire:BumpUp","Setup"],"picked":"StuffTheSpire:Python+1","floor":39.0},{"not_picked":["Flechettes+1","MostiFishMod:HiddenBlade","StuffTheSpire:BumpUp+1"],"picked":"Catalyst+1","floor":41.0},{"not_picked":["Dagger Spray+1","MostiFishMod:PerfectParry","Draining Mist"],"picked":"Deadly Poison","floor":42.0},{"not_picked":["Draining Mist","Sucker Punch+1","ReplayTheSpireMod:Shiv Toss"],"picked":"Crippling Poison","floor":44},{"not_picked":["MostiFishMod:FrostNova+1","StuffTheSpire:Injection+1","Flying Knee"],"picked":"Bouncing Flask","floor":46},{"not_picked":["Prepared+1","StuffTheSpire:ClusterCrunch","Hidden Blade+1"],"picked":"PiercingWail+1","floor":54}],"player_experience":1599685,"relics_obtained":[{"floor":1.0,"key":"Question Card"},{"floor":5.0,"key":"qcfpunch:Chain_With_Nametags"},{"floor":6.0,"key":"halation:Toothbrush"},{"floor":11.0,"key":"Thread and Needle"},{"floor":14.0,"key":"Mercury Hourglass"},{"floor":16.0,"key":"ImportantClient"},{"floor":19.0,"key":"infinitespire:Broken Mirror"},{"floor":19.0,"key":"DianDianMeat"},{"floor":19.0,"key":"MagicDraw3"},{"floor":19.0,"key":"vexMod:Dragonfruit"},{"floor":19.0,"key":"Chemical X"},{"floor":19.0,"key":"vexMod:PaidLearning"},{"floor":24.0,"key":"conspire:TopHat"},{"floor":26.0,"key":"MagicDraw4"},{"floor":29.0,"key":"Lantern"},{"floor":31.0,"key":"ZombieArmy"},{"floor":41.0,"key":"vexMod:FocusSash"},{"floor":43,"key":"aspiration:SeaSaltIceCream"},{"floor":54,"key":"StuffTheSpire:HeavyRock"}],"event_choices":[],"is_beta":false,"boss_relics":[{"not_picked":["hubris:HollowSoul","HoveringKite"],"picked":"FeatherPendant"},{"not_picked":[]},{"not_picked":["conspire:SpecialSausage","OneHitWonderSystem"],"picked":"aspiration:FutureDiary"},{"not_picked":[]}],"items_purged_floors":[38],"is_endless":false,"potions_floor_spawned":[7,11,16,18,20,24,33,36,39,42],"ascension_level":11}}