{"host":"cjhtzh7tp54jdfyv","time":1607592373,"event":{"gold_per_floor":[110,6,21,31,47,76,76,76,101,116,116,116],"floor_reached":11,"playtime":525,"items_purged":[],"score":150,"play_id":"fb4ca440-9a44-41a8-b59f-491b7994dca2","local_time":"20201210042613","is_ascension_mode":true,"campfire_choices":[{"floor":7.0,"key":"REST"}],"neow_cost":"NONE","seed_source_timestamp":742700113046100,"circlet_count":0,"master_deck":["AscendersBane","Strike_B","Strike_B","Strike_B+1","Strike_B","Defend_B","Defend_B","Defend_B","Defend_B","Zap","Dualcast","Sweeping Beam+1","Genetic Algorithm","Tempest","Doom and Gloom"],"special_seed":0,"relics":["Busted Crown","Centennial Puzzle","Whetstone"],"potions_floor_usage":[11,11],"damage_taken":[{"damage":0.0,"enemies":"Cultist","floor":1.0,"turns":3.0},{"damage":5.0,"enemies":"Small Slimes","floor":3.0,"turns":4.0},{"damage":4.0,"enemies":"Jaw Worm","floor":4.0,"turns":4.0},{"damage":0.0,"enemies":"Lots of Slimes","floor":5.0,"turns":1.0},{"damage":52.0,"enemies":"3 Sentries","floor":6.0,"turns":10.0},{"damage":8.0,"enemies":"Blue Slaver","floor":10.0,"turns":2.0},{"damage":33,"enemies":"Lagavulin","floor":11,"turns":3}],"seed_played":"-5611833959721864995","potions_obtained":[{"floor":3.0,"key":"Block Potion"},{"floor":4.0,"key":"Explosive Potion"},{"floor":5.0,"key":"PotionOfCapacity"},{"floor":6.0,"key":"EssenceOfDarkness"}],"is_trial":false,"path_per_floor":["M","$","M","M","M","E","R","?","T","M","E"],"character_chosen":"DEFECT","items_purchased":["Sweeping Beam","FearPotion"],"campfire_rested":1,"item_purchase_floors":[2,2],"current_hp_per_floor":[64,64,59,55,55,3,24,24,24,16,0,0],"gold":116,"neow_bonus":"BOSS_RELIC","is_prod":false,"is_daily":false,"chose_seed":false,"campfire_upgraded":0,"win_rate":0,"timestamp":1607592373,"path_taken":["M","$","M","?","M","E","R","?","T","M","E"],"build_version":"2020-11-30","purchased_purges":0,"victory":false,"max_hp_per_floor":[71,71,71,71,71,71,71,71,71,71,71,71],"card_choices":[{"not_picked":["Leap"],"picked":"SKIP","floor":1.0},{"not_picked":["Scrape"],"picked":"SKIP","floor":3.0},{"not_picked":[],"picked":"Genetic Algorithm","floor":4.0},{"not_picked":["Barrage"],"picked":"SKIP","floor":5.0},{"not_picked":[],"picked":"Tempest","floor":6.0},{"not_picked":[],"picked":"Doom and Gloom","floor":10.0}],"player_experience":4089937,"relics_obtained":[{"floor":6.0,"key":"Centennial Puzzle"},{"floor":9.0,"key":"Whetstone"}],"event_choices":[{"damage_healed":0.0,"max_hp_gain":0.0,"max_hp_loss":0.0,"gold_gain":0.0,"event_name":"Liars Game","player_choice":"Ignored","floor":8.0,"gold_loss":0.0,"damage_taken":0.0}],"is_beta":false,"boss_relics":[],"items_purged_floors":[],"is_endless":false,"potions_floor_spawned":[3,4,5,6],"killed_by":"Lagavulin","ascension_level":20}}