{"host":"dpbezu80jg8zk7un","time":1607567813,"event":{"gold_per_floor":[17,17,37,37,37,37,51,65,89,112,133,133,149,183,183,277,277,301,301,282,302,227,227,250,250,276,276,176,51,85,104,104,104,104],"floor_reached":33,"playtime":991,"items_purged":["Strike_G","Strike_G","Strike_G"],"score":538,"play_id":"8eed9070-76f7-4e73-986b-dc96044d90f4","local_time":"20201210113653","is_ascension_mode":true,"campfire_choices":[{"data":"Poisoned Stab","floor":6.0,"key":"SMITH"},{"data":"Calculated Gamble","floor":12.0,"key":"SMITH"},{"data":"Crippling Poison","floor":15.0,"key":"SMITH"},{"data":"Malaise","floor":23,"key":"SMITH"},{"floor":25,"key":"REST"},{"floor":32,"key":"REST"}],"neow_cost":"NO_GOLD","seed_source_timestamp":68618415686199,"circlet_count":0,"master_deck":["AscendersBane","Strike_G","Strike_G","Defend_G","Defend_G","Defend_G","Defend_G","Defend_G","Survivor","Neutralize","Backstab","Poisoned Stab+1","Backflip","Calculated Gamble+1","Poisoned Stab","Blur","Crippling Poison+1","Malaise+1","Catalyst+1","Ghostly","Ghostly","Ghostly"],"special_seed":0,"relics":["Ring of the Snake","CaptainsWheel","Golden Idol","Oddly Smooth Stone","Art of War","Black Star","PreservedInsect","Smiling Mask"],"potions_floor_usage":[20,33,33],"damage_taken":[{"damage":1.0,"enemies":"Small Slimes","floor":1.0,"turns":4.0},{"damage":0.0,"enemies":"Jaw Worm","floor":3.0,"turns":4.0},{"damage":0.0,"enemies":"2 Louse","floor":7.0,"turns":2.0},{"damage":1.0,"enemies":"Blue Slaver","floor":8.0,"turns":3.0},{"damage":0.0,"enemies":"Exordium Wildlife","floor":10.0,"turns":3.0},{"damage":0.0,"enemies":"Gremlin Gang","floor":11.0,"turns":4.0},{"damage":3.0,"enemies":"Large Slime","floor":13.0,"turns":5.0},{"damage":20.0,"enemies":"Lagavulin","floor":14.0,"turns":6.0},{"damage":15.0,"enemies":"Slime Boss","floor":16.0,"turns":11.0},{"damage":0.0,"enemies":"Spheric Guardian","floor":18.0,"turns":7.0},{"damage":0,"enemies":"2 Thieves","floor":20,"turns":4},{"damage":7,"enemies":"Centurion and Healer","floor":21,"turns":7},{"damage":24,"enemies":"3 Cultists","floor":24,"turns":6},{"damage":23,"enemies":"Book of Stabbing","floor":30,"turns":9},{"damage":3,"enemies":"Snake Plant","floor":31,"turns":6},{"damage":15,"enemies":"Collector","floor":33,"turns":5}],"seed_played":"1332948692096034727","potions_obtained":[{"floor":1.0,"key":"AttackPotion"},{"floor":3.0,"key":"Poison Potion"},{"floor":13.0,"key":"SpeedPotion"},{"floor":16.0,"key":"SkillPotion"},{"floor":24,"key":"AttackPotion"},{"floor":31,"key":"EssenceOfSteel"}],"is_trial":false,"path_per_floor":["M","?","M","?","?","R","M","M","T","M","M","R","M","E","R","B",null,"M","?","M","M","$","R","M","R","T","?","$","$","E","M","R","B"],"character_chosen":"THE_SILENT","items_purchased":[],"campfire_rested":2,"item_purchase_floors":[],"current_hp_per_floor":[58,58,58,63,63,63,63,62,62,62,62,62,59,39,39,24,55,55,55,55,48,48,48,24,43,43,32,32,32,9,6,15,0,0],"gold":104,"neow_bonus":"ONE_RARE_RELIC","is_prod":false,"is_daily":false,"chose_seed":false,"campfire_upgraded":4,"win_rate":0,"timestamp":1607567813,"path_taken":["M","?","M","?","?","R","M","M","T","?","M","R","M","E","R","BOSS","M","?","M","M","$","R","M","R","T","?","?","$","E","M","R","BOSS"],"build_version":"2020-11-30","purchased_purges":3,"victory":false,"max_hp_per_floor":[66,60,60,65,65,65,65,65,65,65,65,65,65,65,65,65,65,65,65,65,65,65,65,65,65,65,32,32,32,32,32,32,32,32],"card_choices":[{"not_picked":["Caltrops","Crippling Poison"],"picked":"Backstab","floor":1.0},{"not_picked":["Dagger Spray","Acrobatics"],"picked":"Poisoned Stab","floor":3.0},{"not_picked":["Deflect","Night Terror"],"picked":"Backflip","floor":7.0},{"not_picked":["Deflect","Expertise","All Out Attack"],"picked":"SKIP","floor":8.0},{"not_picked":["Slice","Dagger Spray"],"picked":"Calculated Gamble","floor":10.0},{"not_picked":["Escape Plan","Deadly Poison"],"picked":"Poisoned Stab","floor":11.0},{"not_picked":["Expertise","Sucker Punch"],"picked":"Blur","floor":13.0},{"not_picked":["Caltrops","Flying Knee"],"picked":"Crippling Poison","floor":14.0},{"not_picked":["Doppelganger","Storm of Steel"],"picked":"Malaise","floor":16.0},{"not_picked":["Backstab","Dagger Throw","Poisoned Stab"],"picked":"SKIP","floor":18.0},{"not_picked":["Cloak And Dagger","Backstab"],"picked":"Catalyst+1","floor":20},{"not_picked":["Bane+1","Cloak And Dagger","PiercingWail"],"picked":"SKIP","floor":21},{"not_picked":["Deflect","Distraction","Slice"],"picked":"SKIP","floor":24},{"not_picked":["Dagger Spray","Die Die Die","PiercingWail"],"picked":"SKIP","floor":30},{"not_picked":["Deflect","Riddle With Holes+1","Outmaneuver"],"picked":"SKIP","floor":31},{"not_picked":["Deflect","Riddle With Holes+1","Outmaneuver"],"picked":"SKIP","floor":31}],"player_experience":2733771,"relics_obtained":[{"floor":9.0,"key":"Oddly Smooth Stone"},{"floor":14.0,"key":"Art of War"},{"floor":30,"key":"PreservedInsect"},{"floor":30,"key":"Smiling Mask"}],"event_choices":[{"damage_healed":0.0,"max_hp_gain":0.0,"max_hp_loss":6.0,"gold_gain":0.0,"event_name":"Golden Idol","player_choice":"Lose Max HP","floor":2.0,"gold_loss":0.0,"damage_taken":0.0,"relics_obtained":["Golden Idol"]},{"damage_healed":0.0,"max_hp_gain":5.0,"max_hp_loss":0.0,"gold_gain":0.0,"event_name":"Big Fish","player_choice":"Donut","floor":4.0,"gold_loss":0.0,"damage_taken":0.0},{"damage_healed":0.0,"max_hp_gain":0.0,"max_hp_loss":0.0,"gold_gain":0.0,"event_name":"Liars Game","player_choice":"Ignored","floor":5.0,"gold_loss":0.0,"damage_taken":0.0},{"damage_healed":0,"gold_gain":0,"player_choice":"Ignored","damage_taken":0,"max_hp_gain":0,"max_hp_loss":0,"event_name":"Cursed Tome","floor":19,"gold_loss":0},{"damage_healed":0,"gold_gain":0,"player_choice":"Became a Ghost","damage_taken":0,"max_hp_gain":0,"max_hp_loss":33,"event_name":"Ghosts","floor":27,"gold_loss":0,"cards_obtained":["Ghostly","Ghostly","Ghostly"]}],"is_beta":false,"boss_relics":[{"not_picked":["Busted Crown","Runic Dome"],"picked":"Black Star"}],"items_purged_floors":[22,28,29],"is_endless":false,"potions_floor_spawned":[1,3,13,16,24,30,31],"killed_by":"Collector","ascension_level":20}}