{"host":"9vk21r6l9dtkpvh9","time":1607625796,"event":{"mods":["BaseMod","Colored Map","Colored Powertips","StSLib","Hubris","The Necromancer","The Servant 0.9.4","The Wild Card","DeckTracker","SOS???????","The Runesmith","???Mod??????Boss","Energized Spire","Jorbs\u0027s Wanderer Trilogy","Mimic Mod","Minty Spire (QoL Compilation)","Rare Cards Sparkle","SuperFastMode","The Hierophant","TheBandit","Td1madao Mod","The Forsaken","The Animator","Bartender","Better Third Choice","Hermit","Shade Mod","GifTheSpireLib","The Senshi","Astrologer","Mad Scientist","Better Note","Conspire","Downfall","Koishi","Relic Stats","Spicy Shops","Replay The Spire","Act Like it!","Better Altar","Better Match","Better Sensory Stone","Better Skull","CapriCore","Gensokyo","Potionbrewer","The Immortal","TheSwordswoman","TheWitcher","Infinite Spire","Marisa????????","The Construct","The Mystic","AchievementEnabler","CatGirl Mod","Luminous","The Trickster","The Valiant","vexMod","2.2 Compatiblity","Fiend Mod","Somnambulant","The Gatherer","The Jungle"],"gold_per_floor":[362,362,29,29,46,72,72,72,72,89,15,15,43,53,53,153,153,169,182,202,228,188,188,222,222,255,288,288,388,405,405,405,510,510,529,543,543,658,308,308,308,321,321,321,321,146,172,183,183,183,183,183,13,41,41],"floor_reached":56,"playtime":4815,"items_purged":["Gatherer:Strike_Gatherer+1","Normality","Doubt"],"score":1421,"play_id":"82aed17b-d60b-4fda-b82b-b0cfbeb7a37d","local_time":"20201210134316","is_ascension_mode":true,"metric_token":4113,"campfire_choices":[{"floor":7,"key":"REST"},{"floor":12,"key":"REST"},{"data":"Gatherer:FlowerBeam+2","floor":15,"key":"SMITH"},{"data":"Gatherer:HeartToFruit","floor":23,"key":"SMITH"},{"floor":28,"key":"RECALL"},{"data":"Gatherer:Centralize","floor":32,"key":"SMITH"},{"data":"Gatherer:RecoveryHerb","floor":40,"key":"SMITH"},{"data":"Gatherer:FlowerWhip+2","floor":49,"key":"SMITH"},{"data":"Gatherer:Liquidism","floor":52,"key":"SMITH"}],"circlet_count":0,"master_deck":["Gatherer:Strike_Gatherer+1","Gatherer:Strike_Gatherer+1","Gatherer:Strike_Gatherer+1","Gatherer:Strike_Gatherer+1","Gatherer:Defend_Gatherer+1","Gatherer:Defend_Gatherer+1","Gatherer:Defend_Gatherer+1","Gatherer:Defend_Gatherer+1","Gatherer:Defend_Gatherer+1","Gatherer:Centralize+1","Gatherer:FlowerWhip+3","Gatherer:BambuSword","theWildCard:Loki+1","Gatherer:FlowerShield+2","Gatherer:FlowerBeam+3","Gatherer:FlowerFalling+2","Gatherer:ScherryThrow","Gatherer:Nutrients","Gatherer:MindSearch","Gatherer:HeartToFruit+1","Gatherer:QuickSynthesis","Gatherer:TacticalStrike+1","Gatherer:WitheringStrike","Gatherer:TreeGrowth","Gatherer:TacticalStrike","Gatherer:AcidicSpray+1","Gatherer:WitheringStrike","Gatherer:Bulldoze","Gatherer:FlowerShield+2","Gatherer:RecoveryHerb+1","Gatherer:Liquidism+1","Gatherer:BambuSword","Gatherer:OddSpoils","Gatherer:ScherryThrow","Gatherer:SaveValuables","Gatherer:TreeGrowth","Gatherer:Liquidism+1","Gatherer:FruitForce","Gatherer:CursedBlade","Gatherer:QuickSynthesis+1","Gatherer:Uplift+1","Gatherer:Nutrients"],"relics":["Gatherer:AlchemyBag","Runesmith:Nanobots","vexMod:MemoryStick","War Paint","Durian","Pet Ghost","Juzu Bracelet","hubris:ScarierMask","ReplayTheSpireMod:TigerMarble","Bag of Preparation","infinitespire:Lychee Nut","construct:BoolHorns","theSenshi:FeatherClipsRelic","Cursed Key","theForsaken:Lifeblossom","TheAbacus","Iron Hammer","potionbrewer:BoosterPack","Gatherer:MiracleBag","Bag of Marbles","Replay:Mystery Machine"],"acts_visited":["Exordium","TheCity","TheBeyond","TheEnding"],"potions_floor_usage":[6,27,47,50,50,50,50,55,55],"damage_taken":[{"damage":8,"enemies":"Jaw Worm","floor":1,"turns":6},{"damage":0,"enemies":"Small Slimes","floor":5,"turns":2},{"damage":28,"enemies":"Lagavulin","floor":6,"turns":8},{"damage":0,"enemies":"conspire:RoseBush","floor":10,"turns":1},{"damage":0,"enemies":"Replay:BlueRogue","floor":13,"turns":4},{"damage":0,"enemies":"Red Slaver","floor":14,"turns":2},{"damage":0,"enemies":"Fading Forest","floor":16,"turns":11},{"damage":4,"enemies":"Shell Parasite","floor":18,"turns":4},{"damage":6,"enemies":"conspire:FuzzyDice","floor":19,"turns":2},{"damage":0,"enemies":"conspire:HollyBat","floor":20,"turns":8},{"damage":0,"enemies":"Slavers","floor":24,"turns":5},{"damage":0,"enemies":"Centurion and Healer","floor":26,"turns":5},{"damage":9,"enemies":"conspire:SneckoGhost","floor":27,"turns":10},{"damage":0,"enemies":"Colosseum Slavers","floor":29,"turns":1},{"damage":0,"enemies":"Colosseum Nobs","floor":29,"turns":2},{"damage":0,"enemies":"Centurion and Healer","floor":30,"turns":3},{"damage":36,"enemies":"hubris:MusketHawk","floor":33,"turns":12},{"damage":0,"enemies":"3 Shapes","floor":35,"turns":2},{"damage":0,"enemies":"3 Darklings","floor":36,"turns":2},{"damage":0,"enemies":"Sphere and 2 Shapes","floor":42,"turns":1},{"damage":0,"enemies":"Reptomancer","floor":47,"turns":5},{"damage":0,"enemies":"Spire Growth","floor":48,"turns":3},{"damage":29,"enemies":"Time Eater","floor":50,"turns":15},{"damage":4,"enemies":"Shield and Spear","floor":54,"turns":6},{"damage":20,"enemies":"The Heart","floor":55,"turns":10}],"seed_played":"-1797698834669183910","potions_obtained":[{"floor":1,"key":"SpeedPotion"},{"floor":6,"key":"SkillPotion"},{"floor":14,"key":"infinitespire:BlackPotion"},{"floor":19,"key":"Poison Potion"},{"floor":27,"key":"Fire Potion"},{"floor":47,"key":"AttackPotion"},{"floor":54,"key":"potionbrewer:AcidPotion"}],"is_trial":false,"path_per_floor":["M","?","$","?","M","E","R","?","T","M","$","R","E","M","R","B",null,"M","M","M","T","?","R","E","?","MIM","E","R","?","M","?","R","B",null,"M","M","?","?","$","R","?","M","T","?","AVR","$","E","M","R","B",null,"R","$","E","B",null],"character_chosen":"THE_GATHERER","items_purchased":["Gatherer:QuickSynthesis+1","Runesmith:Nanobots","Gatherer:FlowerShield","Pet Ghost","Gatherer:Liquidism+1","TheAbacus","Gatherer:BambuSword","Bag of Marbles","SkillPotion","Gatherer:Nutrients"],"campfire_rested":2,"item_purchase_floors":[3,3,3,11,39,39,39,46,53,53],"current_hp_per_floor":[43,43,43,43,43,15,36,33,38,38,38,61,61,61,61,61,77,73,67,71,71,71,71,75,75,79,69,69,73,77,77,77,58,81,81,81,77,44,44,44,47,57,57,57,61,61,92,96,96,83,96,96,96,100,90],"gold":41,"neow_bonus":"TWO_FIFTY_GOLD","is_daily":false,"chose_seed":false,"campfire_upgraded":6,"win_rate":0,"timestamp":1607625796,"path_taken":["M","?","$","?","M","E","R","?","T","M","?","R","E","M","R","BOSS","M","M","M","?","?","R","E","?","MIM","E","R","?","M","?","R","BOSS","M","M","?","?","$","R","?","M","T","?","AVR","?","E","M","R","BOSS","R","$","E","BOSS"],"build_version":"2020-11-30","purchased_purges":3,"victory":true,"max_hp_per_floor":[72,72,72,72,72,72,72,72,77,77,77,77,77,77,77,77,77,77,77,81,81,81,81,85,85,89,69,69,73,77,77,77,81,81,81,81,77,77,77,77,80,84,84,84,88,88,92,96,96,96,96,96,96,100,100],"relic_stats":{"TheAbacus":[30],"counters":[25,130],"Juzu Bracelet":2,"Bag of Preparation":[14],"War Paint":["Gatherer:Defend_Gatherer","theWildCard:Loki"],"Cursed Key":1,"obtain_stats":[{"construct:BoolHorns":29,"Runesmith:Nanobots":3,"vexMod:MemoryStick":6,"theForsaken:Lifeblossom":38,"Juzu Bracelet":13,"Bag of Preparation":24,"theSenshi:FeatherClipsRelic":29,"War Paint":8,"Replay:Mystery Machine":47,"Cursed Key":34,"Pet Ghost":11,"TheAbacus":39,"potionbrewer:BoosterPack":45,"infinitespire:Lychee Nut":27,"hubris:ScarierMask":17,"Iron Hammer":43,"Gatherer:MiracleBag":45,"Durian":9,"ReplayTheSpireMod:TigerMarble":21,"Bag of Marbles":46,"Gatherer:AlchemyBag":0},{"construct:BoolHorns":15,"Runesmith:Nanobots":1,"vexMod:MemoryStick":3,"theForsaken:Lifeblossom":19,"Juzu Bracelet":5,"Bag of Preparation":11,"theSenshi:FeatherClipsRelic":15,"War Paint":3,"Replay:Mystery Machine":21,"Cursed Key":17,"Pet Ghost":4,"TheAbacus":19,"potionbrewer:BoosterPack":20,"infinitespire:Lychee Nut":13,"hubris:ScarierMask":7,"Iron Hammer":20,"Gatherer:MiracleBag":20,"Durian":3,"ReplayTheSpireMod:TigerMarble":10,"Bag of Marbles":20,"Gatherer:AlchemyBag":0},{"construct:BoolHorns":71,"Runesmith:Nanobots":6,"vexMod:MemoryStick":16,"theForsaken:Lifeblossom":90,"Juzu Bracelet":21,"Bag of Preparation":53,"theSenshi:FeatherClipsRelic":71,"War Paint":16,"Replay:Mystery Machine":96,"Cursed Key":86,"Pet Ghost":17,"TheAbacus":90,"potionbrewer:BoosterPack":91,"infinitespire:Lychee Nut":68,"hubris:ScarierMask":34,"Iron Hammer":91,"Gatherer:MiracleBag":91,"Durian":16,"ReplayTheSpireMod:TigerMarble":48,"Bag of Marbles":91,"Gatherer:AlchemyBag":0}]},"card_choices":[{"not_picked":["Gatherer:WoolGloves","Gatherer:ScherryThrow"],"picked":"Gatherer:BambuSword","floor":1},{"not_picked":["Gatherer:Frenzy","Gatherer:AromaProtection"],"picked":"Gatherer:FlowerFalling","floor":5},{"not_picked":["Gatherer:SmartManeuver","Gatherer:DrugPower"],"picked":"Gatherer:ScherryThrow","floor":6},{"not_picked":["Gatherer:EchoOfNature","Gatherer:WitheringStrike"],"picked":"Gatherer:Nutrients","floor":10},{"not_picked":["Gatherer:CarefulStrike","Gatherer:Snatch"],"picked":"Gatherer:MindSearch","floor":13},{"not_picked":["Gatherer:Herbalism","Gatherer:AcidicSpray","Gatherer:Frenzy"],"picked":"SKIP","floor":14},{"not_picked":["Gatherer:BlackTea","Gatherer:MindSearch"],"picked":"Gatherer:HeartToFruit","floor":16},{"not_picked":["Gatherer:Snatch","Gatherer:EchoOfNature"],"picked":"Gatherer:QuickSynthesis","floor":18},{"not_picked":["Gatherer:BambuSword","Gatherer:SmartManeuver","Gatherer:CollectorsShot+1"],"picked":"SKIP","floor":19},{"not_picked":["Gatherer:GrowBook","Gatherer:Liquidism"],"picked":"Gatherer:TacticalStrike","floor":20},{"not_picked":["Gatherer:Solidify+1","Gatherer:Nutrients"],"picked":"Gatherer:WitheringStrike","floor":24},{"not_picked":["Gatherer:AcidicSpray+1","Gatherer:ScherryThrow+1"],"picked":"Gatherer:TacticalStrike","floor":27},{"not_picked":["Gatherer:FlowerPower","Gatherer:FlowerBeam"],"picked":"Gatherer:AcidicSpray+1","floor":29},{"not_picked":["Gatherer:TacticalStrike+1","Gatherer:GlowingPlant"],"picked":"Gatherer:WitheringStrike","floor":30},{"not_picked":["Gatherer:PoisonMastery","Gatherer:ScrollOfPurity"],"picked":"Gatherer:Bulldoze","floor":33},{"not_picked":["Gatherer:MiningStrike","Gatherer:EchoOfNature"],"picked":"Gatherer:FlowerShield+1","floor":35},{"not_picked":["Gatherer:CarefulStrike+1","Gatherer:GatherMaterial"],"picked":"Gatherer:RecoveryHerb","floor":36},{"not_picked":["Gatherer:ScherryThrow+1","Gatherer:CarefulStrike+1"],"picked":"Gatherer:Polymorphism","floor":42},{"not_picked":["Gatherer:GatherMaterial+1","Gatherer:GlowingPlant"],"picked":"Gatherer:QuickSynthesis+1","floor":47},{"not_picked":["Gatherer:GlowingPlant+1","Gatherer:GatherMaterial"],"picked":"Gatherer:Uplift+1","floor":48},{"not_picked":["Gatherer:AcidicSpray+1","Gatherer:WoolGloves","Gatherer:GatherMaterial"],"picked":"SKIP","floor":54}],"player_experience":551696,"relics_obtained":[{"floor":6,"key":"vexMod:MemoryStick"},{"floor":9,"key":"Durian"},{"floor":13,"key":"Juzu Bracelet"},{"floor":21,"key":"ReplayTheSpireMod:TigerMarble"},{"floor":24,"key":"Bag of Preparation"},{"floor":27,"key":"infinitespire:Lychee Nut"},{"floor":29,"key":"construct:BoolHorns"},{"floor":29,"key":"theSenshi:FeatherClipsRelic"},{"floor":43,"key":"Iron Hammer"},{"floor":47,"key":"Replay:Mystery Machine"}],"event_choices":[{"damage_healed":0,"gold_gain":0,"player_choice":"Relic ","damage_taken":3,"max_hp_gain":0,"max_hp_loss":0,"event_name":"betterThird:BetterScrap","floor":8,"gold_loss":0,"cards_obtained":["Replay:Poison Smokescreen"]},{"damage_healed":0,"gold_gain":0,"player_choice":"Upgraded Two","damage_taken":0,"max_hp_gain":0,"max_hp_loss":0,"event_name":"Designer","floor":22,"gold_loss":40,"cards_upgraded":["Gatherer:TacticalStrike","Gatherer:Strike_Gatherer"]},{"damage_healed":0,"gold_gain":0,"player_choice":"Read","damage_taken":0,"max_hp_gain":0,"max_hp_loss":0,"event_name":"The Library","floor":25,"gold_loss":0,"cards_obtained":["Gatherer:TreeGrowth"]},{"damage_healed":0,"gold_gain":0,"player_choice":"Fight","damage_taken":0,"max_hp_gain":0,"max_hp_loss":0,"event_name":"Colosseum","floor":29,"gold_loss":0},{"damage_healed":0,"gold_gain":0,"player_choice":"Fought Nobs","damage_taken":0,"max_hp_gain":0,"max_hp_loss":0,"event_name":"Colosseum","floor":29,"gold_loss":0},{"damage_healed":0,"gold_gain":0,"player_choice":"Simplicity","damage_taken":0,"max_hp_gain":0,"max_hp_loss":8,"event_name":"betterThird:BetterWriting","floor":31,"gold_loss":0},{"damage_healed":0,"gold_gain":0,"player_choice":"Max HP","damage_taken":0,"max_hp_gain":0,"max_hp_loss":4,"event_name":"Winding Halls","floor":37,"gold_loss":0},{"damage_healed":0,"gold_gain":115,"player_choice":"RE UP GO ","damage_taken":38,"relics_obtained":["theForsaken:Lifeblossom"],"max_hp_gain":0,"max_hp_loss":0,"event_name":"betterSkull:BetterSkull","floor":38,"gold_loss":0,"cards_upgraded":["Gatherer:FlowerWhip"]},{"damage_healed":0,"gold_gain":0,"cards_transformed":["Gatherer:Polymorphism"],"player_choice":"Transformed","damage_taken":0,"max_hp_gain":0,"max_hp_loss":0,"event_name":"Transmorgrifier","floor":44,"gold_loss":0,"cards_obtained":["Gatherer:OddSpoils"]}],"is_beta":false,"boss_relics":[{"not_picked":["vexMod:EndlessSickness","Calling Bell"],"picked":"hubris:ScarierMask"},{"not_picked":["energizedSpire:HugeHouse","energizedSpire:RedRose"],"picked":"Cursed Key"}],"items_purged_floors":[39,45,46],"is_endless":false,"potions_floor_spawned":[1,6,14,19,27,29,29,33,36,47,54],"ascension_level":1}}