{"host":"xeqp5qblrc63z4ze","time":1607612462,"event":{"mods":["BaseMod","Minty Spire (QoL Compilation)","AchievementEnabler","DeckTracker","Quick Restart"],"gold_per_floor":[214,234,409,24,24,24,58,72,96,96,123,123,143,158,158,263,263,279,294,294,294,294,329,329,329,329],"floor_reached":25,"playtime":985,"items_purged":["Doubt"],"score":344,"play_id":"4d10faeb-c991-401a-8d11-91473a8d9a1f","local_time":"20201210120102","is_ascension_mode":true,"campfire_choices":[{"data":"Dramatic Entrance","floor":6,"key":"SMITH"},{"data":"Dagger Spray","floor":10,"key":"SMITH"},{"data":"Venomology","floor":15,"key":"SMITH"},{"data":"RitualDagger","floor":24,"key":"SMITH"}],"circlet_count":0,"master_deck":["AscendersBane","Strike_G","Strike_G","Strike_G","Strike_G","Strike_G","Defend_G","Defend_G","Defend_G","Defend_G","Defend_G","Survivor","Neutralize","Deadly Poison","Dagger Spray+1","Apotheosis+1","Dramatic Entrance+1","Escape Plan","Venomology+1","Malaise","RitualDagger+1"],"relics":["Ring of the Snake","Bag of Preparation","Blood Vial","Nunchaku","Velvet Choker","Blue Candle"],"acts_visited":["Exordium","TheCity"],"potions_floor_usage":[11,14,14,16,19,19,23,23,23],"damage_taken":[{"damage":0,"enemies":"Small Slimes","floor":1,"turns":3},{"damage":6,"enemies":"Jaw Worm","floor":2,"turns":4},{"damage":10,"enemies":"3 Sentries","floor":7,"turns":5},{"damage":0,"enemies":"2 Louse","floor":8,"turns":1},{"damage":7,"enemies":"Gremlin Nob","floor":11,"turns":3},{"damage":3,"enemies":"Blue Slaver","floor":13,"turns":4},{"damage":3,"enemies":"Looter","floor":14,"turns":3},{"damage":38,"enemies":"Slime Boss","floor":16,"turns":15},{"damage":11,"enemies":"2 Thieves","floor":18,"turns":4},{"damage":2,"enemies":"Spheric Guardian","floor":19,"turns":4},{"damage":57,"enemies":"Gremlin Leader","floor":23,"turns":6},{"damage":18,"enemies":"Snecko","floor":25,"turns":2}],"seed_played":"-2398328548864166441","potions_obtained":[{"floor":7,"key":"DistilledChaos"},{"floor":13,"key":"PowerPotion"},{"floor":18,"key":"PowerPotion"},{"floor":19,"key":"BlessingOfTheForge"}],"is_trial":false,"path_per_floor":["M","M","?","$","?","R","E","M","T","R","E","?","M","M","R","B",null,"M","M","?","?","?","E","R","M"],"character_chosen":"THE_SILENT","items_purchased":["Apotheosis","Dramatic Entrance","ColorlessPotion"],"campfire_rested":0,"item_purchase_floors":[4,4,4],"current_hp_per_floor":[63,57,57,57,57,57,47,47,47,47,42,65,64,63,63,27,59,50,50,44,44,67,12,12,0,0],"gold":329,"neow_bonus":"HUNDRED_GOLD","is_daily":false,"chose_seed":false,"campfire_upgraded":4,"win_rate":0,"timestamp":1607612462,"path_taken":["M","M","?","$","?","R","E","M","T","R","E","?","M","M","R","BOSS","M","M","?","?","?","E","R","M"],"build_version":"2020-11-30","purchased_purges":1,"victory":false,"max_hp_per_floor":[70,70,70,70,70,70,70,70,70,70,70,70,70,70,70,70,70,70,70,70,70,70,70,70,70,70],"card_choices":[{"not_picked":["Acrobatics","Choke"],"picked":"Deadly Poison","floor":1},{"not_picked":["Backflip","Riddle With Holes"],"picked":"Dagger Spray","floor":2},{"not_picked":["Deadly Poison","Accuracy","Outmaneuver"],"picked":"SKIP","floor":7},{"not_picked":["Prepared","Finisher"],"picked":"Escape Plan","floor":8},{"not_picked":["Corpse Explosion","Dodge and Roll"],"picked":"Venomology","floor":11},{"not_picked":["Deadly Poison","Skewer","Dodge and Roll"],"picked":"SKIP","floor":13},{"not_picked":["Cloak And Dagger","All Out Attack","Poisoned Stab"],"picked":"SKIP","floor":14},{"not_picked":["Glass Knife","Venomology"],"picked":"Malaise","floor":16},{"not_picked":["Blade Dance","Flechettes+1","Deflect"],"picked":"SKIP","floor":18},{"not_picked":["Skewer+1","Setup","Acrobatics+1"],"picked":"SKIP","floor":19},{"not_picked":["Outmaneuver+1","Bouncing Flask","Cloak And Dagger"],"picked":"SKIP","floor":23}],"player_experience":325055,"relics_obtained":[{"floor":7,"key":"Bag of Preparation"},{"floor":9,"key":"Blood Vial"},{"floor":11,"key":"Nunchaku"},{"floor":23,"key":"Blue Candle"}],"event_choices":[{"damage_healed":0,"gold_gain":175,"player_choice":"AGREE","damage_taken":0,"max_hp_gain":0,"max_hp_loss":0,"event_name":"Liars Game","floor":3,"gold_loss":0,"cards_obtained":["Doubt"]},{"damage_healed":0,"gold_gain":0,"player_choice":"Grow","damage_taken":0,"max_hp_gain":0,"max_hp_loss":0,"event_name":"Living Wall","floor":5,"gold_loss":0,"cards_upgraded":["Apotheosis"]},{"damage_healed":23,"gold_gain":0,"player_choice":"Banana","damage_taken":0,"max_hp_gain":0,"max_hp_loss":0,"event_name":"Big Fish","floor":12,"gold_loss":0},{"damage_healed":0,"gold_gain":0,"player_choice":"Joined the Cult","damage_taken":6,"max_hp_gain":0,"max_hp_loss":0,"event_name":"Nest","floor":20,"gold_loss":0,"cards_obtained":["RitualDagger"]},{"damage_healed":0,"gold_gain":0,"player_choice":"Ignored","damage_taken":0,"max_hp_gain":0,"max_hp_loss":0,"event_name":"Cursed Tome","floor":21,"gold_loss":0},{"damage_healed":23,"gold_gain":0,"player_choice":"Heal","damage_taken":0,"max_hp_gain":0,"max_hp_loss":0,"event_name":"The Library","floor":22,"gold_loss":0}],"is_beta":false,"boss_relics":[{"not_picked":["Coffee Dripper","Pandora\u0027s Box"],"picked":"Velvet Choker"}],"items_purged_floors":[4],"is_endless":false,"potions_floor_spawned":[7,13,18,19],"killed_by":"Snecko","ascension_level":10}}