{"host":"BK","time":1607643568,"event":{"mods":["BaseMod","Highlight Path","Minty Spire (QoL Compilation)","StSLib"],"gold_per_floor":[109,123,139,63,28,28,55,74,98,23,23,48,48,77,77,152,152,170,150,160,30,45,45,70,82,141,68,98,140,167,196,208,220,220],"floor_reached":33,"playtime":1126,"items_purged":["Perfected Strike"],"score":570,"play_id":"6e268c4c-1146-4293-a93f-b228f2360a18","local_time":"20201210163928","is_ascension_mode":true,"campfire_choices":[{"data":"Immolate","floor":6.0,"key":"SMITH"},{"data":"Disarm","floor":11.0,"key":"SMITH"},{"data":"Spot Weakness","floor":13.0,"key":"SMITH"},{"data":"Power Through","floor":15.0,"key":"SMITH"},{"floor":23.0,"key":"REST"},{"floor":25.0,"key":"REST"},{"floor":32,"key":"REST"}],"circlet_count":0,"master_deck":["AscendersBane","Bash","Pummel","Clothesline","Fiend Fire","Flex","Shrug It Off","Spot Weakness+1","Disarm+1","Power Through+1","Armaments","Immolate+1","CurseOfTheBell","Feel No Pain","Flame Barrier","Impervious","Dropkick","Shrug It Off","Shockwave"],"relics":["Pandora\u0027s Box","Red Skull","Pen Nib","Regal Pillow","Odd Mushroom","Calling Bell","Bag of Preparation","The Courier","Ginger","Toy Ornithopter","MawBank","Potion Belt","Ancient Tea Set","Juzu Bracelet"],"acts_visited":["Exordium","TheCity"],"potions_floor_usage":[31,33],"damage_taken":[{"damage":7.0,"enemies":"Cultist","floor":1.0,"turns":4.0},{"damage":18.0,"enemies":"Jaw Worm","floor":2.0,"turns":4.0},{"damage":1.0,"enemies":"Small Slimes","floor":3.0,"turns":4.0},{"damage":29.0,"enemies":"3 Sentries","floor":7.0,"turns":6.0},{"damage":6.0,"enemies":"Red Slaver","floor":8.0,"turns":2.0},{"damage":0.0,"enemies":"The Mushroom Lair","floor":14.0,"turns":1.0},{"damage":4.0,"enemies":"Hexaghost","floor":16.0,"turns":7.0},{"damage":18.0,"enemies":"Spheric Guardian","floor":18.0,"turns":4.0},{"damage":15.0,"enemies":"Chosen","floor":20.0,"turns":5.0},{"damage":37.0,"enemies":"Shelled Parasite and Fungi","floor":22.0,"turns":3.0},{"damage":21.0,"enemies":"Gremlin Leader","floor":24.0,"turns":8.0},{"damage":9.0,"enemies":"Snecko","floor":28.0,"turns":5.0},{"damage":47.0,"enemies":"Slavers","floor":29.0,"turns":4.0},{"damage":5.0,"enemies":"Snake Plant","floor":30.0,"turns":3.0},{"damage":0,"enemies":"Shelled Parasite and Fungi","floor":31,"turns":1},{"damage":71,"enemies":"Champ","floor":33,"turns":9}],"seed_played":"1286424879555458557","potions_obtained":[{"floor":7.0,"key":"FairyPotion"},{"floor":14.0,"key":"AttackPotion"},{"floor":19.0,"key":"CultistPotion"},{"floor":22.0,"key":"Weak Potion"},{"floor":29.0,"key":"Energy Potion"},{"floor":30.0,"key":"FearPotion"}],"is_trial":false,"path_per_floor":["M","M","M","$","?","R","E","M","T","$","R","T","R","?","R","B",null,"M","?","M","$","M","R","E","R","T","?","M","E","M","M","R","B"],"character_chosen":"IRONCLAD","items_purchased":["Immolate","Toy Ornithopter"],"campfire_rested":3,"item_purchase_floors":[4,21],"current_hp_per_floor":[61,43,42,42,60,60,31,25,25,25,25,25,25,25,25,21,62,44,44,29,29,22,59,38,75,75,75,66,24,24,29,66,0,0],"gold":220,"neow_bonus":"BOSS_RELIC","is_daily":false,"chose_seed":false,"campfire_upgraded":4,"win_rate":0.0,"timestamp":1607643568,"path_taken":["M","M","M","?","?","R","E","?","T","$","R","?","R","?","R","BOSS","M","?","M","$","?","R","E","R","T","?","M","E","M","M","R","BOSS"],"items_purchased_type":["Card","Relic"],"build_version":"2020-12-07","purchased_purges":1,"victory":false,"max_hp_per_floor":[75,75,75,75,75,75,75,75,75,75,75,75,75,75,75,75,75,75,75,75,75,75,75,75,75,75,75,75,75,75,75,75,75,75],"card_choices":[{"not_picked":["Twin Strike","Iron Wave"],"picked":"Armaments","floor":1.0},{"not_picked":["Bloodletting","Armaments","Iron Wave"],"picked":"SKIP","floor":2.0},{"not_picked":["Armaments","Clothesline","Disarm"],"picked":"SKIP","floor":3.0},{"not_picked":["Reckless Charge","Second Wind","Headbutt"],"picked":"SKIP","floor":7.0},{"not_picked":["Clash","Havoc","Cleave"],"picked":"SKIP","floor":8.0},{"not_picked":["Ghostly Armor","Power Through"],"picked":"Feel No Pain","floor":18.0},{"not_picked":["Heavy Blade","Fire Breathing"],"picked":"Flame Barrier","floor":20.0},{"not_picked":["Uppercut","Sever Soul+1","Flex"],"picked":"SKIP","floor":22.0},{"not_picked":["Reckless Charge+1","Havoc"],"picked":"Impervious","floor":24.0},{"not_picked":["Perfected Strike","Searing Blow+1"],"picked":"Dropkick","floor":28.0},{"not_picked":["Carnage","Flex"],"picked":"Shrug It Off","floor":29.0},{"not_picked":["Clash","Armaments","Infernal Blade"],"picked":"SKIP","floor":30.0},{"not_picked":["Havoc","Pommel Strike"],"picked":"Shockwave","floor":31}],"player_experience":2342968,"relics_obtained":[{"floor":7.0,"key":"Red Skull"},{"floor":9.0,"key":"Pen Nib"},{"floor":12.0,"key":"Regal Pillow"},{"floor":14.0,"key":"Odd Mushroom"},{"floor":17.0,"key":"Bag of Preparation"},{"floor":17.0,"key":"The Courier"},{"floor":17.0,"key":"Ginger"},{"floor":24.0,"key":"MawBank"},{"floor":26.0,"key":"Potion Belt"},{"floor":29.0,"key":"Juzu Bracelet"}],"event_choices":[{"damage_healed":18.0,"max_hp_gain":0.0,"max_hp_loss":0.0,"gold_gain":0.0,"event_name":"The Cleric","player_choice":"Healed","floor":5.0,"gold_loss":35.0,"damage_taken":0.0},{"damage_healed":0.0,"max_hp_gain":0.0,"max_hp_loss":0.0,"gold_gain":0.0,"event_name":"Mushrooms","player_choice":"Fought Mushrooms","floor":14.0,"gold_loss":0.0,"damage_taken":0.0},{"damage_healed":0.0,"max_hp_gain":0.0,"max_hp_loss":0.0,"gold_gain":0.0,"event_name":"The Woman in Blue","player_choice":"Bought 1 Potion","floor":19.0,"gold_loss":0.0,"damage_taken":0.0},{"damage_healed":0.0,"max_hp_gain":0.0,"max_hp_loss":0.0,"gold_gain":0.0,"event_name":"Addict","player_choice":"Obtained Relic","floor":27.0,"gold_loss":85.0,"damage_taken":0.0,"relics_obtained":["Ancient Tea Set"]}],"is_beta":true,"boss_relics":[{"not_picked":["Black Star","Runic Dome"],"picked":"Calling Bell"}],"items_purged_floors":[10],"is_endless":false,"potions_floor_spawned":[7,14,16,20,22,24,29,30],"killed_by":"Champ","ascension_level":20}}