{"host":"vfg9szunmpjwj08o","time":1607602538,"event":{"gold_per_floor":[119,132,151,28,28,28,59,72,72,105,5,16,16,30,30,125,125,139,139,151,151,166,166,200,210,210,210,210,85,184,197,197,299,299,318,336,336,25,43,43,43],"floor_reached":40,"playtime":2380,"items_purged":["Strike_P","Strike_P","Defend_P+1"],"score":543,"play_id":"c144ce15-7281-4cae-b5bc-d4b9b5f3d6e2","local_time":"20201210131538","is_ascension_mode":true,"campfire_choices":[{"data":"Eruption","floor":6,"key":"SMITH"},{"floor":15,"key":"RECALL"},{"floor":23,"key":"REST"},{"floor":32,"key":"REST"}],"neow_cost":"PERCENT_DAMAGE","seed_source_timestamp":89937816282700,"circlet_count":0,"master_deck":["Strike_P","Strike_P","Defend_P","Defend_P","Defend_P","Eruption+1","Vigilance","Weave","Wallop","CutThroughFate","EmptyBody+1","Prostrate+1","BattleHymn","Wireheading","ThirdEye","Devotion","Establishment","Prostrate","EmptyMind","Omniscience","MasterReality","Study+1","JustLucky+1","MentalFortress","Tantrum"],"relics":["PureWater","Bird Faced Urn","TeardropLocket","Thread and Needle","Fusion Hammer","Tiny Chest","Nloth\u0027s Gift","Regal Pillow","Lantern","SlaversCollar","ClockworkSouvenir"],"potions_floor_usage":[7,10,16,33,40,40,40],"damage_taken":[{"damage":4,"enemies":"Small Slimes","floor":1,"turns":4},{"damage":2,"enemies":"Jaw Worm","floor":2,"turns":3},{"damage":0,"enemies":"Cultist","floor":3,"turns":2},{"damage":2,"enemies":"3 Sentries","floor":7,"turns":3},{"damage":0,"enemies":"Exordium Wildlife","floor":8,"turns":3},{"damage":5,"enemies":"Gremlin Nob","floor":10,"turns":3},{"damage":0,"enemies":"Red Slaver","floor":12,"turns":2},{"damage":0,"enemies":"3 Louse","floor":14,"turns":3},{"damage":12,"enemies":"The Guardian","floor":16,"turns":6},{"damage":0,"enemies":"Spheric Guardian","floor":18,"turns":3},{"damage":0,"enemies":"Chosen","floor":20,"turns":3},{"damage":19,"enemies":"Centurion and Healer","floor":22,"turns":5},{"damage":57,"enemies":"Slavers","floor":24,"turns":6},{"damage":15,"enemies":"Sentry and Sphere","floor":25,"turns":5},{"damage":3,"enemies":"Chosen and Byrds","floor":31,"turns":4},{"damage":29,"enemies":"Automaton","floor":33,"turns":7},{"damage":11,"enemies":"Orb Walker","floor":35,"turns":4},{"damage":23,"enemies":"3 Darklings","floor":36,"turns":5},{"damage":46,"enemies":"Transient","floor":39,"turns":5},{"damage":0,"enemies":"Reptomancer","floor":40,"turns":2}],"seed_played":"-2316750206459962468","potions_obtained":[{"floor":1,"key":"DistilledChaos"},{"floor":7,"key":"ColorlessPotion"},{"floor":14,"key":"Strength Potion"},{"floor":16,"key":"FearPotion"},{"floor":22,"key":"Dexterity Potion"},{"floor":24,"key":"Explosive Potion"},{"floor":33,"key":"Swift Potion"},{"floor":35,"key":"Energy Potion"},{"floor":39,"key":"EntropicBrew"}],"is_trial":false,"path_per_floor":["M","M","M","$","?","R","E","M","T","E","$","M","?","M","R","B",null,"M","T","M","?","M","R","E","M","T","?","T","$","?","M","R","B",null,"M","M","?","$","M","E"],"character_chosen":"WATCHER","items_purchased":["EmptyBody","MentalFortress","Tantrum","ClockworkSouvenir"],"campfire_rested":2,"item_purchase_floors":[4,38,38,38],"current_hp_per_floor":[43,41,41,41,27,27,25,25,25,22,22,22,22,24,24,16,58,64,64,72,72,57,72,21,14,14,14,14,14,14,21,57,38,64,63,50,50,50,10,12,12],"gold":43,"neow_bonus":"ONE_RARE_RELIC","is_prod":false,"is_daily":false,"chose_seed":false,"campfire_upgraded":1,"win_rate":0,"timestamp":1607602538,"path_taken":["M","M","M","$","?","R","E","M","T","E","$","M","?","M","R","BOSS","M","?","M","?","?","R","E","M","T","?","?","?","?","M","R","BOSS","M","M","?","$","M","E"],"build_version":"2020-11-30","purchased_purges":3,"victory":false,"max_hp_per_floor":[72,72,72,72,72,72,72,72,72,72,72,72,72,72,72,72,72,72,72,72,72,72,72,72,72,72,72,72,72,72,72,72,72,72,72,72,72,72,72,72,72],"card_choices":[{"not_picked":["CrushJoints","WindmillStrike"],"picked":"Weave","floor":1},{"not_picked":["LikeWater","EmptyFist"],"picked":"Wallop","floor":2},{"not_picked":["EmptyFist","Halt"],"picked":"CutThroughFate","floor":3},{"not_picked":["BowlingBash","Blasphemy"],"picked":"Prostrate","floor":7},{"not_picked":["EmptyFist","WindmillStrike"],"picked":"BattleHymn","floor":8},{"not_picked":["BattleHymn","Conclude"],"picked":"Wireheading","floor":10},{"not_picked":["FlurryOfBlows","SashWhip"],"picked":"ThirdEye","floor":12},{"not_picked":["Indignation","PathToVictory"],"picked":"Devotion","floor":14},{"not_picked":["Wish","Omniscience"],"picked":"Establishment","floor":16},{"not_picked":["BowlingBash","LikeWater","EmptyBody"],"picked":"SKIP","floor":18},{"not_picked":["SashWhip+1","ClearTheMind"],"picked":"Prostrate","floor":20},{"not_picked":["CrushJoints","Consecrate"],"picked":"EmptyMind","floor":22},{"not_picked":["WreathOfFlame","Wallop+1","Conclude"],"picked":"SKIP","floor":24},{"not_picked":["CutThroughFate","FearNoEvil+1"],"picked":"Omniscience","floor":25},{"not_picked":["CrushJoints","Consecrate","EmptyBody"],"picked":"SKIP","floor":31},{"not_picked":["Judgement","Wish"],"picked":"MasterReality","floor":33},{"not_picked":["Prostrate+1","PathToVictory"],"picked":"Study+1","floor":35},{"not_picked":["Consecrate","FearNoEvil"],"picked":"JustLucky+1","floor":36},{"not_picked":["EmptyBody","ClearTheMind","Prostrate+1"],"picked":"SKIP","floor":39}],"player_experience":966116,"relics_obtained":[{"floor":7,"key":"Akabeko"},{"floor":9,"key":"TeardropLocket"},{"floor":10,"key":"Thread and Needle"},{"floor":19,"key":"Tiny Chest"},{"floor":24,"key":"Regal Pillow"},{"floor":28,"key":"Lantern"}],"event_choices":[{"damage_healed":0,"gold_gain":0,"player_choice":"Entered Light","damage_taken":14,"max_hp_gain":0,"max_hp_loss":0,"event_name":"Shining Light","floor":5,"gold_loss":0,"cards_upgraded":["Defend_P","EmptyBody"]},{"damage_healed":0,"gold_gain":0,"player_choice":"Forge","damage_taken":0,"max_hp_gain":0,"max_hp_loss":0,"event_name":"Accursed Blacksmith","floor":13,"gold_loss":0,"cards_upgraded":["Prostrate"]},{"damage_healed":0,"gold_gain":0,"player_choice":"Traded Relic","damage_taken":0,"relics_obtained":["Nloth\u0027s Gift"],"max_hp_gain":0,"max_hp_loss":0,"event_name":"N\u0027loth","floor":21,"relics_lost":["Akabeko"],"gold_loss":0},{"damage_healed":0,"gold_gain":0,"player_choice":"Ignored","damage_taken":0,"max_hp_gain":0,"max_hp_loss":0,"event_name":"Ghosts","floor":27,"gold_loss":0},{"damage_healed":0,"gold_gain":99,"player_choice":"Stole From Cult","damage_taken":0,"max_hp_gain":0,"max_hp_loss":0,"event_name":"Nest","floor":30,"gold_loss":0},{"damage_healed":0,"gold_gain":0,"player_choice":"Ignored","damage_taken":0,"max_hp_gain":0,"max_hp_loss":0,"event_name":"Tomb of Lord Red Mask","floor":37,"gold_loss":0}],"is_beta":false,"boss_relics":[{"not_picked":["Runic Pyramid","SacredBark"],"picked":"Fusion Hammer"},{"not_picked":["Calling Bell","VioletLotus"],"picked":"SlaversCollar"}],"items_purged_floors":[4,11,29],"is_endless":false,"potions_floor_spawned":[1,7,14,16,22,24,31,33,35,39],"killed_by":"Reptomancer","ascension_level":6}}