{"host":"kw4o7b3ro2ktmmbe","time":1607574363,"event":{"gold_per_floor":[110,110,285,299,69,69,82,94,121,121,121,121,131,143,143,238,238,255,255,239,239,239,239],"floor_reached":22,"playtime":2852,"items_purged":["Doubt"],"score":176,"play_id":"f9e3c631-5a49-4836-937c-648e1fb108ed","local_time":"20201210172603","is_ascension_mode":false,"campfire_choices":[{"data":"TheSimpletonMod:ReapAndSow","floor":6.0,"key":"SMITH"},{"data":"TheSimpletonMod:Sunseed","floor":10.0,"key":"SMITH"},{"data":"TH:DeckOfManyThings","floor":12.0,"key":"SMITH"},{"data":"TheSimpletonMod:Rake","floor":15.0,"key":"SMITH"}],"neow_cost":"NONE","seed_source_timestamp":709677339250136,"circlet_count":0,"master_deck":["TheSimpletonMod:Strike_TheSimpleton","TheSimpletonMod:Strike_TheSimpleton","TheSimpletonMod:Strike_TheSimpleton","TheSimpletonMod:Strike_TheSimpleton","TheSimpletonMod:Defend_TheSimpleton","TheSimpletonMod:Defend_TheSimpleton","TheSimpletonMod:Defend_TheSimpleton","TheSimpletonMod:Haymaker","TheSimpletonMod:ReapAndSow+1","TheSimpletonMod:StockTheCellar+1","TheSimpletonMod:Innovate","TheSimpletonMod:Sunseed+1","TH:DeckOfManyThings+1","TheSimpletonMod:Rake+1","TH:CursedSword","TheSimpletonMod:Photosynthesis","TheSimpletonMod:Ferment+1","TheSimpletonMod:BuzzBomb","TheSimpletonMod:Rake","TheSimpletonMod:Sunseed+1"],"special_seed":0,"relics":["TheSimpletonMod:SpudOfTheInnocent","TheSimpletonMod:NightSoil","TheSimpletonMod:TheHarvester","Sling","Omamori","TheSimpletonMod:GourdCharm"],"potions_floor_usage":[20,20,22],"damage_taken":[{"damage":3.0,"enemies":"2 Louse","floor":1.0,"turns":3.0},{"damage":0.0,"enemies":"Cultist","floor":4.0,"turns":5.0},{"damage":0.0,"enemies":"Small Slimes","floor":7.0,"turns":3.0},{"damage":6.0,"enemies":"2 Fungi Beasts","floor":8.0,"turns":2.0},{"damage":0.0,"enemies":"Exordium Wildlife","floor":13.0,"turns":3.0},{"damage":3.0,"enemies":"Red Slaver","floor":14.0,"turns":3.0},{"damage":62.0,"enemies":"The Guardian","floor":16.0,"turns":17.0},{"damage":49.0,"enemies":"Chosen","floor":18.0,"turns":10.0},{"damage":5,"enemies":"2 Thieves","floor":20,"turns":4},{"damage":45,"enemies":"3 Cultists","floor":22,"turns":4}],"seed_played":"-2782398921208272448","potions_obtained":[{"floor":7.0,"key":"SkillPotion"},{"floor":13.0,"key":"AttackPotion"},{"floor":16.0,"key":"SneckoOil"},{"floor":20,"key":"Swift Potion"}],"is_trial":false,"path_per_floor":["M","?","?","M","$","R","M","M","T","R","?","R","M","M","R","B",null,"M","?","M","?","M"],"character_chosen":"THE_SIMPLETON","items_purchased":["Sling"],"campfire_rested":0,"item_purchase_floors":[5],"current_hp_per_floor":[79,72,72,76,76,76,76,74,74,74,74,74,78,79,79,35,82,37,37,36,36,0,0],"gold":239,"neow_bonus":"TEN_PERCENT_HP_BONUS","is_prod":false,"is_daily":false,"chose_seed":false,"campfire_upgraded":4,"win_rate":0.0,"timestamp":1607574363,"path_taken":["M","?","?","M","$","R","M","M","T","R","?","R","?","M","R","BOSS","M","?","?","?","M"],"build_version":"2020-11-30","purchased_purges":1,"victory":false,"max_hp_per_floor":[82,82,82,82,82,82,82,82,82,82,82,82,82,82,82,82,82,82,82,82,82,82,82],"card_choices":[{"not_picked":["TheSimpletonMod:Ferment","TheSimpletonMod:SeedCoat"],"picked":"TheSimpletonMod:StockTheCellar","floor":1.0},{"not_picked":["TheSimpletonMod:SaladShooter","TheSimpletonMod:ControlledBurn"],"picked":"TheSimpletonMod:Innovate","floor":4.0},{"not_picked":["TheSimpletonMod:PestManagement","TheSimpletonMod:Rake"],"picked":"TheSimpletonMod:Sunseed","floor":7.0},{"not_picked":["TheSimpletonMod:Ferment","TheSimpletonMod:Fertilaser","TheSimpletonMod:OnionBloom"],"picked":"SKIP","floor":8.0},{"not_picked":["TH:PixieDust"],"picked":"TH:DeckOfManyThings","floor":9.0},{"not_picked":["TheSimpletonMod:CloseScrape","TheSimpletonMod:Mulch"],"picked":"TheSimpletonMod:Rake","floor":13.0},{"not_picked":["TheSimpletonMod:SaladShooter","TheSimpletonMod:OnionBloom","TheSimpletonMod:SeedCoat"],"picked":"SKIP","floor":14.0},{"not_picked":["TH:CopperCoins"],"picked":"TH:CursedSword","floor":16.0},{"not_picked":["TheSimpletonMod:HitTheSack","TheSimpletonMod:FlashPasteurize"],"picked":"TheSimpletonMod:Photosynthesis","floor":16.0},{"not_picked":["TheSimpletonMod:Sunseed","TheSimpletonMod:SpiceUp"],"picked":"TheSimpletonMod:Ferment+1","floor":18.0},{"not_picked":["TheSimpletonMod:Aerate+1","TheSimpletonMod:VineRipen"],"picked":"TheSimpletonMod:Sunseed+1","floor":20}],"player_experience":1723902,"relics_obtained":[{"floor":9.0,"key":"Omamori"}],"event_choices":[{"cards_removed":["TheSimpletonMod:Defend_TheSimpleton"],"damage_healed":0.0,"max_hp_gain":0.0,"max_hp_loss":0.0,"gold_gain":0.0,"event_name":"Golden Wing","player_choice":"Card Removal","floor":2.0,"gold_loss":0.0,"damage_taken":7.0},{"damage_healed":0.0,"max_hp_gain":0.0,"max_hp_loss":0.0,"gold_gain":175.0,"event_name":"Liars Game","player_choice":"AGREE","floor":3.0,"gold_loss":0.0,"damage_taken":0.0,"cards_obtained":["Doubt"]},{"damage_healed":0.0,"max_hp_gain":0.0,"max_hp_loss":0.0,"gold_gain":0.0,"event_name":"Upgrade Shrine","player_choice":"Upgraded","floor":11.0,"gold_loss":0.0,"damage_taken":0.0,"cards_upgraded":["TheSimpletonMod:StockTheCellar"]},{"damage_healed":0.0,"max_hp_gain":0.0,"max_hp_loss":0.0,"gold_gain":0.0,"event_name":"Match and Keep!","player_choice":"2 cards matched","floor":19.0,"gold_loss":0.0,"damage_taken":0.0,"cards_obtained":["TheSimpletonMod:BuzzBomb","TheSimpletonMod:Rake"]},{"damage_healed":0,"gold_gain":0,"player_choice":"Ignored","damage_taken":0,"max_hp_gain":0,"max_hp_loss":0,"event_name":"Ghosts","floor":21,"gold_loss":0}],"is_beta":false,"boss_relics":[{"not_picked":["Empty Cage","SlaversCollar"],"picked":"TheSimpletonMod:GourdCharm"}],"items_purged_floors":[5],"is_endless":false,"potions_floor_spawned":[7,13,16,20],"killed_by":"3 Cultists","ascension_level":0}}