{"host":"ctqfwlng7h8v2vsz","time":1607643590,"event":{"mods":["AchievementEnabler","BaseMod","BetterRewards","DeckTracker","Highlight Path","Keyboard Shortcuts","Minty Spire (QoL Compilation)","Permanent Neow","Rare Cards Sparkle","Relic Stats","Shop Mod","Spicy Shops","StSLib","SuperFastMode","everything is the same but u backflip on backflip"],"gold_per_floor":[9012,7783,7801,7817,6763,6788,6788,6023,6023,6023,6023,6023,6023,6023,6023,6096,6096,6110,6000,5220,5235,4540,4540,4566,4566,4566,4026,4061,3986,4017,4042,4042,4116,4116,4132,4142,3760,3318,3318,3318,3344,3344,3344,3344,3386,3386,3386],"floor_reached":46,"playtime":1328,"items_purged":["Envenom","Sucker Punch","Grand Finale","Grand Finale","Choke","Terror","Survivor","Dramatic Entrance"],"score":1813,"play_id":"36f35920-8014-4609-9210-63a7dd11762f","local_time":"20201211083950","is_ascension_mode":true,"campfire_choices":[{"data":"ConjureBlade","floor":7,"key":"SMITH"},{"data":"Dash","floor":10,"key":"PURGE"},{"data":"Riddle With Holes","floor":11,"key":"PURGE"},{"data":"Neutralize","floor":12,"key":"PURGE"},{"data":"Pride","floor":13,"key":"PURGE"},{"data":"Omniscience","floor":15,"key":"SMITH"},{"data":"Seek","floor":23,"key":"SMITH"},{"data":"Adrenaline","floor":25,"key":"SMITH"},{"data":"Echo Form","floor":32,"key":"SMITH"},{"data":"Impatience","floor":40,"key":"SMITH"},{"floor":42,"key":"RECALL"},{"data":"Finesse","floor":44,"key":"SMITH"},{"data":"Demon Form","floor":46,"key":"SMITH"}],"circlet_count":0,"master_deck":["AscendersBane","Reboot","Demon Form+1","Master of Strategy","Master of Strategy+1","Omniscience+1","DevaForm","Exhume+1","After Image+1","Acrobatics","Backflip","After Image+1","ConjureBlade+1","Impatience+1","Echo Form+1","Seek+1","Finesse+1","Adrenaline+1","Exhume+1","Madness+1","Madness+1","Adrenaline+1","Omniscience+1"],"relics":["Ring of the Snake","Pandora\u0027s Box","Prayer Wheel","Prayer Wheel","Question Card","Question Card","Nloth\u0027s Gift","Nloth\u0027s Gift","Nloth\u0027s Gift","Nloth\u0027s Gift","PrismaticShard","Peace Pipe","Coffee Dripper","Coffee Dripper","Calipers","Bronze Scales","TheAbacus","Sundial","Snake Skull","DollysMirror","Gremlin Horn","Boot","Bag of Marbles","Lee\u0027s Waffle","StrikeDummy","Membership Card","TwistedFunnel","Oddly Smooth Stone","Orichalcum","Regal Pillow","Juzu Bracelet","TungstenRod","Black Star","Chemical X","HandDrill","Kunai","Ornamental Fan","White Beast Statue","OrangePellets","Medical Kit","Meat on the Bone","Toy Ornithopter","Tingsha","Smiling Mask","Mummified Hand","Frozen Eye","ClockworkSouvenir","Singing Bowl","Anchor","Centennial Puzzle","Ice Cream","Turnip","Thread and Needle","Letter Opener","Unceasing Top","StoneCalendar","Vajra","SlaversCollar","Happy Flower","Ancient Tea Set","Orrery","War Paint","Toxic Egg 2","Paper Crane","Sling","Bag of Preparation","WingedGreaves","Pear","Nunchaku","Whetstone","Pen Nib","CeramicFish"],"acts_visited":["Exordium","TheCity","TheBeyond"],"potions_floor_usage":[8,18,18],"damage_taken":[{"damage":0.0,"enemies":"Jaw Worm","floor":1.0,"turns":2.0},{"damage":0.0,"enemies":"Cultist","floor":3.0,"turns":2.0},{"damage":0.0,"enemies":"2 Louse","floor":4.0,"turns":2.0},{"damage":0,"enemies":"3 Sentries","floor":6,"turns":3},{"damage":0,"enemies":"Slime Boss","floor":16,"turns":5},{"damage":0,"enemies":"Shell Parasite","floor":18,"turns":2},{"damage":0,"enemies":"2 Thieves","floor":21,"turns":2},{"damage":0,"enemies":"Book of Stabbing","floor":24,"turns":3},{"damage":0,"enemies":"Slavers","floor":28,"turns":3},{"damage":0,"enemies":"Gremlin Leader","floor":30,"turns":2},{"damage":0,"enemies":"Slavers","floor":31,"turns":2},{"damage":0,"enemies":"Champ","floor":33,"turns":3},{"damage":0,"enemies":"3 Darklings","floor":35,"turns":2},{"damage":0,"enemies":"3 Shapes","floor":36,"turns":2},{"damage":0,"enemies":"Nemesis","floor":41,"turns":1},{"damage":0,"enemies":"Reptomancer","floor":45,"turns":2}],"seed_played":"4543526368847758315","potions_obtained":[{"floor":1.0,"key":"SpeedPotion"},{"floor":4.0,"key":"Fire Potion"},{"floor":33,"key":"PowerPotion"}],"is_trial":false,"path_per_floor":["M","$","M","M","$","E","R","$","T","R","R","R","R","?","R","B",null,"M","?","$","M","$","R","E","R","T","$","E","?","E","E","R","B",null,"M","M","$","$","?","R","E","R","T","R","E","R"],"character_chosen":"THE_SILENT","items_purchased":["Master of Strategy","Dramatic Entrance","Bronze Scales","TheAbacus","Sundial","Snake Skull","Block Potion","Acrobatics","Backflip","DollysMirror","Gremlin Horn","Boot","Bag of Marbles","Lee\u0027s Waffle","Membership Card","TwistedFunnel","Oddly Smooth Stone","Orichalcum","Regal Pillow","Juzu Bracelet","Fruit Juice","SkillPotion","Impatience","Chemical X","HandDrill","Kunai","Ornamental Fan","White Beast Statue","GhostInAJar","ColorlessPotion","Finesse","OrangePellets","Medical Kit","Meat on the Bone","Toy Ornithopter","Tingsha","PowerPotion","Frozen Eye","ClockworkSouvenir","Singing Bowl","Anchor","Centennial Puzzle","Ice Cream","Happy Flower","Ancient Tea Set","Orrery","War Paint","Toxic Egg 2","Paper Crane","Sling","Bag of Preparation"],"campfire_rested":0,"item_purchase_floors":[2,2,2,2,2,2,2,5,5,5,5,5,5,5,8,8,8,8,8,8,8,8,8,20,20,20,20,20,20,20,20,22,22,22,22,22,22,27,27,27,27,27,27,37,37,37,37,38,38,38,38],"current_hp_per_floor":[59,59,59,59,73,73,73,80,80,80,80,80,80,80,80,80,80,80,80,80,80,80,80,80,80,80,80,82,82,84,86,86,86,86,90,94,104,104,86,86,96,96,96,96,96,96,96],"gold":3386,"neow_bonus":"TRANSFORM_CARD","is_daily":false,"chose_seed":false,"campfire_upgraded":8,"win_rate":0.0,"timestamp":1607643590,"path_taken":["M","$","M","M","$","E","R","$","T","R","R","R","R","?","R","BOSS","M","?","$","M","$","R","E","R","T","$","E","?","E","E","R","BOSS","M","M","$","$","?","R","E","R","T","R","E","R"],"items_purchased_type":["Card","Card","Relic","Relic","Relic","Relic","Potion","Card","Card","Relic","Relic","Relic","Relic","Relic","Relic","Relic","Relic","Relic","Relic","Relic","Potion","Potion","Card","Relic","Relic","Relic","Relic","Relic","Potion","Potion","Card","Relic","Relic","Relic","Relic","Relic","Potion","Relic","Relic","Relic","Relic","Relic","Relic","Relic","Relic","Relic","Relic","Relic","Relic","Relic","Relic"],"build_version":"2020-11-30","purchased_purges":8,"victory":false,"max_hp_per_floor":[66,66,66,66,73,73,73,80,80,80,80,80,80,80,80,80,80,80,80,80,80,80,80,80,80,80,80,82,82,84,86,86,86,86,90,94,104,104,104,104,114,114,114,114,114,114,114],"relic_stats":{"Regal Pillow":0,"Gremlin Horn":[15,15],"Singing Bowl":24,"CeramicFish":9,"StoneCalendar":[0],"Snake Skull":[25],"Juzu Bracelet":1,"Bag of Preparation":[4],"Whetstone":[],"Boot":[5],"Smiling Mask":188,"Centennial Puzzle":[0],"Nunchaku":[0],"TheAbacus":[150],"Sundial":[16],"Mummified Hand":[43],"Prayer Wheel":7,"HandDrill":[6],"Chemical X":[9],"Kunai":[3],"Ring of the Snake":[32],"Lee\u0027s Waffle":14,"Happy Flower":[1],"counters":[16,38],"Tingsha":[21],"Pen Nib":[0],"Letter Opener":[156],"Orichalcum":[6],"War Paint":["Master of Strategy","Exhume"],"Question Card":56,"Medical Kit":[4],"Peace Pipe":5,"OrangePellets":[0],"Ornamental Fan":[12],"Bronze Scales":[78],"Pandora\u0027s Box":["Riddle With Holes","Catalyst","Sucker Punch","Envenom","Predator","Dash","Dash","Choke","Grand Finale","Terror"],"Turnip":[2],"Nloth\u0027s Gift":416,"Black Star":6,"obtain_stats":[{"TwistedFunnel":8,"Ice Cream":27,"Calipers":0,"Gremlin Horn":5,"CeramicFish":45,"Vajra":31,"Whetstone":43,"Boot":5,"Sling":38,"Centennial Puzzle":27,"Sundial":2,"DollysMirror":5,"Prayer Wheel":0,"HandDrill":20,"Kunai":20,"Toxic Egg 2":38,"Pear":41,"Happy Flower":37,"Oddly Smooth Stone":8,"Tingsha":22,"Pen Nib":45,"Letter Opener":30,"War Paint":37,"Paper Crane":38,"Question Card":0,"OrangePellets":22,"SlaversCollar":34,"Bronze Scales":2,"Pandora\u0027s Box":0,"Nloth\u0027s Gift":0,"Black Star":17,"StrikeDummy":6,"Unceasing Top":30,"Meat on the Bone":22,"Regal Pillow":8,"Singing Bowl":27,"StoneCalendar":31,"Snake Skull":2,"Juzu Bracelet":8,"Bag of Preparation":38,"PrismaticShard":0,"Smiling Mask":24,"Ancient Tea Set":37,"ClockworkSouvenir":27,"Frozen Eye":27,"Nunchaku":41,"TheAbacus":2,"Mummified Hand":26,"WingedGreaves":0,"Chemical X":20,"Ring of the Snake":0,"Lee\u0027s Waffle":5,"Thread and Needle":28,"Orichalcum":8,"Medical Kit":22,"White Beast Statue":20,"Peace Pipe":0,"Anchor":27,"Ornamental Fan":20,"Orrery":37,"Turnip":28,"Coffee Dripper":0,"Bag of Marbles":5,"Membership Card":8,"TungstenRod":9,"Toy Ornithopter":22},{"TwistedFunnel":4,"Ice Cream":8,"Calipers":0,"Gremlin Horn":3,"CeramicFish":16,"Vajra":11,"Whetstone":15,"Boot":3,"Sling":14,"Centennial Puzzle":8,"Sundial":1,"DollysMirror":3,"Prayer Wheel":0,"HandDrill":6,"Kunai":6,"Toxic Egg 2":14,"Pear":15,"Happy Flower":14,"Oddly Smooth Stone":4,"Tingsha":7,"Pen Nib":16,"Letter Opener":10,"War Paint":14,"Paper Crane":14,"Question Card":0,"OrangePellets":7,"SlaversCollar":12,"Bronze Scales":1,"Pandora\u0027s Box":0,"Nloth\u0027s Gift":0,"Black Star":5,"StrikeDummy":4,"Unceasing Top":10,"Meat on the Bone":7,"Regal Pillow":4,"Singing Bowl":8,"StoneCalendar":11,"Snake Skull":1,"Juzu Bracelet":4,"Bag of Preparation":14,"PrismaticShard":0,"Smiling Mask":8,"Ancient Tea Set":14,"ClockworkSouvenir":8,"Frozen Eye":8,"Nunchaku":15,"TheAbacus":1,"Mummified Hand":8,"WingedGreaves":0,"Chemical X":6,"Ring of the Snake":0,"Lee\u0027s Waffle":3,"Thread and Needle":9,"Orichalcum":4,"Medical Kit":7,"White Beast Statue":6,"Peace Pipe":0,"Anchor":8,"Ornamental Fan":6,"Orrery":14,"Turnip":9,"Coffee Dripper":0,"Bag of Marbles":3,"Membership Card":4,"TungstenRod":4,"Toy Ornithopter":7},{"TwistedFunnel":9,"Ice Cream":21,"Calipers":0,"Gremlin Horn":6,"CeramicFish":38,"Vajra":28,"Whetstone":36,"Boot":6,"Sling":35,"Centennial Puzzle":21,"Sundial":2,"DollysMirror":6,"Prayer Wheel":0,"HandDrill":16,"Kunai":16,"Toxic Egg 2":35,"Pear":36,"Happy Flower":35,"Oddly Smooth Stone":9,"Tingsha":18,"Pen Nib":38,"Letter Opener":26,"War Paint":35,"Paper Crane":35,"Question Card":0,"OrangePellets":18,"SlaversCollar":31,"Bronze Scales":2,"Pandora\u0027s Box":0,"Nloth\u0027s Gift":0,"Black Star":14,"StrikeDummy":9,"Unceasing Top":26,"Meat on the Bone":18,"Regal Pillow":9,"Singing Bowl":21,"StoneCalendar":28,"Snake Skull":2,"Juzu Bracelet":9,"Bag of Preparation":35,"PrismaticShard":0,"Smiling Mask":21,"Ancient Tea Set":35,"ClockworkSouvenir":21,"Frozen Eye":21,"Nunchaku":36,"TheAbacus":2,"Mummified Hand":21,"WingedGreaves":0,"Chemical X":16,"Ring of the Snake":0,"Lee\u0027s Waffle":6,"Thread and Needle":24,"Orichalcum":9,"Medical Kit":18,"White Beast Statue":16,"Peace Pipe":0,"Anchor":21,"Ornamental Fan":16,"Orrery":35,"Turnip":24,"Coffee Dripper":0,"Bag of Marbles":6,"Membership Card":9,"TungstenRod":9,"Toy Ornithopter":18}],"TungstenRod":1,"Toy Ornithopter":0,"Unceasing Top":[0],"Meat on the Bone":0},"card_choices":[{"not_picked":["Mayhem","Wraith Form v2","Electrodynamics","Barricade"],"picked":"Reboot","floor":1.0},{"not_picked":["Unload","Magnetism","Feed","Venomology"],"picked":"Demon Form","floor":1.0},{"not_picked":["Demon Form","Barricade","Thinking Ahead","SpiritShield"],"picked":"Master of Strategy","floor":3.0},{"not_picked":["Demon Form","DeusExMachina","Feed","Wish"],"picked":"Omniscience","floor":3.0},{"not_picked":["Reaper","HandOfGreed","Demon Form","Mayhem"],"picked":"DevaForm","floor":4.0},{"not_picked":["Creative AI","Bludgeon","Mayhem","Berserk"],"picked":"Exhume","floor":4.0},{"not_picked":["Limit Break","Grand Finale","Buffer","SpiritShield"],"picked":"ConjureBlade","floor":6},{"not_picked":["Alpha","Transmutation","Rainbow","Venomology"],"picked":"Echo Form","floor":16},{"not_picked":["Metamorphosis","Devotion","LessonLearned","Secret Technique"],"picked":"Seek","floor":18},{"not_picked":["Magnetism","Chrysalis","Thinking Ahead","Limit Break","Bludgeon"],"picked":"SKIP","floor":18},{"not_picked":["A Thousand Cuts","Doppelganger","Alpha","Bullet Time","Demon Form"],"picked":"SKIP","floor":21},{"not_picked":["Feed","Electrodynamics","Limit Break","Tools of the Trade","Apotheosis"],"picked":"SKIP","floor":21},{"not_picked":["HandOfGreed","Thunder Strike","Metamorphosis","Bludgeon"],"picked":"Adrenaline","floor":24},{"not_picked":["Immolate","Hyperbeam","Vault","Glass Knife","Doppelganger"],"picked":"Singing Bowl","floor":28},{"not_picked":["Creative AI","Amplify","Brilliance","Panache","Judgement"],"picked":"Singing Bowl","floor":30},{"not_picked":["Core Surge","Vault","Corpse Explosion","Wraith Form v2","Venomology"],"picked":"Singing Bowl","floor":31},{"not_picked":["HandOfGreed","Die Die Die","Hyperbeam","Apotheosis"],"picked":"Exhume","floor":33},{"not_picked":["Machine Learning","Glass Knife","Buffer","Devotion","Reboot"],"picked":"Singing Bowl","floor":35},{"not_picked":["Grand Finale","HandOfGreed","Wraith Form v2","Fission","Ragnarok"],"picked":"Singing Bowl","floor":35},{"not_picked":["Devotion","Core Surge","Meteor Strike","Magnetism","Envenom"],"picked":"Singing Bowl","floor":36},{"not_picked":["Envenom","Blasphemy","Phantasmal Killer","Grand Finale","Core Surge"],"picked":"Singing Bowl","floor":36},{"not_picked":["Forethought+1","Pommel Strike","Barrage","Intimidate+1","Cleave"],"picked":"Singing Bowl","floor":37},{"not_picked":["Chill+1","Flame Barrier+1","Magnetism","Concentrate","FlurryOfBlows"],"picked":"Singing Bowl","floor":37},{"not_picked":["SashWhip","Carnage","Flechettes","Weave","Clothesline"],"picked":"Singing Bowl","floor":37},{"not_picked":["Force Field","Sever Soul","Accuracy","Hologram","Stack+1"],"picked":"Singing Bowl","floor":37},{"not_picked":["Consecrate","True Grit","Flying Knee","Steam Power","Cold Snap"],"picked":"Singing Bowl","floor":37},{"not_picked":["Storm of Steel+1","Demon Form","Electrodynamics","Corruption"],"picked":"Adrenaline+1","floor":41},{"not_picked":["Doppelganger+1","Unload","The Bomb+1","Buffer"],"picked":"Omniscience+1","floor":45}],"player_experience":338998,"relics_obtained":[{"floor":6,"key":"StrikeDummy"},{"floor":9,"key":"TungstenRod"},{"floor":24,"key":"Smiling Mask"},{"floor":26,"key":"Mummified Hand"},{"floor":28,"key":"Turnip"},{"floor":28,"key":"Thread and Needle"},{"floor":30,"key":"Letter Opener"},{"floor":30,"key":"Unceasing Top"},{"floor":31,"key":"StoneCalendar"},{"floor":31,"key":"Vajra"},{"floor":41,"key":"Pear"},{"floor":41,"key":"Nunchaku"},{"floor":43,"key":"Whetstone"},{"floor":45,"key":"Pen Nib"},{"floor":45,"key":"CeramicFish"}],"event_choices":[{"damage_healed":0,"gold_gain":0,"player_choice":"Ignored","damage_taken":0,"max_hp_gain":0,"max_hp_loss":0,"event_name":"Liars Game","floor":14,"gold_loss":0},{"cards_removed":["Predator"],"damage_healed":0,"gold_gain":0,"player_choice":"Upgrade and Remove","damage_taken":0,"max_hp_gain":0,"max_hp_loss":0,"event_name":"Designer","floor":19,"gold_loss":110,"cards_upgraded":["Exhume"]},{"cards_removed":["Dash"],"damage_healed":0,"gold_gain":0,"player_choice":"Gave Gold","damage_taken":0,"max_hp_gain":0,"max_hp_loss":0,"event_name":"Beggar","floor":29,"gold_loss":75},{"damage_healed":0,"gold_gain":0,"player_choice":"Embrace Madness","damage_taken":19,"max_hp_gain":0,"max_hp_loss":0,"event_name":"Winding Halls","floor":39,"gold_loss":0,"cards_obtained":["Madness","Madness"]}],"is_beta":false,"boss_relics":[{"not_picked":["Snecko Eye","Velvet Choker"],"picked":"Black Star"},{"not_picked":["Runic Dome","Sozu"],"picked":"SlaversCollar"}],"items_purged_floors":[2,5,8,20,22,27,37,38],"is_endless":false,"potions_floor_spawned":[1,4,18,21,24,28,30,31,33,35,36,41,45],"ascension_level":20}}