{"host":"ee5exjejqz6r5zx9","time":1607593177,"event":{"gold_per_floor":[3333,3343,3358,3372,3146,3173,3173,3203,3251,3251,3264,3275,3289,3289,3289,3362,3362,3374,3374,3385,3404,3404,3431,3431,3462,3486,3486,3512,3530,3530,3563,3563,3636,3636,3656,3364,3384,3400,3414,3444,3444,3477,3477,3477,2868,2880,2894,2922,2922,2922,2922,2922,2922,2747,2775,2520],"floor_reached":57,"playtime":1355,"items_purged":["Defend_P","Prostrate","BowlingBash+1","Strike_P","Strike_P","Strike_P+1","ReachHeaven"],"score":2993,"play_id":"3d2399c7-2a17-49ee-ab1f-78c15dc9c177","local_time":"20201210173937","is_ascension_mode":true,"campfire_choices":[{"floor":7.0,"key":"RECALL"},{"data":"FlurryOfBlows","floor":10.0,"key":"SMITH"},{"floor":15.0,"key":"REST"},{"floor":24.0,"key":"REST"},{"data":"MentalFortress","floor":30.0,"key":"SMITH"},{"floor":32.0,"key":"REST"},{"floor":41.0,"key":"REST"},{"floor":49.0,"key":"REST"},{"floor":53.0,"key":"REST"}],"neow_cost":"NONE","seed_source_timestamp":274019384917700,"circlet_count":0,"master_deck":["AscendersBane","Defend_P+1","Defend_P+1","Eruption+1","Vigilance+1","FearNoEvil+1","Evaluate+1","FlurryOfBlows+1","MostiFishMod:Adaptation","MentalFortress+1","Pray+1","Tantrum+1","Scrawl+1","Adaptation+1","Vault+1","Ragnarok+1","TalkToTheHand+1","Brilliance+1","testmod-BackupPower+1","ReachHeaven+1","MasterReality"],"special_seed":0,"relics":["PureWater","Hammer of Thor","Seething Fire","Anvil of the Gods","testmod-TestBox","REME_ComplimentaryCards","testmod-Antiphasic","SynthV:MejaisSoulstealer","Question Card","Bag of Marbles","Whetstone","Replay:Ringing Soul","ImportantClient","Runic Dome","DaveBox","TakeMeEscape","Garlic","testmod-IndustrialRevolution","Ancient Tea Set","Bag of Preparation","EasyGame_NEW","Sundial","Blue Doll","Blood Vial","Pocketwatch","GodSword4","ClockworkSouvenir","Centennial Puzzle","Counterbalance","Medical Kit","Simple Rune"],"potions_floor_usage":[],"damage_taken":[{"damage":0.0,"enemies":"Cultist","floor":1.0,"turns":2.0},{"damage":0.0,"enemies":"Jaw Worm","floor":2.0,"turns":2.0},{"damage":0.0,"enemies":"Small Slimes","floor":3.0,"turns":3.0},{"damage":0.0,"enemies":"Exordium Wildlife","floor":4.0,"turns":2.0},{"damage":0.0,"enemies":"3 Sentries","floor":6.0,"turns":3.0},{"damage":0.0,"enemies":"Gremlin Nob","floor":8.0,"turns":2.0},{"damage":0.0,"enemies":"Blue Slaver","floor":11.0,"turns":1.0},{"damage":0.0,"enemies":"Large Slime","floor":12.0,"turns":1.0},{"damage":0.0,"enemies":"Exordium Thugs","floor":13.0,"turns":2.0},{"damage":0.0,"enemies":"Slime Boss","floor":16.0,"turns":2.0},{"damage":0.0,"enemies":"2 Thieves","floor":18.0,"turns":2.0},{"damage":0.0,"enemies":"Chosen","floor":20.0,"turns":2.0},{"damage":0.0,"enemies":"Centurion and Healer","floor":21.0,"turns":2.0},{"damage":9.0,"enemies":"Gremlin Leader","floor":23.0,"turns":2.0},{"damage":3.0,"enemies":"Book of Stabbing","floor":25.0,"turns":2.0},{"damage":7.0,"enemies":"Slavers","floor":28.0,"turns":4.0},{"damage":0.0,"enemies":"Snake Plant","floor":29.0,"turns":2.0},{"damage":9.0,"enemies":"Book of Stabbing","floor":31.0,"turns":3.0},{"damage":33.0,"enemies":"Collector","floor":33.0,"turns":3.0},{"damage":0.0,"enemies":"3 Darklings","floor":35.0,"turns":1.0},{"damage":14.0,"enemies":"3 Shapes","floor":37.0,"turns":1.0},{"damage":0.0,"enemies":"3 Darklings","floor":38.0,"turns":2.0},{"damage":0.0,"enemies":"Sphere and 2 Shapes","floor":39.0,"turns":2.0},{"damage":0.0,"enemies":"Giant Head","floor":40.0,"turns":3.0},{"damage":0.0,"enemies":"R_Hoarder","floor":42.0,"turns":2.0},{"damage":0.0,"enemies":"Jaw Worm Horde","floor":46.0,"turns":1.0},{"damage":9.0,"enemies":"Writhing Mass","floor":47.0,"turns":2.0},{"damage":0.0,"enemies":"Giant Head","floor":48.0,"turns":1.0},{"damage":0.0,"enemies":"Donu and Deca","floor":50.0,"turns":4.0},{"damage":3.0,"enemies":"Time Eater","floor":51.0,"turns":4.0},{"damage":0.0,"enemies":"Shield and Spear","floor":55.0,"turns":2.0},{"damage":0,"enemies":"The Heart","floor":56,"turns":1}],"seed_played":"-6035640563781401128","potions_obtained":[{"floor":2.0,"key":"CultistPotion"},{"floor":4.0,"key":"Elixir"},{"floor":11.0,"key":"EntropicBrew"},{"floor":12.0,"key":"testmod-SpacePotion"},{"floor":20.0,"key":"Fire Potion"},{"floor":25.0,"key":"FearPotion"},{"floor":29.0,"key":"Ambrosia"},{"floor":47.0,"key":"AttackPotion"}],"is_trial":false,"path_per_floor":["M","M","M","M","$","E","R","E","T","R","M","M","M","?","R","B",null,"M","?","M","M","$","E","R","E","T","?","E","M","R","E","R","B",null,"M","$","M","M","M","E","R","E","T","?","$","M","M","E","R","B","B",null,"R","$","E","B",null],"character_chosen":"WATCHER","items_purchased":["Bag of Marbles","Evaluate","Sundial","TalkToTheHand","GodSword4","ClockworkSouvenir","Centennial Puzzle","Brilliance+1","testmod-BackupPower","Medical Kit","ReachHeaven"],"campfire_rested":6,"item_purchase_floors":[5,5,36,36,45,45,45,45,45,54,54],"current_hp_per_floor":[61,61,61,61,61,61,61,64,64,64,64,64,64,67,74,77,77,77,77,77,77,77,68,77,77,77,77,70,70,70,64,83,50,78,78,81,67,67,67,67,89,89,89,89,92,92,83,85,92,92,89,91,92,95,98,98],"gold":2520,"neow_bonus":"THREE_CARDS","is_prod":false,"is_daily":false,"chose_seed":false,"campfire_upgraded":2,"win_rate":0,"timestamp":1607593177,"path_taken":["M","M","M","M","?","E","R","E","T","R","M","M","M","?","R","BOSS","M","?","M","M","$","E","R","E","T","?","E","M","R","E","R","BOSS","M","$","M","M","M","E","R","E","T","?","$","M","M","E","R","BOSS","BOSS","R","$","E","BOSS"],"build_version":"2020-11-30","purchased_purges":7,"victory":true,"max_hp_per_floor":[68,68,68,68,68,68,68,71,71,71,71,71,71,74,74,77,77,77,77,77,77,77,77,77,80,80,80,80,80,80,83,83,83,86,86,89,89,89,89,89,89,89,89,89,92,92,92,92,92,92,92,92,92,95,98,98],"card_choices":[{"not_picked":["WindmillStrike","Consecrate"],"picked":"BowlingBash","floor":1.0},{"not_picked":["Replay:BluntJabs","PathToVictory","JustLucky"],"picked":"Prostrate","floor":2.0},{"not_picked":["SashWhip","Sanctity","Replay:ManipulateFuture"],"picked":"SignatureMove","floor":3.0},{"not_picked":["EmptyBody","BowlingBash","SashWhip","FollowUp"],"picked":"SKIP","floor":4.0},{"not_picked":["MostiFishMod:CyberBuddha","Crescendo","DeceiveReality","Evaluate"],"picked":"SKIP","floor":6.0},{"not_picked":["SandsOfTime","Evaluate","InnerPeace"],"picked":"FlurryOfBlows","floor":8.0},{"not_picked":["Protect","ThirdEye","EmptyBody","CrushJoints"],"picked":"SKIP","floor":11.0},{"not_picked":["Collect","JustLucky","FlurryOfBlows","FlyingSleeves"],"picked":"SKIP","floor":12.0},{"not_picked":["Nirvana","Protect","REME_Repentance","Study"],"picked":"SKIP","floor":13.0},{"not_picked":["MostiFishMod:Disappear","Judgement","Omniscience"],"picked":"MostiFishMod:Adaptation","floor":16.0},{"not_picked":["ClearTheMind","CutThroughFate+1","Replay:BluntJabs","BowlingBash"],"picked":"SKIP","floor":18.0},{"not_picked":["Consecrate","Evaluate","FlurryOfBlows","Replay:BluntJabs"],"picked":"SKIP","floor":20.0},{"not_picked":["ReachHeaven","WindmillStrike","Prostrate","Replay:ManipulateFuture"],"picked":"SKIP","floor":21.0},{"not_picked":["Wireheading","SignatureMove","MostiFishMod:PathToVictory","ThirdEye"],"picked":"SKIP","floor":23.0},{"not_picked":["MentalFortress","FlyingSleeves","Crescendo+1","Prostrate"],"picked":"SKIP","floor":25.0},{"not_picked":["FlyingSleeves","Crescendo+1","Prostrate"],"picked":"MentalFortress","floor":25.0},{"not_picked":["MostiFishMod:LegendTransform+1","Replay:DivineShield+1","JustLucky","SignatureMove"],"picked":"SKIP","floor":28.0},{"not_picked":["Consecrate","Replay:ManipulateFuture","REME_Repentance","FlyingSleeves"],"picked":"SKIP","floor":29.0},{"not_picked":["Fasting2","Replay:AllIn","Replay:ManipulateFuture"],"picked":"Pray","floor":31.0},{"not_picked":["Replay:DivineShield+1","PathToVictory+1","Indignation","Replay:Anticipation+1"],"picked":"SKIP","floor":35.0},{"not_picked":["FlurryOfBlows+1","Prostrate","Protect+1","FollowUp"],"picked":"SKIP","floor":37.0},{"not_picked":["CrushJoints","Indignation+1","BowlingBash","Replay:BluntJabs"],"picked":"SKIP","floor":38.0},{"not_picked":["ThirdEye+1","FollowUp","SashWhip","REME_Repentance+1"],"picked":"SKIP","floor":39.0},{"not_picked":["CutThroughFate","BowlingBash","FlyingSleeves+1","Replay:AtTheReady"],"picked":"SKIP","floor":40.0},{"not_picked":["ClearTheMind","MostiFishMod:Adaptation","JustLucky+1","Crescendo"],"picked":"SKIP","floor":42.0},{"not_picked":["Prostrate","Evaluate+1","CrushJoints+1","Meditate"],"picked":"SKIP","floor":46.0},{"not_picked":["Prostrate","Consecrate","BowlingBash","MostiFishMod:DisColor"],"picked":"SKIP","floor":47.0},{"not_picked":["EmptyBody","Evaluate","FlurryOfBlows","SashWhip+1"],"picked":"SKIP","floor":48.0},{"not_picked":["Crescendo","Protect","DeceiveReality"],"picked":"MasterReality","floor":55.0}],"player_experience":423401,"relics_obtained":[{"floor":1.0,"key":"Question Card"},{"floor":6.0,"key":"Whetstone"},{"floor":8.0,"key":"Replay:Ringing Soul"},{"floor":16.0,"key":"ImportantClient"},{"floor":25.0,"key":"Garlic"},{"floor":26.0,"key":"testmod-IndustrialRevolution"},{"floor":28.0,"key":"Ancient Tea Set"},{"floor":31.0,"key":"Bag of Preparation"},{"floor":40.0,"key":"Blue Doll"},{"floor":42.0,"key":"Blood Vial"},{"floor":43.0,"key":"Pocketwatch"},{"floor":48.0,"key":"Counterbalance"},{"floor":55.0,"key":"Simple Rune"}],"event_choices":[{"damage_healed":0.0,"max_hp_gain":0.0,"max_hp_loss":0.0,"gold_gain":0.0,"event_name":"给自己的盒子","player_choice":"Swap Relic","floor":19.0,"relics_lost":["DaveBox"],"gold_loss":0.0,"damage_taken":0.0,"relics_obtained":["DaveBox"]},{"damage_healed":0.0,"max_hp_gain":0.0,"max_hp_loss":0.0,"gold_gain":0.0,"event_name":"Cursed Tome","player_choice":"Ignored","floor":27.0,"gold_loss":0.0,"damage_taken":0.0}],"is_beta":false,"boss_relics":[{"not_picked":["testmod-Fanaticism","ChewingGum"],"picked":"Runic Dome"},{"not_picked":["MostiFishMod:Hod","SacredBark"],"picked":"EasyGame_NEW"}],"items_purged_floors":[5,5,36,45,45,54,54],"is_endless":false,"potions_floor_spawned":[2,4,11,12,20,25,29,40,42,47,48],"ascension_level":20}}