{"host":"3h5qf14xt40jhha0","time":1607570057,"event":{"gold_per_floor":[114,74,91,241,255,255,281,40,65,83,117,137,155,185,185,263,263,298,298,223,33,77,77,136,136,188,234,268,287,334,334,334,411,411,488,538,33,33,47,103,103,163,163,249,328,389,430,485,485,515,545,545,545,34,67,67,67],"floor_reached":56,"playtime":4413,"items_purged":["Doubt","Defend_P","Strike_P"],"score":2325,"play_id":"ecd9b01e-61f5-4d64-a34d-afa006484935","local_time":"20201209221417","is_ascension_mode":true,"campfire_choices":[{"data":"Wallop","floor":6.0,"key":"SMITH"},{"data":"Vigilance","floor":15.0,"key":"SMITH"},{"data":"Wish","floor":23.0,"key":"SMITH"},{"data":"Wallop","floor":25.0,"key":"SMITH"},{"data":"WheelKick","floor":32.0,"key":"SMITH"},{"data":"Ragnarok","floor":41.0,"key":"SMITH"},{"floor":49,"key":"RECALL"},{"data":"Meditate","floor":53,"key":"SMITH"}],"neow_cost":"NONE","seed_source_timestamp":1297882335940600,"circlet_count":0,"master_deck":["AscendersBane","Strike_P","Strike_P","Strike_P","Defend_P","Defend_P","Eruption","Vigilance+1","FearNoEvil","Wallop+1","CutThroughFate","Vault","Meditate+1","DeceiveReality","Wireheading","Vengeance","Wish+1","RitualDagger","Swivel","Wallop+1","WheelKick+1","Swivel","Omniscience","Ragnarok+1","Indignation+1","InnerPeace+1","WheelKick","Apotheosis"],"special_seed":0,"relics":["Snecko Eye","Toy Ornithopter","Damaru","CloakClasp","Tiny Chest","VioletLotus","Orichalcum","Strawberry","Unceasing Top","Busted Crown","Bag of Marbles","PreservedInsect","ClockworkSouvenir","Ancient Tea Set","Smiling Mask","Eternal Feather","Ginger","Calipers","Vajra","Bottled Tornado"],"potions_floor_usage":[51],"damage_taken":[{"damage":0.0,"enemies":"Cultist","floor":1.0,"turns":2.0},{"damage":0.0,"enemies":"Jaw Worm","floor":3.0,"turns":2.0},{"damage":7.0,"enemies":"Small Slimes","floor":5.0,"turns":3.0},{"damage":2.0,"enemies":"3 Sentries","floor":7.0,"turns":4.0},{"damage":12.0,"enemies":"2 Fungi Beasts","floor":10.0,"turns":3.0},{"damage":11.0,"enemies":"Gremlin Nob","floor":11.0,"turns":3.0},{"damage":0.0,"enemies":"Looter","floor":12.0,"turns":2.0},{"damage":0.0,"enemies":"Exordium Thugs","floor":13.0,"turns":3.0},{"damage":4.0,"enemies":"3 Sentries","floor":14.0,"turns":8.0},{"damage":1.0,"enemies":"The Guardian","floor":16.0,"turns":10.0},{"damage":6.0,"enemies":"Spheric Guardian","floor":18.0,"turns":5.0},{"damage":0.0,"enemies":"2 Thieves","floor":22.0,"turns":4.0},{"damage":0.0,"enemies":"Gremlin Leader","floor":24.0,"turns":9.0},{"damage":0.0,"enemies":"Cultist and Chosen","floor":27.0,"turns":6.0},{"damage":9.0,"enemies":"Slavers","floor":28.0,"turns":10.0},{"damage":0.0,"enemies":"Shelled Parasite and Fungi","floor":29.0,"turns":1.0},{"damage":0.0,"enemies":"3 Cultists","floor":30.0,"turns":5.0},{"damage":45.0,"enemies":"Automaton","floor":33.0,"turns":10.0},{"damage":0.0,"enemies":"Orb Walker","floor":35.0,"turns":3.0},{"damage":0.0,"enemies":"3 Shapes","floor":39.0,"turns":1.0},{"damage":0.0,"enemies":"Giant Head","floor":40.0,"turns":2.0},{"damage":0.0,"enemies":"Reptomancer","floor":42.0,"turns":3.0},{"damage":37.0,"enemies":"Nemesis","floor":44.0,"turns":8.0},{"damage":1,"enemies":"Maw","floor":45,"turns":6},{"damage":0,"enemies":"Reptomancer","floor":46,"turns":4},{"damage":0,"enemies":"Spire Growth","floor":47,"turns":2},{"damage":4,"enemies":"Mind Bloom Boss Battle","floor":48,"turns":3},{"damage":1,"enemies":"Donu and Deca","floor":50,"turns":6},{"damage":13,"enemies":"Awakened One","floor":51,"turns":9},{"damage":0,"enemies":"Shield and Spear","floor":55,"turns":6},{"damage":77,"enemies":"The Heart","floor":56,"turns":7}],"seed_played":"-6363262942158558035","potions_obtained":[{"floor":1.0,"key":"Swift Potion"},{"floor":7.0,"key":"LiquidMemories"},{"floor":11.0,"key":"SteroidPotion"},{"floor":13.0,"key":"DuplicationPotion"},{"floor":28.0,"key":"Dexterity Potion"},{"floor":30.0,"key":"FearPotion"},{"floor":33.0,"key":"Energy Potion"},{"floor":42.0,"key":"BottledMiracle"},{"floor":45,"key":"Explosive Potion"}],"is_trial":false,"path_per_floor":["M","$","M","?","M","R","E","$","T","M","E","M","M","E","R","B",null,"M","?","?","$","M","R","E","R","T","M","E","M","M","?","R","B",null,"M","T","$","?","M","E","R","E","T","E","M","E","M","?","R","B","B",null,"R","$","E","B"],"character_chosen":"WATCHER","items_purchased":["Wallop","Vault","Meditate","Swivel","PreservedInsect","ClockworkSouvenir","Ragnarok","WheelKick","Apotheosis","Vajra"],"campfire_rested":0,"item_purchase_floors":[2,8,8,21,37,37,37,54,54,54],"current_hp_per_floor":[61,61,61,61,54,54,52,52,52,40,29,29,29,25,25,24,57,51,45,45,45,45,45,55,55,62,62,53,53,53,53,53,13,60,60,60,60,60,60,65,65,65,65,38,37,37,37,33,48,47,39,66,75,75,75,0,0],"gold":67,"neow_bonus":"BOSS_RELIC","is_prod":false,"is_daily":false,"chose_seed":false,"campfire_upgraded":7,"win_rate":0,"timestamp":1607570057,"path_taken":["M","?","M","?","M","R","E","$","T","M","E","M","M","E","R","BOSS","M","?","?","$","M","R","E","R","T","M","E","M","M","?","R","BOSS","M","?","$","?","M","E","R","E","T","E","M","E","?","?","R","BOSS","BOSS","R","$","E","BOSS"],"build_version":"2020-11-30","purchased_purges":3,"victory":false,"max_hp_per_floor":[68,68,68,68,68,68,68,68,68,68,68,68,68,68,68,68,68,68,68,68,68,68,68,68,68,75,75,75,75,75,75,75,75,75,75,75,75,75,75,75,75,75,75,75,75,75,75,75,75,75,75,75,75,75,75,75,75],"relic_stats":{"counters":[31,150],"Eternal Feather":24,"PreservedInsect":378,"CloakClasp":[535],"Ginger":[2],"Orichalcum":[48],"Smiling Mask":75,"Busted Crown":22,"Snecko Eye":[287,272,261,299],"Tiny Chest":1,"VioletLotus":[36],"obtain_stats":[{"Calipers":48,"Damaru":9,"Vajra":54,"Eternal Feather":44,"PreservedInsect":37,"CloakClasp":11,"Ginger":46,"Orichalcum":24,"Bottled Tornado":55,"Ancient Tea Set":40,"Smiling Mask":42,"ClockworkSouvenir":37,"Busted Crown":34,"Strawberry":26,"Snecko Eye":0,"Tiny Chest":14,"VioletLotus":17,"Bag of Marbles":36,"PureWater":0,"Toy Ornithopter":7,"Unceasing Top":28},{"Calipers":27,"Damaru":4,"Vajra":29,"Eternal Feather":23,"PreservedInsect":19,"CloakClasp":6,"Ginger":25,"Orichalcum":13,"Bottled Tornado":30,"Ancient Tea Set":21,"Smiling Mask":22,"ClockworkSouvenir":19,"Busted Crown":18,"Strawberry":13,"Snecko Eye":0,"Tiny Chest":9,"VioletLotus":10,"Bag of Marbles":19,"PureWater":0,"Toy Ornithopter":4,"Unceasing Top":15},{"Calipers":122,"Damaru":11,"Vajra":137,"Eternal Feather":107,"PreservedInsect":93,"CloakClasp":17,"Ginger":117,"Orichalcum":58,"Bottled Tornado":143,"Ancient Tea Set":96,"Smiling Mask":99,"ClockworkSouvenir":93,"Busted Crown":90,"Strawberry":58,"Snecko Eye":0,"Tiny Chest":30,"VioletLotus":40,"Bag of Marbles":93,"PureWater":0,"Toy Ornithopter":11,"Unceasing Top":74}],"Toy Ornithopter":35,"Unceasing Top":[0]},"card_choices":[{"not_picked":["Study","Prostrate"],"picked":"FearNoEvil","floor":1.0},{"not_picked":["MentalFortress","FollowUp","JustLucky"],"picked":"SKIP","floor":3.0},{"not_picked":["CrushJoints","FollowUp"],"picked":"CutThroughFate","floor":5.0},{"not_picked":["InnerPeace","FlyingSleeves","ClearTheMind"],"picked":"SKIP","floor":7.0},{"not_picked":["Brilliance","CrushJoints","Protect"],"picked":"SKIP","floor":10.0},{"not_picked":["EmptyBody","Evaluate"],"picked":"DeceiveReality","floor":11.0},{"not_picked":["CutThroughFate","BowlingBash","FlyingSleeves"],"picked":"SKIP","floor":12.0},{"not_picked":["InnerPeace","Halt"],"picked":"Wireheading","floor":13.0},{"not_picked":["LikeWater","Establishment"],"picked":"Vengeance","floor":14.0},{"not_picked":["Establishment","Alpha"],"picked":"Wish","floor":16.0},{"not_picked":["EmptyFist","Weave","Prostrate"],"picked":"SKIP","floor":18.0},{"not_picked":["FlurryOfBlows","FollowUp"],"picked":"Wallop","floor":22.0},{"not_picked":["Brilliance","ClearTheMind","Crescendo"],"picked":"SKIP","floor":24.0},{"not_picked":["CutThroughFate","ReachHeaven","Weave"],"picked":"SKIP","floor":27.0},{"not_picked":["FearNoEvil","Collect"],"picked":"WheelKick","floor":28.0},{"not_picked":["CrushJoints","ReachHeaven"],"picked":"Swivel","floor":29.0},{"not_picked":["FollowUp","PathToVictory","FlyingSleeves"],"picked":"SKIP","floor":30.0},{"not_picked":["SpiritShield","Vault"],"picked":"Omniscience","floor":33.0},{"not_picked":["FollowUp"],"picked":"SKIP","floor":35.0},{"not_picked":["Indignation"],"picked":"SKIP","floor":39.0},{"not_picked":[],"picked":"Indignation+1","floor":40.0},{"not_picked":["EmptyMind"],"picked":"SKIP","floor":42.0},{"not_picked":["Crescendo"],"picked":"SKIP","floor":44.0},{"not_picked":["Halt+1"],"picked":"SKIP","floor":45},{"not_picked":[],"picked":"InnerPeace+1","floor":46},{"not_picked":["Prostrate+1"],"picked":"SKIP","floor":47},{"not_picked":["CrushJoints"],"picked":"SKIP","floor":55}],"player_experience":1220219,"relics_obtained":[{"floor":7.0,"key":"Toy Ornithopter"},{"floor":9.0,"key":"Damaru"},{"floor":11.0,"key":"CloakClasp"},{"floor":14.0,"key":"Tiny Chest"},{"floor":24.0,"key":"Orichalcum"},{"floor":26.0,"key":"Strawberry"},{"floor":28.0,"key":"Unceasing Top"},{"floor":36.0,"key":"Bag of Marbles"},{"floor":40.0,"key":"Ancient Tea Set"},{"floor":42.0,"key":"Smiling Mask"},{"floor":44.0,"key":"Eternal Feather"},{"floor":46,"key":"Ginger"},{"floor":48,"key":"Calipers"},{"floor":55,"key":"Bottled Tornado"}],"event_choices":[{"damage_healed":0.0,"max_hp_gain":0.0,"max_hp_loss":0.0,"gold_gain":150.0,"event_name":"Liars Game","player_choice":"AGREE","floor":4.0,"gold_loss":0.0,"damage_taken":0.0,"cards_obtained":["Doubt"]},{"damage_healed":0.0,"max_hp_gain":0.0,"max_hp_loss":0.0,"gold_gain":0.0,"event_name":"Nest","player_choice":"Joined the Cult","floor":19.0,"gold_loss":0.0,"damage_taken":6.0,"cards_obtained":["RitualDagger"]},{"cards_removed":["Defend_P"],"damage_healed":0.0,"max_hp_gain":0.0,"max_hp_loss":0.0,"gold_gain":0.0,"event_name":"Beggar","player_choice":"Gave Gold","floor":20.0,"gold_loss":75.0,"damage_taken":0.0},{"damage_healed":0.0,"max_hp_gain":0.0,"max_hp_loss":0.0,"gold_gain":0.0,"event_name":"The Mausoleum","player_choice":"Ignored","floor":31.0,"gold_loss":0.0,"damage_taken":0.0},{"damage_healed":0.0,"max_hp_gain":0.0,"max_hp_loss":0.0,"gold_gain":0.0,"event_name":"SensoryStone","player_choice":"Memory 1","floor":38.0,"gold_loss":0.0,"damage_taken":0.0},{"damage_healed":0,"gold_gain":0,"player_choice":"Fight","damage_taken":0,"max_hp_gain":0,"max_hp_loss":0,"event_name":"MindBloom","floor":48,"gold_loss":0}],"is_beta":false,"boss_relics":[{"not_picked":["SlaversCollar","Calling Bell"],"picked":"VioletLotus"},{"not_picked":["Pandora\u0027s Box","Tiny House"],"picked":"Busted Crown"}],"items_purged_floors":[8,21,54],"is_endless":false,"potions_floor_spawned":[1,7,11,13,14,16,28,30,33,39,42,45],"killed_by":"The Heart","ascension_level":20}}