{"host":"5ulchbufvix69gs5","time":1607626472,"event":{"mods":["BaseMod","StSLib","Aspiration","Better Altar","Better Match","Better Note","Better Sensory Stone","Better Skull","Better Third Choice","BetterRewards","CCEM","Clawfect","Colored Map","Conspire","DeckTracker","Downfall","Friendly Minions","GifTheSpireLib","Googly Eyes","Halation","Highlight Path","Hubris","Jedi Mod","Mimic Mod","Minty Spire (QoL Compilation)","Replay The Spire","Shop Mod","Spicy Shops","Stuff the Spire","Act Like it!","2.2 Compatiblity","AchievementEnabler","Bard","Beaked The Cultist","Hallownest","Hermit","Hunter ??","Infinite Spire","Jorbs\u0027s Wanderer Trilogy","Mad Scientist","Marisa????????","Permanent Neow","Shade Mod","The Administrix","The Blackbeard","The Bug Knight","The Construct","The Cursed","The Disciple","The Factory","The Gatherer","The Hierophant","The Jungle","The Mystic","The Necromancer","The Problem Sleuth","The Runesmith","The Servant 0.9.4","The Spell Scribe","The Witch","Unceasing Turn Reminder"],"gold_per_floor":[99,149,149,171,171,189,189],"floor_reached":6,"playtime":397,"items_purged":[],"score":32,"play_id":"3c445ec0-e9ed-4e9c-a273-e00efc49dcd5","local_time":"20201210195432","is_ascension_mode":false,"campfire_choices":[{"data":"Replay:Sssssssssshield","floor":1,"key":"SMITH"},{"data":"sneckomod:Unknown","floor":5,"key":"SMITH"}],"circlet_count":0,"master_deck":["sneckomod:Strike","sneckomod:Strike","sneckomod:Strike","sneckomod:Defend","sneckomod:Defend","sneckomod:Defend","sneckomod:TailWhip","sneckomod:SnekBite","sneckomod:Unknown+1","sneckomod:Unknown","Replay:Sssssssssshield+1","Amnesia","sneckomod:TrashToTreasure"],"relics":["sneckomod:SneckoSoul","Ring of Greed","infinitespire:Midas Blood","Replay:Bandana","hubris:Towel"],"acts_visited":["Exordium"],"potions_floor_usage":[],"damage_taken":[{"damage":0,"enemies":"2 Louse","floor":4,"turns":4},{"damage":25,"enemies":"Lagavulin","floor":6,"turns":5}],"seed_played":"431654742496463841","potions_obtained":[],"is_trial":false,"path_per_floor":["R_BF","?","?","M","R","E"],"character_chosen":"THE_SNECKO","items_purchased":[],"campfire_rested":0,"item_purchase_floors":[],"current_hp_per_floor":[90,90,90,90,90,65,65],"gold":189,"neow_bonus":"RANDOM_COLORLESS","is_daily":false,"chose_seed":false,"campfire_upgraded":2,"win_rate":0.0,"timestamp":1607626472,"path_taken":["R_BF","?","?","M","R","E"],"build_version":"2020-11-30","purchased_purges":0,"victory":false,"max_hp_per_floor":[90,90,90,90,90,90,90],"card_choices":[{"not_picked":["Bandage Up","expansioncontent:ManipulateTime"],"picked":"Replay:Sssssssssshield","floor":0},{"not_picked":["sneckomod:DiceCrush","sneckomod:Unknown1Cost"],"picked":"sneckomod:TrashToTreasure","floor":4}],"player_experience":179596,"relics_obtained":[{"floor":2,"key":"Ring of Greed"},{"floor":2,"key":"infinitespire:Midas Blood"},{"floor":2,"key":"Replay:Bandana"}],"event_choices":[],"is_beta":false,"boss_relics":[],"items_purged_floors":[],"is_endless":false,"potions_floor_spawned":[],"killed_by":"Lagavulin","ascension_level":0}}