{"host":"xcuflocadasoaqda","time":1607575274,"event":{"gold_per_floor":[115,115,135,60,72,72,101,101,101,131,141,166,166,199,199,277,277,290,305,323,323,272,272,307,307,332,364,364,5,20,30,30,104,104,117,117,132,150,170,170,204,204,227,227,227,256,271,271,271,271,271,271,271,32,57,57],"floor_reached":57,"playtime":2964,"items_purged":["Bash","Rampage"],"score":2911,"play_id":"db71940f-d08c-4335-9773-44e4b69d340e","local_time":"20201209224114","is_ascension_mode":true,"campfire_choices":[{"data":"Searing Blow","floor":6.0,"key":"SMITH"},{"data":"Searing Blow+1","floor":8.0,"key":"SMITH"},{"data":"Searing Blow+2","floor":13.0,"key":"SMITH"},{"data":"Searing Blow+3","floor":15.0,"key":"SMITH"},{"data":"Searing Blow+4","floor":23.0,"key":"SMITH"},{"data":"Searing Blow+5","floor":25.0,"key":"SMITH"},{"data":"Searing Blow+6","floor":28.0,"key":"SMITH"},{"data":"Searing Blow+7","floor":32.0,"key":"SMITH"},{"data":"Searing Blow+8","floor":40.0,"key":"SMITH"},{"floor":42.0,"key":"RECALL"},{"data":"Searing Blow+9","floor":49.0,"key":"SMITH"},{"data":"Searing Blow+10","floor":53.0,"key":"SMITH"}],"neow_cost":"NONE","seed_source_timestamp":-7589838160683900314,"circlet_count":0,"master_deck":["AscendersBane","Impervious","Burning Pact","Uppercut+1","Bloodletting","Dual Wield","Impervious","Second Wind","Thunderclap+1","Searing Blow+11","Feed","Feel No Pain","Shrug It Off","Double Tap","Shrug It Off","Armaments+1","Dark Embrace","Corruption","Shockwave","True Grit+1","True Grit+1","Searing Blow+9","Shrug It Off"],"special_seed":0,"relics":["Pandora\u0027s Box","Unceasing Top","Pear","Eternal Feather","Whetstone","Runic Dome","Meat on the Bone","Calipers","Paper Frog","Coffee Dripper","Boot","Art of War","Singing Bowl","Anchor"],"potions_floor_usage":[55,56,56],"damage_taken":[{"damage":11.0,"enemies":"Small Slimes","floor":1.0,"turns":6.0},{"damage":0.0,"enemies":"Cultist","floor":3.0,"turns":4.0},{"damage":0.0,"enemies":"Jaw Worm","floor":5.0,"turns":2.0},{"damage":11.0,"enemies":"Gremlin Nob","floor":7.0,"turns":3.0},{"damage":3.0,"enemies":"Red Slaver","floor":11.0,"turns":1.0},{"damage":14.0,"enemies":"Lagavulin","floor":12.0,"turns":7.0},{"damage":15.0,"enemies":"3 Sentries","floor":14.0,"turns":8.0},{"damage":27.0,"enemies":"The Guardian","floor":16.0,"turns":9.0},{"damage":15.0,"enemies":"3 Byrds","floor":18.0,"turns":6.0},{"damage":8.0,"enemies":"Spheric Guardian","floor":19.0,"turns":4.0},{"damage":6.0,"enemies":"Chosen and Byrds","floor":20.0,"turns":4.0},{"damage":32.0,"enemies":"Slavers","floor":24.0,"turns":6.0},{"damage":3.0,"enemies":"Book of Stabbing","floor":27.0,"turns":1.0},{"damage":4.0,"enemies":"Cultist and Chosen","floor":30.0,"turns":4.0},{"damage":0.0,"enemies":"Snake Plant","floor":31.0,"turns":3.0},{"damage":54.0,"enemies":"Collector","floor":33.0,"turns":8.0},{"damage":0.0,"enemies":"Orb Walker","floor":35.0,"turns":1.0},{"damage":0.0,"enemies":"3 Shapes","floor":37.0,"turns":6.0},{"damage":30.0,"enemies":"3 Darklings","floor":38.0,"turns":7.0},{"damage":0.0,"enemies":"4 Shapes","floor":39.0,"turns":5.0},{"damage":0.0,"enemies":"Reptomancer","floor":41.0,"turns":3.0},{"damage":3.0,"enemies":"Nemesis","floor":46.0,"turns":3.0},{"damage":0.0,"enemies":"Transient","floor":47.0,"turns":6.0},{"damage":10.0,"enemies":"Time Eater","floor":50.0,"turns":6.0},{"damage":47.0,"enemies":"Awakened One","floor":51.0,"turns":6.0},{"damage":26,"enemies":"Shield and Spear","floor":55,"turns":4},{"damage":20,"enemies":"The Heart","floor":56,"turns":5}],"seed_played":"1815004640957301623","potions_obtained":[{"floor":7.0,"key":"SpeedPotion"},{"floor":11.0,"key":"Block Potion"},{"floor":12.0,"key":"BloodPotion"},{"floor":14.0,"key":"BlessingOfTheForge"},{"floor":20.0,"key":"DuplicationPotion"},{"floor":27.0,"key":"SpeedPotion"},{"floor":33.0,"key":"BloodPotion"},{"floor":38.0,"key":"CultistPotion"},{"floor":41.0,"key":"FearPotion"},{"floor":55,"key":"DistilledChaos"}],"is_trial":false,"path_per_floor":["M","?","M","$","M","R","E","R","T","?","M","E","R","E","R","B",null,"M","M","M","?","$","R","E","R","T","E","R","$","M","M","R","B",null,"M","?","M","M","M","R","E","R","T","?","?","E","M","?","R","B","B",null,"R","$","E","B",null],"character_chosen":"IRONCLAD","items_purchased":["Shrug It Off","Paper Frog","Dark Embrace","DuplicationPotion","Shrug It Off"],"campfire_rested":0,"item_purchase_floors":[22,29,29,54,54],"current_hp_per_floor":[57,46,46,46,46,46,35,35,45,45,42,28,34,25,31,7,72,60,56,50,50,50,59,47,56,56,53,62,62,61,61,70,28,85,85,85,88,62,65,77,80,92,92,92,92,91,93,93,105,95,60,101,113,113,112,92],"gold":57,"neow_bonus":"BOSS_RELIC","is_prod":false,"is_daily":false,"chose_seed":false,"campfire_upgraded":11,"win_rate":0,"timestamp":1607575274,"path_taken":["M","?","M","$","?","R","E","R","T","?","M","E","R","E","R","BOSS","M","M","M","?","$","R","E","R","T","E","R","$","M","M","R","BOSS","M","?","?","M","M","R","E","R","T","?","?","E","M","?","R","BOSS","BOSS","R","$","E","BOSS"],"build_version":"2020-11-30","purchased_purges":2,"victory":true,"max_hp_per_floor":[75,75,75,75,75,75,75,75,85,85,85,85,85,91,91,94,94,97,101,101,101,101,101,101,101,101,101,101,101,104,104,104,104,104,104,104,107,111,114,114,117,117,117,111,111,113,115,115,115,115,115,115,115,115,117,117],"relic_stats":{"Singing Bowl":6,"counters":[27,128],"Pandora\u0027s Box":["Impervious","Burning Pact","Uppercut","Bloodletting","Dual Wield","Juggernaut","Impervious","Second Wind","Thunderclap"],"Eternal Feather":96,"Art of War":[5],"Whetstone":["Thunderclap","Uppercut"],"Boot":[8],"obtain_stats":[{"Pear":9,"Calipers":27,"Singing Bowl":46,"Eternal Feather":12,"Whetstone":14,"Boot":41,"Burning Blood":0,"Runic Dome":17,"Anchor":55,"Pandora\u0027s Box":0,"Coffee Dripper":34,"Art of War":43,"Unceasing Top":7,"Meat on the Bone":24,"Paper Frog":29},{"Pear":4,"Calipers":13,"Singing Bowl":22,"Eternal Feather":6,"Whetstone":7,"Boot":21,"Burning Blood":0,"Runic Dome":8,"Anchor":26,"Pandora\u0027s Box":0,"Coffee Dripper":16,"Art of War":21,"Unceasing Top":4,"Meat on the Bone":12,"Paper Frog":13},{"Pear":15,"Calipers":61,"Singing Bowl":101,"Eternal Feather":23,"Whetstone":31,"Boot":98,"Burning Blood":0,"Runic Dome":40,"Anchor":123,"Pandora\u0027s Box":0,"Coffee Dripper":76,"Art of War":98,"Unceasing Top":15,"Meat on the Bone":60,"Paper Frog":61}],"Unceasing Top":[11],"Meat on the Bone":24},"card_choices":[{"not_picked":["Wild Strike","Warcry"],"picked":"Searing Blow","floor":1.0},{"not_picked":["Iron Wave","Body Slam"],"picked":"Bludgeon","floor":3.0},{"not_picked":["Havoc","Pommel Strike","Flex"],"picked":"SKIP","floor":5.0},{"not_picked":["Uppercut","Sword Boomerang"],"picked":"Feed","floor":7.0},{"not_picked":["Cleave","Warcry","Flex"],"picked":"SKIP","floor":11.0},{"not_picked":["Body Slam","Bludgeon"],"picked":"Feel No Pain","floor":12.0},{"not_picked":["Havoc","Hemokinesis","Clash"],"picked":"SKIP","floor":14.0},{"not_picked":["Havoc","Whirlwind","Rupture"],"picked":"SKIP","floor":18.0},{"not_picked":["Twin Strike","Perfected Strike"],"picked":"Shrug It Off","floor":19.0},{"not_picked":["Warcry","Cleave","Hemokinesis"],"picked":"SKIP","floor":20.0},{"not_picked":["Flame Barrier","Blood for Blood+1"],"picked":"Armaments+1","floor":24.0},{"not_picked":["Dropkick","Armaments","Pommel Strike"],"picked":"SKIP","floor":27.0},{"not_picked":["Clash","Iron Wave","Rampage"],"picked":"SKIP","floor":30.0},{"not_picked":["Flex","Rampage","Headbutt"],"picked":"SKIP","floor":31.0},{"not_picked":["Exhume","Juggernaut"],"picked":"Corruption","floor":33.0},{"not_picked":["Rupture","Pummel"],"picked":"Shockwave","floor":35.0},{"not_picked":["Armaments","Sever Soul"],"picked":"True Grit+1","floor":37.0},{"not_picked":["Warcry","Twin Strike","Iron Wave"],"picked":"SKIP","floor":38.0},{"not_picked":["Evolve","Havoc+1"],"picked":"True Grit+1","floor":39.0},{"not_picked":["Reckless Charge+1","Perfected Strike+1","Bludgeon"],"picked":"SKIP","floor":41.0},{"not_picked":["Entrench","Havoc","Dark Embrace+1"],"picked":"Singing Bowl","floor":46.0},{"not_picked":["Flex","Armaments","Reckless Charge+1"],"picked":"Singing Bowl","floor":47.0},{"not_picked":["Thunderclap","Wild Strike","Immolate"],"picked":"Singing Bowl","floor":55}],"player_experience":1683967,"relics_obtained":[{"floor":7.0,"key":"Unceasing Top"},{"floor":9.0,"key":"Pear"},{"floor":12.0,"key":"Eternal Feather"},{"floor":14.0,"key":"Whetstone"},{"floor":24.0,"key":"Meat on the Bone"},{"floor":27.0,"key":"Calipers"},{"floor":41.0,"key":"Boot"},{"floor":43.0,"key":"Art of War"},{"floor":46.0,"key":"Singing Bowl"},{"floor":55,"key":"Anchor"}],"event_choices":[{"damage_healed":0.0,"max_hp_gain":0.0,"max_hp_loss":0.0,"gold_gain":0.0,"event_name":"Wheel of Change","player_choice":"Damaged","floor":2.0,"gold_loss":0.0,"damage_taken":11.0},{"damage_healed":0.0,"max_hp_gain":0.0,"max_hp_loss":0.0,"gold_gain":30.0,"event_name":"Dead Adventurer","player_choice":"Searched \u00272\u0027 times","floor":10.0,"gold_loss":0.0,"damage_taken":0.0},{"damage_healed":0.0,"max_hp_gain":0.0,"max_hp_loss":0.0,"gold_gain":0.0,"cards_transformed":["Bludgeon"],"event_name":"Transmorgrifier","player_choice":"Transformed","floor":21.0,"gold_loss":0.0,"damage_taken":0.0,"cards_obtained":["Double Tap"]},{"damage_healed":0.0,"max_hp_gain":0.0,"max_hp_loss":0.0,"gold_gain":0.0,"cards_transformed":["Juggernaut"],"event_name":"Transmorgrifier","player_choice":"Transformed","floor":36.0,"gold_loss":0.0,"damage_taken":0.0,"cards_obtained":["Rampage"]},{"damage_healed":0.0,"max_hp_gain":0.0,"max_hp_loss":6.0,"gold_gain":0.0,"event_name":"Winding Halls","player_choice":"Max HP","floor":44.0,"gold_loss":0.0,"damage_taken":0.0},{"damage_healed":0.0,"max_hp_gain":0.0,"max_hp_loss":0.0,"gold_gain":0.0,"event_name":"SensoryStone","player_choice":"Memory 1","floor":45.0,"gold_loss":0.0,"damage_taken":0.0},{"damage_healed":0.0,"max_hp_gain":0.0,"max_hp_loss":0.0,"gold_gain":0.0,"event_name":"Duplicator","player_choice":"Copied","floor":48.0,"gold_loss":0.0,"damage_taken":0.0,"cards_obtained":["Searing Blow"]}],"is_beta":false,"boss_relics":[{"not_picked":["Calling Bell","Runic Pyramid"],"picked":"Runic Dome"},{"not_picked":["Busted Crown","Mark of Pain"],"picked":"Coffee Dripper"}],"items_purged_floors":[4,54],"is_endless":false,"potions_floor_spawned":[7,11,12,14,20,27,33,35,38,41,55],"ascension_level":20}}