{"host":"hf83sijwe64ts2lm","time":1607568094,"event":{"gold_per_floor":[212,212,231,244,30,30,60,77,152,152,152,152,184,203,203,301,301,318,51,61,61,61],"floor_reached":21,"playtime":478,"items_purged":[],"score":236,"play_id":"103fdd90-9931-4e91-8ef7-08c0448d976e","local_time":"20201209214134","is_ascension_mode":true,"campfire_choices":[{"floor":6.0,"key":"REST"},{"floor":12.0,"key":"REST"},{"floor":15,"key":"REST"}],"neow_cost":"NONE","seed_source_timestamp":2211374945500,"circlet_count":0,"master_deck":["Strike_B","Strike_B","Strike_B","Strike_B","Defend_B","Defend_B","Defend_B","Defend_B","Zap","Dualcast","Steam","Leap","Rebound","Good Instincts","Rip and Tear","Sunder","Go for the Eyes","Storm+1","Sweeping Beam","White Noise","Seek","Conserve Battery","Ball Lightning","Conserve Battery","Storm","Conserve Battery"],"special_seed":0,"relics":["Cracked Core","Oddly Smooth Stone","hubris:Icosahedron","Toy Ornithopter","Black Star","hubris:ToyBattleship"],"potions_floor_usage":[13],"damage_taken":[{"damage":8.0,"enemies":"Jaw Worm","floor":1.0,"turns":4.0},{"damage":0.0,"enemies":"Small Slimes","floor":3.0,"turns":3.0},{"damage":7.0,"enemies":"2 Louse","floor":4.0,"turns":3.0},{"damage":51.0,"enemies":"Gremlin Nob","floor":7.0,"turns":5.0},{"damage":8.0,"enemies":"Blue Slaver","floor":8.0,"turns":3.0},{"damage":8,"enemies":"3 Sentries","floor":13,"turns":6},{"damage":3,"enemies":"Red Slaver","floor":14,"turns":4},{"damage":22,"enemies":"The Guardian","floor":16,"turns":12},{"damage":2,"enemies":"Shell Parasite","floor":18,"turns":7},{"damage":18,"enemies":"3 Byrds","floor":20,"turns":2},{"damage":51,"enemies":"3 Cultists","floor":21,"turns":4}],"seed_played":"6923563702530054905","potions_obtained":[{"floor":1.0,"key":"BlessingOfTheForge"},{"floor":4.0,"key":"blueLaboratory:HeartbeatPotion"},{"floor":7.0,"key":"SkillPotion"},{"floor":8.0,"key":"blueLaboratory:BottledHope"}],"is_trial":false,"path_per_floor":["M","?","M","M","$","R","E","M","T","?","?","R","E","M","R","B",null,"M","$","M","M"],"character_chosen":"DEFECT","items_purchased":["Capacitor","Good Instincts","Rip and Tear","Ball Lightning","Conserve Battery","Storm","hubris:ToyBattleship"],"campfire_rested":3,"item_purchase_floors":[5,5,5,19,19,19,19],"current_hp_per_floor":[67,67,67,60,60,75,24,16,16,16,16,38,30,27,49,27,63,61,61,43,0,0],"gold":61,"neow_bonus":"HUNDRED_GOLD","is_prod":false,"is_daily":false,"chose_seed":false,"campfire_upgraded":0,"win_rate":0,"timestamp":1607568094,"path_taken":["M","?","M","M","$","R","E","M","T","?","?","R","E","M","R","BOSS","M","$","M","M"],"build_version":"2020-11-30","purchased_purges":0,"victory":false,"max_hp_per_floor":[75,75,75,75,75,75,75,75,75,75,75,75,75,75,75,75,75,75,75,75,75,75],"relic_stats":{"counters":[11,53],"Black Star":0,"obtain_stats":[{"hubris:Icosahedron":10,"Oddly Smooth Stone":7,"Black Star":17,"hubris:ToyBattleship":19,"Cracked Core":0,"Toy Ornithopter":13},{"hubris:Icosahedron":5,"Oddly Smooth Stone":4,"Black Star":8,"hubris:ToyBattleship":9,"Cracked Core":0,"Toy Ornithopter":6},{"hubris:Icosahedron":18,"Oddly Smooth Stone":15,"Black Star":40,"hubris:ToyBattleship":47,"Cracked Core":0,"Toy Ornithopter":24}],"Toy Ornithopter":0},"card_choices":[{"not_picked":["Beam Cell","Stack"],"picked":"Steam","floor":1.0},{"not_picked":["Steam Power","Panic Button"],"picked":"Leap","floor":3.0},{"not_picked":["Cold Snap","Reinforced Body"],"picked":"Rebound","floor":4.0},{"not_picked":["Reboot","Compile Driver"],"picked":"Sunder","floor":7.0},{"not_picked":["FTL","BootSequence"],"picked":"Go for the Eyes","floor":8.0},{"not_picked":["Compile Driver","ReplayTheSpireMod:System Scan"],"picked":"Sweeping Beam","floor":13},{"not_picked":["BootSequence","Fusion"],"picked":"White Noise","floor":14},{"not_picked":["Hyperbeam","Fission"],"picked":"Seek","floor":16},{"not_picked":["Rebound","Skim"],"picked":"Conserve Battery","floor":18},{"not_picked":["Hologram","Go for the Eyes"],"picked":"Conserve Battery","floor":20}],"player_experience":120502,"relics_obtained":[{"floor":7.0,"key":"Oddly Smooth Stone"},{"floor":13,"key":"Toy Ornithopter"}],"event_choices":[{"damage_healed":0.0,"max_hp_gain":0.0,"max_hp_loss":0.0,"gold_gain":0.0,"event_name":"Golden Wing","player_choice":"Ignored","floor":2.0,"gold_loss":0.0,"damage_taken":0.0}],"is_beta":false,"boss_relics":[{"not_picked":["Replay:Bronze Core","Velvet Choker"],"picked":"Black Star"}],"items_purged_floors":[],"is_endless":false,"potions_floor_spawned":[1,4,7,8],"killed_by":"3 Cultists","ascension_level":5}}