{"host":"se2kry7a7ac49ar7","time":1607595731,"event":{"gold_per_floor":[111,121,137,157,174,209,227,261,261,211,486,72,72,84,84,189,189,201,201,214,214,232,260,260,293,293,312,337,354,354,386,386,484,484,495,1494,1494,1494,1504,1540,1540,1878,1904,1904,1928,1963,1184,1228,1228,1228],"floor_reached":51,"playtime":4441,"items_purged":[],"score":1176,"play_id":"aaf9e87d-03a1-4db9-a666-8eea46e0a0f5","local_time":"20201210022211","is_ascension_mode":true,"campfire_choices":[{"data":"HollowMod:HowlingWraiths","floor":13,"key":"SMITH"},{"data":"HollowMod:SoulSplash","floor":15,"key":"SMITH"},{"data":"HollowMod:HuntersJournal","floor":30,"key":"SMITH"},{"floor":32,"key":"REST"},{"data":"Normality","floor":41,"key":"PURGE"},{"data":"Normality","floor":44,"key":"PURGE"},{"data":"HollowMod:HeavyBlow","floor":49,"key":"SMITH"}],"neow_cost":"NONE","seed_source_timestamp":57650555118214,"circlet_count":0,"master_deck":["HollowMod:NailStrikeStart","HollowMod:NailStrikeStart","HollowMod:NailStrikeStart","HollowMod:NailStrikeStart","HollowMod:QuickDashStart","HollowMod:QuickDashStart","HollowMod:QuickDashStart","HollowMod:FocusHealStart","HollowMod:PogoStrike","HollowMod:SoulSplash+1","HollowMod:DashSlash","HollowMod:CloakDash","HollowMod:CloakDash","HollowMod:MonomonsArchive","HollowMod:SoulStrike","HollowMod:LifebloodCore","HollowMod:HowlingWraiths+1","HollowMod:LifebloodCore","HollowMod:HeavyBlow+1","HollowMod:PerfectDash","HollowMod:SlysStrikes","HollowMod:HuntersJournal+1","HollowMod:BaldurShell","HollowMod:ChannelNail+1","HollowMod:RecoilStrike+1","HollowMod:CoiledNail+1","HollowMod:LifebloodCocoon+1","HollowMod:MantisMark+1","HollowMod:GrimmsGift+1","HollowMod:HerrahsAnger+1","HollowMod:DashSlash+1","Blind+1","HollowMod:SiblingsSouls+1","HollowMod:MantisMark+1","HollowMod:SoulEater+1","HollowMod:MonomonsArchive+1","HollowMod:HuntersJournal+1","HollowMod:CloakDash+1","HollowMod:Weaversong","HollowMod:SlysStrikes"],"relics":["HollowMod:KingsSoulRelic","Boot","Blood Vial","Du-Vu Doll","Orrery","Bottled Flame","Runic Dome","Mercury Hourglass","Orichalcum","Question Card","Toxic Egg 2","Peace Pipe","Toy Ornithopter","Black Star","CeramicFish","HornCleat","PreservedInsect","Old Coin","Regal Pillow","Mummified Hand","Centennial Puzzle","Gambling Chip","Sling","HollowMod:PaleOreRelic","Nunchaku","Juzu Bracelet"],"potions_floor_usage":[6,6,23,25,31,39],"damage_taken":[{"damage":4,"enemies":"Jaw Worm","floor":1,"turns":5},{"damage":0,"enemies":"Small Slimes","floor":2,"turns":3},{"damage":0,"enemies":"Cultist","floor":3,"turns":2},{"damage":7,"enemies":"Blue Slaver","floor":4,"turns":3},{"damage":15,"enemies":"Exordium Wildlife","floor":5,"turns":4},{"damage":7,"enemies":"Gremlin Nob","floor":6,"turns":3},{"damage":0,"enemies":"2 Fungi Beasts","floor":7,"turns":4},{"damage":8,"enemies":"3 Sentries","floor":8,"turns":7},{"damage":18,"enemies":"Red Slaver","floor":14,"turns":3},{"damage":18,"enemies":"HollowMod:FalseKnight","floor":16,"turns":8},{"damage":18,"enemies":"3 Byrds","floor":18,"turns":5},{"damage":24,"enemies":"2 Thieves","floor":20,"turns":3},{"damage":0,"enemies":"Sentry and Sphere","floor":22,"turns":4},{"damage":24,"enemies":"Book of Stabbing","floor":23,"turns":5},{"damage":1,"enemies":"Gremlin Leader","floor":25,"turns":5},{"damage":0,"enemies":"Centurion and Healer","floor":27,"turns":6},{"damage":9,"enemies":"HollowMod:Nosk","floor":28,"turns":6},{"damage":19,"enemies":"Snake Plant","floor":29,"turns":2},{"damage":20,"enemies":"Slavers","floor":31,"turns":2},{"damage":0,"enemies":"Champ","floor":33,"turns":11},{"damage":19,"enemies":"3 Shapes","floor":35,"turns":4},{"damage":15,"enemies":"Orb Walker","floor":39,"turns":3},{"damage":7,"enemies":"Giant Head","floor":40,"turns":8},{"damage":4,"enemies":"Reptomancer","floor":42,"turns":5},{"damage":0,"enemies":"Spire Growth","floor":45,"turns":4},{"damage":0,"enemies":"Nemesis","floor":46,"turns":6},{"damage":0,"enemies":"Reptomancer","floor":48,"turns":3},{"damage":0,"enemies":"HollowMod:Radiance","floor":50,"turns":10}],"seed_played":"8027308910637410631","potions_obtained":[{"floor":2,"key":"SteroidPotion"},{"floor":3,"key":"BlessingOfTheForge"},{"floor":7,"key":"ColorlessPotion"},{"floor":8,"key":"Swift Potion"},{"floor":16,"key":"SpeedPotion"},{"floor":18,"key":"FearPotion"},{"floor":27,"key":"FairyPotion"},{"floor":31,"key":"Dexterity Potion"},{"floor":33,"key":"Regen Potion"},{"floor":40,"key":"LiquidMemories"}],"is_trial":false,"path_per_floor":["M","M","M","M","M","E","M","E","T","?","?","$","R","M","R","B",null,"M","?","M","T","M","E","?","E","T","M","E","M","R","E","R","B",null,"M","?","?","?","M","E","R","E","T","R","M","E","$","E","R","B",null],"character_chosen":"THE_BUGKNIGHT","items_purchased":["Orrery","Bottled Flame","Gambling Chip","HollowMod:CloakDash+1","Sling","HollowMod:PaleOreRelic","HollowMod:Weaversong"],"campfire_rested":1,"item_purchase_floors":[12,12,47,47,47,47,47],"current_hp_per_floor":[75,75,75,74,69,68,74,75,75,75,75,75,75,63,63,53,75,63,63,41,41,49,27,27,34,34,46,45,28,28,10,32,40,75,57,57,57,57,58,63,63,61,61,61,69,75,75,75,75,75],"gold":1228,"neow_bonus":"BOSS_RELIC","is_prod":false,"is_daily":false,"chose_seed":false,"campfire_upgraded":4,"win_rate":0,"timestamp":1607595731,"path_taken":["M","M","M","M","M","E","M","E","T","?","?","$","R","?","R","BOSS","M","?","M","?","M","E","?","E","T","?","E","M","R","E","R","BOSS","M","?","?","?","M","E","R","E","T","R","M","E","$","E","R","BOSS"],"build_version":"2020-11-30","purchased_purges":0,"victory":true,"max_hp_per_floor":[75,75,75,75,75,75,75,75,75,75,75,75,75,75,75,75,75,75,75,75,75,75,75,75,75,75,75,75,75,75,75,75,75,75,75,75,75,75,75,75,75,75,75,75,75,75,75,75,75,75],"card_choices":[{"not_picked":["HollowMod:SharpenedNail","HollowMod:SiblingsSouls"],"picked":"HollowMod:VengefulSpirit","floor":1},{"not_picked":["HollowMod:ShapeofUnn","HollowMod:BrokenVessel"],"picked":"HollowMod:SoulSplash","floor":2},{"not_picked":["HollowMod:DreamGate","HollowMod:DungDefenderAura"],"picked":"HollowMod:DashSlash","floor":3},{"not_picked":["HollowMod:Grubsong","HollowMod:MothsMistake","HollowMod:SiblingsSouls"],"picked":"SKIP","floor":4},{"not_picked":["HollowMod:SharpenedShadows","HollowMod:AbyssShriek"],"picked":"HollowMod:CloakDash","floor":5},{"not_picked":["HollowMod:GrimmsGift","HollowMod:FastStrike"],"picked":"HollowMod:CloakDash","floor":6},{"not_picked":["HollowMod:InfectedAttack","HollowMod:LuriensSpire","HollowMod:GrimmsGift"],"picked":"SKIP","floor":7},{"not_picked":["HollowMod:BaldurShell","HollowMod:NewInfectedGuardian"],"picked":"HollowMod:MonomonsArchive","floor":8},{"not_picked":["HollowMod:WraithStrike","HollowMod:GoodIntentions"],"picked":"HollowMod:SoulStrike","floor":12},{"not_picked":["HollowMod:CycloneSlash","HollowMod:DashSlash"],"picked":"HollowMod:LifebloodCore","floor":12},{"not_picked":["HollowMod:DescendingDark","HollowMod:MantisMark"],"picked":"HollowMod:HowlingWraiths","floor":12},{"not_picked":["HollowMod:ShadowDash","HollowMod:SoulStrike"],"picked":"HollowMod:LifebloodCore","floor":12},{"not_picked":["HollowMod:SiblingsShadow","HollowMod:LifebloodCocoon"],"picked":"HollowMod:HeavyBlow","floor":12},{"not_picked":["HollowMod:MothsMistake","HollowMod:ShadowDash"],"picked":"HollowMod:PerfectDash","floor":14},{"not_picked":["HollowMod:PureVessel","HollowMod:Hiveblood"],"picked":"HollowMod:SlysStrikes","floor":16},{"not_picked":["HollowMod:CrystalDash","HollowMod:NewJinnsSoul+1"],"picked":"HollowMod:HuntersJournal","floor":18},{"not_picked":["HollowMod:SoulVessel","HollowMod:ShapeofUnn"],"picked":"HollowMod:ChannelNail+1","floor":20},{"not_picked":["HollowMod:CornifersMapStart+1","HollowMod:NewLittleFool","HollowMod:SiblingsSouls"],"picked":"SKIP","floor":22},{"not_picked":["HollowMod:HuntersJournal","HollowMod:Grubsong"],"picked":"HollowMod:RecoilStrike+1","floor":23},{"not_picked":["HollowMod:LuriensSpire+1","HollowMod:NewJinnsSoul"],"picked":"HollowMod:CoiledNail+1","floor":25},{"not_picked":["HollowMod:ShapeofUnn","HollowMod:FastStrike","HollowMod:GrimmsGift+1"],"picked":"HollowMod:LifebloodCocoon+1","floor":27},{"not_picked":["HollowMod:SharpenedNail+1","HollowMod:SoulEater","HollowMod:InfectionAssault"],"picked":"HollowMod:MantisMark+1","floor":28},{"not_picked":["HollowMod:WraithStrike","HollowMod:NewLittleFool","HollowMod:AbyssShriek"],"picked":"HollowMod:GrimmsGift+1","floor":29},{"not_picked":["HollowMod:AbyssShriek+1","HollowMod:ElderbugsWisdom","HollowMod:VengefulVoid","HollowMod:SharpenedNail"],"picked":"SKIP","floor":31},{"not_picked":["HollowMod:LordofShades","HollowMod:VoidDash+1","HollowMod:SlysStrikes"],"picked":"HollowMod:HerrahsAnger+1","floor":33},{"not_picked":["HollowMod:HeavyBlow+1","HollowMod:SoulSplash+1","HollowMod:NewLittleFool"],"picked":"HollowMod:DashSlash+1","floor":35},{"not_picked":["Mind Blast","Forethought+1","Flash of Steel"],"picked":"Blind+1","floor":38},{"not_picked":["HollowMod:ShapeofUnn","HollowMod:GrimmsGift+1","HollowMod:WraithStrike+1"],"picked":"HollowMod:SiblingsSouls+1","floor":39},{"not_picked":["HollowMod:NewJinnsSoul+1","HollowMod:PureNailStrike","HollowMod:NewLittleFool"],"picked":"HollowMod:MantisMark+1","floor":40},{"not_picked":["HollowMod:CoiledNail+1","HollowMod:HeavyBlow+1","HollowMod:InfectedCysts+1"],"picked":"HollowMod:SoulEater+1","floor":42},{"not_picked":["HollowMod:InfectionAssault","HollowMod:AbyssShriek+1","HollowMod:InfectedCysts+1"],"picked":"HollowMod:MonomonsArchive+1","floor":45},{"not_picked":["HollowMod:InfectedCysts+1","HollowMod:SoulSplash+1","HollowMod:InfectedAttack"],"picked":"HollowMod:HuntersJournal+1","floor":46},{"not_picked":["HollowMod:MonomonsArchive+1","HollowMod:ShadowDash+1","HollowMod:ChannelNail+1"],"picked":"HollowMod:SlysStrikes","floor":48}],"player_experience":631923,"relics_obtained":[{"floor":6,"key":"Boot"},{"floor":8,"key":"Blood Vial"},{"floor":9,"key":"Du-Vu Doll"},{"floor":21,"key":"Mercury Hourglass"},{"floor":23,"key":"Orichalcum"},{"floor":25,"key":"Question Card"},{"floor":26,"key":"Toxic Egg 2"},{"floor":28,"key":"Peace Pipe"},{"floor":31,"key":"Toy Ornithopter"},{"floor":40,"key":"CeramicFish"},{"floor":40,"key":"HornCleat"},{"floor":42,"key":"PreservedInsect"},{"floor":42,"key":"Old Coin"},{"floor":43,"key":"Regal Pillow"},{"floor":46,"key":"Mummified Hand"},{"floor":46,"key":"Centennial Puzzle"},{"floor":48,"key":"Nunchaku"},{"floor":48,"key":"Juzu Bracelet"}],"event_choices":[{"cards_removed":["HollowMod:QuickDashStart"],"damage_healed":0,"gold_gain":0,"player_choice":"Card Removal","damage_taken":0,"max_hp_gain":0,"max_hp_loss":0,"event_name":"The Cleric","floor":10,"gold_loss":50},{"damage_healed":0,"gold_gain":275,"player_choice":"Desecrate","damage_taken":0,"max_hp_gain":0,"max_hp_loss":0,"event_name":"Golden Shrine","floor":11,"gold_loss":0,"cards_obtained":["Regret"]},{"damage_healed":0,"gold_gain":0,"player_choice":"Read","damage_taken":0,"max_hp_gain":0,"max_hp_loss":0,"event_name":"The Library","floor":19,"gold_loss":0,"cards_obtained":["HollowMod:BaldurShell"]},{"cards_removed":["Regret"],"damage_healed":0,"gold_gain":0,"player_choice":"Purged","damage_taken":0,"max_hp_gain":0,"max_hp_loss":0,"event_name":"Purifier","floor":24,"gold_loss":0},{"damage_healed":0,"gold_gain":999,"player_choice":"Gold","damage_taken":0,"max_hp_gain":0,"max_hp_loss":0,"event_name":"MindBloom","floor":36,"gold_loss":0,"cards_obtained":["Normality","Normality"]},{"cards_removed":["HollowMod:VengefulSpirit"],"damage_healed":0,"gold_gain":0,"player_choice":"Removed Attack","damage_taken":0,"max_hp_gain":0,"max_hp_loss":0,"event_name":"Falling","floor":37,"gold_loss":0},{"damage_healed":0,"gold_gain":0,"player_choice":"Memory 1","damage_taken":0,"max_hp_gain":0,"max_hp_loss":0,"event_name":"SensoryStone","floor":38,"gold_loss":0}],"is_beta":false,"boss_relics":[{"not_picked":["Astrolabe","HollowMod:VoidIdolRelic"],"picked":"Runic Dome"},{"not_picked":["Coffee Dripper","Runic Pyramid"],"picked":"Black Star"}],"items_purged_floors":[],"is_endless":false,"potions_floor_spawned":[2,3,7,8,16,18,20,22,27,31,33,40,45,46],"ascension_level":2}}