{"host":"usewcu4ohw2wtmxk","time":1607634778,"event":{"mods":["BaseMod","AchievementEnabler","Colored Powertips","Minty Spire (QoL Compilation)","Permanent Neow","Quick Restart","Relic Sorter","Relic Stats","Shop Mod","StSLib","BetterRewards","UnlockEverythingMod"],"gold_per_floor":[117,128,9,9,26,26,55,55,78,92,104,104,104],"floor_reached":12,"playtime":274,"items_purged":["Strike_G"],"score":160,"play_id":"852daeaa-4234-4af8-8d76-8695ceb6bc1a","local_time":"20201211051258","is_ascension_mode":true,"campfire_choices":[{"floor":6,"key":"REST"}],"circlet_count":0,"master_deck":["AscendersBane","Strike_G","Strike_G","Strike_G","Defend_G","Defend_G","Defend_G","Defend_G","Defend_G","Survivor","Neutralize","Sadistic Nature","Noxious Fumes+1","Dagger Spray","Backflip","Tactician","Blade Dance","PiercingWail"],"special_seed":0,"relics":["Ring of the Snake","Membership Card","TwistedFunnel","Vajra","Potion Belt"],"acts_visited":["Exordium"],"potions_floor_usage":[7,12,12],"damage_taken":[{"damage":1.0,"enemies":"Cultist","floor":1.0,"turns":4.0},{"damage":8,"enemies":"Small Slimes","floor":2,"turns":5},{"damage":0,"enemies":"Jaw Worm","floor":5,"turns":4},{"damage":30,"enemies":"Gremlin Nob","floor":7,"turns":4},{"damage":3,"enemies":"Blue Slaver","floor":10,"turns":3},{"damage":2,"enemies":"Large Slime","floor":11,"turns":4},{"damage":4,"enemies":"3 Sentries","floor":12,"turns":3}],"seed_played":"-3959553795378527286","potions_obtained":[{"floor":2,"key":"DuplicationPotion"},{"floor":7,"key":"ColorlessPotion"},{"floor":11,"key":"Energy Potion"}],"is_trial":false,"path_per_floor":["M","M","$","?","M","R","E","?","T","M","M","E"],"character_chosen":"THE_SILENT","items_purchased":["Sadistic Nature","Noxious Fumes","Dagger Spray","Membership Card","TwistedFunnel"],"campfire_rested":1,"item_purchase_floors":[0,0,0,0,3],"current_hp_per_floor":[27,19,19,19,19,38,8,8,8,5,3,0,0],"gold":104,"neow_bonus":"","is_daily":false,"chose_seed":false,"campfire_upgraded":0,"win_rate":0,"timestamp":1607634778,"path_taken":["M","?","$","?","?","R","E","?","T","M","M","E"],"build_version":"2020-11-30","purchased_purges":1,"victory":false,"max_hp_per_floor":[66,66,66,66,66,66,66,66,66,66,66,66,66],"relic_stats":{"counters":[8,31],"obtain_stats":[{"TwistedFunnel":3,"Potion Belt":9,"Vajra":7,"Membership Card":0,"Ring of the Snake":0},{"TwistedFunnel":3,"Potion Belt":5,"Vajra":5,"Membership Card":0,"Ring of the Snake":0},{"TwistedFunnel":13,"Potion Belt":21,"Vajra":21,"Membership Card":0,"Ring of the Snake":0}],"Ring of the Snake":[16]},"card_choices":[{"not_picked":["Endless Agony","Noxious Fumes"],"picked":"Backflip","floor":1.0},{"not_picked":["Quick Slash","Cloak And Dagger","Setup"],"picked":"SKIP","floor":2},{"not_picked":["Catalyst","Flying Knee","Concentrate"],"picked":"SKIP","floor":5},{"not_picked":["Catalyst","Flying Knee","Concentrate"],"picked":"SKIP","floor":5},{"not_picked":["Catalyst","Flying Knee","Concentrate"],"picked":"SKIP","floor":5},{"not_picked":["Blur","Bane"],"picked":"Tactician","floor":7},{"not_picked":["Quick Slash","Flying Knee"],"picked":"PiercingWail","floor":10},{"not_picked":["Dagger Spray","PiercingWail","A Thousand Cuts"],"picked":"SKIP","floor":11}],"player_experience":236126,"relics_obtained":[{"floor":7,"key":"Vajra"},{"floor":9,"key":"Potion Belt"}],"event_choices":[{"damage_healed":0,"gold_gain":0,"player_choice":"Upgraded","damage_taken":0,"max_hp_gain":0,"max_hp_loss":0,"event_name":"Upgrade Shrine","floor":4,"gold_loss":0,"cards_upgraded":["Noxious Fumes"]},{"damage_healed":0,"gold_gain":0,"cards_transformed":["Strike_G"],"player_choice":"Change","damage_taken":0,"max_hp_gain":0,"max_hp_loss":0,"event_name":"Living Wall","floor":8,"gold_loss":0,"cards_obtained":["Blade Dance"]}],"is_beta":false,"boss_relics":[],"items_purged_floors":[3],"is_endless":false,"potions_floor_spawned":[2,7,11],"killed_by":"3 Sentries","ascension_level":20}}