{"host":"is2s59edl8twrhoj","time":1607642526,"event":{"mods":["BaseMod","StSLib","Colored Map","Colored Powertips","DeckTracker","Minty Spire (QoL Compilation)"],"gold_per_floor":[117,117,129,54,54,54,87,87,114,144,144,168,168,189,189,283,283,298,208,231,252,8,8,44,44,44,44,7,7,32,51,51,149,149,164,16,34,100,100,143,143,184,184,184,59,59,80,94,94,94],"floor_reached":51,"playtime":2681,"items_purged":["Defend_G","Strike_G","Defend_G"],"score":1339,"play_id":"24c6273d-306c-4562-a63a-5d144b341b33","local_time":"20201210232206","is_ascension_mode":true,"campfire_choices":[{"data":"Neutralize","floor":6,"key":"SMITH"},{"data":"Backflip","floor":13,"key":"SMITH"},{"floor":15,"key":"REST"},{"data":"Phantasmal Killer","floor":23,"key":"SMITH"},{"data":"Blur","floor":29,"key":"SMITH"},{"data":"1","floor":32,"key":"LIFT"},{"floor":41,"key":"REST"},{"data":"2","floor":44,"key":"LIFT"},{"data":"3","floor":46,"key":"LIFT"},{"floor":49,"key":"REST"}],"circlet_count":0,"master_deck":["AscendersBane","Strike_G","Strike_G","Defend_G+1","Defend_G","Survivor+1","Neutralize+1","Footwork+1","Backflip+1","Flying Knee+1","Predator","Dagger Spray","Phantasmal Killer+1","Backflip","Blur+1","Finisher+1","Tools of the Trade","Footwork+1","Calculated Gamble+1"],"relics":["Ring of the Serpent","NeowsBlessing","Toy Ornithopter","Centennial Puzzle","CaptainsWheel","Golden Idol","War Paint","Bag of Preparation","Girya","SlaversCollar","TheAbacus","Du-Vu Doll","StrikeDummy","Turnip","Mango","Kunai"],"acts_visited":["Exordium","TheCity","TheBeyond"],"potions_floor_usage":[21,33,33,50],"damage_taken":[{"damage":0,"enemies":"Cultist","floor":1,"turns":1},{"damage":0,"enemies":"Small Slimes","floor":3,"turns":1},{"damage":0,"enemies":"Gremlin Nob","floor":7,"turns":1},{"damage":4,"enemies":"Lagavulin","floor":10,"turns":11},{"damage":0,"enemies":"Jaw Worm","floor":12,"turns":4},{"damage":0,"enemies":"Blue Slaver","floor":14,"turns":5},{"damage":8,"enemies":"The Guardian","floor":16,"turns":17},{"damage":11,"enemies":"Spheric Guardian","floor":18,"turns":6},{"damage":0,"enemies":"3 Byrds","floor":20,"turns":5},{"damage":4,"enemies":"Cultist and Chosen","floor":21,"turns":6},{"damage":0,"enemies":"Book of Stabbing","floor":24,"turns":7},{"damage":12,"enemies":"Colosseum Slavers","floor":27,"turns":4},{"damage":8,"enemies":"Centurion and Healer","floor":30,"turns":6},{"damage":0,"enemies":"Chosen and Byrds","floor":31,"turns":6},{"damage":1,"enemies":"Champ","floor":33,"turns":13},{"damage":6,"enemies":"3 Shapes","floor":35,"turns":4},{"damage":0,"enemies":"Orb Walker","floor":37,"turns":5},{"damage":39,"enemies":"2 Orb Walkers","floor":38,"turns":8},{"damage":15,"enemies":"Reptomancer","floor":40,"turns":6},{"damage":7,"enemies":"Nemesis","floor":42,"turns":7},{"damage":0,"enemies":"Spire Growth","floor":47,"turns":5},{"damage":0,"enemies":"Writhing Mass","floor":48,"turns":5},{"damage":0,"enemies":"Awakened One","floor":50,"turns":12}],"seed_played":"6696546988452642046","potions_obtained":[{"floor":1,"key":"Poison Potion"},{"floor":7,"key":"SteroidPotion"},{"floor":18,"key":"FearPotion"},{"floor":24,"key":"DistilledChaos"},{"floor":37,"key":"LiquidMemories"},{"floor":42,"key":"Weak Potion"},{"floor":47,"key":"Regen Potion"}],"is_trial":false,"path_per_floor":["M","?","M","$","?","R","E","?","T","E","?","M","R","M","R","B",null,"M","?","M","M","$","R","E","$","T","?","$","R","M","M","R","B",null,"M","$","M","?","?","E","R","E","T","R","$","R","M","M","R","B",null],"character_chosen":"THE_SILENT","items_purchased":["War Paint","Blur","TheAbacus"],"campfire_rested":3,"item_purchase_floors":[22,28,36],"current_hp_per_floor":[63,63,63,63,63,63,63,56,56,52,35,35,35,35,56,48,65,54,54,54,55,55,55,55,55,55,43,43,43,35,35,35,44,64,58,58,58,19,19,4,25,32,32,32,32,32,32,32,57,77],"gold":94,"neow_bonus":"THREE_ENEMY_KILL","is_daily":false,"chose_seed":false,"campfire_upgraded":4,"win_rate":0,"timestamp":1607642526,"path_taken":["M","?","?","$","?","R","E","?","T","E","?","M","R","M","R","BOSS","M","?","M","M","$","R","E","?","T","?","?","R","M","M","R","BOSS","M","$","M","?","?","E","R","E","T","R","$","R","?","M","R","BOSS"],"build_version":"2020-11-30","purchased_purges":3,"victory":true,"max_hp_per_floor":[70,70,70,70,70,70,70,70,70,70,70,70,70,70,70,70,70,70,70,70,70,70,70,70,70,70,70,70,70,70,70,70,70,70,70,70,70,70,70,70,70,84,84,84,84,84,84,84,84,84],"card_choices":[{"not_picked":["Catalyst","PiercingWail"],"picked":"Footwork","floor":1},{"not_picked":["Well Laid Plans","Blade Dance"],"picked":"Backflip","floor":3},{"not_picked":["Tools of the Trade","Cloak And Dagger"],"picked":"Flying Knee","floor":7},{"not_picked":["Flying Knee","Escape Plan"],"picked":"Predator","floor":10},{"not_picked":["Underhanded Strike","Bane"],"picked":"Dagger Spray","floor":12},{"not_picked":["Caltrops","Quick Slash","Cloak And Dagger"],"picked":"SKIP","floor":14},{"not_picked":["Glass Knife","Tools of the Trade"],"picked":"Phantasmal Killer","floor":16},{"not_picked":["Acrobatics","Noxious Fumes"],"picked":"Backflip","floor":18},{"not_picked":["Dagger Spray","Outmaneuver","Quick Slash"],"picked":"SKIP","floor":20},{"not_picked":["Blade Dance","Deadly Poison"],"picked":"Well Laid Plans+1","floor":21},{"not_picked":["Masterful Stab","Accuracy","Leg Sweep"],"picked":"SKIP","floor":24},{"not_picked":["Bane","Masterful Stab","Acrobatics"],"picked":"SKIP","floor":30},{"not_picked":["Dodge and Roll","Infinite Blades"],"picked":"Finisher+1","floor":31},{"not_picked":["Burst","Envenom"],"picked":"Tools of the Trade","floor":33},{"not_picked":["Catalyst","Sucker Punch","Slice"],"picked":"SKIP","floor":35},{"not_picked":["Sucker Punch","Reflex","Underhanded Strike+1"],"picked":"SKIP","floor":37},{"not_picked":["Outmaneuver","Terror"],"picked":"Footwork+1","floor":38},{"not_picked":["Quick Slash","Eviscerate+1","Distraction+1"],"picked":"SKIP","floor":40},{"not_picked":["Riddle With Holes","Underhanded Strike"],"picked":"Calculated Gamble+1","floor":42},{"not_picked":["Outmaneuver","Backstab+1","Heel Hook"],"picked":"SKIP","floor":47},{"not_picked":["Underhanded Strike+1","Leg Sweep","Dagger Throw"],"picked":"SKIP","floor":48}],"player_experience":599435,"relics_obtained":[{"floor":7,"key":"Toy Ornithopter"},{"floor":9,"key":"Centennial Puzzle"},{"floor":10,"key":"CaptainsWheel"},{"floor":24,"key":"Bag of Preparation"},{"floor":26,"key":"Girya"},{"floor":38,"key":"Du-Vu Doll"},{"floor":40,"key":"Turnip"},{"floor":42,"key":"Mango"},{"floor":43,"key":"Kunai"}],"event_choices":[{"cards_removed":["Strike_G"],"damage_healed":0,"gold_gain":0,"player_choice":"Purged","damage_taken":0,"max_hp_gain":0,"max_hp_loss":0,"event_name":"Purifier","floor":2,"gold_loss":0},{"damage_healed":0,"gold_gain":0,"player_choice":"Grow","damage_taken":0,"max_hp_gain":0,"max_hp_loss":0,"event_name":"Living Wall","floor":5,"gold_loss":0,"cards_upgraded":["Footwork"]},{"cards_removed":["Strike_G"],"damage_healed":0,"gold_gain":0,"player_choice":"Card Removal","damage_taken":7,"max_hp_gain":0,"max_hp_loss":0,"event_name":"Golden Wing","floor":8,"gold_loss":0},{"damage_healed":0,"gold_gain":0,"player_choice":"Take Damage","damage_taken":17,"relics_obtained":["Golden Idol"],"max_hp_gain":0,"max_hp_loss":0,"event_name":"Golden Idol","floor":11,"gold_loss":0},{"cards_removed":["Defend_G"],"damage_healed":0,"gold_gain":0,"player_choice":"Upgrade and Remove","damage_taken":0,"max_hp_gain":0,"max_hp_loss":0,"event_name":"Designer","floor":19,"gold_loss":90,"cards_upgraded":["Flying Knee"]},{"damage_healed":0,"gold_gain":0,"player_choice":"Fight","damage_taken":0,"max_hp_gain":0,"max_hp_loss":0,"event_name":"Colosseum","floor":27,"gold_loss":0},{"damage_healed":0,"gold_gain":0,"player_choice":"Fled From Nobs","damage_taken":0,"max_hp_gain":0,"max_hp_loss":0,"event_name":"Colosseum","floor":27,"gold_loss":0},{"damage_healed":0,"gold_gain":0,"player_choice":"Fight","damage_taken":0,"max_hp_gain":0,"max_hp_loss":0,"event_name":"Mysterious Sphere","floor":38,"gold_loss":0},{"cards_removed":["Well Laid Plans"],"damage_healed":0,"gold_gain":0,"player_choice":"Gave Card","damage_taken":0,"relics_obtained":["StrikeDummy"],"max_hp_gain":0,"max_hp_loss":0,"event_name":"WeMeetAgain","floor":39,"gold_loss":0}],"is_beta":false,"boss_relics":[{"not_picked":["Cursed Key","Tiny House"],"picked":"Ring of the Serpent"},{"not_picked":["Runic Pyramid","Snecko Eye"],"picked":"SlaversCollar"}],"items_purged_floors":[4,22,45],"is_endless":false,"potions_floor_spawned":[1,7,10,18,20,24,31,37,42,47],"ascension_level":13}}