{"host":"z26j60ycepuqi9th","time":1607620853,"event":{"mods":["BaseMod","StSLib","Highlight Path","Card Forge","Card Filter","Permanent Neow","Quick Restart","篝火指南","Relic Stats","MostiFishMod","Spicy Shops","SuperFastMode","DeckTracker","Minty Spire (QoL Compilation)","Friendly Minions","TestMod","Act Like it!","CapriCore","Dota2Spire","【遗物卡牌】REMEMod","Shop Mod","The Dragon Tamer","TheWitcher","[地精首领爬塔]The Maniac","Mari\u0027s V1 Patch","Mari Mod (Legacy)","The Alterego"],"gold_per_floor":[113,113,163,55,78,117,117,122,122],"floor_reached":8,"playtime":231,"items_purged":["Strike_G"],"score":95,"play_id":"7f12cbac-be2d-4a29-af16-c8363a350d28","local_time":"20201211012053","is_ascension_mode":true,"campfire_choices":[{"data":"SnafuTest:LeadingCharge","floor":7,"key":"SMITH"}],"circlet_count":0,"master_deck":["AscendersBane","Strike_G","Strike_G","Strike_G","Strike_G","Defend_G","Defend_G","Defend_G","Defend_G","Defend_G","Survivor","Neutralize","Corpse Explosion","SnafuTest:LeadingCharge+1","PiercingWail","Calculated Gamble"],"relics":["Ring of the Snake","Hammer of Thor","Seething Fire","Anvil of the Gods","DaveBox","testmod-TestBox","REME_ComplimentaryCards","JellyFishMachine","Question Card","PrismaticShard","Golden Idol","Ancient Tea Set"],"acts_visited":["Exordium"],"potions_floor_usage":[6,6],"damage_taken":[{"damage":0,"enemies":"2 Louse","floor":1,"turns":2},{"damage":3,"enemies":"Small Slimes","floor":5,"turns":2},{"damage":25,"enemies":"Gremlin Nob","floor":6,"turns":4},{"damage":2,"enemies":"Lagavulin","floor":8,"turns":3}],"seed_played":"-3349828794148232406","potions_obtained":[{"floor":1,"key":"GamblersBrew"},{"floor":5,"key":"Explosive Potion"}],"is_trial":false,"path_per_floor":["M","?","?","$","M","E","R","E"],"character_chosen":"THE_SILENT","items_purchased":["Calculated Gamble"],"campfire_rested":0,"item_purchase_floors":[4],"current_hp_per_floor":[59,36,30,30,27,2,2,0,0],"gold":122,"neow_bonus":"ONE_RANDOM_RARE_CARD","is_daily":false,"chose_seed":false,"campfire_upgraded":1,"win_rate":0,"timestamp":1607620853,"path_taken":["M","?","?","$","M","E","R","E"],"build_version":"2020-11-30","purchased_purges":1,"victory":false,"max_hp_per_floor":[66,66,66,66,66,66,66,66,66],"relic_stats":{"counters":[4,11],"Golden Idol":12,"Question Card":2,"obtain_stats":[{"testmod-TestBox":0,"DaveBox":0,"Anvil of the Gods":0,"JellyFishMachine":0,"Golden Idol":2,"Hammer of Thor":0,"Seething Fire":0,"Question Card":1,"PrismaticShard":1,"Ancient Tea Set":6,"Ring of the Snake":0,"REME_ComplimentaryCards":0},{"testmod-TestBox":0,"DaveBox":0,"Anvil of the Gods":0,"JellyFishMachine":0,"Golden Idol":1,"Hammer of Thor":0,"Seething Fire":0,"Question Card":1,"PrismaticShard":1,"Ancient Tea Set":3,"Ring of the Snake":0,"REME_ComplimentaryCards":0},{"testmod-TestBox":0,"DaveBox":0,"Anvil of the Gods":0,"JellyFishMachine":0,"Golden Idol":2,"Hammer of Thor":0,"Seething Fire":0,"Question Card":2,"PrismaticShard":2,"Ancient Tea Set":8,"Ring of the Snake":0,"REME_ComplimentaryCards":0}],"Ring of the Snake":[8]},"card_choices":[{"not_picked":["Reflex","Flechettes"],"picked":"PiercingWail","floor":1},{"not_picked":["Halt","maniac:Confront","Blade Dance","maniac:Exterminator"],"picked":"SKIP","floor":5},{"not_picked":["EmptyFist","Darkness","SnafuTest:FlashingEvasion","Grand Finale"],"picked":"SKIP","floor":6}],"player_experience":100334,"relics_obtained":[{"floor":1,"key":"Question Card"},{"floor":1,"key":"PrismaticShard"},{"floor":6,"key":"Ancient Tea Set"}],"event_choices":[{"damage_healed":0,"gold_gain":0,"player_choice":"Take Damage","damage_taken":23,"relics_obtained":["Golden Idol"],"max_hp_gain":0,"max_hp_loss":0,"event_name":"Golden Idol","floor":2,"gold_loss":0},{"damage_healed":0,"gold_gain":50,"player_choice":"Touch","damage_taken":6,"max_hp_gain":0,"max_hp_loss":0,"event_name":"FaceTrader","floor":3,"gold_loss":0}],"is_beta":false,"boss_relics":[],"items_purged_floors":[4],"is_endless":false,"potions_floor_spawned":[1,5],"killed_by":"Lagavulin","ascension_level":15}}