{"host":"8rwnpls8n88jrgbg","time":1607602982,"event":{"gold_per_floor":[15,32,32,48,48,48,65,65,65,83,83,101,117,147,159,250,262,286,298,223,238,254,279,279,279,279,314,330,255,255,267,267,342,342,360,260,277,110,126,160,160,183,231,266,276,311,311,321,321,321,321],"floor_reached":50,"playtime":3332,"items_purged":["Defend_G","Strike_G","Defend_G"],"score":1217,"play_id":"b0b341ca-5880-4c95-b1e9-09a240fc02cf","local_time":"20201210212302","is_ascension_mode":true,"campfire_choices":[{"data":"Blade Dance","floor":6.0,"key":"SMITH"},{"data":"Bouncing Flask","floor":8.0,"key":"SMITH"},{"data":"Accuracy","floor":11.0,"key":"SMITH"},{"data":"Cloak And Dagger","floor":15.0,"key":"SMITH"},{"data":"Acrobatics","floor":25.0,"key":"SMITH"},{"floor":32.0,"key":"REST"},{"floor":41.0,"key":"REST"},{"data":"After Image","floor":47.0,"key":"SMITH"},{"floor":49,"key":"RECALL"}],"neow_cost":"NO_GOLD","seed_source_timestamp":0,"circlet_count":0,"master_deck":["AscendersBane","Strike_G","Defend_G","Defend_G","Defend_G","Survivor","Neutralize","Master of Strategy+1","Blade Dance+1","Accuracy+1","Bouncing Flask+1","Dagger Throw","Dagger Spray","Cloak And Dagger+1","Malaise+1","Cloak And Dagger+1","After Image+1","Acrobatics+1","Blade Dance","Die Die Die","Prepared+1","Calculated Gamble","Storm of Steel"],"special_seed":0,"relics":["Ring of the Snake","Sundial","Sozu","Nloth\u0027s Gift","FossilizedHelix","Centennial Puzzle","War Paint","Runic Pyramid","CeramicFish","Lantern","Blue Candle"],"potions_floor_usage":[],"damage_taken":[{"damage":4.0,"enemies":"Small Slimes","floor":1.0,"turns":4.0},{"damage":1.0,"enemies":"Cultist","floor":2.0,"turns":4.0},{"damage":0.0,"enemies":"2 Louse","floor":4.0,"turns":3.0},{"damage":13.0,"enemies":"Lots of Slimes","floor":7.0,"turns":4.0},{"damage":3.0,"enemies":"Looter","floor":10.0,"turns":4.0},{"damage":0.0,"enemies":"3 Louse","floor":12.0,"turns":2.0},{"damage":1.0,"enemies":"Blue Slaver","floor":13.0,"turns":3.0},{"damage":2.0,"enemies":"3 Sentries","floor":14.0,"turns":5.0},{"damage":22.0,"enemies":"The Guardian","floor":16.0,"turns":9.0},{"damage":1.0,"enemies":"3 Byrds","floor":18.0,"turns":4.0},{"damage":0.0,"enemies":"Chosen","floor":21.0,"turns":3.0},{"damage":1.0,"enemies":"3 Cultists","floor":22.0,"turns":5.0},{"damage":7.0,"enemies":"Book of Stabbing","floor":23.0,"turns":5.0},{"damage":21.0,"enemies":"Slavers","floor":27.0,"turns":5.0},{"damage":0.0,"enemies":"Shelled Parasite and Fungi","floor":28.0,"turns":4.0},{"damage":0.0,"enemies":"Chosen and Byrds","floor":31.0,"turns":5.0},{"damage":22.0,"enemies":"Collector","floor":33.0,"turns":8.0},{"damage":37.0,"enemies":"3 Darklings","floor":35.0,"turns":4.0},{"damage":0.0,"enemies":"3 Shapes","floor":37.0,"turns":4.0},{"damage":9.0,"enemies":"Writhing Mass","floor":39.0,"turns":5.0},{"damage":0.0,"enemies":"Giant Head","floor":40.0,"turns":5.0},{"damage":0.0,"enemies":"Maw","floor":42.0,"turns":6.0},{"damage":0.0,"enemies":"Reptomancer","floor":44.0,"turns":4.0},{"damage":0.0,"enemies":"Transient","floor":45.0,"turns":5.0},{"damage":0.0,"enemies":"Giant Head","floor":46.0,"turns":5.0},{"damage":2,"enemies":"Jaw Worm Horde","floor":48,"turns":3},{"damage":34,"enemies":"Awakened One","floor":50,"turns":10}],"seed_played":"7658509999990406454","potions_obtained":[{"floor":7.0,"key":"Ancient Potion"},{"floor":12.0,"key":"SteroidPotion"},{"floor":16.0,"key":"Fire Potion"}],"is_trial":false,"path_per_floor":["M","M","?","M","?","R","M","R","T","M","R","M","M","E","R","B",null,"M","?","$","M","M","E","?","R","T","E","M","?","?","M","R","B",null,"M","$","M","$","M","E","R","M","T","E","M","E","R","M","R","B"],"character_chosen":"THE_SILENT","items_purchased":["Calculated Gamble"],"campfire_rested":2,"item_purchase_floors":[38],"current_hp_per_floor":[55,54,54,54,54,54,41,41,41,38,38,38,37,35,35,13,53,52,52,52,52,51,44,44,44,44,23,23,23,5,5,26,4,54,17,17,17,17,8,8,29,29,29,29,29,29,29,27,27,0,0],"gold":321,"neow_bonus":"RANDOM_COLORLESS_2","is_prod":false,"is_daily":false,"chose_seed":false,"campfire_upgraded":6,"win_rate":0,"timestamp":1607602982,"path_taken":["M","M","?","M","?","R","M","R","T","M","R","?","M","E","R","BOSS","M","?","$","M","?","E","?","R","T","E","M","?","?","M","R","BOSS","M","$","M","$","M","E","R","M","T","E","M","E","R","M","R","BOSS"],"build_version":"2020-11-30","purchased_purges":3,"victory":false,"max_hp_per_floor":[66,66,66,66,66,66,66,66,66,66,66,66,66,66,66,66,66,66,66,66,66,66,66,66,66,66,66,66,66,71,71,71,71,71,71,71,71,71,71,71,71,71,71,71,71,71,71,71,71,71,71],"relic_stats":{"Sozu":7,"Centennial Puzzle":[18],"counters":[27,128],"Sundial":[28],"CeramicFish":9,"Blue Candle":[0],"Nloth\u0027s Gift":5,"War Paint":["Malaise","Master of Strategy"],"obtain_stats":[{"Sozu":17,"Centennial Puzzle":26,"Lantern":44,"Sundial":9,"CeramicFish":40,"Blue Candle":46,"Nloth\u0027s Gift":19,"War Paint":27,"MawBank":14,"FossilizedHelix":23,"Ring of the Snake":0,"Runic Pyramid":34},{"Sozu":9,"Centennial Puzzle":13,"Lantern":23,"Sundial":4,"CeramicFish":21,"Blue Candle":25,"Nloth\u0027s Gift":10,"War Paint":14,"MawBank":8,"FossilizedHelix":13,"Ring of the Snake":0,"Runic Pyramid":17},{"Sozu":38,"Centennial Puzzle":55,"Lantern":105,"Sundial":15,"CeramicFish":95,"Blue Candle":115,"Nloth\u0027s Gift":42,"War Paint":60,"MawBank":29,"FossilizedHelix":55,"Ring of the Snake":0,"Runic Pyramid":77}],"Ring of the Snake":[54]},"card_choices":[{"not_picked":["Secret Weapon","Magnetism"],"picked":"Master of Strategy","floor":0.0},{"not_picked":["Acrobatics","Dagger Throw"],"picked":"Blade Dance","floor":1.0},{"not_picked":["Poisoned Stab","Infinite Blades"],"picked":"Accuracy","floor":2.0},{"not_picked":["Reflex","Setup"],"picked":"Dagger Throw","floor":4.0},{"not_picked":["All Out Attack","Quick Slash","Slice"],"picked":"SKIP","floor":7.0},{"not_picked":["Prepared","Distraction"],"picked":"Dagger Spray","floor":10.0},{"not_picked":["All Out Attack","Poisoned Stab","Tactician"],"picked":"SKIP","floor":12.0},{"not_picked":["Underhanded Strike","Tactician"],"picked":"Cloak And Dagger","floor":13.0},{"not_picked":["Bouncing Flask","Flying Knee","Dodge and Roll"],"picked":"SKIP","floor":14.0},{"not_picked":["Envenom","Phantasmal Killer"],"picked":"Malaise","floor":16.0},{"not_picked":["Well Laid Plans","Slice"],"picked":"Cloak And Dagger+1","floor":18.0},{"not_picked":["Dodge and Roll","Tactician+1"],"picked":"After Image","floor":21.0},{"not_picked":["Slice+1","Accuracy","Deadly Poison"],"picked":"SKIP","floor":22.0},{"not_picked":["All Out Attack","Setup","Bane"],"picked":"SKIP","floor":23.0},{"not_picked":["Deflect","Bullet Time"],"picked":"Blade Dance","floor":27.0},{"not_picked":["Distraction","Endless Agony","Underhanded Strike"],"picked":"SKIP","floor":28.0},{"not_picked":["Deadly Poison","Cloak And Dagger","Prepared"],"picked":"SKIP","floor":31.0},{"not_picked":["Glass Knife","Night Terror"],"picked":"Die Die Die","floor":33.0},{"not_picked":["Outmaneuver+1","Cloak And Dagger+1"],"picked":"Prepared+1","floor":35.0},{"not_picked":["PiercingWail","Deflect","Acrobatics"],"picked":"SKIP","floor":37.0},{"not_picked":["Unload","Flechettes","Prepared"],"picked":"SKIP","floor":39.0},{"not_picked":["All Out Attack+1","Dodge and Roll","Sucker Punch"],"picked":"SKIP","floor":40.0},{"not_picked":["Slice","Calculated Gamble"],"picked":"Storm of Steel","floor":42.0},{"not_picked":["All Out Attack","Calculated Gamble","Malaise"],"picked":"SKIP","floor":44.0},{"not_picked":["Dagger Throw","Calculated Gamble","Well Laid Plans"],"picked":"SKIP","floor":45.0},{"not_picked":["Poisoned Stab+1","Dash","Crippling Poison+1"],"picked":"SKIP","floor":46.0},{"not_picked":["Leg Sweep","Distraction","Underhanded Strike"],"picked":"SKIP","floor":48}],"player_experience":1425238,"relics_obtained":[{"floor":9.0,"key":"Sundial"},{"floor":14.0,"key":"MawBank"},{"floor":23.0,"key":"FossilizedHelix"},{"floor":26.0,"key":"Centennial Puzzle"},{"floor":27.0,"key":"War Paint"},{"floor":40.0,"key":"CeramicFish"},{"floor":44.0,"key":"Lantern"},{"floor":46.0,"key":"Blue Candle"}],"event_choices":[{"damage_healed":0.0,"max_hp_gain":0.0,"max_hp_loss":0.0,"gold_gain":0.0,"cards_transformed":["Strike_G"],"event_name":"Living Wall","player_choice":"Change","floor":3.0,"gold_loss":0.0,"damage_taken":0.0,"cards_obtained":["Bouncing Flask"]},{"cards_removed":["Strike_G"],"damage_healed":0.0,"max_hp_gain":0.0,"max_hp_loss":0.0,"gold_gain":0.0,"event_name":"Bonfire Elementals","player_choice":"Offered Basic","floor":5.0,"gold_loss":0.0,"damage_taken":0.0},{"damage_healed":0.0,"max_hp_gain":0.0,"max_hp_loss":0.0,"gold_gain":0.0,"event_name":"N\u0027loth","player_choice":"Traded Relic","floor":19.0,"relics_lost":["MawBank"],"gold_loss":0.0,"damage_taken":0.0,"relics_obtained":["Nloth\u0027s Gift"]},{"damage_healed":0.0,"max_hp_gain":0.0,"max_hp_loss":0.0,"gold_gain":0.0,"event_name":"The Library","player_choice":"Read","floor":24.0,"gold_loss":0.0,"damage_taken":0.0,"cards_obtained":["Acrobatics"]},{"cards_removed":["Strike_G"],"damage_healed":0.0,"max_hp_gain":0.0,"max_hp_loss":0.0,"gold_gain":0.0,"event_name":"Beggar","player_choice":"Gave Gold","floor":29.0,"gold_loss":75.0,"damage_taken":0.0},{"damage_healed":0.0,"max_hp_gain":5.0,"max_hp_loss":0.0,"gold_gain":0.0,"event_name":"Forgotten Altar","player_choice":"Shed Blood","floor":30.0,"gold_loss":0.0,"damage_taken":23.0}],"is_beta":false,"boss_relics":[{"not_picked":["Empty Cage","Cursed Key"],"picked":"Sozu"},{"not_picked":["SlaversCollar","Runic Dome"],"picked":"Runic Pyramid"}],"items_purged_floors":[20,36,38],"is_endless":false,"potions_floor_spawned":[7,12,16,18,22,23,33,39,40,46],"killed_by":"Awakened One","ascension_level":16}}