{"host":"kos1s9q8ffr8fqos","time":1607583987,"event":{"gold_per_floor":[117,136,61,21,36,65,65,92,92,103,119,19,48,23,23,127,127,146,183,183,183,228,228,10,10,33,79,11,73,73,73,73,201,201,243,292,312,312,30,30,91,7,7,37,37,50,78,87,87,87],"floor_reached":51,"playtime":3448,"items_purged":["Strike_P","Defend_P","Defend_P","Defend_P","Parasite"],"score":1055,"play_id":"50161719-0191-4621-8b4e-8122bce87690","local_time":"20201210010627","is_ascension_mode":true,"campfire_choices":[{"data":"Judgement","floor":7.0,"key":"SMITH"},{"floor":15.0,"key":"REST"},{"data":"Vault","floor":23.0,"key":"SMITH"},{"data":"Wish","floor":25.0,"key":"SMITH"},{"data":"SpiritShield","floor":30.0,"key":"SMITH"},{"floor":32.0,"key":"REST"},{"floor":40.0,"key":"REST"},{"floor":49.0,"key":"REST"}],"neow_cost":"NONE","seed_source_timestamp":633764578120700,"circlet_count":0,"master_deck":["Eruption","Vigilance","Judgement+1","SashWhip","BowlingBash","ClearTheMind","SpiritShield+1","Study","DeceiveReality","Protect","WheelKick","Wish+1","ClearTheMind+1","FlurryOfBlows+1","Bite","Bite","Bite","Alpha","Vault+1","Conclude","EmptyFist+1","LikeWater","ThirdEye+1","DevaForm","FlyingSleeves+1","BattleHymn","Crescendo+1","FollowUp","Wireheading","Crescendo","Fasting2","Consecrate+1","BowlingBash+1","infinitespire:Collect"],"special_seed":0,"relics":["PureWater","infinitespire:ShieldingShard","MealTicket","SlaversCollar","MerchantsRug","Mango","Lizard Tail","Cursed Key","Mummified Hand","Lantern","CeramicFish","infinitespire:BottledMercury","SacredBark"],"potions_floor_usage":[50,50,50,50,50,50,50],"damage_taken":[{"damage":0.0,"enemies":"Cultist","floor":1.0,"turns":2.0},{"damage":0.0,"enemies":"2 Louse","floor":2.0,"turns":2.0},{"damage":0.0,"enemies":"infinitespire:Voidling","floor":5.0,"turns":3.0},{"damage":20.0,"enemies":"Gremlin Nob","floor":6.0,"turns":4.0},{"damage":7.0,"enemies":"3 Sentries","floor":8.0,"turns":6.0},{"damage":6.0,"enemies":"2 Fungi Beasts","floor":10.0,"turns":3.0},{"damage":0.0,"enemies":"Looter","floor":11.0,"turns":1.0},{"damage":22.0,"enemies":"Gremlin Nob","floor":13.0,"turns":5.0},{"damage":43.0,"enemies":"The Guardian","floor":16.0,"turns":18.0},{"damage":0.0,"enemies":"2 Thieves","floor":18.0,"turns":1.0},{"damage":2.0,"enemies":"3 Byrds","floor":19.0,"turns":13.0},{"damage":23.0,"enemies":"Snake Plant","floor":22.0,"turns":5.0},{"damage":20.0,"enemies":"Cultist and Chosen","floor":27.0,"turns":8.0},{"damage":34.0,"enemies":"Book of Stabbing","floor":29.0,"turns":8.0},{"damage":46.0,"enemies":"Champ","floor":33.0,"turns":10.0},{"damage":32.0,"enemies":"3 Darklings","floor":35.0,"turns":6.0},{"damage":14.0,"enemies":"Orb Walker","floor":36.0,"turns":9.0},{"damage":0.0,"enemies":"Sphere and 2 Shapes","floor":37.0,"turns":4.0},{"damage":41.0,"enemies":"Nemesis","floor":41.0,"turns":10.0},{"damage":34.0,"enemies":"Giant Head","floor":44.0,"turns":8.0},{"damage":0.0,"enemies":"Jaw Worm Horde","floor":46.0,"turns":4.0},{"damage":18.0,"enemies":"Transient","floor":47.0,"turns":6.0},{"damage":9,"enemies":"Awakened One","floor":50,"turns":7}],"seed_played":"1984322907482056484","potions_obtained":[{"floor":4.0,"key":"blueLaboratory:HummingbirdPotion"},{"floor":4.0,"key":"DistilledChaos"},{"floor":4.0,"key":"SteroidPotion"},{"floor":5.0,"key":"StancePotion"},{"floor":6.0,"key":"Dexterity Potion"},{"floor":13.0,"key":"SteroidPotion"},{"floor":16.0,"key":"blueLaboratory:BubblePotion"},{"floor":19.0,"key":"blueLaboratory:EpiphanyPotion"},{"floor":27.0,"key":"SpeedPotion"},{"floor":33.0,"key":"Explosive Potion"},{"floor":41.0,"key":"blueLaboratory:BottleOfRum"},{"floor":44.0,"key":"blueLaboratory:PressurePotion"}],"is_trial":false,"path_per_floor":["M","M","$","?","M","E","R","E","T","M","M","$","E","$","R","B",null,"M","M","?","?","M","R","$","R","T","M","$","E","R","T","R","B",null,"M","M","M","?","$","R","E","$","T","E","?","M","M","AVR","R","B",null],"character_chosen":"WATCHER","items_purchased":["ThirdEye","MerchantsRug","Conclude","blueLaboratory:LouseDecoction","LikeWater","Dexterity Potion","Wireheading","Crescendo","blueLaboratory:BubblePotion","blueLaboratory:Moonshine","Fasting2","EntropicBrew"],"campfire_rested":4,"item_purchase_floors":[14,24,24,24,28,39,39,39,39,39,42,42],"current_hp_per_floor":[65,65,65,65,65,45,45,38,38,32,32,32,10,25,46,3,55,55,53,53,53,36,36,51,51,51,37,52,44,44,44,65,29,62,34,28,32,32,47,68,35,50,50,26,26,28,16,16,37,35],"gold":87,"neow_bonus":"ONE_RANDOM_RARE_CARD","is_prod":false,"is_daily":false,"chose_seed":false,"campfire_upgraded":4,"win_rate":0,"timestamp":1607583987,"path_taken":["M","M","?","?","?","E","R","E","T","M","M","$","E","$","R","BOSS","M","?","?","?","M","R","?","R","T","M","$","E","R","?","R","BOSS","M","M","M","?","?","R","E","$","T","E","?","M","M","AVR","R","BOSS"],"build_version":"2020-11-30","purchased_purges":5,"victory":true,"max_hp_per_floor":[72,72,72,72,72,72,72,72,72,72,72,72,72,72,72,72,72,72,72,59,59,59,59,59,59,59,59,59,73,73,73,73,73,73,73,73,73,73,73,73,73,73,73,73,73,73,73,70,70,70],"relic_stats":{"Lizard Tail":0,"counters":[23,143],"Mummified Hand":[29],"CeramicFish":18,"MealTicket":75,"Cursed Key":1,"obtain_stats":[{"Potion Belt":6,"MerchantsRug":24,"infinitespire:BottledMercury":48,"Lantern":44,"CeramicFish":45,"SacredBark":48,"Mango":29,"infinitespire:Lucky Rock":9,"Smiling Mask":26,"Cursed Key":34,"Du-Vu Doll":41,"SlaversCollar":17,"Lizard Tail":31,"infinitespire:ShieldingShard":8,"Mummified Hand":43,"MealTicket":13,"PureWater":0},{"Potion Belt":4,"MerchantsRug":12,"infinitespire:BottledMercury":22,"Lantern":20,"CeramicFish":20,"SacredBark":22,"Mango":14,"infinitespire:Lucky Rock":5,"Smiling Mask":12,"Cursed Key":15,"Du-Vu Doll":19,"SlaversCollar":9,"Lizard Tail":14,"infinitespire:ShieldingShard":5,"Mummified Hand":19,"MealTicket":8,"PureWater":0},{"Potion Belt":11,"MerchantsRug":63,"infinitespire:BottledMercury":136,"Lantern":126,"CeramicFish":126,"SacredBark":136,"Mango":79,"infinitespire:Lucky Rock":17,"Smiling Mask":63,"Cursed Key":89,"Du-Vu Doll":118,"SlaversCollar":44,"Lizard Tail":79,"infinitespire:ShieldingShard":17,"Mummified Hand":118,"MealTicket":26,"PureWater":0}]},"card_choices":[{"not_picked":["FlurryOfBlows","EmptyBody"],"picked":"SashWhip","floor":1.0},{"not_picked":["WindmillStrike","Evaluate"],"picked":"BowlingBash","floor":2.0},{"not_picked":["BowlingBash","Halt"],"picked":"ClearTheMind","floor":5.0},{"not_picked":["Sanctity","FlurryOfBlows"],"picked":"SpiritShield","floor":6.0},{"not_picked":["Worship","JustLucky"],"picked":"Study","floor":8.0},{"not_picked":["CrushJoints","Study"],"picked":"DeceiveReality","floor":10.0},{"not_picked":["Adaptation","Sanctity"],"picked":"Protect","floor":11.0},{"not_picked":["Sanctity","Study"],"picked":"WheelKick","floor":13.0},{"not_picked":["Brilliance","SpiritShield"],"picked":"Wish","floor":16.0},{"not_picked":["FollowUp","FlurryOfBlows+1"],"picked":"ClearTheMind+1","floor":18.0},{"not_picked":["Prostrate","Swivel"],"picked":"FlurryOfBlows+1","floor":19.0},{"not_picked":["ThirdEye","FlurryOfBlows+1"],"picked":"Vault","floor":22.0},{"not_picked":["EmptyBody","SashWhip+1"],"picked":"EmptyFist+1","floor":27.0},{"not_picked":["Prostrate+1","Scrawl"],"picked":"ThirdEye+1","floor":29.0},{"not_picked":["Devotion","Wish"],"picked":"DevaForm","floor":33.0},{"not_picked":["Prostrate+1","Conclude"],"picked":"FlyingSleeves+1","floor":35.0},{"not_picked":["Meditate","Adaptation+1"],"picked":"BattleHymn","floor":36.0},{"not_picked":["FollowUp+1","ReachHeaven+1"],"picked":"Crescendo+1","floor":37.0},{"not_picked":["BowlingBash","PathToVictory","LessonLearned"],"picked":"SKIP","floor":41.0},{"not_picked":["JustLucky","Halt+1"],"picked":"Consecrate+1","floor":44.0},{"not_picked":["Evaluate","PathToVictory","ClearTheMind"],"picked":"SKIP","floor":46.0},{"not_picked":["Prostrate+1","Halt+1"],"picked":"BowlingBash+1","floor":47.0}],"player_experience":1193657,"relics_obtained":[{"floor":6.0,"key":"Potion Belt"},{"floor":8.0,"key":"infinitespire:ShieldingShard"},{"floor":9.0,"key":"infinitespire:Lucky Rock"},{"floor":13.0,"key":"MealTicket"},{"floor":26.0,"key":"Smiling Mask"},{"floor":29.0,"key":"Mango"},{"floor":31.0,"key":"Lizard Tail"},{"floor":41.0,"key":"Du-Vu Doll"},{"floor":43.0,"key":"Mummified Hand"},{"floor":44.0,"key":"Lantern"}],"event_choices":[{"damage_healed":0.0,"max_hp_gain":0.0,"max_hp_loss":0.0,"gold_gain":0.0,"event_name":"The Woman in Blue","player_choice":"Bought 3 Potions","floor":4.0,"gold_loss":0.0,"damage_taken":0.0},{"damage_healed":0.0,"max_hp_gain":0.0,"max_hp_loss":13.0,"gold_gain":0.0,"event_name":"Vampires","player_choice":"Became a vampire","floor":20.0,"gold_loss":0.0,"damage_taken":0.0,"cards_obtained":["Bite","Bite","Bite"]},{"damage_healed":0.0,"max_hp_gain":0.0,"max_hp_loss":0.0,"gold_gain":0.0,"event_name":"The Library","player_choice":"Read","floor":21.0,"gold_loss":0.0,"damage_taken":0.0,"cards_obtained":["Alpha"]},{"damage_healed":0.0,"max_hp_gain":0.0,"max_hp_loss":0.0,"gold_gain":0.0,"cards_transformed":["Defend_P"],"event_name":"Transmorgrifier","player_choice":"Transformed","floor":38.0,"gold_loss":0.0,"damage_taken":0.0,"cards_obtained":["FollowUp"]},{"cards_removed":["ThirdEye"],"damage_healed":0.0,"max_hp_gain":0.0,"max_hp_loss":0.0,"gold_gain":0.0,"event_name":"WeMeetAgain","player_choice":"Gave Card","floor":45.0,"gold_loss":0.0,"damage_taken":0.0,"relics_obtained":["CeramicFish"]}],"is_beta":false,"boss_relics":[{"not_picked":["Astrolabe","Tiny House"],"picked":"SlaversCollar"},{"not_picked":["VioletLotus","Coffee Dripper"],"picked":"Cursed Key"}],"items_purged_floors":[3,12,28,39,48],"is_endless":false,"potions_floor_spawned":[5,6,13,16,19,27,33,41,44],"ascension_level":9}}