{"host":"f7mgfv1rcbv6ir5v","time":1607634459,"event":{"mods":["BaseMod","Colored Map","Minty Spire (QoL Compilation)","StSLib","Bestiary","Relic Stats","Colored Powertips","Highlight Path"],"gold_per_floor":[99,99,99,99,99,99,99,49,49,49,49,49,49,49,49,49,49,49,49,49,49,49,49,49,49,49,49,49,0,0,0,0,0,0],"floor_reached":33,"playtime":3150,"items_purged":[],"score":359,"play_id":"dc032723-c5c1-4b70-b8f7-826570cbb4ea","local_time":"20201210130739","is_ascension_mode":true,"campfire_choices":[{"data":"Rebound","floor":6.0,"key":"SMITH"},{"data":"Creative AI","floor":12.0,"key":"SMITH"},{"data":"Streamline","floor":15.0,"key":"SMITH"},{"data":"Aggregate","floor":23,"key":"SMITH"},{"floor":30,"key":"REST"},{"data":"Chaos","floor":32,"key":"SMITH"}],"circlet_count":0,"master_deck":["Strike_B","Strike_B","Defend_B","Defend_B","Defend_B","Defend_B","Zap","Dualcast","Reinforced Body","Reboot","Rebound+1","Aggregate+1","Creative AI+1","Blind","Genetic Algorithm","Loop","Hologram","Parasite","Compile Driver","Streamline+1","Echo Form","Hologram","Tempest","Defragment","Chaos+1","Storm+1","Force Field+1"],"special_seed":0,"relics":["Ectoplasm","Vajra","CaptainsWheel","Snecko Eye","Matryoshka","Frozen Egg 2","Ginger","CultistMask"],"acts_visited":["TheCity"],"potions_floor_usage":[20,24,25,27,27,27,33],"damage_taken":[{"damage":0.0,"enemies":"Cultist","floor":1.0,"turns":3.0},{"damage":2.0,"enemies":"Jaw Worm","floor":2.0,"turns":3.0},{"damage":0.0,"enemies":"2 Louse","floor":3.0,"turns":2.0},{"damage":14.0,"enemies":"Large Slime","floor":5.0,"turns":6.0},{"damage":25.0,"enemies":"Lagavulin","floor":7.0,"turns":6.0},{"damage":13.0,"enemies":"Lots of Slimes","floor":10.0,"turns":4.0},{"damage":25.0,"enemies":"3 Sentries","floor":13.0,"turns":10.0},{"damage":0.0,"enemies":"2 Fungi Beasts","floor":14.0,"turns":5.0},{"damage":21.0,"enemies":"Slime Boss","floor":16.0,"turns":10.0},{"damage":0,"enemies":"Spheric Guardian","floor":18,"turns":4},{"damage":3,"enemies":"3 Byrds","floor":20,"turns":3},{"damage":12,"enemies":"Sentry and Sphere","floor":21,"turns":5},{"damage":23,"enemies":"Cultist and Chosen","floor":22,"turns":6},{"damage":27,"enemies":"Gremlin Leader","floor":24,"turns":7},{"damage":0,"enemies":"Snecko","floor":25,"turns":5},{"damage":0,"enemies":"Slavers","floor":27,"turns":1},{"damage":5,"enemies":"Shelled Parasite and Fungi","floor":31,"turns":7},{"damage":32,"enemies":"Champ","floor":33,"turns":8}],"seed_played":"4836577014653159168","potions_obtained":[{"floor":2.0,"key":"SkillPotion"},{"floor":5.0,"key":"SmokeBomb"},{"floor":13.0,"key":"Regen Potion"},{"floor":14.0,"key":"BlessingOfTheForge"},{"floor":18,"key":"EssenceOfDarkness"},{"floor":22,"key":"ColorlessPotion"},{"floor":24,"key":"Energy Potion"},{"floor":25,"key":"BlessingOfTheForge"}],"is_trial":false,"path_per_floor":["M","M","M","?","M","R","E","?","T","M","?","R","E","M","R","B",null,"M","?","M","M","M","R","E","M","T","E","?","$","R","M","R","B"],"character_chosen":"DEFECT","items_purchased":["Dexterity Potion"],"campfire_rested":1,"item_purchase_floors":[29],"current_hp_per_floor":[75,73,73,73,59,59,34,34,34,21,39,39,14,14,14,8,75,75,75,72,60,37,37,10,10,10,10,10,10,32,27,27,0,0],"gold":0,"neow_bonus":"BOSS_RELIC","is_daily":false,"chose_seed":false,"campfire_upgraded":5,"win_rate":0,"timestamp":1607634459,"path_taken":["M","M","M","?","?","R","E","?","T","M","?","R","E","M","R","BOSS","M","?","M","M","M","R","E","?","T","E","?","?","R","M","R","BOSS"],"build_version":"2020-11-30","purchased_purges":0,"victory":false,"max_hp_per_floor":[75,75,75,75,75,75,75,75,75,75,75,75,75,75,75,75,75,75,75,75,75,75,75,75,75,75,75,75,75,75,75,75,75,75],"relic_stats":{"counters":[18,94],"Snecko Eye":[85,74,85,86],"Ectoplasm":366,"Ginger":[2],"obtain_stats":[{"CaptainsWheel":13,"Matryoshka":24,"Vajra":7,"Snecko Eye":17,"Ectoplasm":0,"CultistMask":28,"Ginger":26,"Frozen Egg 2":26,"Cracked Core":0},{"CaptainsWheel":7,"Matryoshka":14,"Vajra":5,"Snecko Eye":9,"Ectoplasm":0,"CultistMask":16,"Ginger":15,"Frozen Egg 2":15,"Cracked Core":0},{"CaptainsWheel":34,"Matryoshka":73,"Vajra":20,"Snecko Eye":48,"Ectoplasm":0,"CultistMask":79,"Ginger":78,"Frozen Egg 2":78,"Cracked Core":0}]},"card_choices":[{"not_picked":["Rebound","Steam"],"picked":"Reinforced Body","floor":1.0},{"not_picked":["Conserve Battery","Hologram"],"picked":"Reboot","floor":2.0},{"not_picked":["Barrage","Tempest"],"picked":"Rebound","floor":3.0},{"not_picked":["Steam","Redo"],"picked":"Genetic Algorithm","floor":5.0},{"not_picked":["Barrage","Auto Shields"],"picked":"Loop","floor":7.0},{"not_picked":["Sweeping Beam","Self Repair"],"picked":"Hologram","floor":10.0},{"not_picked":["Undo","Chaos"],"picked":"Compile Driver","floor":13.0},{"not_picked":["Force Field","Conserve Battery"],"picked":"Streamline","floor":14.0},{"not_picked":["Hyperbeam","Seek"],"picked":"Echo Form","floor":16.0},{"not_picked":["Defragment","Chill+1"],"picked":"Hologram","floor":18},{"not_picked":["Ball Lightning","Turbo+1"],"picked":"Tempest","floor":20},{"not_picked":["Stack","Rebound"],"picked":"Defragment","floor":21},{"not_picked":["Chill","Steam+1","Go for the Eyes"],"picked":"SKIP","floor":22},{"not_picked":["Rebound+1","Reprogram"],"picked":"Chaos","floor":24},{"not_picked":["Steam","Melter+1"],"picked":"Storm+1","floor":25},{"not_picked":["Stack","Steam+1"],"picked":"Force Field+1","floor":31}],"player_experience":306617,"relics_obtained":[{"floor":7.0,"key":"Vajra"},{"floor":13.0,"key":"CaptainsWheel"},{"floor":24,"key":"Matryoshka"},{"floor":26,"key":"Frozen Egg 2"},{"floor":26,"key":"Ginger"}],"event_choices":[{"damage_healed":0.0,"max_hp_gain":0.0,"max_hp_loss":0.0,"gold_gain":0.0,"event_name":"Match and Keep!","player_choice":"3 cards matched","floor":4.0,"gold_loss":0.0,"damage_taken":0.0,"cards_obtained":["Aggregate","Creative AI","Blind"]},{"cards_removed":["Strike_B"],"damage_healed":0.0,"max_hp_gain":0.0,"max_hp_loss":0.0,"gold_gain":0.0,"event_name":"The Cleric","player_choice":"Card Removal","floor":8.0,"gold_loss":50.0,"damage_taken":0.0},{"damage_healed":18.0,"max_hp_gain":0.0,"max_hp_loss":0.0,"gold_gain":0.0,"event_name":"Mushrooms","player_choice":"Healed and dodged fight","floor":11.0,"gold_loss":0.0,"damage_taken":0.0,"cards_obtained":["Parasite"]},{"cards_removed":["Strike_B"],"damage_healed":0,"gold_gain":0,"player_choice":"Purged","damage_taken":0,"max_hp_gain":0,"max_hp_loss":0,"event_name":"Purifier","floor":19,"gold_loss":0},{"damage_healed":0,"gold_gain":0,"player_choice":"Trade","damage_taken":0,"relics_obtained":["CultistMask"],"max_hp_gain":0,"max_hp_loss":0,"event_name":"FaceTrader","floor":28,"gold_loss":0}],"is_beta":false,"boss_relics":[{"not_picked":["Calling Bell","Coffee Dripper"],"picked":"Snecko Eye"}],"items_purged_floors":[],"is_endless":false,"potions_floor_spawned":[2,5,13,14,18,22,24,25],"killed_by":"Champ","ascension_level":4}}