{"host":"52jmisti11ysmja4","time":1607634329,"event":{"mods":["BaseMod","StSLib","Remove Card Discount Mod","Minty Spire (QoL Compilation)","Better Third Choice","Aspiration","Hermit","The Servant 0.9.4","Shade Mod","The Vixen","Koishi","The Cursed"],"gold_per_floor":[112,212,224,240,153,153,179,179,203,236,256,275,285,313,313,409,409],"floor_reached":16,"playtime":1074,"items_purged":["Defend_B","Defend_B","Strike_B","Strike_B","Strike_B"],"score":267,"play_id":"1385f083-b8e7-4db2-8b7b-2187258fceb9","local_time":"20201210130529","is_ascension_mode":true,"campfire_choices":[{"data":"Static Discharge","floor":6,"key":"SMITH"},{"data":"Storm","floor":8,"key":"SMITH"},{"floor":15,"key":"REST"}],"circlet_count":0,"master_deck":["AscendersBane","Strike_B","Defend_B+1","Zap+1","Dualcast","Self Repair","Beam Cell","Go for the Eyes","Storm+1","Static Discharge+1","Machine Learning","Gash","Go for the Eyes","Scrape","Doom and Gloom"],"relics":["Cracked Core","War Paint","Strawberry","Shovel","Bag of Marbles"],"acts_visited":["Exordium"],"potions_floor_usage":[14,16],"damage_taken":[{"damage":5,"enemies":"Small Slimes","floor":1,"turns":3},{"damage":1,"enemies":"Cultist","floor":3,"turns":3},{"damage":6,"enemies":"2 Louse","floor":4,"turns":2},{"damage":15,"enemies":"Gremlin Nob","floor":7,"turns":3},{"damage":22,"enemies":"3 Sentries","floor":10,"turns":4},{"damage":6,"enemies":"Blue Slaver","floor":11,"turns":3},{"damage":20,"enemies":"Exordium Thugs","floor":12,"turns":3},{"damage":13,"enemies":"3 Louse","floor":13,"turns":2},{"damage":16,"enemies":"Gremlin Nob","floor":14,"turns":3},{"damage":23,"enemies":"The Guardian","floor":16,"turns":7}],"seed_played":"-3013944018760123766","potions_obtained":[{"floor":11,"key":"PowerPotion"},{"floor":13,"key":"Dexterity Potion"},{"floor":14,"key":"AttackPotion"}],"is_trial":false,"path_per_floor":["M","?","M","M","$","R","E","R","T","E","M","M","M","E","R","B"],"character_chosen":"DEFECT","items_purchased":["Static Discharge"],"campfire_rested":1,"item_purchase_floors":[5],"current_hp_per_floor":[70,70,75,69,69,69,61,61,68,53,54,34,28,19,43,27,27],"gold":409,"neow_bonus":"TRANSFORM_CARD","is_daily":false,"chose_seed":false,"campfire_upgraded":2,"win_rate":0,"timestamp":1607634329,"path_taken":["M","?","M","M","$","R","E","R","T","E","M","M","?","E","R","BOSS"],"build_version":"2020-11-30","purchased_purges":5,"victory":false,"max_hp_per_floor":[75,75,75,75,75,75,75,75,82,82,82,82,82,82,82,82,82],"card_choices":[{"not_picked":["Turbo","Skim"],"picked":"Beam Cell","floor":1},{"not_picked":["Rebound","Steam"],"picked":"Go for the Eyes","floor":3},{"not_picked":["Glacier","Go for the Eyes"],"picked":"Storm","floor":4},{"not_picked":["Streamline","Turbo"],"picked":"Machine Learning","floor":7},{"not_picked":["Sweeping Beam","Genetic Algorithm"],"picked":"Gash","floor":10},{"not_picked":["Barrage","Undo"],"picked":"Go for the Eyes","floor":11},{"not_picked":["Steam","Aggregate"],"picked":"Scrape","floor":12},{"not_picked":["Coolheaded","Compile Driver"],"picked":"Doom and Gloom","floor":13},{"not_picked":["Fusion","Streamline","Force Field"],"picked":"SKIP","floor":14}],"player_experience":590926,"relics_obtained":[{"floor":7,"key":"War Paint"},{"floor":9,"key":"Strawberry"},{"floor":10,"key":"Shovel"},{"floor":14,"key":"Bag of Marbles"}],"event_choices":[{"damage_healed":0,"gold_gain":100,"player_choice":"Pray","damage_taken":0,"max_hp_gain":0,"max_hp_loss":0,"event_name":"Golden Shrine","floor":2,"gold_loss":0}],"is_beta":false,"boss_relics":[],"items_purged_floors":[5,5,5,5,5],"is_endless":false,"potions_floor_spawned":[11,13,14],"killed_by":"The Guardian","ascension_level":11}}