{"host":"cwd5s03r1oaxs6mx","time":1607607999,"event":{"gold_per_floor":[116,42,53,70,70,96,96,124,202,202,219,219,232,266,266,366,366,386,399,411,444,459,162,162,162,162],"floor_reached":25,"playtime":2300,"items_purged":["Strike_P","Strike_P","Strike_P","Strike_P"],"score":279,"play_id":"ad27dee0-bd6b-424f-ba15-3bf1442a75f7","local_time":"20201210224639","is_ascension_mode":true,"campfire_choices":[{"data":"Omniscience","floor":7.0,"key":"SMITH"},{"floor":12.0,"key":"REST"},{"floor":15.0,"key":"REST"}],"neow_cost":"","seed_source_timestamp":3021038076687000,"circlet_count":0,"master_deck":["Defend_P","Defend_P","Eruption","Vigilance","ReachHeaven","SandsOfTime","EmptyFist","TalkToTheHand","MentalFortress","Evaluate","Omniscience+1","EmptyBody","FollowUp","FearNoEvil","Ragnarok","Perseverance","Adaptation+1","MasterReality","CarveReality","Establishment","Tantrum"],"special_seed":0,"relics":["PureWater","Membership Card","Regal Pillow","Singing Bowl","InkBottle","hubris:TerracottaHorce","Red Mask","Bag of Preparation","MerchantsRug"],"potions_floor_usage":[],"damage_taken":[{"damage":0.0,"enemies":"Jaw Worm","floor":1.0,"turns":2.0},{"damage":5.0,"enemies":"Small Slimes","floor":3.0,"turns":3.0},{"damage":0.0,"enemies":"Cultist","floor":4.0,"turns":2.0},{"damage":16.0,"enemies":"3 Sentries","floor":6.0,"turns":5.0},{"damage":7.0,"enemies":"Lagavulin","floor":8.0,"turns":6.0},{"damage":15.0,"enemies":"Gremlin Gang","floor":11.0,"turns":5.0},{"damage":11.0,"enemies":"3 Louse","floor":13.0,"turns":3.0},{"damage":30.0,"enemies":"Gremlin Nob","floor":14.0,"turns":4.0},{"damage":20.0,"enemies":"Hexaghost","floor":16.0,"turns":11.0},{"damage":6.0,"enemies":"3 Byrds","floor":18.0,"turns":5.0},{"damage":0.0,"enemies":"Spheric Guardian","floor":19.0,"turns":2.0},{"damage":4.0,"enemies":"Chosen and Byrds","floor":20.0,"turns":5.0},{"damage":40.0,"enemies":"Masked Bandits","floor":21.0,"turns":4.0},{"damage":12,"enemies":"Sentry and Sphere","floor":22,"turns":4},{"damage":8,"enemies":"Shelled Parasite and Fungi","floor":25,"turns":1}],"seed_played":"8229624239307207875","potions_obtained":[{"floor":4.0,"key":"Block Potion"},{"floor":11.0,"key":"EssenceOfSteel"},{"floor":19.0,"key":"SneckoOil"},{"floor":22,"key":"LiquidMemories"}],"is_trial":false,"path_per_floor":["M","$","M","M","?","E","R","E","T","?","M","R","M","E","R","B",null,"M","M","M","?","M","$","?","M"],"character_chosen":"WATCHER","items_purchased":["ReachHeaven","SandsOfTime","Membership Card","EmptyFist","TalkToTheHand","MentalFortress","MasterReality","CarveReality","Bag of Preparation","MerchantsRug"],"campfire_rested":2,"item_purchase_floors":[0,0,0,0,2,2,23,23,23,23],"current_hp_per_floor":[72,72,67,67,55,39,39,32,32,25,10,46,35,7,44,24,62,58,58,54,16,6,6,6,0,0],"gold":162,"neow_bonus":"","is_prod":false,"is_daily":false,"chose_seed":false,"campfire_upgraded":1,"win_rate":0,"timestamp":1607607999,"path_taken":["M","$","M","M","?","E","R","E","T","?","M","R","?","E","R","BOSS","M","?","M","?","M","$","?","M"],"build_version":"2020-11-30","purchased_purges":4,"victory":false,"max_hp_per_floor":[72,72,72,72,72,72,72,72,72,72,72,72,72,74,74,74,74,76,76,76,78,80,80,80,80,80],"relic_stats":{"Regal Pillow":30,"Singing Bowl":8,"counters":[188,751],"Bag of Preparation":[2],"obtain_stats":[{"Calipers":37,"hubris:CrystalStatue":6,"Gremlin Horn":54,"hubris:VirtuousBlindfold":17,"Ginger":43,"Bottled Tornado":23,"hubris:TerracottaHorce":17,"Blood Vial":7,"infinitespire:ShieldingShard":0,"Sundial":13,"infinitespire:Golems Mask":6,"MealTicket":29,"VioletLotus":17,"HandDrill":53,"Toxic Egg 2":5,"MerchantsRug":14,"hubris:DuctTape":9,"Oddly Smooth Stone":53,"Pen Nib":26,"infinitespire:Beetle Shell":7,"War Paint":6,"Question Card":47,"Akabeko":24,"infinitespire:Lychee Nut":10,"MutagenicStrength":31,"Bird Faced Urn":10,"Snecko Eye":0,"hubris:PeanutButter":9,"hubris:TenFootPole":40,"StrikeDummy":25,"Meat on the Bone":23,"infinitespire:Cupcake":17,"Lantern":26,"Regal Pillow":48,"Singing Bowl":8,"Yang":54,"Mango":17,"Incense Burner":10,"hubris:SlimyHat":0,"Bag of Preparation":23,"hubris:EmptyBottle":53,"Smiling Mask":6,"Empty Cage":34,"Ancient Tea Set":39,"Matryoshka":11,"hubris:Icosahedron":12,"Gambling Chip":0,"Pantograph":6,"hubris:ScarierMask":17,"hubris:CuriousFeather":11,"Red Mask":21,"Chemical X":19,"infinitespire:Eraser":44,"InkBottle":14,"Runic Pyramid":34,"hubris:GlazedTorus":37,"Potion Belt":7,"Lee\u0027s Waffle":13,"NeowsBlessing":0,"Golden Idol":3,"hubris:64BitClover":9,"infinitespire:FocusingShard":30,"Omamori":48,"infinitespire:Lucky Rock":9,"hubris:Towel":19,"Frozen Egg 2":0,"Orichalcum":17,"MawBank":6,"Medical Kit":0,"GoldenEye":0,"Calling Bell":17,"Cauldron":53,"Anchor":46,"CaptainsWheel":6,"infinitespire:WardingShard":9,"Ornamental Fan":8,"infinitespire:Satchel":12,"Turnip":45,"Art of War":9,"Bag of Marbles":41,"Membership Card":0,"Bottled Lightning":54,"PureWater":0,"Toy Ornithopter":53,"hubris:Potato":0,"hubris:BottledRain":8},{"Calipers":89,"hubris:CrystalStatue":177,"Gremlin Horn":126,"hubris:VirtuousBlindfold":8,"Ginger":149,"Bottled Tornado":82,"hubris:TerracottaHorce":27,"Blood Vial":22,"infinitespire:ShieldingShard":67,"Sundial":26,"infinitespire:Golems Mask":38,"MealTicket":141,"VioletLotus":77,"HandDrill":125,"Toxic Egg 2":3,"MerchantsRug":166,"hubris:DuctTape":73,"Oddly Smooth Stone":97,"Pen Nib":32,"infinitespire:Beetle Shell":104,"War Paint":73,"Question Card":96,"Akabeko":170,"infinitespire:Lychee Nut":74,"MutagenicStrength":114,"Bird Faced Urn":134,"Snecko Eye":159,"hubris:PeanutButter":163,"hubris:TenFootPole":119,"StrikeDummy":112,"Meat on the Bone":31,"infinitespire:Cupcake":136,"Lantern":83,"Regal Pillow":124,"Singing Bowl":178,"Yang":154,"Mango":167,"Incense Burner":5,"hubris:SlimyHat":17,"Bag of Preparation":187,"hubris:EmptyBottle":153,"Smiling Mask":64,"Empty Cage":115,"Ancient Tea Set":118,"Matryoshka":56,"hubris:Icosahedron":105,"Gambling Chip":67,"Pantograph":132,"hubris:ScarierMask":107,"hubris:CuriousFeather":16,"Red Mask":186,"Chemical X":168,"infinitespire:Eraser":150,"InkBottle":181,"Runic Pyramid":86,"hubris:GlazedTorus":118,"Potion Belt":4,"Lee\u0027s Waffle":75,"NeowsBlessing":0,"Golden Idol":13,"hubris:64BitClover":133,"infinitespire:FocusingShard":142,"Omamori":152,"infinitespire:Lucky Rock":39,"hubris:Towel":28,"Frozen Egg 2":155,"Orichalcum":167,"MawBank":54,"Medical Kit":127,"GoldenEye":155,"Calling Bell":167,"Cauldron":125,"Anchor":122,"CaptainsWheel":163,"infinitespire:WardingShard":4,"Ornamental Fan":133,"infinitespire:Satchel":166,"Turnip":95,"Art of War":104,"Bag of Marbles":148,"Membership Card":17,"Bottled Lightning":98,"PureWater":0,"Toy Ornithopter":153,"hubris:Potato":155,"hubris:BottledRain":47},{"Calipers":339,"hubris:CrystalStatue":701,"Gremlin Horn":503,"hubris:VirtuousBlindfold":33,"Ginger":584,"Bottled Tornado":312,"hubris:TerracottaHorce":111,"Blood Vial":96,"infinitespire:ShieldingShard":267,"Sundial":106,"infinitespire:Golems Mask":150,"MealTicket":558,"VioletLotus":298,"HandDrill":500,"Toxic Egg 2":4,"MerchantsRug":652,"hubris:DuctTape":283,"Oddly Smooth Stone":376,"Pen Nib":126,"infinitespire:Beetle Shell":396,"War Paint":283,"Question Card":372,"Akabeko":677,"infinitespire:Lychee Nut":288,"MutagenicStrength":440,"Bird Faced Urn":531,"Snecko Eye":628,"hubris:PeanutButter":642,"hubris:TenFootPole":472,"StrikeDummy":434,"Meat on the Bone":122,"infinitespire:Cupcake":541,"Lantern":316,"Regal Pillow":493,"Singing Bowl":707,"Yang":607,"Mango":660,"Incense Burner":20,"hubris:SlimyHat":83,"Bag of Preparation":750,"hubris:EmptyBottle":603,"Smiling Mask":257,"Empty Cage":447,"Ancient Tea Set":468,"Matryoshka":218,"hubris:Icosahedron":400,"Gambling Chip":267,"Pantograph":525,"hubris:ScarierMask":412,"hubris:CuriousFeather":82,"Red Mask":746,"Chemical X":665,"infinitespire:Eraser":587,"InkBottle":719,"Runic Pyramid":328,"hubris:GlazedTorus":468,"Potion Belt":10,"Lee\u0027s Waffle":290,"NeowsBlessing":0,"Golden Idol":61,"hubris:64BitClover":529,"infinitespire:FocusingShard":563,"Omamori":596,"infinitespire:Lucky Rock":153,"hubris:Towel":112,"Frozen Egg 2":615,"Orichalcum":660,"MawBank":209,"Medical Kit":512,"GoldenEye":615,"Calling Bell":660,"Cauldron":500,"Anchor":485,"CaptainsWheel":642,"infinitespire:WardingShard":10,"Ornamental Fan":529,"infinitespire:Satchel":652,"Turnip":369,"Art of War":396,"Bag of Marbles":581,"Membership Card":83,"Bottled Lightning":377,"PureWater":0,"Toy Ornithopter":603,"hubris:Potato":615,"hubris:BottledRain":181}],"InkBottle":[12]},"card_choices":[{"not_picked":["SashWhip","ThirdEye","PathToVictory"],"picked":"SKIP","floor":1.0},{"not_picked":["SashWhip","Consecrate","EmptyFist"],"picked":"SKIP","floor":3.0},{"not_picked":["PathToVictory","BattleHymn"],"picked":"Evaluate","floor":4.0},{"not_picked":["PathToVictory","EmptyBody"],"picked":"Omniscience","floor":6.0},{"not_picked":["ForeignInfluence","BowlingBash"],"picked":"EmptyBody","floor":8.0},{"not_picked":["Prostrate","Worship"],"picked":"FollowUp","floor":11.0},{"not_picked":["MentalFortress","Prostrate"],"picked":"FearNoEvil","floor":13.0},{"not_picked":["FollowUp","Worship","CarveReality"],"picked":"Singing Bowl","floor":14.0},{"not_picked":["Omniscience","Judgement"],"picked":"Ragnarok","floor":16.0},{"not_picked":["FlyingSleeves","JustLucky","Evaluate"],"picked":"Singing Bowl","floor":18.0},{"not_picked":["Pray","Wireheading+1"],"picked":"Perseverance","floor":19.0},{"not_picked":["Consecrate+1","ClearTheMind+1"],"picked":"Adaptation+1","floor":20.0},{"not_picked":["Evaluate","Halt","ThirdEye"],"picked":"Singing Bowl","floor":21.0},{"not_picked":["CutThroughFate","FlyingSleeves","FlurryOfBlows"],"picked":"Singing Bowl","floor":22}],"player_experience":884444,"relics_obtained":[{"floor":6.0,"key":"hubris:CrystalStatue"},{"floor":8.0,"key":"Singing Bowl"},{"floor":14.0,"key":"InkBottle"},{"floor":21.0,"key":"Red Mask"}],"event_choices":[{"damage_healed":0.0,"max_hp_gain":0.0,"max_hp_loss":0.0,"gold_gain":0.0,"event_name":"betterThird:BetterScrap","player_choice":"Relic ","floor":5.0,"gold_loss":0.0,"damage_taken":12.0,"cards_obtained":["Storm of Steel"]},{"damage_healed":0.0,"max_hp_gain":0.0,"max_hp_loss":0.0,"gold_gain":0.0,"event_name":"Wheel of Change","player_choice":"Damaged","floor":10.0,"gold_loss":0.0,"damage_taken":7.0},{"damage_healed":0.0,"max_hp_gain":0.0,"max_hp_loss":0.0,"gold_gain":0.0,"event_name":"Masked Bandits","player_choice":"Fought Bandits","floor":21.0,"gold_loss":0.0,"damage_taken":0.0},{"damage_healed":0,"gold_gain":0,"cards_transformed":["Defend_P","Defend_P"],"player_choice":"Became Test Subject","damage_taken":0,"max_hp_gain":0,"max_hp_loss":0,"event_name":"Drug Dealer","floor":24,"gold_loss":0,"cards_obtained":["Establishment","Tantrum"]}],"is_beta":false,"boss_relics":[{"not_picked":["hubris:GrandSneckoEye","hubris:Backtick"],"picked":"hubris:TerracottaHorce"}],"items_purged_floors":[0,0,23,23],"is_endless":false,"potions_floor_spawned":[4,11,19,22],"killed_by":"Shelled Parasite and Fungi","ascension_level":5}}