{"host":"2n2g1vowfllvjtvi","time":1607629832,"event":{"mods":["BaseMod","AchievementEnabler","Custom Start","GifTheSpireLib","Keyboard Shortcuts","Minty Spire (QoL Compilation)","Quick Restart","Rare Cards Sparkle","StSLib","SuperFastMode"],"gold_per_floor":[109,34,52,52,52,52,73,116,116,16,39,39,39,52,52,181,181,181,181],"floor_reached":18,"playtime":426,"items_purged":["Defend_G","Strike_G"],"score":224,"play_id":"1749cbdf-aed3-4dba-9b27-816624a76b31","local_time":"20201211045032","is_ascension_mode":true,"campfire_choices":[{"data":"Neutralize","floor":6,"key":"SMITH"},{"data":"Acrobatics","floor":12,"key":"SMITH"},{"data":"Dagger Spray","floor":15,"key":"SMITH"}],"circlet_count":0,"master_deck":["Strike_G","Strike_G","Strike_G","Defend_G","Defend_G","Defend_G","Defend_G","Survivor","Neutralize+1","Dagger Throw","Dagger Spray+1","Slice","Acrobatics+1","Blur","After Image"],"special_seed":0,"relics":["Ring of the Snake","NeowsBlessing","Golden Idol","Ninja Scroll","Gremlin Horn","SacredBark"],"acts_visited":["Exordium","TheCity"],"potions_floor_usage":[16,16,16],"damage_taken":[{"damage":0,"enemies":"Cultist","floor":1,"turns":1},{"damage":0,"enemies":"Jaw Worm","floor":3,"turns":1},{"damage":0,"enemies":"Small Slimes","floor":7,"turns":1},{"damage":29,"enemies":"3 Sentries","floor":8,"turns":10},{"damage":0,"enemies":"2 Fungi Beasts","floor":11,"turns":3},{"damage":0,"enemies":"Looter","floor":14,"turns":3},{"damage":16,"enemies":"The Guardian","floor":16,"turns":22},{"damage":0,"enemies":"Shell Parasite","floor":18,"turns":5}],"seed_played":"-3961777242466162481","potions_obtained":[{"floor":1,"key":"CunningPotion"},{"floor":7,"key":"EssenceOfSteel"},{"floor":8,"key":"SpeedPotion"},{"floor":14,"key":"SkillPotion"}],"is_trial":false,"path_per_floor":["M","$","M","?","?","R","M","E","T","$","M","R","?","M","R","B",null,"M"],"character_chosen":"THE_SILENT","items_purchased":[],"campfire_rested":0,"item_purchase_floors":[],"current_hp_per_floor":[63,63,63,63,63,63,63,34,34,34,34,34,34,34,34,18,53,53,53],"gold":181,"neow_bonus":"THREE_ENEMY_KILL","is_daily":false,"chose_seed":false,"campfire_upgraded":3,"win_rate":0,"timestamp":1607629832,"path_taken":["M","$","?","?","?","R","M","E","T","$","M","R","?","M","R","BOSS","M"],"build_version":"2020-11-30","purchased_purges":2,"victory":false,"max_hp_per_floor":[70,70,70,70,65,65,65,65,65,65,65,65,65,65,65,65,65,65,65],"card_choices":[{"not_picked":["Flying Knee","Endless Agony"],"picked":"Dagger Throw","floor":1},{"not_picked":["Heel Hook","Sucker Punch"],"picked":"Dagger Spray","floor":3},{"not_picked":["Backflip","Sucker Punch"],"picked":"Slice","floor":7},{"not_picked":["Setup","Quick Slash"],"picked":"Acrobatics","floor":8},{"not_picked":["Leg Sweep","Cloak And Dagger"],"picked":"Blur","floor":11},{"not_picked":["All Out Attack","Wraith Form v2","Prepared"],"picked":"SKIP","floor":14},{"not_picked":["Bullet Time","Night Terror"],"picked":"After Image","floor":16}],"player_experience":441290,"relics_obtained":[{"floor":8,"key":"Ninja Scroll"},{"floor":9,"key":"Gremlin Horn"}],"event_choices":[{"cards_removed":["Strike_G"],"damage_healed":0,"gold_gain":0,"player_choice":"Forget","damage_taken":0,"max_hp_gain":0,"max_hp_loss":0,"event_name":"Living Wall","floor":4,"gold_loss":0},{"damage_healed":0,"gold_gain":0,"player_choice":"Lose Max HP","damage_taken":0,"relics_obtained":["Golden Idol"],"max_hp_gain":0,"max_hp_loss":5,"event_name":"Golden Idol","floor":5,"gold_loss":0},{"damage_healed":0,"gold_gain":0,"player_choice":"Leave","damage_taken":0,"max_hp_gain":0,"max_hp_loss":0,"event_name":"The Cleric","floor":13,"gold_loss":0}],"is_beta":false,"boss_relics":[{"not_picked":["Calling Bell","Black Star"],"picked":"SacredBark"}],"items_purged_floors":[2,10],"is_endless":false,"potions_floor_spawned":[1,7,8,14],"killed_by":"Shell Parasite","ascension_level":8}}