{"host":"lklj3eidp7g5an38","time":1607561591,"event":{"gold_per_floor":[117,117,117,137,155,191,216,186,186,186,8,84,84,148,148,259,259,300,47,110,110,110,110,148,148,172,211,211,267,311,371,371,486,486,546,219,290,329,329,382,382,416,443,443,482,545,545,144,144,184,184,184,59,113,113,113],"floor_reached":55,"playtime":4725,"items_purged":["Writhe","Writhe","Defend_P"],"score":1643,"play_id":"b915908d-9b35-47e6-b5b8-576382471c66","local_time":"20201210005311","is_ascension_mode":true,"campfire_choices":[{"data":"Eruption","floor":10.0,"key":"SMITH"},{"data":"Vault","floor":13.0,"key":"SMITH"},{"data":"1","floor":15.0,"key":"LIFT"},{"data":"2","floor":23.0,"key":"LIFT"},{"data":"MasterReality","floor":25.0,"key":"SMITH"},{"floor":32,"key":"REST"},{"data":"Establishment","floor":41,"key":"SMITH"},{"floor":44,"key":"REST"},{"data":"3","floor":47,"key":"LIFT"},{"floor":49,"key":"RECALL"},{"data":"Protect","floor":52,"key":"SMITH"}],"neow_cost":"NONE","seed_source_timestamp":1102442179000,"circlet_count":0,"master_deck":["AscendersBane","Strike_P","Strike_P","Strike_P","Defend_P","Defend_P","Defend_P","Eruption+1","Vigilance","Consecrate","EmptyMind","SandsOfTime","ReachHeaven","Protect+1","HandOfGreed","Vault+1","Evaluate","MasterReality+1","CutThroughFate+1","Wireheading+1","BowlingBash+1","TalkToTheHand+1","Establishment+1","InnerPeace+1","Protect","WheelKick+1","FlyingSleeves+1","InnerPeace+1"],"special_seed":0,"relics":["PureWater","NeowsBlessing","Golden Idol","Sundial","FossilizedHelix","Girya","Du-Vu Doll","Runic Pyramid","Molten Egg 2","White Beast Statue","Lantern","Regal Pillow","Singing Bowl","Dream Catcher","Cursed Key","Pantograph","CloakClasp","Nunchaku","Bag of Marbles","Letter Opener","ClockworkSouvenir","Bronze Scales","Yang"],"potions_floor_usage":[30,33,35,40,55,55],"damage_taken":[{"damage":0.0,"enemies":"Cultist","floor":1.0,"turns":1.0},{"damage":0.0,"enemies":"Jaw Worm","floor":4.0,"turns":1.0},{"damage":0.0,"enemies":"2 Louse","floor":5.0,"turns":1.0},{"damage":10.0,"enemies":"Gremlin Nob","floor":6.0,"turns":3.0},{"damage":3.0,"enemies":"Blue Slaver","floor":7.0,"turns":4.0},{"damage":0.0,"enemies":"3 Sentries","floor":12.0,"turns":4.0},{"damage":0.0,"enemies":"Gremlin Nob","floor":14.0,"turns":3.0},{"damage":0.0,"enemies":"Slime Boss","floor":16.0,"turns":4.0},{"damage":0.0,"enemies":"Spheric Guardian","floor":18.0,"turns":3.0},{"damage":0.0,"enemies":"3 Byrds","floor":20.0,"turns":6.0},{"damage":0.0,"enemies":"Gremlin Leader","floor":24.0,"turns":6.0},{"damage":0.0,"enemies":"Book of Stabbing","floor":27.0,"turns":5.0},{"damage":19.0,"enemies":"Shelled Parasite and Fungi","floor":29.0,"turns":5.0},{"damage":10,"enemies":"Gremlin Leader","floor":30,"turns":4},{"damage":0,"enemies":"Chosen and Byrds","floor":31,"turns":6},{"damage":47,"enemies":"Automaton","floor":33,"turns":9},{"damage":0,"enemies":"3 Shapes","floor":35,"turns":6},{"damage":0,"enemies":"Mind Bloom Boss Battle","floor":37,"turns":8},{"damage":3,"enemies":"Orb Walker","floor":38,"turns":7},{"damage":2,"enemies":"Nemesis","floor":40,"turns":8},{"damage":32,"enemies":"Reptomancer","floor":42,"turns":5},{"damage":0,"enemies":"Spire Growth","floor":45,"turns":5},{"damage":0,"enemies":"Nemesis","floor":46,"turns":6},{"damage":66,"enemies":"Awakened One","floor":50,"turns":9},{"damage":63,"enemies":"Shield and Spear","floor":54,"turns":7},{"damage":64,"enemies":"The Heart","floor":55,"turns":4}],"seed_played":"2402799039765060910","potions_obtained":[{"floor":4.0,"key":"LiquidMemories"},{"floor":8.0,"key":"LiquidMemories"},{"floor":8.0,"key":"Weak Potion"},{"floor":14.0,"key":"Strength Potion"},{"floor":16.0,"key":"Strength Potion"},{"floor":24.0,"key":"Dexterity Potion"},{"floor":27.0,"key":"FearPotion"},{"floor":29.0,"key":"AttackPotion"},{"floor":30,"key":"StancePotion"},{"floor":31,"key":"FearPotion"},{"floor":33,"key":"BlessingOfTheForge"},{"floor":35,"key":"FairyPotion"},{"floor":40,"key":"LiquidBronze"},{"floor":45,"key":"SpeedPotion"},{"floor":54,"key":"PowerPotion"}],"is_trial":false,"path_per_floor":["M","?","?","M","M","E","M","?","T","R","$","E","R","E","R","B",null,"M","$","M","?","?","R","E","R","T","E","?","M","E","M","R","B",null,"M","$","?","M","?","E","R","E","T","R","M","E","R","$","R","B",null,"R","$","E","B"],"character_chosen":"WATCHER","items_purchased":["HandOfGreed","Molten Egg 2","Pantograph","ClockworkSouvenir","Bronze Scales"],"campfire_rested":2,"item_purchase_floors":[11,19,36,48,48],"current_hp_per_floor":[61,44,44,44,44,34,31,31,31,31,31,31,31,31,31,31,59,59,59,59,59,59,59,59,59,59,59,59,40,30,32,70,23,60,60,60,72,71,71,71,71,39,39,78,78,78,78,78,78,12,62,62,62,25,0,0],"gold":113,"neow_bonus":"THREE_ENEMY_KILL","is_prod":false,"is_daily":false,"chose_seed":false,"campfire_upgraded":5,"win_rate":0,"timestamp":1607561591,"path_taken":["M","?","?","?","M","E","M","?","T","R","?","E","R","E","R","BOSS","M","$","M","?","?","R","E","R","T","E","?","?","E","M","R","BOSS","M","$","?","M","?","E","R","E","T","R","?","E","R","?","R","BOSS","R","$","E","BOSS"],"build_version":"2020-11-30","purchased_purges":3,"victory":false,"max_hp_per_floor":[68,68,68,68,68,68,68,68,68,68,68,68,68,68,68,68,68,68,68,68,68,68,68,68,68,68,68,68,68,68,70,72,72,72,72,72,72,74,74,76,76,76,76,78,78,78,78,78,78,78,78,78,78,80,80,80],"relic_stats":{"Regal Pillow":30,"Singing Bowl":12,"counters":[26,130],"Golden Idol":180,"Yang":[4],"CloakClasp":[224],"Letter Opener":[55],"Cursed Key":1,"Dream Catcher":2,"Nunchaku":[8],"Sundial":[16],"Pantograph":37,"Bronze Scales":[93],"obtain_stats":[{"Girya":12,"Lantern":24,"Regal Pillow":26,"NeowsBlessing":0,"Singing Bowl":27,"Golden Idol":2,"Yang":54,"CloakClasp":37,"Letter Opener":46,"Cursed Key":34,"White Beast Statue":22,"ClockworkSouvenir":48,"Du-Vu Doll":14,"Dream Catcher":30,"Nunchaku":40,"Sundial":6,"Pantograph":36,"Bronze Scales":48,"Molten Egg 2":19,"Bag of Marbles":42,"PureWater":0,"FossilizedHelix":9,"Runic Pyramid":17},{"Girya":6,"Lantern":11,"Regal Pillow":11,"NeowsBlessing":0,"Singing Bowl":12,"Golden Idol":1,"Yang":25,"CloakClasp":18,"Letter Opener":23,"Cursed Key":16,"White Beast Statue":10,"ClockworkSouvenir":23,"Du-Vu Doll":7,"Dream Catcher":14,"Nunchaku":20,"Sundial":4,"Pantograph":17,"Bronze Scales":23,"Molten Egg 2":9,"Bag of Marbles":21,"PureWater":0,"FossilizedHelix":5,"Runic Pyramid":8},{"Girya":14,"Lantern":36,"Regal Pillow":36,"NeowsBlessing":0,"Singing Bowl":41,"Golden Idol":1,"Yang":126,"CloakClasp":79,"Letter Opener":110,"Cursed Key":65,"White Beast Statue":30,"ClockworkSouvenir":110,"Du-Vu Doll":17,"Dream Catcher":50,"Nunchaku":94,"Sundial":6,"Pantograph":71,"Bronze Scales":110,"Molten Egg 2":24,"Bag of Marbles":99,"PureWater":0,"FossilizedHelix":10,"Runic Pyramid":21}]},"card_choices":[{"not_picked":["EmptyFist","Prostrate"],"picked":"Consecrate","floor":1.0},{"not_picked":["Worship","SignatureMove","Crescendo"],"picked":"SKIP","floor":4.0},{"not_picked":["Consecrate","Protect"],"picked":"SandsOfTime","floor":5.0},{"not_picked":["Fasting2","Wallop"],"picked":"ReachHeaven","floor":6.0},{"not_picked":["FollowUp","Consecrate"],"picked":"Protect","floor":7.0},{"not_picked":["ClearTheMind","Consecrate"],"picked":"Vault","floor":12.0},{"not_picked":["Crescendo","Wallop"],"picked":"Evaluate","floor":14.0},{"not_picked":["Devotion","Brilliance"],"picked":"MasterReality","floor":16.0},{"not_picked":["JustLucky","FollowUp","EmptyBody"],"picked":"SKIP","floor":18.0},{"not_picked":["Weave+1","ThirdEye"],"picked":"CutThroughFate+1","floor":20.0},{"not_picked":["Consecrate+1","EmptyBody","ReachHeaven+1"],"picked":"SKIP","floor":24.0},{"not_picked":["EmptyFist+1","Alpha"],"picked":"Wireheading+1","floor":27.0},{"not_picked":["Adaptation","Evaluate"],"picked":"BowlingBash+1","floor":29.0},{"not_picked":["ThirdEye","SandsOfTime+1"],"picked":"TalkToTheHand+1","floor":30},{"not_picked":["Crescendo","Study","SignatureMove+1"],"picked":"Singing Bowl","floor":31},{"not_picked":["Nirvana","Wireheading","CutThroughFate+1"],"picked":"Singing Bowl","floor":32},{"not_picked":["DeusExMachina","ConjureBlade"],"picked":"Establishment","floor":33},{"not_picked":["Vengeance","JustLucky+1"],"picked":"InnerPeace+1","floor":35},{"not_picked":["FlurryOfBlows+1","Wireheading+1"],"picked":"Protect","floor":37},{"not_picked":["FollowUp+1","SashWhip+1","Wallop+1"],"picked":"Singing Bowl","floor":38},{"not_picked":["Crescendo+1","CutThroughFate+1","Halt"],"picked":"Singing Bowl","floor":40},{"not_picked":["Consecrate+1","Devotion"],"picked":"WheelKick+1","floor":42},{"not_picked":["Swivel","Evaluate","JustLucky+1"],"picked":"Singing Bowl","floor":44},{"not_picked":["CrushJoints+1","Judgement"],"picked":"FlyingSleeves+1","floor":45},{"not_picked":["Alpha","Halt"],"picked":"InnerPeace+1","floor":46},{"not_picked":["Worship","JustLucky+1","EmptyFist+1"],"picked":"Singing Bowl","floor":54}],"player_experience":845971,"relics_obtained":[{"floor":6.0,"key":"Sundial"},{"floor":9.0,"key":"FossilizedHelix"},{"floor":12.0,"key":"Girya"},{"floor":14.0,"key":"Du-Vu Doll"},{"floor":24.0,"key":"Lantern"},{"floor":26.0,"key":"Regal Pillow"},{"floor":27.0,"key":"Singing Bowl"},{"floor":30,"key":"Dream Catcher"},{"floor":37,"key":"CloakClasp"},{"floor":40,"key":"Nunchaku"},{"floor":42,"key":"Bag of Marbles"},{"floor":46,"key":"Letter Opener"},{"floor":54,"key":"Yang"}],"event_choices":[{"damage_healed":0.0,"max_hp_gain":0.0,"max_hp_loss":0.0,"gold_gain":0.0,"event_name":"Golden Idol","player_choice":"Take Damage","floor":2.0,"gold_loss":0.0,"damage_taken":17.0,"relics_obtained":["Golden Idol"]},{"damage_healed":0.0,"max_hp_gain":0.0,"max_hp_loss":0.0,"gold_gain":0.0,"cards_transformed":["Strike_P"],"event_name":"Transmorgrifier","player_choice":"Transformed","floor":3.0,"gold_loss":0.0,"damage_taken":0.0,"cards_obtained":["EmptyMind"]},{"damage_healed":0.0,"max_hp_gain":0.0,"max_hp_loss":0.0,"gold_gain":0.0,"event_name":"The Woman in Blue","player_choice":"Bought 2 Potions","floor":8.0,"gold_loss":0.0,"damage_taken":0.0},{"damage_healed":0.0,"max_hp_gain":0.0,"max_hp_loss":0.0,"gold_gain":0.0,"event_name":"Vampires","player_choice":"Ignored","floor":21.0,"gold_loss":0.0,"damage_taken":0.0},{"damage_healed":0.0,"max_hp_gain":0.0,"max_hp_loss":0.0,"gold_gain":0.0,"event_name":"The Mausoleum","player_choice":"Opened","floor":22.0,"gold_loss":0.0,"damage_taken":0.0,"relics_obtained":["White Beast Statue"],"cards_obtained":["Writhe"]},{"damage_healed":0.0,"max_hp_gain":0.0,"max_hp_loss":0.0,"gold_gain":0.0,"event_name":"Ghosts","player_choice":"Ignored","floor":28.0,"gold_loss":0.0,"damage_taken":0.0},{"damage_healed":0,"gold_gain":0,"player_choice":"Fight","damage_taken":0,"max_hp_gain":0,"max_hp_loss":0,"event_name":"MindBloom","floor":37,"gold_loss":0},{"damage_healed":0,"gold_gain":0,"player_choice":"Got Potions","damage_taken":0,"max_hp_gain":0,"max_hp_loss":0,"event_name":"Lab","floor":39,"gold_loss":0}],"is_beta":false,"boss_relics":[{"not_picked":["Empty Cage","Philosopher\u0027s Stone"],"picked":"Runic Pyramid"},{"not_picked":["Calling Bell","HolyWater"],"picked":"Cursed Key"}],"items_purged_floors":[36,48,53],"is_endless":false,"potions_floor_spawned":[4,14,16,24,27,29,30,31,33,35,37,38,40,42,45,46,54],"killed_by":"The Heart","ascension_level":14}}