{"host":"xr9kfrtt7uxz0mdc","time":1607629960,"event":{"mods":["BaseMod","Minty Spire (QoL Compilation)","AchievementEnabler","Highlight Path"],"gold_per_floor":[110,125,145,164,19,19,45,45,45,55,55,75,75,90,90,195,195,215,234,234,234,234,262,80,96,96,109,109,109,27,46,46,46,46],"floor_reached":33,"playtime":1356,"items_purged":[],"score":269,"play_id":"67406fab-adf1-4aeb-8d18-b2346afae363","local_time":"20201210205240","is_ascension_mode":false,"campfire_choices":[{"floor":6,"key":"REST"},{"floor":11,"key":"REST"},{"floor":15,"key":"REST"},{"floor":29,"key":"REST"},{"floor":32,"key":"REST"}],"circlet_count":0,"master_deck":["Strike_G","Strike_G","Strike_G","Strike_G","Strike_G","Defend_G+1","Defend_G","Defend_G+1","Defend_G","Survivor","Neutralize","Envenom","Deflect","Dagger Spray","Noxious Fumes","Catalyst","Outmaneuver","Deadly Poison","Crippling Poison","Flying Knee","After Image","Poisoned Stab","RitualDagger","All Out Attack+1","Sadistic Nature","Footwork","Infinite Blades","Deflect"],"relics":["Ring of the Snake","Sling","Juzu Bracelet","Omamori","Calling Bell","Vajra","Eternal Feather","Lizard Tail","Darkstone Periapt","Ninja Scroll","White Beast Statue"],"acts_visited":["Exordium","TheCity"],"potions_floor_usage":[23,23,33,33],"damage_taken":[{"damage":2,"enemies":"2 Louse","floor":1,"turns":4},{"damage":4,"enemies":"Cultist","floor":2,"turns":5},{"damage":0,"enemies":"Small Slimes","floor":3,"turns":3},{"damage":20,"enemies":"Exordium Wildlife","floor":4,"turns":7},{"damage":25,"enemies":"Gremlin Nob","floor":7,"turns":5},{"damage":7,"enemies":"2 Fungi Beasts","floor":10,"turns":4},{"damage":5,"enemies":"Large Slime","floor":12,"turns":6},{"damage":5,"enemies":"3 Louse","floor":14,"turns":3},{"damage":39,"enemies":"Slime Boss","floor":16,"turns":12},{"damage":2,"enemies":"Chosen","floor":18,"turns":6},{"damage":16,"enemies":"3 Byrds","floor":19,"turns":5},{"damage":27,"enemies":"Slavers","floor":23,"turns":6},{"damage":13,"enemies":"Centurion and Healer","floor":25,"turns":6},{"damage":44,"enemies":"Sentry and Sphere","floor":27,"turns":8},{"damage":26,"enemies":"Snake Plant","floor":31,"turns":5},{"damage":62,"enemies":"Collector","floor":33,"turns":7}],"seed_played":"8605030042551531446","potions_obtained":[{"floor":2,"key":"EssenceOfSteel"},{"floor":3,"key":"FearPotion"},{"floor":12,"key":"SmokeBomb"},{"floor":16,"key":"Fire Potion"},{"floor":18,"key":"LiquidBronze"},{"floor":19,"key":"Energy Potion"},{"floor":31,"key":"Explosive Potion"}],"is_trial":false,"path_per_floor":["M","M","M","M","$","R","E","?","T","M","R","M","?","M","R","B",null,"M","M","?","?","?","E","$","M","T","M","?","R","$","M","R","B"],"character_chosen":"THE_SILENT","items_purchased":["Sling","Sadistic Nature","Infinite Blades"],"campfire_rested":5,"item_purchase_floors":[5,24,30],"current_hp_per_floor":[68,64,64,44,44,65,40,26,26,19,40,35,35,30,51,12,70,68,52,52,52,46,19,19,6,6,5,5,41,41,15,51,0,0],"gold":46,"neow_bonus":"ONE_RANDOM_RARE_CARD","is_daily":false,"chose_seed":false,"campfire_upgraded":0,"win_rate":0.0,"timestamp":1607629960,"path_taken":["M","M","M","M","$","R","E","?","T","M","R","M","?","M","R","BOSS","M","M","?","?","?","E","$","M","T","M","?","R","$","M","R","BOSS"],"build_version":"2020-11-30","purchased_purges":0,"victory":false,"max_hp_per_floor":[70,70,70,70,70,70,70,70,70,70,70,70,70,70,70,70,70,70,70,70,70,70,70,70,70,70,70,70,70,70,70,70,70,70],"card_choices":[{"not_picked":["Acrobatics","Prepared"],"picked":"Deflect","floor":1},{"not_picked":["Deflect","Cloak And Dagger"],"picked":"Dagger Spray","floor":2},{"not_picked":["Dodge and Roll","Riddle With Holes"],"picked":"Noxious Fumes","floor":3},{"not_picked":["Dagger Throw","Well Laid Plans"],"picked":"Catalyst","floor":4},{"not_picked":["Dodge and Roll","Deflect"],"picked":"Outmaneuver","floor":7},{"not_picked":["Bane","Deflect"],"picked":"Deadly Poison","floor":10},{"not_picked":["Night Terror","Finisher"],"picked":"Crippling Poison","floor":12},{"not_picked":["Dagger Throw","Finisher"],"picked":"Flying Knee","floor":14},{"not_picked":["Bullet Time","Envenom"],"picked":"After Image","floor":16},{"not_picked":["Poisoned Stab","PiercingWail","Quick Slash+1"],"picked":"SKIP","floor":18},{"not_picked":["Backflip","Prepared"],"picked":"Poisoned Stab","floor":19},{"not_picked":["Distraction+1","Deflect"],"picked":"All Out Attack+1","floor":23},{"not_picked":["Choke","PiercingWail"],"picked":"Footwork","floor":25},{"not_picked":["Prepared","Quick Slash","Dodge and Roll"],"picked":"SKIP","floor":27},{"not_picked":["Heel Hook","A Thousand Cuts"],"picked":"Deflect","floor":31}],"player_experience":60234,"relics_obtained":[{"floor":7,"key":"Juzu Bracelet"},{"floor":9,"key":"Omamori"},{"floor":17,"key":"Vajra"},{"floor":17,"key":"Eternal Feather"},{"floor":17,"key":"Lizard Tail"},{"floor":23,"key":"Darkstone Periapt"},{"floor":26,"key":"Ninja Scroll"}],"event_choices":[{"damage_healed":0,"gold_gain":0,"player_choice":"Entered Light","damage_taken":14,"max_hp_gain":0,"max_hp_loss":0,"event_name":"Shining Light","floor":8,"gold_loss":0,"cards_upgraded":["Defend_G","Defend_G"]},{"cards_removed":["Defend_G"],"damage_healed":0,"gold_gain":0,"player_choice":"Offered Basic","damage_taken":0,"max_hp_gain":0,"max_hp_loss":0,"event_name":"Bonfire Elementals","floor":13,"gold_loss":0},{"damage_healed":0,"gold_gain":0,"player_choice":"Ignored","damage_taken":0,"max_hp_gain":0,"max_hp_loss":0,"event_name":"Vampires","floor":20,"gold_loss":0},{"damage_healed":0,"gold_gain":0,"player_choice":"Ignored","damage_taken":0,"max_hp_gain":0,"max_hp_loss":0,"event_name":"NoteForYourself","floor":21,"gold_loss":0},{"damage_healed":0,"gold_gain":0,"player_choice":"Joined the Cult","damage_taken":6,"max_hp_gain":0,"max_hp_loss":0,"event_name":"Nest","floor":22,"gold_loss":0,"cards_obtained":["RitualDagger"]},{"damage_healed":0,"gold_gain":0,"player_choice":"Stole Relic","damage_taken":0,"relics_obtained":["White Beast Statue"],"max_hp_gain":0,"max_hp_loss":0,"event_name":"Addict","floor":28,"gold_loss":0,"cards_obtained":["Shame"]}],"is_beta":false,"boss_relics":[{"not_picked":["Velvet Choker","Philosopher\u0027s Stone"],"picked":"Calling Bell"}],"items_purged_floors":[],"is_endless":false,"potions_floor_spawned":[2,3,12,16,18,19,31],"killed_by":"Collector","ascension_level":0}}