{"host":"bwgtgw7j7r9ryi4l","time":1607637219,"event":{"mods":["2.2 Compatiblity","BaseMod","AchievementEnabler","GifTheSpireLib","Colored Map","StSLib","Aspiration","Bard","Beaked The Cultist","BetterRewards","CCEM","Clawfect","Colored Powertips","Conspire","Custom Start","Downfall","Friendly Minions","Halation","Highlight Path","Hubris","Hunter ??","Infinite Spire","Jedi Mod","Kiyohime????","Mad Scientist","Marisa????????","Mimic Mod","Minty Spire (QoL Compilation)","Permanent Neow","Prisma Mod","Remilia??????","Replay The Spire","Shop Mod","Stuff the Spire","Td1madao Mod","The Administrix","The Animator","The Blackbeard","The Bug Knight","The Construct","The Cursed","The Disciple","The Gatherer","The Jungle","The Mystic","The Necromancer","Unceasing Turn Reminder","Yuri Mod","The Alterego","Lobotomy","Better Altar","Better Match","Better Note","Better Sensory Stone","Better Skull","Better Third Choice","Act Like it!","Hallownest","everything is the same but u backflip on backflip","Spicy Shops","Gensokyo"],"gold_per_floor":[129,162,178,205,205,205,205,205,205,219,274,274,288,317,317,447,447,477,477,499,528,528,528,554,554,554,554,622,654,654,654,654],"floor_reached":33,"playtime":1763,"items_purged":[],"score":280,"play_id":"70440f05-e8f1-41a6-8dc4-84fe41d41a64","local_time":"20201210165339","is_ascension_mode":true,"campfire_choices":[{"floor":6.0,"key":"REST"},{"floor":12.0,"key":"REST"},{"floor":15.0,"key":"REST"},{"data":"ReplayTheSpireMod:Faulty Equipment","floor":23.0,"key":"SMITH"},{"data":"animator:Sloth","floor":25.0,"key":"SMITH"},{"data":"animator:TukaLunaMarceau","floor":27,"key":"SMITH"},{"floor":32,"key":"REST"}],"circlet_count":0,"master_deck":["animator:Strike_GoblinSlayer+1","animator:Defend_GoblinSlayer","animator:Strike+1","animator:Strike+1","animator:Strike+1","animator:Defend","animator:Defend","animator:Defend","animator:LizardPriest+1","animator:DwarfShaman+1","animator:GuildGirl","animator:TukaLunaMarceau+1","animator:DwarfShaman+1","animator:Gillette+1","Injury","animator:HighElfArcher+1","animator:Ciel","animator:Bozes+1","animator:YaoHaDucy+1","animator:Priestess","animator:CowGirl","animator:Sloth+1","animator:Guy+1","hubris:Compulsion","animator:Spearman","animator:Kuribayashi"],"special_seed":0,"relics":["animator:LivingPicture","animator:TheMissingPiece","Golden Idol","CCEMRelics:TinyMinotavrHorn","Cursed Key","Whetstone","hubris:Teleporter","halation:Toothbrush"],"acts_visited":["Exordium","TheCity"],"potions_floor_usage":[28,30,33],"damage_taken":[{"damage":6.0,"enemies":"2 Louse","floor":1.0,"turns":3.0},{"damage":23.0,"enemies":"conspire:MimicChest","floor":2.0,"turns":6.0},{"damage":1.0,"enemies":"Cultist","floor":3.0,"turns":4.0},{"damage":4.0,"enemies":"Jaw Worm","floor":4.0,"turns":5.0},{"damage":0.0,"enemies":"2 Fungi Beasts","floor":10.0,"turns":2.0},{"damage":11.0,"enemies":"Replay:BlueRogue","floor":11.0,"turns":4.0},{"damage":16.0,"enemies":"Exordium Thugs","floor":13.0,"turns":4.0},{"damage":3.0,"enemies":"Looter","floor":14.0,"turns":3.0},{"damage":44.0,"enemies":"The Guardian","floor":16.0,"turns":8.0},{"damage":3.0,"enemies":"Chosen","floor":18.0,"turns":4.0},{"damage":11.0,"enemies":"2 Thieves","floor":20.0,"turns":3.0},{"damage":11.0,"enemies":"conspire:HollyBat","floor":21.0,"turns":6.0},{"damage":0.0,"enemies":"Cultist and Chosen","floor":24.0,"turns":6.0},{"damage":28,"enemies":"Book of Stabbing","floor":28,"turns":5},{"damage":14,"enemies":"Shelled Parasite and Fungi","floor":30,"turns":5},{"damage":62,"enemies":"Automaton","floor":33,"turns":6}],"seed_played":"-1559439845568235246","potions_obtained":[{"floor":2.0,"key":"Swift Potion"},{"floor":4.0,"key":"Flashbang"},{"floor":13.0,"key":"Swift Potion"},{"floor":18.0,"key":"Energy Potion"},{"floor":24.0,"key":"Fire Potion"},{"floor":30,"key":"Strength Potion"}],"is_trial":false,"path_per_floor":["M","?","M","M","?","R","?","?","T","M","E","R","M","M","R","B",null,"M","?","M","M","T","R","M","R","T","R","E","M","R","B"],"character_chosen":"THE_ANIMATOR","items_purchased":[],"campfire_rested":4,"item_purchase_floors":[],"current_hp_per_floor":[60,37,36,32,32,51,51,45,45,46,35,55,39,36,56,12,67,64,64,54,43,43,43,44,44,44,44,16,2,22,0,0],"gold":654,"neow_bonus":"UPGRADE_CARD","is_daily":false,"chose_seed":false,"campfire_upgraded":3,"win_rate":0,"timestamp":1607637219,"path_taken":["M","?","?","M","?","R","?","?","T","M","E","R","?","M","R","BOSS","M","?","?","M","?","R","M","R","T","R","E","?","R","BOSS"],"build_version":"2020-11-30","purchased_purges":0,"victory":false,"max_hp_per_floor":[66,66,66,66,66,66,66,66,66,67,67,67,67,67,67,67,67,67,67,68,68,68,68,69,69,69,69,69,69,69,69,69],"card_choices":[{"not_picked":["animator:Bozes","animator:Elsword"],"picked":"animator:GuildGirl","floor":1.0},{"not_picked":["animator:Gluttony","animator:Jibril"],"picked":"animator:TukaLunaMarceau","floor":2.0},{"not_picked":["animator:Sloth","animator:Tet"],"picked":"animator:DwarfShaman","floor":3.0},{"not_picked":["animator:Aqua","animator:DolaStephanie"],"picked":"animator:Gillette","floor":4.0},{"not_picked":["animator:LizardPriest","animator:DwarfShaman"],"picked":"animator:HighElfArcher","floor":10.0},{"not_picked":["animator:ChaikaBohdan","animator:ElricAlphonse"],"picked":"animator:Ciel","floor":11.0},{"not_picked":["animator:Aqua","animator:DolaCouronne"],"picked":"animator:Bozes","floor":13.0},{"not_picked":["animator:DolaSchwi","animator:LeleiLaLalena"],"picked":"animator:YaoHaDucy","floor":14.0},{"not_picked":["animator:HighElfArcher","animator:DwarfShaman"],"picked":"animator:Priestess","floor":18.0},{"not_picked":["animator:Gluttony","animator:ElricAlphonse"],"picked":"animator:CowGirl","floor":20.0},{"not_picked":["animator:Ciel","animator:YunYun"],"picked":"animator:Sloth","floor":21.0},{"not_picked":["animator:Laby+1","animator:DolaRiku+1"],"picked":"animator:Guy+1","floor":24.0},{"not_picked":["animator:HighElfArcher","animator:LizardPriest"],"picked":"animator:Spearman","floor":28},{"not_picked":["animator:Chung","animator:Jibril"],"picked":"animator:Kuribayashi","floor":30}],"player_experience":128235,"relics_obtained":[{"floor":2.0,"key":"Pet Ghost"},{"floor":11.0,"key":"CCEMRelics:TinyMinotavrHorn"},{"floor":22.0,"key":"Whetstone"},{"floor":28,"key":"halation:Toothbrush"}],"event_choices":[{"damage_healed":0.0,"max_hp_gain":0.0,"max_hp_loss":0.0,"gold_gain":0.0,"event_name":"Golden Idol","player_choice":"Take Wound","floor":7.0,"gold_loss":0.0,"damage_taken":0.0,"relics_obtained":["Golden Idol"],"cards_obtained":["Injury"]},{"damage_healed":0.0,"max_hp_gain":0.0,"max_hp_loss":0.0,"gold_gain":0.0,"event_name":"Wheel of Change","player_choice":"Damaged","floor":8.0,"gold_loss":0.0,"damage_taken":6.0},{"damage_healed":0.0,"max_hp_gain":0.0,"max_hp_loss":0.0,"gold_gain":0.0,"event_name":"Accursed Blacksmith","player_choice":"Forge","floor":19.0,"gold_loss":0.0,"damage_taken":0.0,"cards_upgraded":["animator:YaoHaDucy"]}],"is_beta":false,"boss_relics":[{"not_picked":["aspiration:SilentSkillbook","Ring of Chaos"],"picked":"Cursed Key"}],"items_purged_floors":[],"is_endless":false,"potions_floor_spawned":[2,4,13,18,24,30],"killed_by":"Automaton","ascension_level":1}}