{"host":"0vd2boh2oi7jm085","time":1607565622,"event":{"gold_per_floor":[111,261,275,350,350,350,350,380,380,412,114,114,141,172,172,251,251,271,130,130,130,130,130,130],"floor_reached":23,"playtime":420,"items_purged":["Body Slam","Doubt"],"score":432,"play_id":"31263a12-0e9a-425d-bb5f-1300638ef147","local_time":"20201209180022","is_ascension_mode":true,"campfire_choices":[{"floor":6.0,"key":"REST"},{"floor":15.0,"key":"REST"}],"neow_cost":"NONE","seed_source_timestamp":6665797916400,"circlet_count":0,"master_deck":["AscendersBane","Strike_R+1","Strike_R+1","Strike_R+1","Strike_R+1","Strike_R+1","Defend_R+1","Defend_R+1","Defend_R+1","Defend_R+1","Bash","Perfected Strike+1","Infernal Blade","Parasite","Seeing Red","Perfected Strike","Thunderclap","Perfected Strike","CurseOfTheBell","Perfected Strike","Rage"],"special_seed":0,"relics":["Burning Blood","NeowsBlessing","Torii","PreservedInsect","Pear","Regal Pillow","DollysMirror","Boot","Ice Cream","Calling Bell","Strawberry","White Beast Statue","Shovel","Enchiridion"],"potions_floor_usage":[16,23],"damage_taken":[{"damage":0.0,"enemies":"Small Slimes","floor":1.0,"turns":1.0},{"damage":0.0,"enemies":"2 Louse","floor":3.0,"turns":1.0},{"damage":0.0,"enemies":"3 Sentries","floor":8.0,"turns":2.0},{"damage":35.0,"enemies":"Lagavulin","floor":10.0,"turns":6.0},{"damage":18.0,"enemies":"Gremlin Nob","floor":14.0,"turns":3.0},{"damage":32,"enemies":"Hexaghost","floor":16,"turns":10},{"damage":63,"enemies":"Shell Parasite","floor":18,"turns":7},{"damage":0,"enemies":"Gremlin Leader","floor":23,"turns":2}],"seed_played":"8359935931925568154","potions_obtained":[{"floor":1.0,"key":"Energy Potion"},{"floor":18,"key":"Dexterity Potion"}],"is_trial":false,"path_per_floor":["M","?","M","?","?","R","?","E","T","E","$","?","T","E","R","B",null,"M","$","?","?","?","E"],"character_chosen":"IRONCLAD","items_purchased":["DollysMirror","Thunderclap","Rage"],"campfire_rested":2,"item_purchase_floors":[11,11,19],"current_hp_per_floor":[74,74,75,64,53,75,75,75,85,56,56,30,30,18,58,32,79,22,22,1,1,1,1,1],"gold":130,"neow_bonus":"THREE_ENEMY_KILL","is_prod":false,"is_daily":false,"chose_seed":false,"campfire_upgraded":0,"win_rate":0,"timestamp":1607565622,"path_taken":["M","?","M","?","?","R","?","E","T","E","?","?","?","E","R","BOSS","M","$","?","?","?","E"],"build_version":"2020-11-30","purchased_purges":2,"victory":false,"max_hp_per_floor":[75,75,75,75,75,75,75,75,85,85,85,85,85,85,85,85,92,92,92,92,92,92,92,92],"card_choices":[{"not_picked":["Battle Trance","Clash"],"picked":"Perfected Strike","floor":1.0},{"not_picked":["Body Slam","Heavy Blade"],"picked":"Infernal Blade","floor":3.0},{"not_picked":["Blood for Blood","Heavy Blade"],"picked":"Seeing Red","floor":8.0},{"not_picked":["Heavy Blade","Sever Soul"],"picked":"Body Slam","floor":10.0},{"not_picked":["Wild Strike","Shockwave"],"picked":"Perfected Strike","floor":14.0},{"not_picked":["Pommel Strike","Twin Strike"],"picked":"Perfected Strike","floor":18}],"player_experience":72606,"relics_obtained":[{"floor":8.0,"key":"PreservedInsect"},{"floor":9.0,"key":"Pear"},{"floor":10.0,"key":"Regal Pillow"},{"floor":13.0,"key":"Boot"},{"floor":14.0,"key":"Ice Cream"},{"floor":17,"key":"Strawberry"},{"floor":17,"key":"White Beast Statue"},{"floor":17,"key":"Shovel"},{"floor":20,"key":"Enchiridion"}],"event_choices":[{"damage_healed":0.0,"max_hp_gain":0.0,"max_hp_loss":0.0,"gold_gain":150.0,"event_name":"Liars Game","player_choice":"AGREE","floor":2.0,"gold_loss":0.0,"damage_taken":0.0,"cards_obtained":["Doubt"]},{"damage_healed":0.0,"max_hp_gain":0.0,"max_hp_loss":0.0,"gold_gain":75.0,"event_name":"World of Goop","player_choice":"Gather Gold","floor":4.0,"gold_loss":0.0,"damage_taken":11.0},{"damage_healed":0.0,"max_hp_gain":0.0,"max_hp_loss":0.0,"gold_gain":0.0,"event_name":"Scrap Ooze","player_choice":"Success","floor":5.0,"gold_loss":0.0,"damage_taken":11.0,"relics_obtained":["Torii"]},{"damage_healed":18.0,"max_hp_gain":0.0,"max_hp_loss":0.0,"gold_gain":0.0,"event_name":"Mushrooms","player_choice":"Healed and dodged fight","floor":7.0,"gold_loss":0.0,"damage_taken":0.0,"cards_obtained":["Parasite"]},{"damage_healed":0.0,"max_hp_gain":0.0,"max_hp_loss":0.0,"gold_gain":0.0,"event_name":"Shining Light","player_choice":"Entered Light","floor":12.0,"gold_loss":0.0,"damage_taken":26.0,"cards_upgraded":["Perfected Strike","Defend_R"]},{"damage_healed":0,"gold_gain":0,"player_choice":"Obtained Book","damage_taken":21,"max_hp_gain":0,"max_hp_loss":0,"event_name":"Cursed Tome","floor":20,"gold_loss":0},{"damage_healed":0,"gold_gain":0,"player_choice":"Ignored","damage_taken":0,"max_hp_gain":0,"max_hp_loss":0,"event_name":"Vampires","floor":21,"gold_loss":0},{"damage_healed":0,"gold_gain":0,"player_choice":"Simplicity","damage_taken":0,"max_hp_gain":0,"max_hp_loss":0,"event_name":"Back to Basics","floor":22,"gold_loss":0,"cards_upgraded":["Strike_R","Strike_R","Strike_R","Strike_R","Strike_R","Defend_R","Defend_R","Defend_R"]}],"is_beta":false,"boss_relics":[{"not_picked":["Cursed Key","Sozu"],"picked":"Calling Bell"}],"items_purged_floors":[11,19],"is_endless":false,"potions_floor_spawned":[1,18],"killed_by":"Gremlin Leader","ascension_level":16}}