{"host":"v0kr0xkqfgnh389p","time":1607625316,"event":{"mods":["BaseMod","StSLib","2.2 Compatiblity","AchievementEnabler","BetterRewards","Colored Map","Custom Start","Highlight Path","Hubris","Infinite Spire","Minty Spire (QoL Compilation)","Quick Restart","Replay The Spire","Shop Mod"],"gold_per_floor":[115,115,115,128,142,142,168,168,168,168,185,207,254,71,71,71,71],"floor_reached":16,"playtime":549,"items_purged":["Regret"],"score":113,"play_id":"f3bf0985-06a2-48d5-9960-1ff5130c9184","local_time":"20201210133516","is_ascension_mode":true,"campfire_choices":[{"floor":6,"key":"RECALL"},{"floor":8,"key":"REST"},{"floor":10,"key":"REST"},{"data":"Devotion","floor":15,"key":"SMITH"}],"circlet_count":0,"master_deck":["Strike_P","Strike_P","Strike_P","Strike_P","Defend_P","Defend_P","Defend_P","Defend_P","Eruption+1","Vigilance","Devotion+1"],"relics":["PureWater","Pocketwatch","infinitespire:PuzzleCube","hubris:SlimyHat","Odd Mushroom","Smiling Mask","MerchantsRug"],"acts_visited":["Exordium"],"potions_floor_usage":[7,12],"damage_taken":[{"damage":6,"enemies":"2 Louse","floor":1,"turns":2},{"damage":1,"enemies":"Jaw Worm","floor":4,"turns":3},{"damage":4,"enemies":"Cultist","floor":5,"turns":2},{"damage":32,"enemies":"3 Sentries","floor":7,"turns":8},{"damage":3,"enemies":"Large Slime","floor":11,"turns":3},{"damage":36,"enemies":"The Mushroom Lair","floor":12,"turns":4},{"damage":27,"enemies":"Fading Forest","floor":16,"turns":3}],"seed_played":"-191270244058683343","potions_obtained":[{"floor":5,"key":"EssenceOfSteel"},{"floor":11,"key":"Regen Potion"},{"floor":12,"key":"Venom Potion"}],"is_trial":false,"path_per_floor":["M","?","?","M","M","R","E","R","T","R","M","?","T","$","R","B"],"character_chosen":"WATCHER","items_purchased":["MerchantsRug"],"campfire_rested":2,"item_purchase_floors":[14],"current_hp_per_floor":[45,45,45,44,40,40,8,29,29,50,47,23,23,23,23,0,0],"gold":71,"neow_bonus":"ONE_RARE_RELIC","is_daily":false,"chose_seed":false,"campfire_upgraded":1,"win_rate":0,"timestamp":1607625316,"path_taken":["M","?","?","?","?","R","E","R","T","R","M","?","?","$","R","BOSS"],"build_version":"2020-11-30","purchased_purges":1,"victory":false,"max_hp_per_floor":[72,72,72,72,72,72,72,72,72,72,72,72,72,72,72,72,72],"card_choices":[{"not_picked":["FlurryOfBlows","SashWhip","Replay:Vibes"],"picked":"SKIP","floor":1},{"not_picked":["Collect","BattleHymn","JustLucky"],"picked":"SKIP","floor":4},{"not_picked":["Perseverance","Crescendo","Indignation"],"picked":"SKIP","floor":5},{"not_picked":["EmptyFist","ReachHeaven"],"picked":"Devotion","floor":7},{"not_picked":["Replay:Cycle","FlurryOfBlows","CutThroughFate"],"picked":"SKIP","floor":11}],"player_experience":710127,"relics_obtained":[{"floor":7,"key":"hubris:SlimyHat"},{"floor":12,"key":"Odd Mushroom"},{"floor":13,"key":"Smiling Mask"}],"event_choices":[{"damage_healed":0,"gold_gain":0,"player_choice":"Grow","damage_taken":0,"max_hp_gain":0,"max_hp_loss":0,"event_name":"Living Wall","floor":2,"gold_loss":0,"cards_upgraded":["Eruption"]},{"damage_healed":0,"gold_gain":0,"player_choice":"Box","damage_taken":0,"relics_obtained":["infinitespire:PuzzleCube"],"max_hp_gain":0,"max_hp_loss":0,"event_name":"Big Fish","floor":3,"gold_loss":0,"cards_obtained":["Regret"]},{"damage_healed":0,"gold_gain":0,"player_choice":"Fought Mushrooms","damage_taken":0,"max_hp_gain":0,"max_hp_loss":0,"event_name":"Mushrooms","floor":12,"gold_loss":0}],"is_beta":false,"boss_relics":[],"items_purged_floors":[14],"is_endless":false,"potions_floor_spawned":[5,11,12],"killed_by":"Fading Forest","ascension_level":3}}