{"host":"6dq5cacqmvs00yuc","time":1607576945,"event":{"gold_per_floor":[111,123,298,298,248,273,273,348,348,348,372,372,417,447,447,566,566,566,365,365,36,36,79,104,158,158,181,212,212,273,303,303,323,323],"floor_reached":33,"playtime":1176,"items_purged":["Strike_R"],"score":411,"play_id":"7790d233-0136-43c7-8f65-6e4fb82fa1b7","local_time":"20201209230905","is_ascension_mode":true,"campfire_choices":[{"data":"Berserk","floor":12,"key":"SMITH"},{"data":"Infernal Blade","floor":29,"key":"SMITH"}],"neow_cost":"NONE","seed_source_timestamp":467009303245500,"circlet_count":0,"master_deck":["Strike_R","Strike_R","Strike_R","Defend_R","Defend_R","Defend_R","Defend_R","Bash","Clash+1","Uppercut+1","Berserk+1","Disarm+1","Run Through+1","Thunderclap+1","Uppercut+1","Barricade","AbeCurse","Wild Strike+1","Infernal Blade+1","Searing Blow+1","Cleave+1","Iron Wave+1","Clash+1","Iron Wave+1","Bludgeon+1","Pommel Strike+1","Headbutt+1"],"relics":["Burning Blood","NeowsBlessing","Lantern","Replay:Multitool","Replay:Bandana","Molten Egg 2","Abe\u0027s Treasure","Counterbalance","Iron Hammer","Bag of Marbles","Regal Pillow","Blue Candle","Anchor"],"potions_floor_usage":[14,14,16,18,25,31,33],"damage_taken":[{"damage":0,"enemies":"Cultist","floor":1,"turns":1},{"damage":0,"enemies":"2 Louse","floor":2,"turns":1},{"damage":0,"enemies":"Replay:BlueRogue","floor":6,"turns":1},{"damage":1,"enemies":"Jaw Worm","floor":11,"turns":2},{"damage":30,"enemies":"3 Sentries","floor":13,"turns":9},{"damage":4,"enemies":"Large Slime","floor":14,"turns":4},{"damage":45,"enemies":"Fading Forest","floor":16,"turns":11},{"damage":0,"enemies":"2 Thieves","floor":18,"turns":1},{"damage":24,"enemies":"Replay:Snechameleon","floor":23,"turns":4},{"damage":9,"enemies":"Gremlin Leader","floor":25,"turns":4},{"damage":0,"enemies":"Shell Parasite","floor":27,"turns":2},{"damage":12,"enemies":"Cultist and Chosen","floor":28,"turns":3},{"damage":0,"enemies":"Centurion and Healer","floor":31,"turns":4},{"damage":94,"enemies":"Collector","floor":33,"turns":7}],"seed_played":"-8333580945188600980","potions_obtained":[{"floor":1,"key":"SmokeBomb"},{"floor":11,"key":"Dexterity Potion"},{"floor":13,"key":"SteroidPotion"},{"floor":14,"key":"Dexterity Potion"},{"floor":23,"key":"PowerPotion"},{"floor":25,"key":"FearPotion"},{"floor":28,"key":"Venom Potion"},{"floor":30,"key":"sneckomod:MuddlingPotion"}],"is_trial":false,"path_per_floor":["M","M","?","?","?","E","?","?","T","T","M","R","E","M","R","B",null,"M","$","?","$","?","E","T","E","T","M","M","R","?","M","R_BF","B"],"character_chosen":"IRONCLAD","items_purchased":["Wild Strike+1","Infernal Blade","Counterbalance","Searing Blow+1"],"campfire_rested":0,"item_purchase_floors":[19,19,21,21],"current_hp_per_floor":[78,80,80,80,80,80,80,69,69,69,74,74,50,52,76,51,73,79,79,79,79,79,61,61,58,58,64,58,58,58,64,80,0,0],"gold":323,"neow_bonus":"THREE_ENEMY_KILL","is_prod":false,"is_daily":false,"chose_seed":false,"campfire_upgraded":2,"win_rate":0,"timestamp":1607576945,"path_taken":["M","M","?","?","?","E","?","?","T","?","M","R","E","M","R","BOSS","M","$","?","$","?","E","?","E","T","M","M","R","?","M","R_BF","BOSS"],"build_version":"2020-11-30","purchased_purges":1,"victory":false,"max_hp_per_floor":[80,80,80,80,80,80,80,80,80,80,80,80,80,80,80,80,80,80,80,80,80,80,80,80,80,80,80,80,80,80,80,80,80,80],"card_choices":[{"not_picked":["Dropkick","True Grit"],"picked":"Clash","floor":1},{"not_picked":["Entrench","Seeing Red"],"picked":"Uppercut","floor":2},{"not_picked":["ReplayReversal","Replay:Undeath\u0027s Touch"],"picked":"Berserk","floor":6},{"not_picked":["Abandon","Rage"],"picked":"Run Through","floor":11},{"not_picked":["Burning Pact","ReplayTheSpireMod:Limb From Limb+1"],"picked":"Thunderclap+1","floor":13},{"not_picked":["Abandon","ReplayReversal"],"picked":"Uppercut+1","floor":14},{"not_picked":["Demonic Infusion","Impervious"],"picked":"Barricade","floor":16},{"not_picked":["Intimidate+1","Clothesline+1"],"picked":"Cleave+1","floor":23},{"not_picked":["Thunderclap+1","Twin Strike+1"],"picked":"Iron Wave+1","floor":25},{"not_picked":["Fire Breathing+1","Sentinel"],"picked":"Clash+1","floor":27},{"not_picked":["Shrug It Off","Flame Barrier"],"picked":"Iron Wave+1","floor":28},{"not_picked":["Heavy Blade+1","Disarm"],"picked":"Bludgeon+1","floor":30},{"not_picked":["Havoc","Anger+1"],"picked":"Pommel Strike+1","floor":30},{"not_picked":["Perfected Strike+1","Clothesline+1"],"picked":"Headbutt+1","floor":31}],"player_experience":716059,"relics_obtained":[{"floor":6,"key":"Lantern"},{"floor":9,"key":"Replay:Multitool"},{"floor":10,"key":"Replay:Bandana"},{"floor":13,"key":"Molten Egg 2"},{"floor":23,"key":"Iron Hammer"},{"floor":24,"key":"Bag of Marbles"},{"floor":25,"key":"Regal Pillow"},{"floor":26,"key":"Blue Candle"},{"floor":30,"key":"Anchor"}],"event_choices":[{"damage_healed":0,"gold_gain":175,"player_choice":"AGREE","damage_taken":0,"max_hp_gain":0,"max_hp_loss":0,"event_name":"Liars Game","floor":3,"gold_loss":0,"cards_obtained":["Doubt"]},{"damage_healed":0,"gold_gain":0,"player_choice":"Grow","damage_taken":0,"max_hp_gain":0,"max_hp_loss":0,"event_name":"Living Wall","floor":4,"gold_loss":0,"cards_upgraded":["Uppercut"]},{"cards_removed":["Doubt"],"damage_healed":0,"gold_gain":0,"player_choice":"Card Removal","damage_taken":0,"max_hp_gain":0,"max_hp_loss":0,"event_name":"The Cleric","floor":5,"gold_loss":50},{"damage_healed":0,"gold_gain":75,"player_choice":"Gather Gold","damage_taken":11,"max_hp_gain":0,"max_hp_loss":0,"event_name":"World of Goop","floor":8,"gold_loss":0},{"damage_healed":0,"gold_gain":0,"player_choice":"Ignored","damage_taken":0,"max_hp_gain":0,"max_hp_loss":0,"event_name":"Ghosts","floor":20,"gold_loss":0}],"is_beta":false,"boss_relics":[{"not_picked":["Replay:Ancient Bell","Busted Crown"],"picked":"Abe\u0027s Treasure"}],"items_purged_floors":[19],"is_endless":false,"potions_floor_spawned":[1,11,13,14,23,25,28],"killed_by":"Collector","ascension_level":6}}