{"host":"sabve5zmqufxyc5o","time":1607644395,"event":{"mods":["2.2 Compatiblity","AchievementEnabler","Act Like it!","BaseMod","Block Reminder","CapriCore","Colored Map","Colored Powertips","DeckTracker","KOR Keyword Fix","Keyboard Shortcuts","Minty Spire (QoL Compilation)","MostiFishMod","Quick Restart","Rare Cards Sparkle","Relic Stats","StSLib","SuperFastMode","The Gatherer","The Immortal","¡¼?Û°ì£ó­?íÂ¡½ø¢éöí¹mod"],"gold_per_floor":[111,124,143,143,218,218,256,256,256,295,7,23,23,53,53,177,177,200,200,218,118,138,138,182,182,233,108,121,121,137,137,137,266,266,282,16,37,58,58,58,79,79,125,149,61,85,7,41,41,41],"floor_reached":51,"playtime":2652,"items_purged":["Gatherer:Strike_Gatherer","Gatherer:Strike_Gatherer","Gatherer:Defend_Gatherer","Gatherer:Defend_Gatherer","Gatherer:Defend_Gatherer"],"score":828,"play_id":"7a7a800d-0914-48d9-8def-d8aadb4a63b2","local_time":"20201211085315","is_ascension_mode":true,"metric_token":1373,"campfire_choices":[{"data":"Gatherer:RecoveryHerb","floor":6.0,"key":"SMITH"},{"floor":8.0,"key":"REST"},{"data":"Gatherer:FlowerPower","floor":15.0,"key":"SMITH"},{"data":"Gatherer:FlowerPower+2","floor":23.0,"key":"SMITH"},{"data":"Gatherer:AlchemyTrial","floor":25.0,"key":"SMITH"},{"data":"Gatherer:QuickSynthesis","floor":32.0,"key":"SMITH"},{"data":"Gatherer:QuickSynthesis","floor":40.0,"key":"SMITH"},{"data":"Gatherer:BigPouch","floor":42.0,"key":"SMITH"},{"data":"Gatherer:Snatch","floor":49,"key":"SMITH"}],"circlet_count":0,"master_deck":["Gatherer:Defend_Gatherer","Gatherer:Defend_Gatherer","Gatherer:Centralize","Gatherer:FlowerWhip","Gatherer:GlowingPlant","Gatherer:Shadow","Gatherer:Light","Gatherer:TacticalStrike","Gatherer:RecoveryHerb+1","Gatherer:Snatch+1","Gatherer:WitheringStrike","Gatherer:FlowerPower+3","Gatherer:AlchemyTrial+1","Gatherer:FlamingBottle","Gatherer:TreeGrowth+1","Gatherer:Polymorphism+1","Gatherer:Duality+1","Gatherer:QuickSynthesis+1","Gatherer:BigPouch+1","Gatherer:QuickSynthesis+1","Gatherer:Overflowing","Gatherer:MiningStrike","Gatherer:QuickSynthesis+1","Gatherer:QuickSynthesis+1","Gatherer:AlchemyTrial+1","Gatherer:UpgradeBag+1"],"relics":["Gatherer:MiracleBag","Golden Idol","Pocketwatch","CaptainsWheel","Vajra","ClockworkSouvenir","Astrolabe","Bird Faced Urn","Blood Vial","NlothsMask","Membership Card","Lee\u0027s Waffle","Ancient Tea Set"],"acts_visited":["TheBeyond"],"potions_floor_usage":[50,50,50,50],"damage_taken":[{"damage":7.0,"enemies":"Small Slimes","floor":1.0,"turns":3.0},{"damage":3.0,"enemies":"2 Louse","floor":2.0,"turns":2.0},{"damage":5.0,"enemies":"Jaw Worm","floor":3.0,"turns":4.0},{"damage":28.0,"enemies":"3 Sentries","floor":7.0,"turns":10.0},{"damage":8.0,"enemies":"Gremlin Nob","floor":10.0,"turns":3.0},{"damage":0.0,"enemies":"Gremlin Gang","floor":12.0,"turns":4.0},{"damage":4.0,"enemies":"The Guardian","floor":16.0,"turns":9.0},{"damage":10.0,"enemies":"Chosen","floor":18.0,"turns":5.0},{"damage":1.0,"enemies":"Spheric Guardian","floor":20.0,"turns":5.0},{"damage":6.0,"enemies":"Snecko","floor":22.0,"turns":6.0},{"damage":13.0,"enemies":"Book of Stabbing","floor":24.0,"turns":7.0},{"damage":4.0,"enemies":"Centurion and Healer","floor":28.0,"turns":5.0},{"damage":14.0,"enemies":"3 Cultists","floor":30.0,"turns":5.0},{"damage":11.0,"enemies":"Champ","floor":33.0,"turns":14.0},{"damage":1.0,"enemies":"Orb Walker","floor":35.0,"turns":5.0},{"damage":26.0,"enemies":"3 Darklings","floor":37.0,"turns":14.0},{"damage":4.0,"enemies":"4 Shapes","floor":38.0,"turns":7.0},{"damage":0.0,"enemies":"Spire Growth","floor":41.0,"turns":6.0},{"damage":19.0,"enemies":"Sphere and 2 Shapes","floor":44.0,"turns":6.0},{"damage":1.0,"enemies":"3 Darklings","floor":46.0,"turns":4.0},{"damage":23,"enemies":"Nemesis","floor":48,"turns":9},{"damage":88,"enemies":"Time Eater","floor":50,"turns":17}],"seed_played":"-8687100945615660284","potions_obtained":[{"floor":2.0,"key":"AttackPotion"},{"floor":10.0,"key":"SneckoOil"},{"floor":12.0,"key":"FearPotion"},{"floor":20.0,"key":"Ancient Potion"},{"floor":30.0,"key":"BottledMiracle"},{"floor":38.0,"key":"PowerPotion"}],"is_trial":false,"path_per_floor":["M","M","M","?","?","R","E","R","T","E","$","M","$","?","R","B",null,"M","?","M","$","M","R","E","R","T","$","M","$","M","?","R","B",null,"M","$","M","M","?","R","M","R","T","M","$","M","$","E","R","B",null],"character_chosen":"THE_GATHERER","items_purchased":["ClockworkSouvenir","Gatherer:FlowerPower","Membership Card","Gatherer:MiningStrike","Lee\u0027s Waffle"],"campfire_rested":1,"item_purchase_floors":[11,11,36,36,47],"current_hp_per_floor":[65,62,58,58,47,47,21,41,41,36,36,40,40,40,40,39,67,58,58,58,58,53,53,42,42,42,42,51,51,45,45,45,42,67,67,67,42,47,47,47,57,57,57,49,49,58,74,57,57,22],"gold":41,"neow_bonus":"THREE_CARDS","is_daily":false,"chose_seed":false,"campfire_upgraded":8,"win_rate":0.0,"timestamp":1607644395,"path_taken":["M","M","M","?","?","R","E","R","T","E","$","M","$","?","R","BOSS","M","?","M","$","?","R","E","R","T","?","M","$","M","?","R","BOSS","M","$","M","M","?","R","M","R","T","M","$","M","?","E","R","BOSS"],"items_purchased_type":["Relic","Card","Relic","Card","Relic"],"build_version":"2020-11-30","purchased_purges":5,"victory":true,"max_hp_per_floor":[72,72,72,67,67,67,67,67,67,67,67,67,67,67,67,67,67,67,67,67,67,67,67,67,67,67,67,67,67,67,67,67,67,67,67,67,67,67,67,67,67,67,67,67,67,67,74,74,74,74],"relic_stats":{"Blood Vial":16,"Lee\u0027s Waffle":16,"counters":[22,150],"Golden Idol":154,"Astrolabe":["Gatherer:TreeGrowth","Gatherer:Polymorphism","Gatherer:Duality"],"Bird Faced Urn":[57],"obtain_stats":[{"Lee\u0027s Waffle":47,"Golden Idol":4,"Astrolabe":17,"Vajra":10,"Ancient Tea Set":48,"ClockworkSouvenir":11,"Blood Vial":26,"CaptainsWheel":9,"Bird Faced Urn":24,"Gatherer:MiracleBag":34,"Membership Card":36,"Gatherer:AlchemyBag":0,"Pocketwatch":7,"NlothsMask":31},{"Lee\u0027s Waffle":20,"Golden Idol":3,"Astrolabe":7,"Vajra":5,"Ancient Tea Set":21,"ClockworkSouvenir":5,"Blood Vial":11,"CaptainsWheel":4,"Bird Faced Urn":11,"Gatherer:MiracleBag":14,"Membership Card":15,"Gatherer:AlchemyBag":0,"Pocketwatch":4,"NlothsMask":13},{"Lee\u0027s Waffle":124,"Golden Idol":9,"Astrolabe":35,"Vajra":22,"Ancient Tea Set":133,"ClockworkSouvenir":22,"Blood Vial":58,"CaptainsWheel":19,"Bird Faced Urn":58,"Gatherer:MiracleBag":82,"Membership Card":87,"Gatherer:AlchemyBag":0,"Pocketwatch":19,"NlothsMask":68}],"Pocketwatch":[72]},"card_choices":[{"not_picked":["Gatherer:OddSpoils","Gatherer:FlowerShield"],"picked":"Gatherer:GlowingPlant","floor":0.0},{"not_picked":["Gatherer:FeelingFine","Gatherer:TreeGrowth"],"picked":"Gatherer:TacticalStrike","floor":1.0},{"not_picked":["Gatherer:FlowerShield","Gatherer:Nutrients"],"picked":"Gatherer:RecoveryHerb","floor":2.0},{"not_picked":["Gatherer:ScrollOfWall","Gatherer:EnergyBasket","Gatherer:GlowingPlant"],"picked":"SKIP","floor":3.0},{"not_picked":["Gatherer:TacticalStrike","Gatherer:Photoscythe"],"picked":"Gatherer:Snatch","floor":7.0},{"not_picked":["Gatherer:GrowBook","Gatherer:Uplift"],"picked":"Gatherer:WitheringStrike","floor":10.0},{"not_picked":["Gatherer:FlowerShield","Gatherer:FlowerBeam"],"picked":"Gatherer:AlchemyTrial","floor":12.0},{"not_picked":["Gatherer:GrowBook","Gatherer:ColorfulGarden"],"picked":"Gatherer:FlamingBottle","floor":16.0},{"not_picked":["Gatherer:FlowerBeam+1","Gatherer:VenomBarrier"],"picked":"Gatherer:QuickSynthesis","floor":18.0},{"not_picked":["Gatherer:AcidicSpray+1","Gatherer:GlowingPlant+1","Gatherer:Herbalism"],"picked":"SKIP","floor":20.0},{"not_picked":["Gatherer:PotentialSlash","Gatherer:Frenzy","Gatherer:SmartManeuver"],"picked":"SKIP","floor":22.0},{"not_picked":["Gatherer:Photoscythe","Gatherer:BigPouch","Gatherer:SaveValuables"],"picked":"SKIP","floor":24.0},{"not_picked":["Gatherer:Photoscythe","Gatherer:SaveValuables"],"picked":"Gatherer:BigPouch","floor":24.0},{"not_picked":["Gatherer:FragileHammer","Gatherer:MiningStrike"],"picked":"Gatherer:QuickSynthesis+1","floor":28.0},{"not_picked":["Gatherer:FlowerPower","Gatherer:RottenStipe+1","Gatherer:AcidicSpray"],"picked":"SKIP","floor":30.0},{"not_picked":["Gatherer:PoisonMastery","Gatherer:FlamingBottle"],"picked":"Gatherer:Overflowing","floor":33.0},{"not_picked":["Gatherer:PotentialSlash","Gatherer:DrugPower+1","Gatherer:Convert"],"picked":"SKIP","floor":35.0},{"not_picked":["Gatherer:WoolGloves","Gatherer:Misfortune"],"picked":"Gatherer:QuickSynthesis","floor":37.0},{"not_picked":["Gatherer:WoolGloves","Gatherer:RecoveryHerb+1"],"picked":"Gatherer:QuickSynthesis+1","floor":38.0},{"not_picked":["Gatherer:SmartManeuver","Gatherer:TacticalStrike+1","Gatherer:BambuSword+1"],"picked":"SKIP","floor":41.0},{"not_picked":["Gatherer:BalancedGrowth","Gatherer:Enchant+1","Gatherer:Snatch"],"picked":"SKIP","floor":44.0},{"not_picked":["Gatherer:FruitForce+1","Gatherer:ScrollOfWall+1","Gatherer:Convert+1"],"picked":"SKIP","floor":46.0},{"not_picked":["Gatherer:FragileHammer+1","Gatherer:VenomBarrier"],"picked":"Gatherer:UpgradeBag+1","floor":48}],"player_experience":766500,"relics_obtained":[{"floor":7.0,"key":"Pocketwatch"},{"floor":9.0,"key":"CaptainsWheel"},{"floor":10.0,"key":"Vajra"},{"floor":24.0,"key":"Bird Faced Urn"},{"floor":26.0,"key":"Blood Vial"},{"floor":48,"key":"Ancient Tea Set"}],"event_choices":[{"damage_healed":0.0,"max_hp_gain":0.0,"max_hp_loss":5.0,"gold_gain":0.0,"event_name":"Golden Idol","player_choice":"Lose Max HP","floor":4.0,"gold_loss":0.0,"damage_taken":0.0,"relics_obtained":["Golden Idol"]},{"damage_healed":0.0,"max_hp_gain":0.0,"max_hp_loss":0.0,"gold_gain":75.0,"event_name":"World of Goop","player_choice":"Gather Gold","floor":5.0,"gold_loss":0.0,"damage_taken":11.0},{"damage_healed":0.0,"max_hp_gain":0.0,"max_hp_loss":0.0,"gold_gain":30.0,"event_name":"Dead Adventurer","player_choice":"Searched \u00271\u0027 times","floor":14.0,"gold_loss":0.0,"damage_taken":0.0},{"damage_healed":0.0,"max_hp_gain":0.0,"max_hp_loss":0.0,"gold_gain":0.0,"event_name":"Upgrade Shrine","player_choice":"Upgraded","floor":19.0,"gold_loss":0.0,"damage_taken":0.0,"cards_upgraded":["Gatherer:FlowerPower"]},{"damage_healed":0.0,"max_hp_gain":0.0,"max_hp_loss":0.0,"gold_gain":0.0,"event_name":"FaceTrader","player_choice":"Trade","floor":31.0,"gold_loss":0.0,"damage_taken":0.0,"relics_obtained":["NlothsMask"]},{"damage_healed":0.0,"max_hp_gain":0.0,"max_hp_loss":0.0,"gold_gain":0.0,"event_name":"Duplicator","player_choice":"Copied","floor":39.0,"gold_loss":0.0,"damage_taken":0.0,"cards_obtained":["Gatherer:AlchemyTrial"]}],"is_beta":false,"boss_relics":[{"not_picked":["Gatherer:ExplorersPath","Black Star"],"picked":"Astrolabe"},{"not_picked":["Runic Dome","Snecko Eye"],"picked":"Gatherer:MiracleBag"}],"items_purged_floors":[11,21,27,36,45],"is_endless":false,"potions_floor_spawned":[2,10,12,20,24,30,38,41,48],"ascension_level":3}}