{"host":"j4g6ia6asvpyu2b0","time":1607562318,"event":{"gold_per_floor":[12,287,45,57,132,164,164,199,199,199,223,252,272,291,291,387,387,406,423,423,443,443,443,469,469,518,530,560,601,624,667,679,788,800,827,850,862,874,897,940,970,1007,1019,1048,451,451,462,488,488,488,488,488,9,39,39],"floor_reached":56,"playtime":2183,"items_purged":["Regret","Strike_G","Pain"],"score":1648,"play_id":"2d6025ed-88e7-4966-ae21-0943d72aacb7","local_time":"20201209180518","is_ascension_mode":true,"campfire_choices":[{"floor":7.0,"key":"REST"},{"data":"A Thousand Cuts","floor":10.0,"key":"SMITH"},{"data":"Envenom","floor":15.0,"key":"SMITH"},{"floor":23.0,"key":"RECALL"},{"floor":25.0,"key":"REST"},{"floor":27.0,"key":"REST"},{"floor":32,"key":"REST"},{"floor":46,"key":"REST"},{"floor":49,"key":"REST"},{"floor":52,"key":"REST"}],"neow_cost":"NO_GOLD","seed_source_timestamp":88923738988400,"circlet_count":0,"master_deck":["Strike_G","Strike_G","Strike_G","Strike_G","Defend_G","Defend_G","Defend_G","Defend_G","Defend_G","Survivor","Neutralize","Dagger Spray","Flying Knee","Infinite Blades","A Thousand Cuts+1","Dagger Throw","Envenom+1","Blade Dance","Dash","Dodge and Roll","Wraith Form v2","Blade Dance","Acrobatics+1","Backflip","Glass Knife","Pain","Escape Plan+1","Sucker Punch+1","Blade Dance+1","Backflip","Finisher+1","Bane","Dagger Throw+1","Burst","Outmaneuver+1","PiercingWail+1","Panache","Discovery","Backflip","Cloak And Dagger+1","Dodge and Roll","Backflip","After Image","Finisher","Backflip","Infinite Blades","Noxious Fumes+1","Noxious Fumes+1","Accuracy+1","Dodge and Roll+1","Phantasmal Killer","Caltrops"],"special_seed":0,"relics":["Ring of the Snake","TungstenRod","Snake Skull","Tingsha","Darkstone Periapt","Pantograph","Odd Mushroom","Lantern","Fusion Hammer","WarpedTongs","Dream Catcher","MawBank","InkBottle","MealTicket","Cursed Key","Ornamental Fan","Pen Nib","Nunchaku","ClockworkSouvenir","Singing Bowl","Membership Card","Kunai","Oddly Smooth Stone"],"potions_floor_usage":[55,55,55],"damage_taken":[{"damage":0.0,"enemies":"Jaw Worm","floor":1.0,"turns":4.0},{"damage":0.0,"enemies":"Cultist","floor":4.0,"turns":3.0},{"damage":43.0,"enemies":"Lagavulin","floor":6.0,"turns":9.0},{"damage":30.0,"enemies":"Gremlin Nob","floor":8.0,"turns":5.0},{"damage":11.0,"enemies":"The Mushroom Lair","floor":11.0,"turns":3.0},{"damage":18.0,"enemies":"Lagavulin","floor":12.0,"turns":6.0},{"damage":0.0,"enemies":"2 Louse","floor":13.0,"turns":1.0},{"damage":0.0,"enemies":"2 Fungi Beasts","floor":14.0,"turns":3.0},{"damage":0.0,"enemies":"Slime Boss","floor":16.0,"turns":6.0},{"damage":0.0,"enemies":"Spheric Guardian","floor":18.0,"turns":3.0},{"damage":10.0,"enemies":"2 Thieves","floor":19.0,"turns":3.0},{"damage":10.0,"enemies":"Snecko","floor":21.0,"turns":4.0},{"damage":16.0,"enemies":"Slavers","floor":24.0,"turns":4.0},{"damage":8.0,"enemies":"Centurion and Healer","floor":28.0,"turns":4.0},{"damage":35.0,"enemies":"Book of Stabbing","floor":29.0,"turns":6.0},{"damage":17.0,"enemies":"Snake Plant","floor":30.0,"turns":3.0},{"damage":15,"enemies":"Slavers","floor":31,"turns":5},{"damage":33,"enemies":"Collector","floor":33,"turns":8},{"damage":0,"enemies":"3 Darklings","floor":35,"turns":4},{"damage":0,"enemies":"Orb Walker","floor":36,"turns":1},{"damage":11,"enemies":"Sphere and 2 Shapes","floor":39,"turns":4},{"damage":30,"enemies":"Giant Head","floor":40,"turns":7},{"damage":1,"enemies":"Jaw Worm Horde","floor":41,"turns":4},{"damage":3,"enemies":"Nemesis","floor":42,"turns":5},{"damage":0,"enemies":"Spire Growth","floor":44,"turns":4},{"damage":16,"enemies":"Writhing Mass","floor":47,"turns":5},{"damage":13,"enemies":"Reptomancer","floor":48,"turns":5},{"damage":62,"enemies":"Donu and Deca","floor":50,"turns":7},{"damage":42,"enemies":"Shield and Spear","floor":54,"turns":4},{"damage":17,"enemies":"The Heart","floor":55,"turns":8}],"seed_played":"726655362067909388","potions_obtained":[{"floor":6.0,"key":"FairyPotion"},{"floor":8.0,"key":"SpeedPotion"},{"floor":12.0,"key":"SkillPotion"},{"floor":14.0,"key":"SteroidPotion"},{"floor":19.0,"key":"EssenceOfSteel"},{"floor":21.0,"key":"FearPotion"},{"floor":24.0,"key":"Poison Potion"},{"floor":33,"key":"Energy Potion"},{"floor":36,"key":"Energy Potion"},{"floor":42,"key":"CultistPotion"}],"is_trial":false,"path_per_floor":["M","?","$","M","?","E","R","E","T","R","?","E","M","M","R","B",null,"M","M","?","M","?","R","E","R","T","R","M","E","M","E","R","B",null,"M","M","?","?","M","E","M","E","T","M","$","R","M","E","R","B",null,"R","$","E","B",null],"character_chosen":"THE_SILENT","items_purchased":["Snake Skull","Flying Knee","Nunchaku","Finisher","Backflip","ClockworkSouvenir","Infinite Blades","Membership Card","Caltrops","Kunai","GhostInAJar","GhostInAJar"],"campfire_rested":7,"item_purchase_floors":[3,3,45,45,45,45,45,53,53,53,53,53],"current_hp_per_floor":[70,70,70,70,60,17,38,8,8,8,21,3,3,3,3,28,70,70,60,60,50,56,56,40,62,62,76,68,33,16,1,23,15,76,76,76,67,67,56,26,25,22,28,28,43,67,51,38,62,20,82,82,82,42,50],"gold":39,"neow_bonus":"ONE_RARE_RELIC","is_prod":false,"is_daily":false,"chose_seed":false,"campfire_upgraded":2,"win_rate":0,"timestamp":1607562318,"path_taken":["M","?","?","M","?","E","R","E","T","R","?","E","?","M","R","BOSS","M","M","?","M","?","R","E","R","T","R","?","E","M","E","R","BOSS","M","M","?","?","M","E","M","E","T","M","$","R","M","E","R","BOSS","R","$","E","BOSS"],"build_version":"2020-11-30","purchased_purges":3,"victory":true,"max_hp_per_floor":[70,70,70,70,70,70,70,70,70,70,70,70,70,70,70,70,70,70,70,70,70,76,76,76,76,76,76,76,76,76,76,76,76,76,76,76,76,76,76,76,76,76,82,82,82,82,82,82,82,82,82,82,82,84,84],"relic_stats":{"Darkstone Periapt":12,"Singing Bowl":2,"counters":[30,138],"Tingsha":[123],"Snake Skull":[289],"Pen Nib":[14],"MawBank":228,"Cursed Key":1,"WarpedTongs":[88],"Dream Catcher":6,"Nunchaku":[12],"Ornamental Fan":[184],"Pantograph":95,"MealTicket":15,"Kunai":[14],"obtain_stats":[{"Darkstone Periapt":8,"Lantern":12,"Singing Bowl":48,"Oddly Smooth Stone":54,"Tingsha":6,"Snake Skull":3,"Pen Nib":42,"Odd Mushroom":11,"MawBank":26,"Cursed Key":34,"WarpedTongs":22,"ClockworkSouvenir":45,"Dream Catcher":24,"Nunchaku":45,"Ornamental Fan":40,"Pantograph":9,"MealTicket":31,"Fusion Hammer":17,"Membership Card":53,"Kunai":53,"TungstenRod":0,"InkBottle":29,"Ring of the Snake":0},{"Darkstone Periapt":4,"Lantern":6,"Singing Bowl":27,"Oddly Smooth Stone":29,"Tingsha":3,"Snake Skull":1,"Pen Nib":24,"Odd Mushroom":5,"MawBank":13,"Cursed Key":18,"WarpedTongs":12,"ClockworkSouvenir":25,"Dream Catcher":13,"Nunchaku":25,"Ornamental Fan":22,"Pantograph":4,"MealTicket":17,"Fusion Hammer":9,"Membership Card":28,"Kunai":28,"TungstenRod":0,"InkBottle":15,"Ring of the Snake":0},{"Darkstone Periapt":21,"Lantern":30,"Singing Bowl":119,"Oddly Smooth Stone":130,"Tingsha":16,"Snake Skull":4,"Pen Nib":105,"Odd Mushroom":24,"MawBank":54,"Cursed Key":80,"WarpedTongs":50,"ClockworkSouvenir":109,"Dream Catcher":54,"Nunchaku":109,"Ornamental Fan":96,"Pantograph":21,"MealTicket":72,"Fusion Hammer":40,"Membership Card":126,"Kunai":126,"TungstenRod":0,"InkBottle":64,"Ring of the Snake":0}],"TungstenRod":156,"InkBottle":[52],"Ring of the Snake":[60]},"card_choices":[{"not_picked":["Underhanded Strike","Setup"],"picked":"Dagger Spray","floor":1.0},{"not_picked":["Calculated Gamble","Cloak And Dagger"],"picked":"Infinite Blades","floor":4.0},{"not_picked":["Terror","Sucker Punch"],"picked":"A Thousand Cuts","floor":6.0},{"not_picked":["Slice","Acrobatics"],"picked":"Dagger Throw","floor":8.0},{"not_picked":["Underhanded Strike","Bane"],"picked":"Envenom","floor":11.0},{"not_picked":["Choke","Flechettes"],"picked":"Blade Dance","floor":12.0},{"not_picked":["Grand Finale","Dodge and Roll"],"picked":"Dash","floor":13.0},{"not_picked":["Poisoned Stab","Masterful Stab"],"picked":"Dodge and Roll","floor":14.0},{"not_picked":["Malaise","Envenom"],"picked":"Wraith Form v2","floor":16.0},{"not_picked":["Acrobatics","Expertise"],"picked":"Blade Dance","floor":18.0},{"not_picked":["Dagger Throw+1","Dash"],"picked":"Acrobatics+1","floor":19.0},{"not_picked":["Expertise","Dodge and Roll+1"],"picked":"Glass Knife","floor":21.0},{"not_picked":["Dagger Throw","Quick Slash+1"],"picked":"Escape Plan+1","floor":24.0},{"not_picked":["Dagger Throw+1","Blur"],"picked":"Sucker Punch+1","floor":25.0},{"not_picked":["Dagger Throw","Dagger Spray"],"picked":"Blade Dance+1","floor":27.0},{"not_picked":["Expertise","Calculated Gamble"],"picked":"Backflip","floor":28.0},{"not_picked":["Accuracy","Blade Dance"],"picked":"Finisher+1","floor":29.0},{"not_picked":["Grand Finale","Prepared"],"picked":"Bane","floor":30.0},{"not_picked":["Reflex","Bane+1","Heel Hook"],"picked":"SKIP","floor":31},{"not_picked":["Cloak And Dagger","Heel Hook"],"picked":"Dagger Throw+1","floor":32},{"not_picked":["A Thousand Cuts","Tools of the Trade"],"picked":"Burst","floor":33},{"not_picked":["Backflip","Expertise+1"],"picked":"Outmaneuver+1","floor":35},{"not_picked":["Calculated Gamble+1","Flying Knee"],"picked":"PiercingWail+1","floor":36},{"not_picked":["Magnetism","PanicButton"],"picked":"Panache","floor":37},{"not_picked":["Forethought","Chrysalis"],"picked":"Discovery","floor":37},{"not_picked":["Dodge and Roll","Slice"],"picked":"Backflip","floor":39},{"not_picked":["Outmaneuver+1","Deflect"],"picked":"Cloak And Dagger+1","floor":40},{"not_picked":["Underhanded Strike+1","Reflex"],"picked":"Dodge and Roll","floor":41},{"not_picked":["Dagger Throw","Escape Plan"],"picked":"Backflip","floor":42},{"not_picked":["Poisoned Stab+1","Caltrops"],"picked":"After Image","floor":44},{"not_picked":["Cloak And Dagger","Infinite Blades+1"],"picked":"Noxious Fumes+1","floor":46},{"not_picked":["Escape Plan","Prepared+1"],"picked":"Noxious Fumes+1","floor":47},{"not_picked":["Skewer","Slice+1"],"picked":"Accuracy+1","floor":48},{"not_picked":["Underhanded Strike","Skewer"],"picked":"Dodge and Roll+1","floor":49},{"not_picked":["Backstab+1","Underhanded Strike"],"picked":"Phantasmal Killer","floor":52},{"not_picked":["Cloak And Dagger","Underhanded Strike+1","Poisoned Stab"],"picked":"Singing Bowl","floor":54}],"player_experience":598794,"relics_obtained":[{"floor":6.0,"key":"Tingsha"},{"floor":8.0,"key":"Darkstone Periapt"},{"floor":9.0,"key":"Pantograph"},{"floor":11.0,"key":"Odd Mushroom"},{"floor":12.0,"key":"Lantern"},{"floor":24.0,"key":"Dream Catcher"},{"floor":26.0,"key":"MawBank"},{"floor":29.0,"key":"InkBottle"},{"floor":31,"key":"MealTicket"},{"floor":40,"key":"Ornamental Fan"},{"floor":42,"key":"Pen Nib"},{"floor":48,"key":"Singing Bowl"},{"floor":54,"key":"Oddly Smooth Stone"}],"event_choices":[{"damage_healed":0.0,"max_hp_gain":0.0,"max_hp_loss":0.0,"gold_gain":275.0,"event_name":"Golden Shrine","player_choice":"Desecrate","floor":2.0,"gold_loss":0.0,"damage_taken":0.0,"cards_obtained":["Regret"]},{"damage_healed":0.0,"max_hp_gain":0.0,"max_hp_loss":0.0,"gold_gain":75.0,"event_name":"World of Goop","player_choice":"Gather Gold","floor":5.0,"gold_loss":0.0,"damage_taken":11.0},{"damage_healed":0.0,"max_hp_gain":0.0,"max_hp_loss":0.0,"gold_gain":0.0,"event_name":"Mushrooms","player_choice":"Fought Mushrooms","floor":11.0,"gold_loss":0.0,"damage_taken":0.0},{"damage_healed":0.0,"max_hp_gain":0.0,"max_hp_loss":0.0,"gold_gain":0.0,"event_name":"The Library","player_choice":"Read","floor":20.0,"gold_loss":0.0,"damage_taken":0.0,"cards_obtained":["Backflip"]},{"damage_healed":0.0,"max_hp_gain":0.0,"max_hp_loss":0.0,"gold_gain":0.0,"event_name":"Accursed Blacksmith","player_choice":"Rummage","floor":22.0,"gold_loss":0.0,"damage_taken":0.0,"relics_obtained":["WarpedTongs"],"cards_obtained":["Pain"]},{"damage_healed":0,"gold_gain":0,"player_choice":"Memory 3","damage_taken":10,"max_hp_gain":0,"max_hp_loss":0,"event_name":"SensoryStone","floor":37,"gold_loss":0},{"damage_healed":0,"gold_gain":0,"player_choice":"Ignored","damage_taken":0,"max_hp_gain":0,"max_hp_loss":0,"event_name":"SecretPortal","floor":38,"gold_loss":0}],"is_beta":false,"boss_relics":[{"not_picked":["Pandora\u0027s Box","Ectoplasm"],"picked":"Fusion Hammer"},{"not_picked":["Black Star","Astrolabe"],"picked":"Cursed Key"}],"items_purged_floors":[3,45,53],"is_endless":false,"potions_floor_spawned":[6,8,12,14,19,21,24,33,36,41,42,48],"ascension_level":4}}