{"host":"y76clbnovzmw9ubx","time":1607606537,"event":{"gold_per_floor":[118,128,146,146,161,195,195,220,247,247,276,290,320,384,384,384,384],"floor_reached":16,"playtime":823,"items_purged":[],"score":260,"play_id":"27622f8f-d9f4-410f-aaa3-8141646b0d5d","local_time":"20201210082217","is_ascension_mode":true,"campfire_choices":[{"data":"Sunder","floor":7,"key":"SMITH"},{"data":"Melter","floor":10,"key":"SMITH"},{"floor":15,"key":"REST"}],"neow_cost":"TEN_PERCENT_HP_LOSS","seed_source_timestamp":2371800034583,"circlet_count":0,"master_deck":["AscendersBane","Strike_B","Strike_B","Strike_B","Strike_B","Defend_B","Defend_B","Defend_B","Defend_B","Zap","Dualcast","Electrodynamics","Melter+1","Echo Form","Recycle","Undo","Sunder+1","Capacitor","Compile Driver","Coolheaded"],"relics":["Cracked Core","Orichalcum","Blood Vial","Oddly Smooth Stone","Regal Pillow","Vajra","Lantern"],"potions_floor_usage":[6,6,11,16],"damage_taken":[{"damage":0,"enemies":"2 Louse","floor":1,"turns":2},{"damage":2,"enemies":"Jaw Worm","floor":2,"turns":3},{"damage":0,"enemies":"Small Slimes","floor":3,"turns":3},{"damage":16,"enemies":"Blue Slaver","floor":5,"turns":4},{"damage":8,"enemies":"Gremlin Nob","floor":6,"turns":3},{"damage":8,"enemies":"3 Sentries","floor":8,"turns":4},{"damage":10,"enemies":"Lagavulin","floor":11,"turns":5},{"damage":8,"enemies":"Red Slaver","floor":12,"turns":3},{"damage":12,"enemies":"3 Sentries","floor":13,"turns":3},{"damage":2,"enemies":"Gremlin Nob","floor":14,"turns":3},{"damage":48,"enemies":"Hexaghost","floor":16,"turns":10}],"seed_played":"-744608788881238444","potions_obtained":[{"floor":3,"key":"FearPotion"},{"floor":5,"key":"ColorlessPotion"},{"floor":8,"key":"SneckoOil"},{"floor":13,"key":"PotionOfCapacity"},{"floor":14,"key":"GamblersBrew"}],"is_trial":false,"path_per_floor":["M","M","M","?","M","E","R","E","T","R","E","M","E","?","R","B"],"character_chosen":"DEFECT","items_purchased":[],"campfire_rested":1,"item_purchase_floors":[],"current_hp_per_floor":[64,62,62,67,51,43,43,35,35,35,27,21,11,11,46,0,0],"gold":384,"neow_bonus":"THREE_RARE_CARDS","is_prod":false,"is_daily":false,"chose_seed":false,"campfire_upgraded":2,"win_rate":0,"timestamp":1607606537,"path_taken":["M","M","M","?","M","E","R","E","T","R","E","M","E","?","R","BOSS"],"build_version":"2020-11-30","purchased_purges":0,"victory":false,"max_hp_per_floor":[64,64,64,69,69,69,69,69,69,69,69,69,69,69,69,69,69],"relic_stats":{"Blood Vial":10,"Regal Pillow":15,"counters":[11,43],"Orichalcum":[66],"obtain_stats":[{"Blood Vial":8,"Regal Pillow":11,"Lantern":14,"Oddly Smooth Stone":9,"Vajra":13,"Orichalcum":6,"Cracked Core":0},{"Blood Vial":6,"Regal Pillow":7,"Lantern":10,"Oddly Smooth Stone":6,"Vajra":9,"Orichalcum":5,"Cracked Core":0},{"Blood Vial":19,"Regal Pillow":24,"Lantern":33,"Oddly Smooth Stone":19,"Vajra":30,"Orichalcum":15,"Cracked Core":0}]},"card_choices":[{"not_picked":["Seek","All For One"],"picked":"Electrodynamics","floor":0},{"not_picked":["Redo","Leap"],"picked":"Melter","floor":1},{"not_picked":["Turbo","Leap"],"picked":"Echo Form","floor":2},{"not_picked":["Rebound","Turbo"],"picked":"Recycle","floor":3},{"not_picked":["Force Field","Conserve Battery"],"picked":"Undo","floor":5},{"not_picked":["Melter","Consume"],"picked":"Sunder","floor":6},{"not_picked":["Static Discharge","Heatsinks","Sunder"],"picked":"SKIP","floor":8},{"not_picked":["Melter","Consume"],"picked":"Capacitor","floor":11},{"not_picked":["Scrape","Recycle"],"picked":"Compile Driver","floor":12},{"not_picked":["Static Discharge","Self Repair"],"picked":"Coolheaded","floor":13}],"player_experience":2798158,"relics_obtained":[{"floor":6,"key":"Orichalcum"},{"floor":8,"key":"Blood Vial"},{"floor":9,"key":"Oddly Smooth Stone"},{"floor":11,"key":"Regal Pillow"},{"floor":13,"key":"Vajra"},{"floor":14,"key":"Lantern"}],"event_choices":[{"damage_healed":0,"gold_gain":0,"player_choice":"Donut","damage_taken":0,"max_hp_gain":5,"max_hp_loss":0,"event_name":"Big Fish","floor":4,"gold_loss":0},{"damage_healed":0,"gold_gain":0,"player_choice":"Searched \u00272\u0027 times","damage_taken":0,"max_hp_gain":0,"max_hp_loss":0,"event_name":"Dead Adventurer","floor":14,"gold_loss":0}],"is_beta":false,"boss_relics":[],"items_purged_floors":[],"is_endless":false,"potions_floor_spawned":[3,5,8,13,14],"killed_by":"Hexaghost","ascension_level":20}}