{"host":"md0dejzd6k70gl1f","time":1607614188,"event":{"mods":["BaseMod","Quick Restart","Minty Spire (QoL Compilation)"],"gold_per_floor":[119,119,131,131,142,142,168,168,168,201,231,231,260,270,270,270,270],"floor_reached":16,"playtime":504,"items_purged":[],"score":230,"play_id":"9aa9fa1c-a7ee-4742-bcef-14ae677e43ec","local_time":"20201210162948","is_ascension_mode":true,"campfire_choices":[{"data":"Dash","floor":6,"key":"SMITH"},{"floor":8,"key":"REST"},{"floor":15,"key":"REST"}],"circlet_count":0,"master_deck":["AscendersBane","Strike_G","Strike_G","Strike_G","Strike_G+1","Defend_G","Defend_G","Defend_G","Defend_G","Defend_G","Survivor","Neutralize+1","Quick Slash+1","Dash+1","Sucker Punch","Blur","PiercingWail","Dagger Spray"],"special_seed":0,"relics":["Ring of the Snake","Mercury Hourglass","InkBottle","Pantograph","Boot"],"acts_visited":["Exordium"],"potions_floor_usage":[13,13],"damage_taken":[{"damage":2,"enemies":"2 Louse","floor":1,"turns":4},{"damage":0,"enemies":"Small Slimes","floor":3,"turns":3},{"damage":0,"enemies":"Cultist","floor":5,"turns":4},{"damage":24,"enemies":"Gremlin Nob","floor":7,"turns":5},{"damage":10,"enemies":"3 Sentries","floor":10,"turns":7},{"damage":10,"enemies":"Lagavulin","floor":13,"turns":5},{"damage":0,"enemies":"2 Fungi Beasts","floor":14,"turns":3},{"damage":50,"enemies":"Hexaghost","floor":16,"turns":13}],"seed_played":"3057666697214830336","potions_obtained":[{"floor":3,"key":"AttackPotion"},{"floor":10,"key":"Poison Potion"},{"floor":13,"key":"SpeedPotion"}],"is_trial":false,"path_per_floor":["M","?","M","?","M","R","E","R","T","E","?","?","E","M","R","B"],"character_chosen":"THE_SILENT","items_purchased":[],"campfire_rested":2,"item_purchase_floors":[],"current_hp_per_floor":[57,50,50,30,30,30,6,25,25,15,15,15,5,5,24,0,0],"gold":270,"neow_bonus":"UPGRADE_CARD","is_daily":false,"chose_seed":false,"campfire_upgraded":1,"win_rate":0,"timestamp":1607614188,"path_taken":["M","?","M","?","M","R","E","R","T","E","?","?","E","M","R","BOSS"],"build_version":"2020-11-30","purchased_purges":0,"victory":false,"max_hp_per_floor":[66,66,66,66,66,66,66,66,66,66,66,66,66,66,66,66,66],"card_choices":[{"not_picked":["Cloak And Dagger","Blade Dance"],"picked":"Quick Slash","floor":1},{"not_picked":["Quick Slash","PiercingWail"],"picked":"Dash","floor":3},{"not_picked":["Dagger Throw","Quick Slash"],"picked":"Sucker Punch","floor":5},{"not_picked":["Outmaneuver","Quick Slash"],"picked":"Blur","floor":7},{"not_picked":["Slice","Setup"],"picked":"PiercingWail","floor":10},{"not_picked":["Sucker Punch","Poisoned Stab","Underhanded Strike"],"picked":"SKIP","floor":13},{"not_picked":["Underhanded Strike","Masterful Stab"],"picked":"Dagger Spray","floor":14}],"player_experience":417601,"relics_obtained":[{"floor":7,"key":"Mercury Hourglass"},{"floor":9,"key":"InkBottle"},{"floor":10,"key":"Pantograph"},{"floor":13,"key":"Boot"}],"event_choices":[{"cards_removed":["Strike_G"],"damage_healed":0,"gold_gain":0,"player_choice":"Card Removal","damage_taken":7,"max_hp_gain":0,"max_hp_loss":0,"event_name":"Golden Wing","floor":2,"gold_loss":0},{"damage_healed":0,"gold_gain":0,"player_choice":"Entered Light","damage_taken":20,"max_hp_gain":0,"max_hp_loss":0,"event_name":"Shining Light","floor":4,"gold_loss":0,"cards_upgraded":["Strike_G","Quick Slash"]},{"damage_healed":0,"gold_gain":30,"player_choice":"Searched \u00271\u0027 times","damage_taken":0,"max_hp_gain":0,"max_hp_loss":0,"event_name":"Dead Adventurer","floor":11,"gold_loss":0},{"damage_healed":0,"gold_gain":0,"player_choice":"Ignored","damage_taken":0,"max_hp_gain":0,"max_hp_loss":0,"event_name":"Liars Game","floor":12,"gold_loss":0}],"is_beta":false,"boss_relics":[],"items_purged_floors":[],"is_endless":false,"potions_floor_spawned":[3,10,13],"killed_by":"Hexaghost","ascension_level":19}}