{"host":"wonp23fsqqcu31ie","time":1607570070,"event":{"gold_per_floor":[118,137,412,431,606,606,556,134,134,165,165,14,14,39,39,136,136,155,171,181,181,199,199,199,209,232,232,246,256,267,280,280,382,382,393,393,406,431,443,443,456,456,456,456,469,497,509,524,524,524,524,524,186,217,217,217],"floor_reached":55,"playtime":1975,"items_purged":["Doubt","Parasite"],"score":774,"play_id":"ed0de7ee-a830-4347-96ca-32dea3ecfa1a","local_time":"20201210141430","is_ascension_mode":true,"campfire_choices":[{"data":"Shade:Frenzy","floor":6,"key":"SMITH"},{"floor":11,"key":"RECALL"},{"floor":13,"key":"REST"},{"data":"expansioncontent:DefensiveMode","floor":15,"key":"SMITH"},{"data":"Shade:Asphyxiate","floor":23,"key":"SMITH"},{"floor":32,"key":"REST"},{"floor":40,"key":"REST"},{"floor":42,"key":"REST"},{"floor":44,"key":"REST"},{"floor":49,"key":"REST"},{"floor":52,"key":"REST"}],"neow_cost":"","seed_source_timestamp":13510236766200,"circlet_count":0,"master_deck":["Shade:Strike_Shade","Shade:Strike_Shade+1","Shade:Strike_Shade","Shade:Strike_Shade","Shade:Defend_Shade","Shade:Defend_Shade","Shade:Defend_Shade","Shade:Defend_Shade","Shade:AnimateDead","Shade:CarefulCut+1","Cleave","Metallicize","Shade:Frenzy+1","expansioncontent:DefensiveMode+1","Shade:SkeletonHug","Shade:AncientSpear","Shade:OneIsEnough+1","Shade:FleshLikeOak","Shade:WallOfFlesh+1","Shade:Asphyxiate+1","conspire:ExplosiveBarrier+1","hermit:HighCaliber+1","Requiem","Shade:PressTheAttack","Guardian:AncientConstruct","expansioncontent:Torchfire+1","expansioncontent:DefensiveMode+1","Shade:FuneraryArmor+1","animator:GazelDwargon","Aggregate","hermit:Feint+1","animator:Midou","expansioncontent:DecasProtection+1","Metallicize"],"relics":["Shade:YorickSkull","aspiration:IroncladSkillbook","MerchantsRug","TungstenRod","Garlic","Boot","Sling","Orichalcum","aspiration:MobileForge","MutagenicStrength","Simple Rune","PrismaticShard","Fusion Hammer","Busted Crown","Ring of Chaos","aspiration:PoetsPen_weak","Gremlin Food","hubris:BottledRain","aspiration:Lifesprig","Lee\u0027s Waffle","Replay:Mystery Machine"],"potions_floor_usage":[10,16,33,33,33,39,48,50,50,50],"damage_taken":[{"damage":0,"enemies":"Jaw Worm","floor":1,"turns":4},{"damage":0,"enemies":"Cultist","floor":2,"turns":3},{"damage":0,"enemies":"conspire:RoseBush","floor":4,"turns":4},{"damage":15,"enemies":"Gremlin Nob","floor":10,"turns":5},{"damage":6,"enemies":"Replay:BlueRogue","floor":14,"turns":5},{"damage":11,"enemies":"The Guardian","floor":16,"turns":12},{"damage":0,"enemies":"3 Byrds","floor":18,"turns":7},{"damage":9,"enemies":"conspire:FuzzyDice","floor":19,"turns":6},{"damage":16,"enemies":"Snecko","floor":20,"turns":6},{"damage":7,"enemies":"Snake Plant","floor":22,"turns":5},{"damage":0,"enemies":"Cultist and Chosen","floor":25,"turns":6},{"damage":11,"enemies":"3 Cultists","floor":28,"turns":5},{"damage":9,"enemies":"conspire:HollyBat","floor":29,"turns":7},{"damage":0,"enemies":"Snecko","floor":30,"turns":4},{"damage":10,"enemies":"Snake Plant","floor":31,"turns":5},{"damage":22,"enemies":"Champ","floor":33,"turns":10},{"damage":0,"enemies":"3 Darklings","floor":35,"turns":3},{"damage":0,"enemies":"Orb Walker","floor":37,"turns":4},{"damage":16,"enemies":"conspire:MimicChest","floor":38,"turns":5},{"damage":4,"enemies":"4 Shapes","floor":39,"turns":4},{"damage":19,"enemies":"Writhing Mass","floor":41,"turns":6},{"damage":5,"enemies":"Spire Growth","floor":45,"turns":4},{"damage":0,"enemies":"Nemesis","floor":46,"turns":3},{"damage":12,"enemies":"Transient","floor":47,"turns":5},{"damage":6,"enemies":"3 Darklings","floor":48,"turns":8},{"damage":16,"enemies":"Replay:Hell Engine","floor":50,"turns":11},{"damage":54,"enemies":"Shield and Spear","floor":54,"turns":8},{"damage":23,"enemies":"The Heart","floor":55,"turns":3}],"seed_played":"1979047447058295744","potions_obtained":[{"floor":4,"key":"AttackPotion"},{"floor":14,"key":"Energy Potion"},{"floor":16,"key":"Strength Potion"},{"floor":19,"key":"Dexterity Potion"},{"floor":22,"key":"SpeedPotion"},{"floor":25,"key":"Strength Potion"},{"floor":35,"key":"Milkshake"},{"floor":37,"key":"Swift Potion"},{"floor":39,"key":"Milkshake"},{"floor":46,"key":"GamblersBrew"},{"floor":47,"key":"BlessingOfTheForge"},{"floor":48,"key":"hexamod:EctoCoolerPotion"}],"is_trial":false,"path_per_floor":["M","M","?","M","?","R","?","$","T","E","R","$","R","E","R","B",null,"M","M","M","?","M","R","?","M","T","?","M","M","M","M","R","B",null,"M","?","M","?","M","R","M","R","T","R","M","E","M","M","R","B",null,"R","$","E","B"],"character_chosen":"SHADE","items_purchased":["aspiration:Nostalgia","aspiration:SeaSaltIceCream","MerchantsRug","Garlic","expansioncontent:DefensiveMode","Sling","aspiration:Lifesprig","expansioncontent:DecasProtection+1","Lee\u0027s Waffle","Metallicize"],"campfire_rested":7,"item_purchase_floors":[0,0,0,8,8,12,53,53,53,53],"current_hp_per_floor":[43,47,47,51,51,51,51,51,51,40,40,40,59,57,57,50,65,65,60,48,48,45,45,45,49,49,42,35,30,34,28,47,29,65,65,65,65,53,53,65,50,65,65,65,64,65,57,55,65,53,65,65,69,19,0,0],"gold":217,"neow_bonus":"","is_prod":false,"is_daily":false,"chose_seed":false,"campfire_upgraded":3,"win_rate":0,"timestamp":1607570070,"path_taken":["M","M","?","?","?","R","?","$","T","E","R","?","R","E","R","BOSS","M","M","M","?","M","R","?","M","T","?","M","?","M","M","R","BOSS","M","?","?","?","M","R","M","R","T","R","M","E","?","M","R","BOSS","R","$","E","BOSS"],"build_version":"2020-11-30","purchased_purges":2,"victory":false,"max_hp_per_floor":[65,65,65,65,65,65,65,65,65,65,65,65,65,65,65,65,65,65,65,65,65,65,65,65,65,65,65,65,65,65,65,65,65,65,65,65,65,65,65,65,65,65,65,65,65,65,65,65,65,65,65,65,69,69,69,69],"relic_stats":{"Lee\u0027s Waffle":40,"Busted Crown":20,"counters":[56,298],"Orichalcum":[222],"Boot":[25],"obtain_stats":[{"aspiration:Lifesprig":53,"construct:FoamFinger":9,"Torii":42,"Shade:YorickSkull":0,"Nilry\u0027s Codex":21,"CeramicFish":23,"aspiration:PoetsPen_weak":34,"Bag of Preparation":26,"Juzu Bracelet":43,"Uniform":0,"Whetstone":48,"Replay:Mystery Machine":54,"Boot":10,"Sling":12,"PrismaticShard":27,"Blood Vial":3,"aspiration:MobileForge":17,"Strawberry":40,"Fusion Hammer":34,"Chemical X":37,"Toxic Egg 2":46,"Potion Belt":46,"Gremlin Food":38,"MerchantsRug":0,"Lee\u0027s Waffle":20,"construct:WeddingRing":34,"aspiration:Nostalgia":0,"Replay:Grab Bag":34,"Eternal Feather":6,"Ring of Chaos":34,"Omamori":40,"aspiration:SeaSaltIceCream":0,"Frozen Egg 2":23,"Orichalcum":14,"aspiration:IroncladSkillbook":0,"Busted Crown":34,"Ornamental Fan":46,"Bronze Scales":48,"MutagenicStrength":21,"Simple Rune":26,"Black Star":17,"Bag of Marbles":37,"Garlic":8,"TungstenRod":0,"hubris:BottledRain":43},{"aspiration:Lifesprig":54,"construct:FoamFinger":6,"Torii":24,"Shade:YorickSkull":0,"Nilry\u0027s Codex":10,"CeramicFish":12,"aspiration:PoetsPen_weak":44,"Bag of Preparation":13,"Juzu Bracelet":24,"Uniform":28,"Whetstone":27,"Replay:Mystery Machine":55,"Boot":32,"Sling":32,"PrismaticShard":39,"Blood Vial":1,"aspiration:MobileForge":34,"Strawberry":22,"Fusion Hammer":44,"Chemical X":20,"Toxic Egg 2":51,"Potion Belt":25,"Gremlin Food":47,"MerchantsRug":28,"Lee\u0027s Waffle":10,"construct:WeddingRing":18,"aspiration:Nostalgia":28,"Replay:Grab Bag":44,"Eternal Feather":4,"Ring of Chaos":44,"Omamori":22,"aspiration:SeaSaltIceCream":28,"Frozen Egg 2":12,"Orichalcum":33,"aspiration:IroncladSkillbook":28,"Busted Crown":44,"Ornamental Fan":25,"Bronze Scales":27,"MutagenicStrength":37,"Simple Rune":39,"Black Star":9,"Bag of Marbles":20,"Garlic":31,"TungstenRod":28,"hubris:BottledRain":49},{"aspiration:Lifesprig":287,"construct:FoamFinger":22,"Torii":107,"Shade:YorickSkull":0,"Nilry\u0027s Codex":38,"CeramicFish":50,"aspiration:PoetsPen_weak":234,"Bag of Preparation":53,"Juzu Bracelet":107,"Uniform":140,"Whetstone":127,"Replay:Mystery Machine":295,"Boot":156,"Sling":156,"PrismaticShard":203,"Blood Vial":3,"aspiration:MobileForge":173,"Strawberry":99,"Fusion Hammer":234,"Chemical X":91,"Toxic Egg 2":263,"Potion Belt":115,"Gremlin Food":246,"MerchantsRug":140,"Lee\u0027s Waffle":38,"construct:WeddingRing":85,"aspiration:Nostalgia":140,"Replay:Grab Bag":234,"Eternal Feather":16,"Ring of Chaos":234,"Omamori":99,"aspiration:SeaSaltIceCream":140,"Frozen Egg 2":50,"Orichalcum":161,"aspiration:IroncladSkillbook":140,"Busted Crown":234,"Ornamental Fan":115,"Bronze Scales":127,"MutagenicStrength":192,"Simple Rune":203,"Black Star":35,"Bag of Marbles":91,"Garlic":151,"TungstenRod":140,"hubris:BottledRain":256}],"TungstenRod":46},"card_choices":[{"not_picked":["Shade:BoneShards","Disarm","Shade:ExtraLimbs"],"picked":"Cleave","floor":1},{"not_picked":["Shade:SkeletonHug","Shade:Carnophage","Shade:Bonestorm"],"picked":"Metallicize","floor":2},{"not_picked":["Hemokinesis","Shade:CallWraith","Havoc"],"picked":"Shade:Frenzy","floor":4},{"not_picked":["Whirlwind","Pummel","Flex"],"picked":"Shade:SkeletonHug","floor":10},{"not_picked":["Shade:FreshBones","Berserk","Shockwave"],"picked":"Shade:AncientSpear","floor":14},{"not_picked":["Double Tap","Brutality","Shade:OminousRitual"],"picked":"Shade:OneIsEnough","floor":16},{"not_picked":["Uppercut+1","Shade:Haruspicy","Shade:LyeBath"],"picked":"Shade:FleshLikeOak","floor":18},{"not_picked":["Cleave","Shrug It Off","Shade:LyeBath","Shade:Excise"],"picked":"SKIP","floor":19},{"not_picked":["Combust","Pummel","Armaments"],"picked":"Shade:WallOfFlesh","floor":20},{"not_picked":["hubris:ReadiedAction+1","Rampage+1","Clothesline+1"],"picked":"Shade:Asphyxiate","floor":22},{"not_picked":["Shade:Premonition+1","Rampage","Shade:GreyBargain","Warcry+1"],"picked":"SKIP","floor":25},{"not_picked":["Shade:ExtraLimbs+1","Intimidate","Shade:SkeletonArmy"],"picked":"conspire:ExplosiveBarrier+1","floor":27},{"not_picked":["sneckomod:UnknownWeak","hexamod:ShieldOfDarkness+1","Cleave","Guardian:StasisEngine"],"picked":"SKIP","floor":28},{"not_picked":["hexamod:BacktrackSmack","hubris:ReadiedAction+1","animator:HighElfArcher"],"picked":"hermit:HighCaliber+1","floor":29},{"not_picked":["animator:TomoeKashiwaba","Quick Slash","hexamod:GhostLash+1"],"picked":"Requiem","floor":30},{"not_picked":["animator:Kuroyukihime","animator:Yusa","hexamod:EtherealExpedition"],"picked":"Shade:PressTheAttack","floor":31},{"not_picked":["Amplify","Guardian:StasisEngine","SilverMatrix"],"picked":"Guardian:AncientConstruct","floor":33},{"not_picked":["Wild Strike"],"picked":"expansioncontent:Torchfire+1","floor":35},{"not_picked":["Cloak And Dagger+1","animator:Assassin+1"],"picked":"SKIP","floor":37},{"not_picked":["Guardian:Gem_Cyan"],"picked":"Shade:FuneraryArmor+1","floor":38},{"not_picked":["animator:Chibimoth+1"],"picked":"animator:GazelDwargon","floor":39},{"not_picked":["animator:Fredrika+1","hexamod:DynamicBlow+1"],"picked":"SKIP","floor":41},{"not_picked":["Iron Wave"],"picked":"Aggregate","floor":45},{"not_picked":["hexamod:ApocalypseNow+1","Gatherer:AlchemyTrial"],"picked":"SKIP","floor":46},{"not_picked":["hermit:WideOpen+1"],"picked":"hermit:Feint+1","floor":47},{"not_picked":["hexamod:FastForward+1"],"picked":"animator:Midou","floor":48},{"not_picked":["animator:NiaHonjou","ReplayTheSpireMod:Repulse"],"picked":"SKIP","floor":54}],"player_experience":587088,"relics_obtained":[{"floor":10,"key":"Boot"},{"floor":14,"key":"Orichalcum"},{"floor":26,"key":"Simple Rune"},{"floor":27,"key":"PrismaticShard"},{"floor":38,"key":"Gremlin Food"},{"floor":43,"key":"hubris:BottledRain"},{"floor":46,"key":"Toxic Egg 2"},{"floor":54,"key":"Replay:Mystery Machine"}],"event_choices":[{"damage_healed":0,"gold_gain":275,"player_choice":"Desecrate","damage_taken":0,"max_hp_gain":0,"max_hp_loss":0,"event_name":"Golden Shrine","floor":3,"gold_loss":0,"cards_obtained":["Regret"]},{"damage_healed":0,"gold_gain":175,"player_choice":"AGREE","damage_taken":431,"max_hp_gain":0,"max_hp_loss":0,"event_name":"betterThird:BetterSerpent","floor":5,"gold_loss":0},{"cards_removed":["Regret"],"damage_healed":0,"gold_gain":0,"player_choice":"Card Removal","damage_taken":0,"max_hp_gain":0,"max_hp_loss":0,"event_name":"The Cleric","floor":7,"gold_loss":50},{"damage_healed":0,"gold_gain":0,"player_choice":"Inject Mutagens","damage_taken":0,"relics_obtained":["MutagenicStrength"],"max_hp_gain":0,"max_hp_loss":0,"event_name":"Drug Dealer","floor":21,"gold_loss":0},{"damage_healed":0,"gold_gain":0,"player_choice":"Copied","damage_taken":0,"max_hp_gain":0,"max_hp_loss":0,"event_name":"Duplicator","floor":36,"gold_loss":0,"cards_obtained":["expansioncontent:DefensiveMode"]}],"is_beta":false,"boss_relics":[{"not_picked":["conspire:SeveredTorchhead","Velvet Choker"],"picked":"aspiration:MobileForge"},{"not_picked":["Philosopher\u0027s Stone","Cursed Key"],"picked":"Replay:Grab Bag"},{"not_picked":["Painkiller Herb","hubris:GrandSneckoEye"],"picked":"Fusion Hammer"},{"not_picked":["Replay:Wanted Poster","conspire:SlowCooker"],"picked":"Busted Crown"},{"not_picked":["Pandora\u0027s Box","hubris:Backtick"],"picked":"Ring of Chaos"},{"not_picked":["hubris:ScarierMask","aspiration:RunicSpoon"],"picked":"aspiration:PoetsPen_weak"}],"items_purged_floors":[8,53],"is_endless":false,"potions_floor_spawned":[4,14,16,19,22,25,29,31,35,37,39,46,47,48],"killed_by":"The Heart","ascension_level":1}}