{"host":"ocll6kdfqxraqtza","time":1607623258,"event":{"mods":["2.2 Compatiblity","BaseMod","Act Like it!","StSLib","Aspiration","Gensokyo","Hallownest","Hermit","Hubris","Jorbs\u0027s Wanderer Trilogy","Marisa（霧雨　魔理沙）","Minty Spire (QoL Compilation)","Reimu（博??梦）","Replay The Spire","The Bug Knight","The Cursed","The Hierophant","The Runesmith","TheBandit","Wandering Minibosses","vexMod","Better Third Choice","Luminous","The Alterego"],"gold_per_floor":[116,116,129,129,145,145,120,135,185,185,213,226,256,269,269,370,370,386,386,386,301,301,327,327,352,352,21,37,37,47,47,47,147,147,157,205,32,82,92,92,118,118,143,0,0,29,44,54,54,54],"floor_reached":51,"playtime":1963,"items_purged":[],"score":832,"play_id":"84aedb87-a34c-4c8a-a4e7-564e60651d58","local_time":"20201211020058","is_ascension_mode":true,"campfire_choices":[{"data":"Mirror Shield","floor":6.0,"key":"SMITH"},{"data":"Zap","floor":15,"key":"SMITH"},{"data":"Hologram","floor":24,"key":"SMITH"},{"data":"Poisoned Strike","floor":29,"key":"SMITH"},{"data":"Gash","floor":32,"key":"SMITH"},{"data":"ManaRampage","floor":40,"key":"SMITH"},{"data":"Scrape","floor":42,"key":"SMITH"},{"data":"Dualcast","floor":49,"key":"SMITH"}],"circlet_count":0,"master_deck":["Strike_B","Strike_B","Strike_B","Strike_B","Defend_B","Defend_B","Defend_B","Defend_B","Zap+1","Dualcast+1","Strike_B","hubris:Defend_Merchant","Mirror Shield+1","Hologram+1","Rebound","Chill+1","FTL","Doom and Gloom","Beam Cell","Scrape+1","Gash+1","All For One","Cold Snap","ReplayTheSpireMod:Calculation Training+1","Twin Strike","Luminous:Light_Disperse+1","Poisoned Strike+1","DC+1","Bandage Up","ManaRampage+1","Poisoned Stab","Mayhem","Armaments+1","stsjorbsmod:Wail+1","hermit:LowProfile+1","Secret Technique+1","Apotheosis+1","Finesse+1","stsjorbsmod:Toil","WaveOfTheHand+1","stsjorbsmod:Poultergeist+1"],"special_seed":0,"relics":["Cracked Core","aspiration:FrozenJewel","TheCursedMod:BlackMagic101","Ancient Tea Set","Gensokyo:CelestialsFlawlessClothing","Gremlin Horn","vexMod:BarristanHead","vexMod:TanglingVine","hubris:Towel","aspiration:EnhancedActuators","PrismaticShard","HornCleat","Vajra","Question Card","vexMod:GhostlyGear","Replay:Bronze Core","Replay:Antivirus Software","hubris:Potato","Toxic Egg 2","Bag of Preparation","Red Mask","Shuriken"],"acts_visited":["Gensokyo:Gensokyo","TheCity","TheBeyond"],"potions_floor_usage":[14,23,38,46,50],"damage_taken":[{"damage":9.0,"enemies":"Gensokyo:Gryphon","floor":1.0,"turns":3.0},{"damage":1.0,"enemies":"Gensokyo:Python","floor":3.0,"turns":3.0},{"damage":0.0,"enemies":"Gensokyo:3_Fairies","floor":5.0,"turns":4.0},{"damage":0,"enemies":"Gensokyo:VengefulSpirit","floor":8,"turns":4},{"damage":2,"enemies":"Gensokyo:Aya","floor":11,"turns":5},{"damage":0,"enemies":"Gensokyo:LivingMonolith","floor":12,"turns":3},{"damage":0,"enemies":"Gensokyo:Cirno","floor":13,"turns":4},{"damage":1,"enemies":"Gensokyo:Gryphon_and_Rabbit","floor":14,"turns":2},{"damage":10,"enemies":"Gensokyo:Yukari","floor":16,"turns":11},{"damage":0,"enemies":"3 Byrds","floor":18,"turns":5},{"damage":17,"enemies":"Slavers","floor":23,"turns":4},{"damage":10,"enemies":"Replay:Snechameleon","floor":25,"turns":4},{"damage":0,"enemies":"Spheric Guardian","floor":28,"turns":3},{"damage":2,"enemies":"Snake Plant","floor":30,"turns":3},{"damage":55,"enemies":"Automaton","floor":33,"turns":11},{"damage":6,"enemies":"3 Darklings","floor":35,"turns":5},{"damage":16,"enemies":"Mind Bloom Boss Battle","floor":38,"turns":5},{"damage":5,"enemies":"Orb Walker","floor":39,"turns":2},{"damage":4,"enemies":"R_Hoarder","floor":41,"turns":5},{"damage":1,"enemies":"HollowMod:StalkingDevout","floor":46,"turns":4},{"damage":2,"enemies":"3 Darklings","floor":47,"turns":4},{"damage":0,"enemies":"Jaw Worm Horde","floor":48,"turns":3},{"damage":11,"enemies":"Replay:Hell Engine","floor":50,"turns":6}],"seed_played":"-3074726372530130655","potions_obtained":[{"floor":5.0,"key":"Energy Potion"},{"floor":11,"key":"SneckoOil"},{"floor":13,"key":"SteroidPotion"},{"floor":14,"key":"BlessingOfTheForge"},{"floor":23,"key":"PotionOfCapacity"},{"floor":25,"key":"FearPotion"},{"floor":28,"key":"BlessingOfTheForge"},{"floor":39,"key":"Adrenaline Potion"},{"floor":46,"key":"Flashbang"}],"is_trial":false,"path_per_floor":["M","T","M","?","M","R","?","M","T","?","E","M","E","M","R","B",null,"M","?","?","?","?","E","R","E","T","$","M","R","M","?","R","B",null,"M","T","$","?","M","R","E","R","T","?","?","E","M","M","R","B",null],"character_chosen":"DEFECT","items_purchased":["vexMod:GhostlyGear","Poisoned Strike","Mayhem"],"campfire_rested":0,"item_purchase_floors":[27,27,37],"current_hp_per_floor":[66,66,65,72,72,72,72,72,72,52,50,50,50,49,49,39,82,82,82,66,66,58,41,41,31,31,31,31,31,29,29,29,67,87,85,85,85,73,68,68,75,75,75,75,65,68,72,78,78,73],"gold":54,"neow_bonus":"THREE_RARE_CARDS","is_daily":false,"chose_seed":false,"campfire_upgraded":8,"win_rate":0,"timestamp":1607623258,"path_taken":["M","?","?","?","M","R","?","M","T","?","E","M","E","M","R","BOSS","M","?","?","?","?","E","R","E","T","$","?","R","M","?","R","BOSS","M","?","$","?","M","R","E","R","T","?","?","E","?","M","R","BOSS"],"build_version":"2020-11-30","purchased_purges":0,"victory":true,"max_hp_per_floor":[75,75,75,82,82,82,82,82,82,82,82,82,82,82,82,82,82,82,82,87,87,87,87,87,87,87,87,87,87,87,87,87,87,87,87,87,87,87,87,87,87,87,87,87,87,87,87,87,87,87],"card_choices":[{"not_picked":["Multi-Cast","Rainbow"],"picked":"Mirror Shield","floor":0.0},{"not_picked":["Go for the Eyes","BasicCrystalCard"],"picked":"Hologram","floor":1.0},{"not_picked":["Steam","Static Discharge"],"picked":"Rebound","floor":3.0},{"not_picked":["Go for the Eyes","Redo"],"picked":"Chill","floor":5.0},{"not_picked":["Scrape","Conserve Battery"],"picked":"FTL","floor":8},{"not_picked":["Go for the Eyes","Compile Driver"],"picked":"Doom and Gloom","floor":11},{"not_picked":["BasicCrystalCard","Hologram"],"picked":"Beam Cell","floor":12},{"not_picked":["hubris:DoWhile","Double Energy"],"picked":"Scrape","floor":13},{"not_picked":["ReplayGash","Hologram"],"picked":"Gash","floor":14},{"not_picked":["Mirror Shield","Creative AI"],"picked":"All For One","floor":16},{"not_picked":["Redo","ReplayTheSpireMod:System Scan"],"picked":"Cold Snap","floor":18},{"not_picked":["Panic Button","Hologram"],"picked":"ReplayTheSpireMod:Calculation Training+1","floor":22},{"not_picked":["JustLucky","stsjorbsmod:FranticMind"],"picked":"Twin Strike","floor":23},{"not_picked":["Intuition:ReiMu","stsjorbsmod:PurgeMind"],"picked":"Luminous:Light_Disperse","floor":25},{"not_picked":["Luminous:Dark_Moonlight_Spear","GrandCross","hermit:Dive"],"picked":"DC+1","floor":28},{"not_picked":["hermit:CursedWeapon","alterego_mod:Schoolgirl","hierophant:Zeal"],"picked":"Bandage Up","floor":30},{"not_picked":["stsjorbsmod:HoldMonster","TheCursedMod:StunningStrike","Hemogenesis"],"picked":"ManaRampage","floor":33},{"not_picked":["Runesmith:CraftProtectio+1","hermit:DeadMansHand","hierophant:Refuge+1"],"picked":"Poisoned Stab","floor":35},{"not_picked":["Enlightenment","HollowMod:QuirrelsAssistance","EventHorizon"],"picked":"Armaments+1","floor":38},{"not_picked":["Sanctity","stsjorbsmod:DoubleCheck","Hidden Blade"],"picked":"stsjorbsmod:Wail+1","floor":39},{"not_picked":["Ball Lightning+1","Loop+1","OctopathSalyBorderN:ReiMu"],"picked":"hermit:LowProfile+1","floor":41},{"not_picked":["The Bomb+1","hubris:EnhanceAbility","Flash of Steel"],"picked":"Secret Technique+1","floor":45},{"not_picked":["Flash of Steel","Trip+1","Replay:Sssssssssstrike"],"picked":"Apotheosis+1","floor":45},{"not_picked":["ReplayTheSpireMod:Private Reserves+1","Secret Weapon+1","Dramatic Entrance"],"picked":"Finesse+1","floor":45},{"not_picked":["hermit:SprayPray","HollowMod:NewGlowingWomb+1","TheCursedMod:CursedBlade+1"],"picked":"stsjorbsmod:Toil","floor":46},{"not_picked":["hierophant:PassingBell","PiercingWail+1","hierophant:Patience+1"],"picked":"WaveOfTheHand+1","floor":47},{"not_picked":["EmergencyTakeOff:ReiMu+1","HollowMod:BaldurShell+1","HollowMod:SiblingsShadow+1"],"picked":"stsjorbsmod:Poultergeist+1","floor":48}],"player_experience":433464,"relics_obtained":[{"floor":2.0,"key":"aspiration:FrozenJewel"},{"floor":9,"key":"Ancient Tea Set"},{"floor":11,"key":"Gremlin Horn"},{"floor":13,"key":"vexMod:BarristanHead"},{"floor":22,"key":"PrismaticShard"},{"floor":23,"key":"HornCleat"},{"floor":25,"key":"Vajra"},{"floor":26,"key":"Question Card"},{"floor":36,"key":"Replay:Antivirus Software"},{"floor":38,"key":"hubris:Potato"},{"floor":41,"key":"Toxic Egg 2"},{"floor":43,"key":"Bag of Preparation"},{"floor":46,"key":"Shuriken"}],"event_choices":[{"damage_healed":0,"gold_gain":0,"player_choice":"Shed Blood","damage_taken":21,"max_hp_gain":5,"max_hp_loss":0,"event_name":"Forgotten Altar","floor":20,"gold_loss":0},{"damage_healed":0,"gold_gain":0,"player_choice":"Obtained Relic","damage_taken":0,"relics_obtained":["aspiration:EnhancedActuators"],"max_hp_gain":0,"max_hp_loss":0,"event_name":"Addict","floor":21,"gold_loss":85},{"damage_healed":0,"gold_gain":0,"player_choice":"Upgraded","damage_taken":0,"max_hp_gain":0,"max_hp_loss":0,"event_name":"Upgrade Shrine","floor":31,"gold_loss":0,"cards_upgraded":["Luminous:Light_Disperse"]},{"damage_healed":0,"gold_gain":0,"player_choice":"Fight","damage_taken":0,"max_hp_gain":0,"max_hp_loss":0,"event_name":"MindBloom","floor":38,"gold_loss":0},{"damage_healed":0,"gold_gain":0,"player_choice":"Paid","damage_taken":0,"relics_obtained":["Red Mask"],"max_hp_gain":0,"max_hp_loss":0,"event_name":"Tomb of Lord Red Mask","floor":44,"gold_loss":143},{"damage_healed":0,"gold_gain":0,"player_choice":"Memory 3","damage_taken":10,"max_hp_gain":0,"max_hp_loss":0,"event_name":"SensoryStone","floor":45,"gold_loss":0}],"is_beta":false,"boss_relics":[{"not_picked":["SlaversCollar","hubris:RunicObelisk"],"picked":"vexMod:TanglingVine"},{"not_picked":["Honey Jar","hubris:GrandSneckoEye"],"picked":"Replay:Bronze Core"}],"items_purged_floors":[],"is_endless":false,"potions_floor_spawned":[5,11,13,14,23,25,28,39,46],"ascension_level":2}}