{"host":"49pjgf1q9ev52n8z","time":1607559274,"event":{"gold_per_floor":[112,112,130,144,164,193,193,206,206,232,232,251,280,280,280,351,351,369,379,107,125,143,174,174,205,205,205,205,219,219,60,60,139,139,149,195,206,219,230,259,276,302,302,313,313,324,54,74,74,74],"floor_reached":51,"playtime":9974,"items_purged":["Normality"],"score":1391,"play_id":"ef78fced-710d-4645-9737-5821f721d86f","local_time":"20201209161434","is_ascension_mode":true,"campfire_choices":[{"floor":7.0,"key":"REST"},{"floor":11.0,"key":"REST"},{"floor":15.0,"key":"REST"},{"data":"Noxious Fumes","floor":24.0,"key":"SMITH"},{"floor":28,"key":"REST"},{"data":"Bouncing Flask","floor":32,"key":"SMITH"},{"data":"Malaise","floor":45,"key":"SMITH"},{"data":"Footwork","floor":49,"key":"SMITH"}],"neow_cost":"NONE","seed_source_timestamp":0,"circlet_count":0,"master_deck":["AscendersBane","Strike_G","Strike_G","Strike_G","Strike_G","Defend_G","Defend_G","Defend_G","Defend_G","Defend_G","Survivor","Neutralize","Venomology","Dash","Leg Sweep","Bouncing Flask+1","Footwork+1","Malaise+1","Burst+1","Unload","Noxious Fumes+1","Backflip","Prepared+1","Corpse Explosion","Catalyst+1","Ghostly+1","Ghostly+1","Ghostly+1","Catalyst+1","Calculated Gamble+1","Blur+1","Regret"],"special_seed":0,"relics":["Ring of the Snake","Toy Ornithopter","Lizard Tail","Blue Candle","Art of War","Tingsha","Cursed Key","Singing Bowl","Pocketwatch","Letter Opener","Toxic Egg 2","Nilry\u0027s Codex","Velvet Choker","Prayer Wheel","Pantograph","Lantern","HornCleat","Bottled Tornado"],"potions_floor_usage":[35,36,38,38,39,39,39,39,40,41,42,46,48,48],"damage_taken":[{"damage":3.0,"enemies":"2 Louse","floor":1.0,"turns":4.0},{"damage":3.0,"enemies":"Jaw Worm","floor":3.0,"turns":9.0},{"damage":4.0,"enemies":"Cultist","floor":4.0,"turns":5.0},{"damage":6.0,"enemies":"3 Louse","floor":5.0,"turns":4.0},{"damage":50.0,"enemies":"3 Sentries","floor":6.0,"turns":11.0},{"damage":1.0,"enemies":"Looter","floor":8.0,"turns":4.0},{"damage":21.0,"enemies":"Lagavulin","floor":10.0,"turns":8.0},{"damage":2.0,"enemies":"2 Fungi Beasts","floor":12.0,"turns":5.0},{"damage":16.0,"enemies":"3 Sentries","floor":13.0,"turns":10.0},{"damage":56.0,"enemies":"Slime Boss","floor":16.0,"turns":20.0},{"damage":2.0,"enemies":"Shell Parasite","floor":18.0,"turns":8.0},{"damage":2.0,"enemies":"Chosen","floor":19.0,"turns":6.0},{"damage":15.0,"enemies":"3 Cultists","floor":21.0,"turns":7.0},{"damage":8.0,"enemies":"Snecko","floor":22.0,"turns":7.0},{"damage":0.0,"enemies":"Book of Stabbing","floor":23.0,"turns":7.0},{"damage":32.0,"enemies":"Slavers","floor":25.0,"turns":3.0},{"damage":2,"enemies":"Sentry and Sphere","floor":29,"turns":3},{"damage":5,"enemies":"Automaton","floor":33,"turns":8},{"damage":12,"enemies":"Orb Walker","floor":35,"turns":4},{"damage":21,"enemies":"2 Orb Walkers","floor":36,"turns":5},{"damage":0,"enemies":"3 Shapes","floor":37,"turns":5},{"damage":22,"enemies":"Transient","floor":38,"turns":5},{"damage":4,"enemies":"3 Darklings","floor":39,"turns":3},{"damage":2,"enemies":"Reptomancer","floor":40,"turns":4},{"damage":3,"enemies":"Jaw Worm Horde","floor":41,"turns":2},{"damage":3,"enemies":"Nemesis","floor":42,"turns":5},{"damage":1,"enemies":"Maw","floor":44,"turns":4},{"damage":2,"enemies":"Sphere and 2 Shapes","floor":46,"turns":4},{"damage":5,"enemies":"Writhing Mass","floor":48,"turns":5},{"damage":22,"enemies":"Donu and Deca","floor":50,"turns":10}],"seed_played":"3069523291127241517","potions_obtained":[{"floor":3.0,"key":"SmokeBomb"},{"floor":10.0,"key":"Ancient Potion"},{"floor":12.0,"key":"AttackPotion"},{"floor":13.0,"key":"FairyPotion"},{"floor":19.0,"key":"Poison Potion"},{"floor":29,"key":"Dexterity Potion"},{"floor":38,"key":"SteroidPotion"},{"floor":39,"key":"BlessingOfTheForge"},{"floor":44,"key":"GhostInAJar"},{"floor":46,"key":"LiquidMemories"}],"is_trial":false,"path_per_floor":["M","?","M","M","M","E","R","M","T","E","R","M","E","?","R","B",null,"M","M","$","M","M","E","R","E","T","?","R","M","?","$","R","B",null,"M","?","M","M","M","E","M","E","T","M","R","M","$","M","R","B",null],"character_chosen":"THE_SILENT","items_purchased":["Singing Bowl","Regen Potion","Bottled Tornado"],"campfire_rested":4,"item_purchase_floors":[20,31,47],"current_hp_per_floor":[56,56,58,54,48,8,27,31,31,15,34,32,21,21,40,13,53,51,49,49,39,33,33,33,1,1,20,40,40,35,35,35,32,36,31,17,21,26,46,49,53,52,52,55,55,62,62,67,67,45],"gold":74,"neow_bonus":"RANDOM_COMMON_RELIC","is_prod":false,"is_daily":false,"chose_seed":false,"campfire_upgraded":4,"win_rate":0,"timestamp":1607559274,"path_taken":["M","?","M","M","M","E","R","M","T","E","R","M","E","?","R","BOSS","M","M","$","M","M","E","R","E","T","?","R","M","?","$","R","BOSS","M","?","M","M","M","E","M","E","T","M","R","M","$","M","R","BOSS"],"build_version":"2020-11-30","purchased_purges":1,"victory":true,"max_hp_per_floor":[66,66,66,66,66,66,66,66,66,66,66,66,66,66,66,66,66,66,66,66,66,68,68,68,68,68,68,68,70,35,35,35,37,37,39,41,45,47,51,51,53,55,55,59,59,63,63,67,67,67],"relic_stats":{"Singing Bowl":36,"counters":[20,105],"Blue Candle":[2],"Tingsha":[275],"Letter Opener":[283],"Cursed Key":2,"Lizard Tail":0,"Pantograph":0,"Prayer Wheel":7,"Art of War":[55],"obtain_stats":[{"Lantern":42,"Singing Bowl":20,"Nilry\u0027s Codex":27,"Blue Candle":0,"Velvet Choker":34,"Tingsha":0,"Letter Opener":25,"Bottled Tornado":47,"Cursed Key":17,"Lizard Tail":0,"HornCleat":43,"Pantograph":40,"Prayer Wheel":36,"Art of War":0,"Toxic Egg 2":26,"Toy Ornithopter":0,"Ring of the Snake":0,"Pocketwatch":23},{"Lantern":16,"Singing Bowl":2,"Nilry\u0027s Codex":6,"Blue Candle":0,"Velvet Choker":8,"Tingsha":0,"Letter Opener":6,"Bottled Tornado":18,"Cursed Key":0,"Lizard Tail":0,"HornCleat":16,"Pantograph":14,"Prayer Wheel":10,"Art of War":0,"Toxic Egg 2":6,"Toy Ornithopter":0,"Ring of the Snake":0,"Pocketwatch":5},{"Lantern":82,"Singing Bowl":14,"Nilry\u0027s Codex":38,"Blue Candle":0,"Velvet Choker":49,"Tingsha":0,"Letter Opener":38,"Bottled Tornado":90,"Cursed Key":0,"Lizard Tail":0,"HornCleat":82,"Pantograph":75,"Prayer Wheel":58,"Art of War":0,"Toxic Egg 2":38,"Toy Ornithopter":0,"Ring of the Snake":0,"Pocketwatch":35}],"Toy Ornithopter":66,"Ring of the Snake":[40],"Pocketwatch":[94]},"card_choices":[{"not_picked":["Prepared","Blade Dance","Tactician"],"picked":"SKIP","floor":1.0},{"not_picked":["Blade Dance","Sucker Punch"],"picked":"Dash","floor":3.0},{"not_picked":["Blade Dance","Calculated Gamble"],"picked":"Leg Sweep","floor":4.0},{"not_picked":["Underhanded Strike","Quick Slash"],"picked":"Bouncing Flask","floor":5.0},{"not_picked":["Backflip","Eviscerate","Acrobatics"],"picked":"SKIP","floor":6.0},{"not_picked":["Underhanded Strike","Cloak And Dagger","Blur"],"picked":"SKIP","floor":8.0},{"not_picked":["Quick Slash","Acrobatics"],"picked":"Footwork","floor":10.0},{"not_picked":["Accuracy","Deadly Poison"],"picked":"Malaise","floor":12.0},{"not_picked":["Dagger Throw","Calculated Gamble"],"picked":"Burst","floor":13.0},{"not_picked":["Glass Knife","Grand Finale"],"picked":"Unload","floor":16.0},{"not_picked":["Acrobatics","Cloak And Dagger"],"picked":"Noxious Fumes","floor":18.0},{"not_picked":["PiercingWail","Escape Plan"],"picked":"Backflip","floor":19.0},{"not_picked":["Quick Slash","Dagger Throw"],"picked":"Prepared+1","floor":21.0},{"not_picked":["Deflect","Heel Hook","Quick Slash"],"picked":"Singing Bowl","floor":22.0},{"not_picked":["Burst","Tactician"],"picked":"Corpse Explosion","floor":23.0},{"not_picked":["Backflip","Acrobatics"],"picked":"Catalyst+1","floor":25.0},{"not_picked":["Outmaneuver+1","Dodge and Roll+1","Deflect+1"],"picked":"Singing Bowl","floor":29},{"not_picked":["Doppelganger+1","Malaise+1","Night Terror+1"],"picked":"Singing Bowl","floor":33},{"not_picked":["Eviscerate+1","Deadly Poison+1","Flying Knee"],"picked":"Singing Bowl","floor":35},{"not_picked":["Slice","Bouncing Flask+1","Endless Agony+1"],"picked":"Singing Bowl","floor":36},{"not_picked":["Dodge and Roll+1","Riddle With Holes","Cloak And Dagger+1"],"picked":"Singing Bowl","floor":37},{"not_picked":["Crippling Poison+1","Sucker Punch","Dodge and Roll+1"],"picked":"Singing Bowl","floor":37},{"not_picked":["Noxious Fumes","Concentrate+1","Prepared+1"],"picked":"Singing Bowl","floor":38},{"not_picked":["Sucker Punch","Crippling Poison+1"],"picked":"Catalyst+1","floor":38},{"not_picked":["Expertise+1","Outmaneuver+1","Dagger Throw"],"picked":"Singing Bowl","floor":39},{"not_picked":["Slice","Prepared+1","Dagger Spray+1"],"picked":"Singing Bowl","floor":39},{"not_picked":["Distraction+1","Glass Knife"],"picked":"Calculated Gamble+1","floor":40},{"not_picked":["Blade Dance+1","Endless Agony","PiercingWail+1"],"picked":"Singing Bowl","floor":41},{"not_picked":["Accuracy+1","Deflect+1"],"picked":"Blur+1","floor":41},{"not_picked":["Deadly Poison+1","Bane","Finisher+1"],"picked":"Singing Bowl","floor":42},{"not_picked":["Poisoned Stab","Dagger Throw","Tactician+1"],"picked":"Singing Bowl","floor":44},{"not_picked":["Backstab+1","Outmaneuver+1","Dodge and Roll+1"],"picked":"Singing Bowl","floor":44},{"not_picked":["All Out Attack+1","Expertise+1","Bouncing Flask+1"],"picked":"Singing Bowl","floor":46},{"not_picked":["Dodge and Roll+1","Crippling Poison+1","Outmaneuver+1"],"picked":"Singing Bowl","floor":46},{"not_picked":["Quick Slash","Finisher","Caltrops"],"picked":"Singing Bowl","floor":48},{"not_picked":["Distraction+1","Prepared+1","Backflip+1"],"picked":"Singing Bowl","floor":48}],"player_experience":568605,"relics_obtained":[{"floor":6.0,"key":"Lizard Tail"},{"floor":9.0,"key":"Blue Candle"},{"floor":10.0,"key":"Art of War"},{"floor":13.0,"key":"Tingsha"},{"floor":23.0,"key":"Pocketwatch"},{"floor":25.0,"key":"Letter Opener"},{"floor":26.0,"key":"Toxic Egg 2"},{"floor":27,"key":"Nilry\u0027s Codex"},{"floor":36,"key":"Prayer Wheel"},{"floor":40,"key":"Pantograph"},{"floor":42,"key":"Lantern"},{"floor":43,"key":"HornCleat"}],"event_choices":[{"damage_healed":0.0,"max_hp_gain":0.0,"max_hp_loss":0.0,"gold_gain":0.0,"cards_transformed":["Strike_G"],"event_name":"Living Wall","player_choice":"Change","floor":2.0,"gold_loss":0.0,"damage_taken":0.0,"cards_obtained":["Venomology"]},{"damage_healed":0.0,"max_hp_gain":0.0,"max_hp_loss":0.0,"gold_gain":0.0,"event_name":"Upgrade Shrine","player_choice":"Upgraded","floor":14.0,"gold_loss":0.0,"damage_taken":0.0,"cards_upgraded":["Burst"]},{"damage_healed":0,"gold_gain":0,"player_choice":"Obtained Book","damage_taken":21,"max_hp_gain":0,"max_hp_loss":0,"event_name":"Cursed Tome","floor":27,"gold_loss":0},{"damage_healed":0,"gold_gain":0,"player_choice":"Became a Ghost","damage_taken":0,"max_hp_gain":0,"max_hp_loss":35,"event_name":"Ghosts","floor":30,"gold_loss":0,"cards_obtained":["Ghostly","Ghostly","Ghostly"]},{"damage_healed":0,"gold_gain":0,"player_choice":"Fight","damage_taken":0,"max_hp_gain":0,"max_hp_loss":0,"event_name":"Mysterious Sphere","floor":36,"gold_loss":0}],"is_beta":false,"boss_relics":[{"not_picked":["SlaversCollar","Busted Crown"],"picked":"Cursed Key"},{"not_picked":["Pandora\u0027s Box","Astrolabe"],"picked":"Velvet Choker"}],"items_purged_floors":[31],"is_endless":false,"potions_floor_spawned":[3,10,12,13,19,22,29,33,38,39,41,44,46],"ascension_level":16}}