{"host":"87fdiiwflhrwsj8a","time":1607579532,"event":{"gold_per_floor":[115,115,115,40,40,67,67,96,96,246,271,289,164,194,194,194,194],"floor_reached":16,"playtime":281,"items_purged":["StuffTheSpire:CuriosityCurse"],"score":398,"play_id":"03bc59d5-35ce-42bd-9202-c9e27a09f233","local_time":"20201210005212","is_ascension_mode":true,"campfire_choices":[{"data":"Force Field","floor":7.0,"key":"SMITH"},{"data":"Ball Lightning","floor":15,"key":"SMITH"}],"neow_cost":"NONE","seed_source_timestamp":134211927892999,"circlet_count":0,"master_deck":["AscendersBane","Strike_B","Strike_B","Strike_B","Strike_B","Defend_B","Defend_B","Defend_B","Defend_B","Zap","Dualcast","Ball Lightning+1","Injury","Force Field+1","Storm+1","Doubt","Self Repair+1","Melter+1","Loop+1"],"special_seed":0,"relics":["Cracked Core","NeowsBlessing","aspiration:SeaSaltIceCream","NeowsBlessing","Gremlin Food","Frozen Egg 2","Replay:PocketPolymizer","ReplayTheSpireMod:Lightbulb","Golden Egg","MealTicket","ReplayTheSpireMod:TigerMarble"],"potions_floor_usage":[16],"damage_taken":[{"damage":0.0,"enemies":"2 Louse","floor":1.0,"turns":1.0},{"damage":0.0,"enemies":"Gremlin Nob","floor":6.0,"turns":1.0},{"damage":0.0,"enemies":"Lagavulin","floor":8.0,"turns":1.0},{"damage":0.0,"enemies":"3 Sentries","floor":11.0,"turns":2.0},{"damage":0.0,"enemies":"Jaw Worm","floor":12.0,"turns":1.0},{"damage":25.0,"enemies":"Lagavulin","floor":14.0,"turns":6.0},{"damage":58,"enemies":"The Guardian","floor":16,"turns":9}],"seed_played":"-2770830318420555521","potions_obtained":[{"floor":6.0,"key":"Strength Potion"},{"floor":11.0,"key":"AttackPotion"}],"is_trial":false,"path_per_floor":["M","?","?","$","?","E","R","E","T","?","E","M","$","E","R","B"],"character_chosen":"DEFECT","items_purchased":["Melter","Loop+1"],"campfire_rested":0,"item_purchase_floors":[13,13],"current_hp_per_floor":[64,64,64,64,64,64,64,64,64,64,64,64,71,56,56,0,0],"gold":194,"neow_bonus":"THREE_ENEMY_KILL","is_prod":false,"is_daily":false,"chose_seed":false,"campfire_upgraded":2,"win_rate":0,"timestamp":1607579532,"path_taken":["M","?","?","$","?","E","R","E","T","?","E","M","$","E","R_BF","BOSS"],"build_version":"2020-11-30","purchased_purges":1,"victory":false,"max_hp_per_floor":[71,71,71,71,71,71,71,71,71,71,71,71,71,71,71,71,71],"card_choices":[{"not_picked":["Coolheaded","Beam Cell"],"picked":"Ball Lightning","floor":1.0},{"not_picked":["BasicCrystalCard","Reprogram"],"picked":"Force Field","floor":6.0},{"not_picked":["Blizzard","Beam Cell"],"picked":"Storm+1","floor":8.0},{"not_picked":["Chaos","Redo","Hologram"],"picked":"SKIP","floor":11.0},{"not_picked":["Turbo","Rebound"],"picked":"Self Repair+1","floor":12.0},{"not_picked":["Rebound","Coolheaded","Go for the Eyes"],"picked":"SKIP","floor":14.0}],"player_experience":2519939,"relics_obtained":[{"floor":3.0,"key":"Gremlin Food"},{"floor":6.0,"key":"Replay:PocketPolymizer"},{"floor":8.0,"key":"ReplayTheSpireMod:Lightbulb"},{"floor":9.0,"key":"Golden Egg"},{"floor":11.0,"key":"MealTicket"},{"floor":14.0,"key":"ReplayTheSpireMod:TigerMarble"}],"event_choices":[{"damage_healed":0.0,"max_hp_gain":0.0,"max_hp_loss":0.0,"gold_gain":150.0,"event_name":"betterThird:BetterSerpent","player_choice":"AGREE","floor":10.0,"gold_loss":0.0,"damage_taken":96.0}],"is_beta":false,"boss_relics":[],"items_purged_floors":[4],"is_endless":false,"potions_floor_spawned":[6,11],"killed_by":"The Guardian","ascension_level":20}}