{"host":"womlpxqjjlvrjm57","time":1607561587,"event":{"gold_per_floor":[114,134,144,157,172,172,190,222,222,232,232,262,262,282,282,387,437,453,465,465,475,475,475,475],"floor_reached":23,"playtime":2256,"items_purged":[],"score":263,"play_id":"531ad0bf-06f3-4b73-87a6-59553b87e054","local_time":"20201209195307","is_ascension_mode":true,"campfire_choices":[{"data":"Feed","floor":6.0,"key":"SMITH"},{"floor":11,"key":"REST"},{"floor":13,"key":"REST"},{"floor":15,"key":"DIG"}],"neow_cost":"NONE","seed_source_timestamp":0,"circlet_count":0,"master_deck":["Strike_R+1","Strike_R","Strike_R","Strike_R","Strike_R","Defend_R","Defend_R","Defend_R","Defend_R","Bash+1","Dropkick","Feed+1","Perfected Strike","Flex","conspire:ExplosiveBarrier","Warcry","Massacre","Infernal Blade+1","ReplayTheSpireMod:Stacked","StuffTheSpire:Incineration","Run Through","Heavy Blade","Seeing Red+1","True Grit","Carnage+1"],"special_seed":0,"relics":["Burning Blood","Tea:ReiMu","StuffTheSpire:Nightcore","Shuriken","Tiny House"],"potions_floor_usage":[16,18,21],"damage_taken":[{"damage":1.0,"enemies":"Cultist","floor":1.0,"turns":3.0},{"damage":6.0,"enemies":"2 Louse","floor":2.0,"turns":3.0},{"damage":6.0,"enemies":"Jaw Worm","floor":3.0,"turns":6.0},{"damage":37.0,"enemies":"Gremlin Gang","floor":4.0,"turns":4.0},{"damage":0.0,"enemies":"Exordium Wildlife","floor":5.0,"turns":2.0},{"damage":6,"enemies":"Looter","floor":7,"turns":2},{"damage":34,"enemies":"Lagavulin","floor":8,"turns":6},{"damage":14,"enemies":"Gremlin Gang","floor":10,"turns":4},{"damage":41,"enemies":"Gremlin Nob","floor":12,"turns":5},{"damage":9,"enemies":"3 Louse","floor":14,"turns":3},{"damage":27,"enemies":"Slime Boss","floor":16,"turns":10},{"damage":27,"enemies":"3 Byrds","floor":18,"turns":5},{"damage":0,"enemies":"Chosen","floor":19,"turns":3},{"damage":52,"enemies":"conspire:HollyBat","floor":21,"turns":11},{"damage":37,"enemies":"HollowMod:Nosk","floor":23,"turns":7}],"seed_played":"-118638200061600552","potions_obtained":[{"floor":1.0,"key":"Reflective Coating"},{"floor":2.0,"key":"GrandPatriotsElixir:ReiMu"},{"floor":3.0,"key":"blueLaboratory:AbyssPotion"},{"floor":12,"key":"Elixir"},{"floor":16,"key":"Doom Potion"},{"floor":17,"key":"DistilledChaos"}],"is_trial":false,"path_per_floor":["M","M","M","M","M","R","M","E","T","M","R","E","R","M","R_BF","B",null,"M","M","?","M","?","E"],"character_chosen":"IRONCLAD","items_purchased":[],"campfire_rested":2,"item_purchase_floors":[],"current_hp_per_floor":[80,80,83,55,64,64,64,36,36,28,54,19,45,42,42,21,94,73,83,83,37,37,0,0],"gold":475,"neow_bonus":"UPGRADE_CARD","is_prod":false,"is_daily":false,"chose_seed":false,"campfire_upgraded":1,"win_rate":0,"timestamp":1607561587,"path_taken":["M","M","M","M","M","R","M","E","T","?","R","E","R","M","R_BF","BOSS","M","M","?","?","?","E"],"build_version":"2020-11-30","purchased_purges":0,"victory":false,"max_hp_per_floor":[80,80,83,86,89,89,89,89,89,89,89,89,89,89,89,89,94,94,98,98,98,98,98,98],"relic_stats":{"counters":[15,74],"Shuriken":[3],"obtain_stats":[{"Tiny House":17,"Shuriken":15,"Tea:ReiMu":8,"StuffTheSpire:Nightcore":12,"Burning Blood":0},{"Tiny House":11,"Shuriken":10,"Tea:ReiMu":7,"StuffTheSpire:Nightcore":9,"Burning Blood":0},{"Tiny House":48,"Shuriken":38,"Tea:ReiMu":26,"StuffTheSpire:Nightcore":35,"Burning Blood":0}],"Burning Blood":79},"card_choices":[{"not_picked":["ReplayReversal","Twin Strike"],"picked":"Dropkick","floor":1.0},{"not_picked":["Flex","Havoc"],"picked":"Feed","floor":2.0},{"not_picked":["Fire Breathing","Body Slam"],"picked":"Perfected Strike","floor":3.0},{"not_picked":["Body Slam","Pommel Strike"],"picked":"Flex","floor":4.0},{"not_picked":["Bludgeon","Havoc"],"picked":"conspire:ExplosiveBarrier","floor":5.0},{"not_picked":["True Grit","Sever Soul"],"picked":"Warcry","floor":7},{"not_picked":["True Grit","Run Through"],"picked":"Massacre","floor":8},{"not_picked":["Body Slam","Sword Boomerang"],"picked":"Infernal Blade","floor":10},{"not_picked":["Seeing Red","Perfected Strike"],"picked":"ReplayTheSpireMod:Stacked","floor":12},{"not_picked":["Warcry","Replay:Undeath\u0027s Touch"],"picked":"StuffTheSpire:Incineration","floor":14},{"not_picked":["Eclipse","Double Tap"],"picked":"Hemogenesis","floor":16},{"not_picked":["Warcry","StuffTheSpire:RockThrow"],"picked":"Run Through","floor":17},{"not_picked":["ReplayTheSpireMod:Strike From Hell","Burning Pact"],"picked":"Heavy Blade","floor":18},{"not_picked":["Carnage","Hemokinesis"],"picked":"Seeing Red+1","floor":19},{"not_picked":["Iron Wave","Feel No Pain"],"picked":"Carnage+1","floor":21}],"player_experience":508969,"relics_obtained":[{"floor":8,"key":"Tea:ReiMu"},{"floor":12,"key":"StuffTheSpire:Nightcore"},{"floor":15,"key":"Shuriken"}],"event_choices":[{"damage_healed":0,"gold_gain":0,"cards_transformed":["Hemogenesis"],"player_choice":"Transformed","damage_taken":0,"max_hp_gain":0,"max_hp_loss":0,"event_name":"Transmorgrifier","floor":20,"gold_loss":0,"cards_obtained":["True Grit"]},{"damage_healed":0,"gold_gain":0,"player_choice":"Upgraded","damage_taken":0,"max_hp_gain":0,"max_hp_loss":0,"event_name":"Upgrade Shrine","floor":22,"gold_loss":0,"cards_upgraded":["Infernal Blade"]}],"is_beta":false,"boss_relics":[{"not_picked":["StuffTheSpire:ModemDavis","conspire:RoyalGoblet"],"picked":"Tiny House"}],"items_purged_floors":[],"is_endless":false,"potions_floor_spawned":[1,2,3,12,16],"killed_by":"HollowMod:Nosk","ascension_level":3}}