{"host":"o2evyl5sbrgotc3u","time":1607584420,"event":{"gold_per_floor":[119,138,138,148,3,3,13,72,72,103,121,153,10,28,28,126,126,136,136,146,33,43,74,74,94,119,119,150,150,170,270,270,367,367,382,392,155,175,187,187,215,215,215,242,242,254,273,307,307,307],"floor_reached":51,"playtime":1834,"items_purged":["Strike_B","Strike_B"],"score":1007,"play_id":"9fcabaeb-f554-4df9-b7ab-ceec2de23d7f","local_time":"20201210161340","is_ascension_mode":true,"campfire_choices":[{"data":"Zap","floor":6.0,"key":"SMITH"},{"data":"Dualcast","floor":15.0,"key":"SMITH"},{"data":"Defragment","floor":24.0,"key":"SMITH"},{"data":"Consume","floor":27.0,"key":"SMITH"},{"data":"Strike_B","floor":32.0,"key":"PURGE"},{"data":"Creative AI","floor":40.0,"key":"SMITH"},{"data":"Defend_B","floor":42.0,"key":"PURGE"},{"data":"Defend_B","floor":49,"key":"PURGE"}],"neow_cost":"NONE","seed_source_timestamp":561595556646700,"circlet_count":0,"master_deck":["Defend_B","Defend_B","Zap+1","Dualcast+1","Ball Lightning","Gash","Genetic Algorithm","All For One","Cold Snap","Cold Snap+1","Gash+1","Skim","Conserve Battery","Core Surge+1","Gash+1","Defragment+1","Chill+1","Consume+1","Go for the Eyes+1","Creative AI+1","Beam Cell+1","Capacitor","Turbo+1","Seek","BootSequence","Heatsinks"],"special_seed":0,"relics":["Cracked Core","Vajra","Molten Egg 2","Question Card","PreservedInsect","Potion Belt","Membership Card","Nuclear Battery","Happy Flower","Bag of Preparation","Nunchaku","Pear","Mummified Hand","Peace Pipe","HornCleat","Coffee Dripper","Lantern","Lee\u0027s Waffle","Smiling Mask","Art of War","Singing Bowl","Anchor"],"potions_floor_usage":[48,50,50],"damage_taken":[{"damage":0.0,"enemies":"Small Slimes","floor":1.0,"turns":3.0},{"damage":0.0,"enemies":"Jaw Worm","floor":2.0,"turns":3.0},{"damage":0.0,"enemies":"2 Louse","floor":4.0,"turns":2.0},{"damage":0.0,"enemies":"2 Fungi Beasts","floor":7.0,"turns":2.0},{"damage":29.0,"enemies":"Lagavulin Event","floor":8.0,"turns":4.0},{"damage":22.0,"enemies":"Lagavulin","floor":10.0,"turns":4.0},{"damage":7.0,"enemies":"Lots of Slimes","floor":11.0,"turns":3.0},{"damage":0.0,"enemies":"Gremlin Nob","floor":12.0,"turns":2.0},{"damage":5.0,"enemies":"Blue Slaver","floor":14.0,"turns":2.0},{"damage":7.0,"enemies":"Hexaghost","floor":16.0,"turns":9.0},{"damage":10.0,"enemies":"Shell Parasite","floor":18.0,"turns":4.0},{"damage":11.0,"enemies":"2 Thieves","floor":20.0,"turns":3.0},{"damage":8.0,"enemies":"Centurion and Healer","floor":22.0,"turns":5.0},{"damage":17.0,"enemies":"Book of Stabbing","floor":23.0,"turns":4.0},{"damage":0.0,"enemies":"3 Cultists","floor":25.0,"turns":5.0},{"damage":0.0,"enemies":"Gremlin Leader","floor":28.0,"turns":4.0},{"damage":0.0,"enemies":"Snake Plant","floor":30.0,"turns":2.0},{"damage":0.0,"enemies":"Colosseum Slavers","floor":31.0,"turns":4.0},{"damage":0.0,"enemies":"Colosseum Nobs","floor":31.0,"turns":3.0},{"damage":12.0,"enemies":"Champ","floor":33.0,"turns":8.0},{"damage":10.0,"enemies":"Orb Walker","floor":35.0,"turns":4.0},{"damage":0.0,"enemies":"3 Darklings","floor":36.0,"turns":5.0},{"damage":11.0,"enemies":"Writhing Mass","floor":38.0,"turns":6.0},{"damage":5.0,"enemies":"Jaw Worm Horde","floor":39.0,"turns":4.0},{"damage":17.0,"enemies":"Nemesis","floor":41.0,"turns":5.0},{"damage":13.0,"enemies":"Giant Head","floor":44.0,"turns":8.0},{"damage":11.0,"enemies":"Maw","floor":46.0,"turns":5.0},{"damage":9.0,"enemies":"Spire Growth","floor":47.0,"turns":3.0},{"damage":1,"enemies":"Reptomancer","floor":48,"turns":5},{"damage":3,"enemies":"Time Eater","floor":50,"turns":9}],"seed_played":"7299131756240739129","potions_obtained":[{"floor":4.0,"key":"Energy Potion"},{"floor":11.0,"key":"SkillPotion"},{"floor":12.0,"key":"AttackPotion"},{"floor":14.0,"key":"Explosive Potion"},{"floor":16.0,"key":"Regen Potion"},{"floor":25.0,"key":"Weak Potion"},{"floor":28.0,"key":"DistilledChaos"},{"floor":33.0,"key":"Weak Potion"},{"floor":38.0,"key":"AttackPotion"},{"floor":44.0,"key":"LiquidBronze"},{"floor":46.0,"key":"DistilledChaos"},{"floor":48,"key":"Swift Potion"}],"is_trial":false,"path_per_floor":["M","M","?","M","$","R","M","?","T","E","M","E","$","M","R","B",null,"M","?","M","$","M","E","R","M","T","R","E","T","M","?","R","B",null,"M","M","$","M","M","R","E","R","T","E","?","M","M","E","R","B",null],"character_chosen":"DEFECT","items_purchased":["All For One","Membership Card","Happy Flower","Lantern","Capacitor","Lee\u0027s Waffle"],"campfire_rested":0,"item_purchase_floors":[5,13,21,37,37,37],"current_hp_per_floor":[75,75,75,75,75,75,75,46,46,24,17,17,17,12,12,5,75,65,51,40,40,32,15,15,15,15,15,25,25,25,25,25,13,90,80,80,97,86,81,81,64,64,64,51,47,36,27,28,28,40],"gold":307,"neow_bonus":"RANDOM_COMMON_RELIC","is_prod":false,"is_daily":false,"chose_seed":false,"campfire_upgraded":5,"win_rate":0,"timestamp":1607584420,"path_taken":["M","M","?","M","$","R","M","?","T","E","M","E","?","M","R","BOSS","M","?","M","$","M","E","R","M","T","R","E","?","M","?","R","BOSS","M","M","$","M","M","R","E","R","T","E","?","M","M","E","R","BOSS"],"build_version":"2020-11-30","purchased_purges":2,"victory":true,"max_hp_per_floor":[75,75,75,75,75,75,75,75,75,75,75,75,75,75,75,75,75,75,80,80,80,80,80,80,80,80,80,90,90,90,90,90,90,90,90,90,97,97,97,97,97,97,97,97,103,103,103,105,105,105],"relic_stats":{"Lee\u0027s Waffle":17,"Happy Flower":[29],"Singing Bowl":8,"counters":[30,130],"PreservedInsect":371,"Bag of Preparation":[32],"Question Card":26,"Smiling Mask":0,"Peace Pipe":3,"Nunchaku":[22],"Mummified Hand":[59],"Art of War":[1],"obtain_stats":[{"Potion Belt":12,"Lantern":37,"Lee\u0027s Waffle":37,"Pear":28,"Happy Flower":21,"Singing Bowl":44,"Vajra":0,"PreservedInsect":10,"Bag of Preparation":23,"Question Card":9,"Smiling Mask":41,"Nuclear Battery":17,"Peace Pipe":31,"Nunchaku":26,"Anchor":48,"HornCleat":31,"Mummified Hand":29,"Molten Egg 2":8,"Coffee Dripper":34,"Art of War":43,"Membership Card":13,"Cracked Core":0},{"Potion Belt":8,"Lantern":22,"Lee\u0027s Waffle":22,"Pear":16,"Happy Flower":12,"Singing Bowl":26,"Vajra":0,"PreservedInsect":6,"Bag of Preparation":14,"Question Card":5,"Smiling Mask":25,"Nuclear Battery":10,"Peace Pipe":19,"Nunchaku":15,"Anchor":29,"HornCleat":19,"Mummified Hand":16,"Molten Egg 2":5,"Coffee Dripper":20,"Art of War":25,"Membership Card":8,"Cracked Core":0},{"Potion Belt":23,"Lantern":85,"Lee\u0027s Waffle":85,"Pear":59,"Happy Flower":41,"Singing Bowl":108,"Vajra":0,"PreservedInsect":18,"Bag of Preparation":50,"Question Card":14,"Smiling Mask":100,"Nuclear Battery":34,"Peace Pipe":68,"Nunchaku":55,"Anchor":121,"HornCleat":68,"Mummified Hand":59,"Molten Egg 2":14,"Coffee Dripper":76,"Art of War":100,"Membership Card":23,"Cracked Core":0}]},"card_choices":[{"not_picked":["Beam Cell","Steam"],"picked":"Ball Lightning","floor":1.0},{"not_picked":["Stack","Coolheaded"],"picked":"Gash","floor":2.0},{"not_picked":["Sweeping Beam","Redo"],"picked":"Genetic Algorithm","floor":4.0},{"not_picked":["Reprogram","Steam"],"picked":"Cold Snap","floor":7.0},{"not_picked":["Streamline+1","Recycle"],"picked":"Cold Snap+1","floor":8.0},{"not_picked":["Leap","Steam","Skim"],"picked":"Gash+1","floor":10.0},{"not_picked":["Hyperbeam+1","Steam Power","Hello World"],"picked":"Skim","floor":11.0},{"not_picked":["Force Field","Stack","Skim"],"picked":"Conserve Battery","floor":12.0},{"not_picked":["Auto Shields","Cold Snap+1","Lockon+1","Streamline+1"],"picked":"SKIP","floor":14.0},{"not_picked":["Biased Cognition","Hyperbeam+1","Seek"],"picked":"Core Surge+1","floor":16.0},{"not_picked":["Sweeping Beam+1","Turbo","Hologram"],"picked":"Gash+1","floor":18.0},{"not_picked":["Cold Snap+1","Stack","Streamline+1"],"picked":"Defragment","floor":20.0},{"not_picked":["Streamline+1","White Noise","Scrape+1"],"picked":"Chill+1","floor":22.0},{"not_picked":["Scrape+1","Blizzard+1","Stack+1"],"picked":"Consume","floor":23.0},{"not_picked":["Sweeping Beam+1","Auto Shields","Rebound+1","Streamline+1"],"picked":"SKIP","floor":25.0},{"not_picked":["Darkness","Heatsinks+1","Core Surge+1"],"picked":"Go for the Eyes+1","floor":28.0},{"not_picked":["Conserve Battery","Static Discharge","Compile Driver+1","Scrape+1"],"picked":"SKIP","floor":30.0},{"not_picked":["Thunder Strike+1","Buffer","Electrodynamics"],"picked":"Creative AI","floor":33.0},{"not_picked":["Go for the Eyes+1","FTL+1","Tempest+1","Rip and Tear+1"],"picked":"SKIP","floor":35.0},{"not_picked":["Hologram+1","Sweeping Beam+1","Undo"],"picked":"Beam Cell+1","floor":36.0},{"not_picked":["Compile Driver+1","Hologram","Gash+1","Leap"],"picked":"SKIP","floor":38.0},{"not_picked":["Rebound+1","Rip and Tear+1","Redo","Barrage+1"],"picked":"SKIP","floor":39.0},{"not_picked":["Coolheaded+1","Beam Cell+1","Reinforced Body+1"],"picked":"Turbo+1","floor":41.0},{"not_picked":["Tempest","Hologram+1","Beam Cell+1"],"picked":"Seek","floor":44.0},{"not_picked":["HandOfGreed+1","Dramatic Entrance+1","Finesse","Discovery"],"picked":"Singing Bowl","floor":45.0},{"not_picked":["Discovery","PanicButton","Purity","Secret Weapon"],"picked":"Singing Bowl","floor":45.0},{"not_picked":["Madness","Panacea","Magnetism","Enlightenment"],"picked":"Singing Bowl","floor":45.0},{"not_picked":["Doom and Gloom+1","Blizzard+1","Rebound+1"],"picked":"BootSequence","floor":46.0},{"not_picked":["Beam Cell+1","Ball Lightning+1","Reprogram+1"],"picked":"Heatsinks","floor":47.0},{"not_picked":["Force Field+1","Leap","Conserve Battery+1","Doom and Gloom+1"],"picked":"Singing Bowl","floor":48}],"player_experience":272761,"relics_obtained":[{"floor":8.0,"key":"Molten Egg 2"},{"floor":9.0,"key":"Question Card"},{"floor":10.0,"key":"PreservedInsect"},{"floor":12.0,"key":"Potion Belt"},{"floor":23.0,"key":"Bag of Preparation"},{"floor":26.0,"key":"Nunchaku"},{"floor":28.0,"key":"Pear"},{"floor":29.0,"key":"Mummified Hand"},{"floor":31.0,"key":"Peace Pipe"},{"floor":31.0,"key":"HornCleat"},{"floor":41.0,"key":"Smiling Mask"},{"floor":43.0,"key":"Art of War"},{"floor":44.0,"key":"Singing Bowl"},{"floor":48,"key":"Anchor"}],"event_choices":[{"cards_removed":["Strike_B"],"damage_healed":0.0,"max_hp_gain":0.0,"max_hp_loss":0.0,"gold_gain":0.0,"event_name":"Living Wall","player_choice":"Forget","floor":3.0,"gold_loss":0.0,"damage_taken":0.0},{"damage_healed":0.0,"max_hp_gain":0.0,"max_hp_loss":0.0,"gold_gain":30.0,"event_name":"Dead Adventurer","player_choice":"Searched \u00272\u0027 times","floor":8.0,"gold_loss":0.0,"damage_taken":0.0},{"damage_healed":0.0,"max_hp_gain":5.0,"max_hp_loss":0.0,"gold_gain":0.0,"event_name":"Forgotten Altar","player_choice":"Shed Blood","floor":19.0,"gold_loss":0.0,"damage_taken":19.0},{"damage_healed":0.0,"max_hp_gain":0.0,"max_hp_loss":0.0,"gold_gain":0.0,"event_name":"Colosseum","player_choice":"Fight","floor":31.0,"gold_loss":0.0,"damage_taken":0.0},{"damage_healed":0.0,"max_hp_gain":0.0,"max_hp_loss":0.0,"gold_gain":0.0,"event_name":"Colosseum","player_choice":"Fought Nobs","floor":31.0,"gold_loss":0.0,"damage_taken":0.0},{"damage_healed":0.0,"max_hp_gain":0.0,"max_hp_loss":0.0,"gold_gain":0.0,"event_name":"SensoryStone","player_choice":"Memory 3","floor":45.0,"gold_loss":0.0,"damage_taken":10.0}],"is_beta":false,"boss_relics":[{"not_picked":["FrozenCore","Runic Pyramid"],"picked":"Nuclear Battery"},{"not_picked":["SacredBark","Calling Bell"],"picked":"Coffee Dripper"}],"items_purged_floors":[21,37],"is_endless":false,"potions_floor_spawned":[4,11,12,14,16,25,28,31,33,38,44,46,48],"ascension_level":3}}