{"host":"djrarsjwv6revew5","time":1607636269,"event":{"mods":["BaseMod","Colored Map","Colored Powertips","Highlight Path","StSLib","2.2 Compatiblity","AchievementEnabler","DeckTracker","Minty Spire (QoL Compilation)","Random Character Button","Rare Cards Sparkle","Relic Stats","Googly Eyes","Quick Restart","SuperFastMode"],"gold_per_floor":[118,37,37,99,113,113,145,145,168,235,235,252,383,397,397,499,499,512,582,599,282,302,302,146,164,190,190,202,229,229,26,26,26,26],"floor_reached":33,"playtime":1979,"items_purged":[],"score":292,"play_id":"30695e4e-57c3-4b62-9c34-689b643447da","local_time":"20201210223749","is_ascension_mode":false,"campfire_choices":[{"data":"Dark Shackles","floor":6,"key":"SMITH"},{"floor":11,"key":"REST"},{"floor":15,"key":"REST"},{"data":"Seeing Red","floor":23,"key":"SMITH"},{"data":"Cleave","floor":27,"key":"SMITH"},{"floor":30,"key":"REST"},{"data":"Anger","floor":32,"key":"SMITH"}],"circlet_count":0,"master_deck":["Strike_R","Strike_R","Strike_R","Strike_R","Strike_R","Defend_R","Defend_R","Defend_R","Defend_R","Bash","Heavy Blade","Dark Shackles+1","Cleave+1","Iron Wave","Clash","Clothesline","Shrug It Off","Reaper","Blood for Blood","Twin Strike","Perfected Strike","The Bomb","Seeing Red+1","Feel No Pain","Iron Wave+1","Anger+1","Swift Strike","Pommel Strike"],"special_seed":0,"relics":["Burning Blood","Unceasing Top","SsserpentHead","Lantern","Eternal Feather","Philosopher\u0027s Stone","Membership Card","Gremlin Horn","Strawberry","TheAbacus","Oddly Smooth Stone","HornCleat","Prayer Wheel"],"acts_visited":["Exordium","TheCity"],"potions_floor_usage":[10,14,33,33,33],"damage_taken":[{"damage":3,"enemies":"Cultist","floor":1,"turns":5},{"damage":1,"enemies":"2 Louse","floor":5,"turns":4},{"damage":77,"enemies":"Lagavulin","floor":7,"turns":10},{"damage":0,"enemies":"Jaw Worm","floor":10,"turns":1},{"damage":4,"enemies":"Gremlin Gang","floor":12,"turns":3},{"damage":10,"enemies":"Exordium Thugs","floor":14,"turns":4},{"damage":56,"enemies":"Slime Boss","floor":16,"turns":16},{"damage":23,"enemies":"Shell Parasite","floor":18,"turns":8},{"damage":0,"enemies":"Chosen","floor":19,"turns":5},{"damage":12,"enemies":"Snecko","floor":20,"turns":5},{"damage":13,"enemies":"Snake Plant","floor":22,"turns":3},{"damage":25,"enemies":"Shelled Parasite and Fungi","floor":25,"turns":4},{"damage":9,"enemies":"3 Cultists","floor":28,"turns":5},{"damage":52,"enemies":"Book of Stabbing","floor":29,"turns":6},{"damage":110,"enemies":"Champ","floor":33,"turns":9}],"seed_played":"-3246933870511754874","potions_obtained":[{"floor":5,"key":"Fire Potion"},{"floor":7,"key":"SpeedPotion"},{"floor":10,"key":"SteroidPotion"},{"floor":12,"key":"GamblersBrew"},{"floor":22,"key":"GamblersBrew"}],"is_trial":false,"path_per_floor":["M","$","$","?","M","R","E","?","T","M","R","M","T","M","R","B",null,"M","M","M","$","M","R","$","M","T","R","M","E","R","$","R","B"],"character_chosen":"IRONCLAD","items_purchased":["Dark Shackles","Membership Card","Gremlin Horn","The Bomb","Strawberry","TheAbacus","Prayer Wheel","Swift Strike","Pommel Strike"],"campfire_rested":3,"item_purchase_floors":[2,21,21,21,24,24,31,31,31],"current_hp_per_floor":[88,88,88,88,88,88,17,17,17,23,49,51,51,47,82,32,88,71,81,79,79,72,84,91,76,76,88,85,43,86,86,95,0,0],"gold":26,"neow_bonus":"TEN_PERCENT_HP_BONUS","is_daily":false,"chose_seed":false,"campfire_upgraded":4,"win_rate":0.0,"timestamp":1607636269,"path_taken":["M","?","$","?","M","R","E","?","T","?","R","M","?","M","R","BOSS","M","?","M","?","M","R","$","M","T","R","M","E","R","$","R","BOSS"],"build_version":"2020-11-30","purchased_purges":0,"victory":false,"max_hp_per_floor":[88,88,88,88,88,88,88,88,88,88,88,88,88,88,88,88,88,88,88,88,88,88,88,95,95,95,95,95,95,95,95,95,95,95],"relic_stats":{"SsserpentHead":200,"TheAbacus":[30],"Gremlin Horn":[3,3],"counters":[15,88],"Eternal Feather":57,"Prayer Wheel":0,"obtain_stats":[{"Lantern":9,"Gremlin Horn":21,"Oddly Smooth Stone":26,"Eternal Feather":13,"Burning Blood":0,"SsserpentHead":8,"TheAbacus":24,"HornCleat":29,"Strawberry":24,"Philosopher\u0027s Stone":17,"Prayer Wheel":31,"Membership Card":21,"Unceasing Top":7},{"Lantern":3,"Gremlin Horn":10,"Oddly Smooth Stone":12,"Eternal Feather":5,"Burning Blood":0,"SsserpentHead":3,"TheAbacus":11,"HornCleat":14,"Strawberry":11,"Philosopher\u0027s Stone":7,"Prayer Wheel":14,"Membership Card":10,"Unceasing Top":3},{"Lantern":19,"Gremlin Horn":61,"Oddly Smooth Stone":68,"Eternal Feather":23,"Burning Blood":0,"SsserpentHead":19,"TheAbacus":64,"HornCleat":79,"Strawberry":64,"Philosopher\u0027s Stone":43,"Prayer Wheel":79,"Membership Card":61,"Unceasing Top":19}],"Burning Blood":76,"Unceasing Top":[23]},"card_choices":[{"not_picked":["True Grit","Intimidate"],"picked":"Heavy Blade","floor":1},{"not_picked":["Clothesline","Wild Strike"],"picked":"Cleave","floor":5},{"not_picked":["Immolate","Sword Boomerang"],"picked":"Iron Wave","floor":7},{"not_picked":["Warcry","Evolve"],"picked":"Clash","floor":10},{"not_picked":["Whirlwind","Sword Boomerang"],"picked":"Clothesline","floor":12},{"not_picked":["Havoc","True Grit"],"picked":"Shrug It Off","floor":14},{"not_picked":["Bludgeon","Double Tap"],"picked":"Reaper","floor":16},{"not_picked":["Armaments","Pommel Strike"],"picked":"Blood for Blood","floor":18},{"not_picked":["Sentinel","True Grit"],"picked":"Twin Strike","floor":19},{"not_picked":["Thunderclap","Shrug It Off"],"picked":"Perfected Strike","floor":20},{"not_picked":["Sever Soul+1","Pommel Strike"],"picked":"Seeing Red","floor":22},{"not_picked":["True Grit","Blood for Blood"],"picked":"Feel No Pain","floor":25},{"not_picked":["Body Slam","Dark Embrace"],"picked":"Iron Wave+1","floor":28},{"not_picked":["Power Through","Sever Soul"],"picked":"Anger","floor":29}],"player_experience":81254,"relics_obtained":[{"floor":7,"key":"Unceasing Top"},{"floor":9,"key":"Lantern"},{"floor":13,"key":"Eternal Feather"},{"floor":26,"key":"Oddly Smooth Stone"},{"floor":29,"key":"HornCleat"}],"event_choices":[{"damage_healed":0,"gold_gain":62,"player_choice":"Gained Gold","damage_taken":0,"max_hp_gain":0,"max_hp_loss":0,"event_name":"Golden Wing","floor":4,"gold_loss":0},{"damage_healed":0,"gold_gain":0,"player_choice":"Trade","damage_taken":0,"relics_obtained":["SsserpentHead"],"max_hp_gain":0,"max_hp_loss":0,"event_name":"FaceTrader","floor":8,"gold_loss":0}],"is_beta":false,"boss_relics":[{"not_picked":["Sozu","Snecko Eye"],"picked":"Philosopher\u0027s Stone"}],"items_purged_floors":[],"is_endless":false,"potions_floor_spawned":[5,7,10,12,22,29],"killed_by":"Champ","ascension_level":0}}