{"host":"e4wnmsyty9uvvtwf","time":1607608139,"event":{"gold_per_floor":[109,284,301,321,271,271,271,271,271,271,287,143,155,166,166,166,166],"floor_reached":16,"playtime":385,"items_purged":["Pain"],"score":115,"play_id":"aad8ba24-b7da-4f65-acfe-1dda7e7d92ce","local_time":"20201210214859","is_ascension_mode":true,"campfire_choices":[{"data":"TheCursedMod:CollectTribute","floor":6,"key":"SMITH"},{"data":"TheCursedMod:DemonicPact","floor":8,"key":"SMITH"},{"data":"TheCursedMod:CursedSpellbook","floor":10,"key":"SMITH"},{"floor":15,"key":"REST"}],"neow_cost":"NONE","seed_source_timestamp":19062341379700,"circlet_count":0,"master_deck":["TheCursedMod:CursedWand","TheCursedMod:CleanUpWorkshop","TheCursedMod:CursedAmulet","TheCursedMod:RapidMovement","TheCursedMod:Grudge","TheCursedMod:AshesToAshes","TheCursedMod:DemonicPact+1","TheCursedMod:LuckyCharm","TheCursedMod:SpitefulPlan","TheCursedMod:CollectTribute+1","TheCursedMod:StunningStrike","TheCursedMod:CursedSpellbook+1","TheCursedMod:HellfireBreathing"],"relics":["TheCursedMod:CrystalBall","WarpedTongs","Ornamental Fan"],"potions_floor_usage":[],"damage_taken":[{"damage":1,"enemies":"Cultist","floor":1,"turns":4},{"damage":0,"enemies":"Small Slimes","floor":3,"turns":3},{"damage":1,"enemies":"2 Louse","floor":4,"turns":3},{"damage":3,"enemies":"Red Slaver","floor":11,"turns":2},{"damage":12,"enemies":"Lots of Slimes","floor":13,"turns":3},{"damage":18,"enemies":"Large Slime","floor":14,"turns":2},{"damage":0,"enemies":"Slime Boss","floor":16,"turns":1}],"seed_played":"6475930941831373614","potions_obtained":[{"floor":3,"key":"ColorlessPotion"},{"floor":13,"key":"SkillPotion"}],"is_trial":false,"path_per_floor":["M","?","M","M","?","R","?","R","T","R","M","$","M","M","R","B"],"character_chosen":"THE_CURSED","items_purchased":["TheCursedMod:HellfireBreathing"],"campfire_rested":1,"item_purchase_floors":[12],"current_hp_per_floor":[74,74,74,73,73,73,73,73,73,73,70,70,58,40,62,62,62],"gold":166,"neow_bonus":"ONE_RANDOM_RARE_CARD","is_prod":false,"is_daily":false,"chose_seed":false,"campfire_upgraded":3,"win_rate":0,"timestamp":1607608139,"path_taken":["M","?","M","M","?","R","?","R","T","R","?","?","M","M","R","BOSS"],"build_version":"2020-11-30","purchased_purges":1,"victory":false,"max_hp_per_floor":[75,75,75,75,75,75,75,75,75,75,75,75,75,75,75,75,75],"card_choices":[{"not_picked":["TheCursedMod:CursedAmulet","TheCursedMod:RavingStaff","TheCursedMod:CursedMace"],"picked":"SKIP","floor":1},{"not_picked":["TheCursedMod:SpitefulStrike","TheCursedMod:ReleasedStrength"],"picked":"TheCursedMod:CursedSpellbook","floor":3},{"not_picked":["TheCursedMod:CircleOfFocus","TheCursedMod:Obscuration","TheCursedMod:HellfireBreathing"],"picked":"SKIP","floor":4},{"not_picked":["TheCursedMod:HellsGateOpen","TheCursedMod:CursedAmulet","TheCursedMod:Stretching"],"picked":"SKIP","floor":11},{"not_picked":["TheCursedMod:CursedAmulet","TheCursedMod:Wield","TheCursedMod:SoulReap"],"picked":"SKIP","floor":13},{"not_picked":["TheCursedMod:BlessingInDisguise","TheCursedMod:EmpowerCircles","TheCursedMod:SmokeScreen"],"picked":"SKIP","floor":14}],"player_experience":479153,"relics_obtained":[{"floor":9,"key":"Ornamental Fan"}],"event_choices":[{"damage_healed":0,"gold_gain":175,"player_choice":"AGREE","damage_taken":0,"max_hp_gain":0,"max_hp_loss":0,"event_name":"Liars Game","floor":2,"gold_loss":0,"cards_obtained":["Doubt"]},{"cards_removed":["Doubt"],"damage_healed":0,"gold_gain":0,"player_choice":"Card Removal","damage_taken":0,"max_hp_gain":0,"max_hp_loss":0,"event_name":"The Cleric","floor":5,"gold_loss":50},{"damage_healed":0,"gold_gain":0,"player_choice":"Rummage","damage_taken":0,"relics_obtained":["WarpedTongs"],"max_hp_gain":0,"max_hp_loss":0,"event_name":"Accursed Blacksmith","floor":7,"gold_loss":0,"cards_obtained":["Pain"]}],"is_beta":false,"boss_relics":[],"items_purged_floors":[12],"is_endless":false,"potions_floor_spawned":[3,13],"killed_by":"Slime Boss","ascension_level":5}}