{"host":"qzblds3hycbe0oxf","time":1607613289,"event":{"mods":["2.2 Compatiblity","BaseMod","AchievementEnabler","Colored Map","DeckTracker","Highlight Path","Minty Spire (QoL Compilation)","Random Character Button","Rare Cards Sparkle"],"gold_per_floor":[112,112,126,126,139,168,168,199,272,91,91,120,131,147,147,250,250,260,273,273,273,287,287,297,330,382,402,402,415,415,415,415,515,515,527,527,577,594,611,611,611,611],"floor_reached":41,"playtime":3104,"items_purged":[],"score":527,"play_id":"e9b351f0-b477-48e1-9120-467c8c2be2c2","local_time":"20201210161449","is_ascension_mode":true,"campfire_choices":[{"floor":7.0,"key":"REST"},{"floor":15.0,"key":"REST"},{"floor":23.0,"key":"REST"},{"floor":28.0,"key":"REST"},{"floor":30.0,"key":"REST"},{"data":"Alpha","floor":32.0,"key":"SMITH"},{"floor":40.0,"key":"REST"}],"circlet_count":0,"master_deck":["Strike_P","Strike_P","Strike_P","Strike_P","Defend_P+1","Defend_P+1","Defend_P","Defend_P","Eruption+1","Vigilance","ClearTheMind","EmptyBody","DevaForm","Crescendo","MentalFortress","EmptyFist","SpiritShield","Protect","Consecrate","CarveReality","Alpha+1","ThirdEye","CrushJoints+1","FollowUp+1","Protect+1","Devotion","WaveOfTheHand","Prostrate+1","BattleHymn","Judgement","Conclude","ThirdEye+1","Halt","Evaluate+1"],"special_seed":0,"relics":["PureWater","NeowsBlessing","Ginger","Yang","Lee\u0027s Waffle","Nunchaku","Question Card","SlaversCollar","Nloth\u0027s Gift","Meat on the Bone","Orichalcum","Black Star","Girya"],"acts_visited":[],"potions_floor_usage":[41],"damage_taken":[{"damage":0.0,"enemies":"Small Slimes","floor":1.0,"turns":1.0},{"damage":0.0,"enemies":"Jaw Worm","floor":3.0,"turns":1.0},{"damage":0.0,"enemies":"Cultist","floor":5.0,"turns":1.0},{"damage":32.0,"enemies":"Gremlin Nob","floor":6.0,"turns":6.0},{"damage":4.0,"enemies":"Lagavulin","floor":8.0,"turns":7.0},{"damage":20.0,"enemies":"Gremlin Nob","floor":12.0,"turns":5.0},{"damage":3.0,"enemies":"Looter","floor":13.0,"turns":3.0},{"damage":13.0,"enemies":"Lots of Slimes","floor":14.0,"turns":2.0},{"damage":33.0,"enemies":"Slime Boss","floor":16.0,"turns":9.0},{"damage":4.0,"enemies":"Chosen","floor":18.0,"turns":4.0},{"damage":19.0,"enemies":"3 Byrds","floor":19.0,"turns":6.0},{"damage":12.0,"enemies":"Snecko","floor":22.0,"turns":5.0},{"damage":49.0,"enemies":"Sentry and Sphere","floor":24.0,"turns":6.0},{"damage":0.0,"enemies":"Gremlin Leader","floor":25.0,"turns":6.0},{"damage":15.0,"enemies":"Shelled Parasite and Fungi","floor":27.0,"turns":4.0},{"damage":0.0,"enemies":"Snecko","floor":29.0,"turns":5.0},{"damage":61.0,"enemies":"Collector","floor":33.0,"turns":8.0},{"damage":20.0,"enemies":"3 Shapes","floor":35.0,"turns":7.0},{"damage":13.0,"enemies":"Mind Bloom Boss Battle","floor":37.0,"turns":8.0},{"damage":20.0,"enemies":"Orb Walker","floor":38.0,"turns":4.0},{"damage":20.0,"enemies":"Writhing Mass","floor":39.0,"turns":6.0},{"damage":55,"enemies":"Transient","floor":41,"turns":3}],"seed_played":"3605073143777711284","potions_obtained":[{"floor":3.0,"key":"SpeedPotion"},{"floor":6.0,"key":"SpeedPotion"},{"floor":8.0,"key":"GamblersBrew"},{"floor":12.0,"key":"EssenceOfSteel"},{"floor":16.0,"key":"SkillPotion"},{"floor":19.0,"key":"Dexterity Potion"},{"floor":24.0,"key":"EntropicBrew"},{"floor":25.0,"key":"SteroidPotion"},{"floor":27.0,"key":"StancePotion"},{"floor":37.0,"key":"DistilledChaos"},{"floor":38.0,"key":"DistilledChaos"},{"floor":39.0,"key":"FearPotion"}],"is_trial":false,"path_per_floor":["M","?","M","?","M","E","R","E","T","$","?","E","M","M","R","B",null,"M","M","$","?","M","R","M","E","T","M","R","M","R","?","R","B",null,"M","?","?","M","M","R","M"],"character_chosen":"WATCHER","items_purchased":["Lee\u0027s Waffle","EmptyFist"],"campfire_rested":6,"item_purchase_floors":[10,10],"current_hp_per_floor":[72,58,58,58,58,26,47,43,43,79,61,41,38,25,48,15,79,75,56,56,56,44,67,18,18,18,15,38,50,73,73,73,24,79,59,59,46,38,30,52,0,0],"gold":611,"neow_bonus":"THREE_ENEMY_KILL","is_daily":false,"chose_seed":false,"campfire_upgraded":1,"win_rate":0,"timestamp":1607613289,"path_taken":["M","?","M","?","M","E","R","E","T","$","?","E","?","M","R","BOSS","M","M","?","?","M","R","?","E","T","M","R","M","R","?","R","BOSS","M","?","?","?","M","R","M"],"build_version":"2020-11-30","purchased_purges":0,"victory":false,"max_hp_per_floor":[72,72,72,72,72,72,72,72,72,79,79,79,79,79,79,79,79,79,79,79,79,79,79,79,79,79,79,79,79,79,79,79,79,79,79,75,75,75,75,75,75,75],"card_choices":[{"not_picked":["FearNoEvil","Crescendo"],"picked":"ClearTheMind","floor":1.0},{"not_picked":["TalkToTheHand","WaveOfTheHand"],"picked":"EmptyBody","floor":3.0},{"not_picked":["Evaluate","Indignation"],"picked":"DevaForm","floor":5.0},{"not_picked":["Protect","Sanctity"],"picked":"Crescendo","floor":6.0},{"not_picked":["Nirvana","Fasting2"],"picked":"MentalFortress","floor":8.0},{"not_picked":["InnerPeace","EmptyFist"],"picked":"SpiritShield","floor":12.0},{"not_picked":["EmptyFist","FollowUp","FlurryOfBlows"],"picked":"Protect","floor":13.0},{"not_picked":["FlurryOfBlows","Perseverance","ClearTheMind"],"picked":"Consecrate","floor":14.0},{"not_picked":["MasterReality","SandsOfTime","Swivel"],"picked":"CarveReality","floor":15.0},{"not_picked":["MasterReality","ConjureBlade","LessonLearned"],"picked":"Alpha","floor":16.0},{"not_picked":["SashWhip+1","CrushJoints","MentalFortress"],"picked":"ThirdEye","floor":18.0},{"not_picked":["Worship","FlurryOfBlows","Perseverance"],"picked":"CrushJoints+1","floor":19.0},{"not_picked":["Weave","ClearTheMind","ThirdEye+1"],"picked":"FollowUp+1","floor":22.0},{"not_picked":["Weave","CrushJoints+1","ClearTheMind"],"picked":"Protect+1","floor":24.0},{"not_picked":["Consecrate","DeusExMachina","Vengeance"],"picked":"Devotion","floor":25.0},{"not_picked":["Weave","Vengeance","ThirdEye+1"],"picked":"WaveOfTheHand","floor":27.0},{"not_picked":["SashWhip","ReachHeaven","PathToVictory+1"],"picked":"Prostrate+1","floor":29.0},{"not_picked":["Wish","Devotion","Scrawl"],"picked":"Judgement","floor":33.0},{"not_picked":["EmptyBody","DevaForm","FlurryOfBlows+1"],"picked":"Conclude","floor":35.0},{"not_picked":["PathToVictory","CutThroughFate","EmptyBody"],"picked":"ThirdEye+1","floor":37.0},{"not_picked":["FollowUp+1","EmptyBody","Ragnarok"],"picked":"Halt","floor":38.0},{"not_picked":["Halt+1","Crescendo+1","SashWhip"],"picked":"Evaluate+1","floor":39.0}],"player_experience":154030,"relics_obtained":[{"floor":6.0,"key":"Ginger"},{"floor":8.0,"key":"Dream Catcher"},{"floor":9.0,"key":"Yang"},{"floor":12.0,"key":"Question Card"},{"floor":25.0,"key":"Meat on the Bone"},{"floor":26.0,"key":"Orichalcum"},{"floor":37.0,"key":"Girya"}],"event_choices":[{"damage_healed":0.0,"max_hp_gain":0.0,"max_hp_loss":0.0,"gold_gain":0.0,"event_name":"Shining Light","player_choice":"Entered Light","floor":2.0,"gold_loss":0.0,"damage_taken":14.0,"cards_upgraded":["Defend_P","Defend_P"]},{"damage_healed":0.0,"max_hp_gain":0.0,"max_hp_loss":0.0,"gold_gain":0.0,"event_name":"Living Wall","player_choice":"Grow","floor":4.0,"gold_loss":0.0,"damage_taken":0.0,"cards_upgraded":["Eruption"]},{"damage_healed":0.0,"max_hp_gain":0.0,"max_hp_loss":0.0,"gold_gain":0.0,"event_name":"Scrap Ooze","player_choice":"Success","floor":11.0,"gold_loss":0.0,"damage_taken":18.0,"relics_obtained":["Nunchaku"]},{"damage_healed":0.0,"max_hp_gain":0.0,"max_hp_loss":0.0,"gold_gain":0.0,"event_name":"N\u0027loth","player_choice":"Traded Relic","floor":21.0,"relics_lost":["Dream Catcher"],"gold_loss":0.0,"damage_taken":0.0,"relics_obtained":["Nloth\u0027s Gift"]},{"damage_healed":0.0,"max_hp_gain":0.0,"max_hp_loss":0.0,"gold_gain":0.0,"event_name":"The Library","player_choice":"Read","floor":31.0,"gold_loss":0.0,"damage_taken":0.0,"cards_obtained":["BattleHymn"]},{"damage_healed":0.0,"max_hp_gain":0.0,"max_hp_loss":4.0,"gold_gain":0.0,"event_name":"Winding Halls","player_choice":"Max HP","floor":36.0,"gold_loss":0.0,"damage_taken":0.0},{"damage_healed":0.0,"max_hp_gain":0.0,"max_hp_loss":0.0,"gold_gain":0.0,"event_name":"MindBloom","player_choice":"Fight","floor":37.0,"gold_loss":0.0,"damage_taken":0.0}],"is_beta":false,"boss_relics":[{"not_picked":["Runic Pyramid","Fusion Hammer"],"picked":"SlaversCollar"},{"not_picked":["VioletLotus","Empty Cage"],"picked":"Black Star"}],"items_purged_floors":[],"is_endless":false,"potions_floor_spawned":[3,6,8,12,16,19,24,25,27,37,38,39],"killed_by":"Transient","ascension_level":3}}