{"host":"mkv3lj8gfkr85ioo","time":1607559934,"event":{"gold_per_floor":[116,116,66,66,66,100,100,128,128,141,171,171,185,213,213,313,313,283,283,283,283,90,90,40,40,40,40,40,40,40,40,40,40,40,40,40,40,40,40,40,40,40,40,40,40,40,40,40,40,40],"floor_reached":51,"playtime":1940,"items_purged":["Strike_R","Defend_R"],"score":1463,"play_id":"d1950b60-e32c-4ebe-b1b4-1ea2446a71c1","local_time":"20201210092534","is_ascension_mode":true,"campfire_choices":[{"data":"Wild Strike","floor":7.0,"key":"SMITH"},{"data":"Fire Breathing","floor":12.0,"key":"SMITH"},{"data":"Shockwave","floor":15.0,"key":"SMITH"},{"data":"Power Through","floor":32.0,"key":"SMITH"},{"data":"Feel No Pain","floor":40,"key":"SMITH"},{"data":"Havoc","floor":46,"key":"SMITH"},{"floor":49,"key":"REST"}],"neow_cost":"NONE","seed_source_timestamp":83360673123800,"circlet_count":0,"master_deck":["AscendersBane","Bash","Wild Strike+1","Battle Trance","Fire Breathing+1","Offering","Shockwave+1","Feed","Havoc+1","Shrug It Off","Power Through+1","Dark Embrace+1","Fiend Fire","Ghostly Armor","Infernal Blade","Limit Break","Reckless Charge","Impervious","Power Through","Fire Breathing+1","Feel No Pain+1","Shrug It Off+1","Sentinel","Headbutt","Flame Barrier+1"],"special_seed":0,"relics":["Burning Blood","NeowsBlessing","Kunai","Orichalcum","Dream Catcher","TungstenRod","Letter Opener","Bag of Marbles","Ectoplasm","Membership Card","Akabeko","InkBottle","Vajra","Sundial","Pandora\u0027s Box","Thread and Needle","Pantograph","Bottled Flame","CaptainsWheel"],"potions_floor_usage":[38,50,50],"damage_taken":[{"damage":0.0,"enemies":"Jaw Worm","floor":1.0,"turns":1.0},{"damage":0.0,"enemies":"Lagavulin","floor":6.0,"turns":1.0},{"damage":0.0,"enemies":"3 Sentries","floor":8.0,"turns":1.0},{"damage":0.0,"enemies":"2 Louse","floor":10.0,"turns":2.0},{"damage":16.0,"enemies":"Gremlin Nob","floor":11.0,"turns":3.0},{"damage":0.0,"enemies":"Small Slimes","floor":13.0,"turns":3.0},{"damage":13.0,"enemies":"Lagavulin","floor":14.0,"turns":4.0},{"damage":5.0,"enemies":"Slime Boss","floor":16.0,"turns":5.0},{"damage":8.0,"enemies":"2 Thieves","floor":18.0,"turns":4.0},{"damage":6.0,"enemies":"Shell Parasite","floor":20.0,"turns":4.0},{"damage":15.0,"enemies":"Centurion and Healer","floor":21.0,"turns":6.0},{"damage":12.0,"enemies":"3 Cultists","floor":23.0,"turns":4.0},{"damage":11.0,"enemies":"Slavers","floor":25.0,"turns":4.0},{"damage":9.0,"enemies":"Chosen and Byrds","floor":28.0,"turns":4.0},{"damage":9.0,"enemies":"Cultist and Chosen","floor":29.0,"turns":5.0},{"damage":17.0,"enemies":"Book of Stabbing","floor":31.0,"turns":5.0},{"damage":28.0,"enemies":"Collector","floor":33.0,"turns":7.0},{"damage":0.0,"enemies":"Orb Walker","floor":35.0,"turns":2.0},{"damage":5,"enemies":"2 Orb Walkers","floor":36,"turns":2},{"damage":0,"enemies":"3 Shapes","floor":37,"turns":3},{"damage":17,"enemies":"Writhing Mass","floor":38,"turns":4},{"damage":21,"enemies":"Transient","floor":39,"turns":5},{"damage":40,"enemies":"Nemesis","floor":41,"turns":9},{"damage":12,"enemies":"3 Darklings","floor":42,"turns":6},{"damage":0,"enemies":"Spire Growth","floor":44,"turns":5},{"damage":0,"enemies":"Transient","floor":47,"turns":5},{"damage":5,"enemies":"Giant Head","floor":48,"turns":6},{"damage":34,"enemies":"Donu and Deca","floor":50,"turns":7}],"seed_played":"5131504699906710914","potions_obtained":[{"floor":8.0,"key":"Block Potion"},{"floor":13.0,"key":"Ancient Potion"},{"floor":21.0,"key":"SteroidPotion"},{"floor":29.0,"key":"BloodPotion"},{"floor":35.0,"key":"ColorlessPotion"},{"floor":39,"key":"Energy Potion"},{"floor":44,"key":"Block Potion"},{"floor":47,"key":"HeartOfIron"}],"is_trial":false,"path_per_floor":["M","?","?","?","$","E","R","E","T","M","E","R","M","E","R","B",null,"M","?","M","M","$","M","$","E","T","?","M","M","T","E","R","B",null,"M","?","M","M","M","R","E","M","T","M","?","R","M","E","R","B",null],"character_chosen":"IRONCLAD","items_purchased":["Membership Card"],"campfire_rested":1,"item_purchase_floors":[22],"current_hp_per_floor":[78,83,83,76,76,82,82,85,85,85,75,75,81,74,74,75,83,84,68,71,65,65,62,62,60,60,60,60,82,82,74,74,52,99,108,109,118,107,92,92,58,52,52,58,58,58,64,65,99,89],"gold":40,"neow_bonus":"THREE_ENEMY_KILL","is_prod":false,"is_daily":false,"chose_seed":false,"campfire_upgraded":6,"win_rate":0,"timestamp":1607559934,"path_taken":["M","?","?","?","$","E","R","E","T","M","E","R","M","E","R","BOSS","M","?","M","M","$","M","$","E","T","?","M","M","?","E","R","BOSS","M","?","M","M","M","R","E","M","T","M","?","R","M","E","R","BOSS"],"build_version":"2020-11-30","purchased_purges":2,"victory":true,"max_hp_per_floor":[80,85,85,85,85,85,85,85,85,85,85,85,85,85,85,85,85,88,93,96,99,99,102,102,105,105,105,108,111,111,114,114,114,114,117,117,120,120,120,120,120,120,120,120,114,114,114,114,114,117],"card_choices":[{"not_picked":["Anger","Heavy Blade"],"picked":"Wild Strike","floor":1.0},{"not_picked":["Searing Blow","Wild Strike"],"picked":"Battle Trance","floor":6.0},{"not_picked":["Sever Soul","Clothesline"],"picked":"Fire Breathing","floor":8.0},{"not_picked":["Inflame","Anger"],"picked":"Offering","floor":10.0},{"not_picked":["Rupture","Bloodletting","Infernal Blade"],"picked":"SKIP","floor":11.0},{"not_picked":["Flex","Twin Strike"],"picked":"Shockwave","floor":13.0},{"not_picked":["Cleave","Pommel Strike","Seeing Red"],"picked":"SKIP","floor":14.0},{"not_picked":["Brutality","Impervious"],"picked":"Feed","floor":16.0},{"not_picked":["Body Slam","Bloodletting+1","Infernal Blade"],"picked":"SKIP","floor":18.0},{"not_picked":["Havoc","Flex","Armaments"],"picked":"SKIP","floor":20.0},{"not_picked":["Metallicize+1","Sword Boomerang+1"],"picked":"Havoc","floor":21.0},{"not_picked":["Armaments","Sword Boomerang","True Grit"],"picked":"SKIP","floor":23.0},{"not_picked":["Cleave","Iron Wave","Twin Strike"],"picked":"SKIP","floor":25.0},{"not_picked":["Double Tap","Spot Weakness+1"],"picked":"Shrug It Off","floor":28.0},{"not_picked":["Perfected Strike+1","Rupture"],"picked":"Power Through","floor":29.0},{"not_picked":["Carnage","Shrug It Off"],"picked":"Dark Embrace+1","floor":31.0},{"not_picked":["Offering","Reaper"],"picked":"Fiend Fire","floor":33.0},{"not_picked":["Iron Wave","Anger","Shrug It Off"],"picked":"SKIP","floor":35.0},{"not_picked":["Shrug It Off","Wild Strike"],"picked":"Fire Breathing+1","floor":36},{"not_picked":["Sever Soul","True Grit"],"picked":"Feel No Pain","floor":37},{"not_picked":["Cleave","Body Slam"],"picked":"Shrug It Off+1","floor":38},{"not_picked":["Demon Form","Bloodletting","Iron Wave"],"picked":"SKIP","floor":39},{"not_picked":["Wild Strike","Heavy Blade+1"],"picked":"Sentinel","floor":41},{"not_picked":["Rampage","Flex"],"picked":"Headbutt","floor":42},{"not_picked":["Clash","Shrug It Off"],"picked":"Flame Barrier+1","floor":44},{"not_picked":["Sever Soul","Pommel Strike+1","Warcry"],"picked":"SKIP","floor":47},{"not_picked":["Metallicize","Hemokinesis+1","Limit Break"],"picked":"SKIP","floor":48}],"player_experience":121929,"relics_obtained":[{"floor":6.0,"key":"Orichalcum"},{"floor":8.0,"key":"Dream Catcher"},{"floor":9.0,"key":"TungstenRod"},{"floor":11.0,"key":"Letter Opener"},{"floor":14.0,"key":"Bag of Marbles"},{"floor":25.0,"key":"Akabeko"},{"floor":26.0,"key":"InkBottle"},{"floor":30.0,"key":"Vajra"},{"floor":31.0,"key":"Sundial"},{"floor":36,"key":"Thread and Needle"},{"floor":41,"key":"Pantograph"},{"floor":43,"key":"Bottled Flame"},{"floor":48,"key":"CaptainsWheel"}],"event_choices":[{"damage_healed":0.0,"max_hp_gain":5.0,"max_hp_loss":0.0,"gold_gain":0.0,"event_name":"Big Fish","player_choice":"Donut","floor":2.0,"gold_loss":0.0,"damage_taken":0.0},{"cards_removed":["Strike_R"],"damage_healed":0.0,"max_hp_gain":0.0,"max_hp_loss":0.0,"gold_gain":0.0,"event_name":"The Cleric","player_choice":"Card Removal","floor":3.0,"gold_loss":50.0,"damage_taken":0.0},{"damage_healed":0.0,"max_hp_gain":0.0,"max_hp_loss":0.0,"gold_gain":0.0,"event_name":"Scrap Ooze","player_choice":"Success","floor":4.0,"gold_loss":0.0,"damage_taken":7.0,"relics_obtained":["Kunai"]},{"damage_healed":0.0,"max_hp_gain":5.0,"max_hp_loss":0.0,"gold_gain":0.0,"event_name":"Forgotten Altar","player_choice":"Shed Blood","floor":19.0,"gold_loss":0.0,"damage_taken":22.0},{"damage_healed":0.0,"max_hp_gain":0.0,"max_hp_loss":0.0,"gold_gain":0.0,"event_name":"Ghosts","player_choice":"Ignored","floor":27.0,"gold_loss":0.0,"damage_taken":0.0},{"damage_healed":0,"gold_gain":0,"player_choice":"Fight","damage_taken":0,"max_hp_gain":0,"max_hp_loss":0,"event_name":"Mysterious Sphere","floor":36,"gold_loss":0},{"damage_healed":0,"gold_gain":0,"player_choice":"Max HP","damage_taken":0,"max_hp_gain":0,"max_hp_loss":6,"event_name":"Winding Halls","floor":45,"gold_loss":0}],"is_beta":false,"boss_relics":[{"not_picked":["Runic Dome","Empty Cage"],"picked":"Ectoplasm"},{"not_picked":["Fusion Hammer","Astrolabe"],"picked":"Pandora\u0027s Box"}],"items_purged_floors":[22,24],"is_endless":false,"potions_floor_spawned":[8,13,21,25,28,29,35,39,44,47,48],"ascension_level":12}}