{"host":"rih3m63woujmecfd","time":1607604415,"event":{"gold_per_floor":[115,130,145,161,10,10,36,36,36,49,59,71,90,107,107,212,212,226,35,50,67,67,67,81,113,113,113,113,113],"floor_reached":28,"playtime":826,"items_purged":[],"score":271,"play_id":"4b7fdb6a-62af-42c2-b66c-1ae180a9ad3f","local_time":"20201210204655","daily_mods":["Vintage","Heirloom","Time Dilation","Flight","DeadlyEvents","Elite Swarm","Lethality"],"is_ascension_mode":false,"campfire_choices":[{"data":"KidneyShot","floor":6,"key":"SMITH"},{"data":"TrueSight","floor":8,"key":"SMITH"},{"floor":15,"key":"REST"},{"data":"SoulSculpture","floor":23,"key":"SMITH"},{"floor":27,"key":"REST"},{"floor":28,"key":"REST"}],"neow_cost":"","seed_source_timestamp":0,"circlet_count":0,"master_deck":["Strike_S","Strike_S","Strike_S","Strike_S","Defend_S","Defend_S","Defend_S+1","Defend_S+1","KidneyShot+1","Exchange","TrueSight+1","SoulSculpture+1","ReturningBlade","MurderousAura+1"],"special_seed":0,"relics":["Uniform","Replay:PocketPolymizer","Strawberry","Ornamental Fan","Pear","MealTicket","Membership Card","Mercury Hourglass","Oddly Smooth Stone","Gremlin Food","OldScarf","HornCleat","Art of War","Nunchaku","Black Star","Pet Ghost","Potion Belt","Frozen Eye","Du-Vu Doll","Bag of Marbles","Mirror","StoneCalendar","ReplayTheSpireMod:Shallot","KneeBrace"],"potions_floor_usage":[],"damage_taken":[{"damage":5.0,"enemies":"2 Louse","floor":1.0,"turns":2.0},{"damage":11.0,"enemies":"Small Slimes","floor":2.0,"turns":2.0},{"damage":0.0,"enemies":"Cultist","floor":3.0,"turns":2.0},{"damage":8.0,"enemies":"Looter","floor":4.0,"turns":2.0},{"damage":13,"enemies":"Gremlin Nob","floor":7,"turns":4},{"damage":0,"enemies":"3 Louse","floor":10,"turns":1},{"damage":0,"enemies":"2 Fungi Beasts","floor":11,"turns":2},{"damage":7,"enemies":"Large Slime","floor":12,"turns":3},{"damage":5,"enemies":"Exordium Wildlife","floor":13,"turns":2},{"damage":0,"enemies":"3 Louse","floor":14,"turns":2},{"damage":44,"enemies":"Hexaghost","floor":16,"turns":9},{"damage":6,"enemies":"Shell Parasite","floor":18,"turns":3},{"damage":0,"enemies":"Spheric Guardian","floor":20,"turns":1},{"damage":14,"enemies":"Shelled Parasite and Fungi","floor":21,"turns":4},{"damage":0,"enemies":"3 Cultists","floor":24,"turns":4},{"damage":74,"enemies":"Slavers","floor":25,"turns":5}],"seed_played":"-4490660299026126255","potions_obtained":[{"floor":3.0,"key":"Elixir"},{"floor":4.0,"key":"AttackPotion"},{"floor":7,"key":"GamblersBrew"},{"floor":20,"key":"Ancient Potion"},{"floor":24,"key":"Adrenaline Potion"}],"is_trial":true,"path_per_floor":["M","M","M","M","$","R","E","R","T","M","M","M","M","M","R","B",null,"M","$","M","M","$","R","M","E","T","R","R"],"character_chosen":"THE_SERVANT","items_purchased":["Membership Card","Potion Belt","Frozen Eye","ReturningBlade"],"campfire_rested":3,"item_purchase_floors":[5,19,19,19],"current_hp_per_floor":[67,56,66,58,73,73,60,60,60,60,60,53,48,48,72,28,82,76,82,82,68,82,82,82,8,8,32,56,56],"gold":113,"neow_bonus":"","is_prod":false,"is_daily":false,"chose_seed":false,"campfire_upgraded":3,"win_rate":0.0,"timestamp":1607604415,"path_taken":["M","M","M","M","$","R","E","R","T","M","M","M","M","M","R","BOSS","M","$","M","M","$","R","M","E","T","R","R"],"build_version":"2020-11-30","purchased_purges":0,"victory":false,"max_hp_per_floor":[72,72,82,82,82,82,82,82,82,82,82,82,82,82,82,82,82,82,82,82,82,82,82,82,82,82,82,82,82],"card_choices":[{"not_picked":["Solidify","TheWorld"],"picked":"TrueSight","floor":7},{"not_picked":["Duplication","Embodiment"],"picked":"SoulSculpture","floor":16},{"not_picked":["Deny","TheWorld"],"picked":"MurderousAura","floor":25}],"player_experience":115153,"relics_obtained":[{"floor":1.0,"key":"Strawberry"},{"floor":2.0,"key":"Ornamental Fan"},{"floor":3.0,"key":"Pear"},{"floor":4.0,"key":"MealTicket"},{"floor":7,"key":"Mercury Hourglass"},{"floor":9,"key":"Oddly Smooth Stone"},{"floor":10,"key":"Gremlin Food"},{"floor":11,"key":"OldScarf"},{"floor":12,"key":"HornCleat"},{"floor":13,"key":"Art of War"},{"floor":14,"key":"Nunchaku"},{"floor":18,"key":"Pet Ghost"},{"floor":20,"key":"Du-Vu Doll"},{"floor":21,"key":"Bag of Marbles"},{"floor":24,"key":"Mirror"},{"floor":25,"key":"StoneCalendar"},{"floor":25,"key":"ReplayTheSpireMod:Shallot"},{"floor":26,"key":"KneeBrace"}],"event_choices":[],"is_beta":false,"boss_relics":[{"not_picked":["Velvet Choker","Astrolabe"],"picked":"Black Star"}],"items_purged_floors":[],"is_endless":true,"potions_floor_spawned":[3,4,7,16,20,24],"ascension_level":0}}