{"host":"hzyv8pm5uot6l4n9","time":1607636752,"event":{"mods":["BaseMod","StSLib","Aspiration","Replay The Spire","Minty Spire (QoL Compilation)","Dota2Spire","The Dragon Tamer","Act Like it!","Better Note","Better Third Choice","BetterRewards","Conspire","Energized Spire","GifTheSpireLib","Halation","Hallownest","QueenMod","Quick Restart","Stuff the Spire","vexMod","The Cursed","The Servant 0.9.4"],"gold_per_floor":[114,164,31,57,57,89,89,123,123,138,138,164,64,74,74,176,176,187,33,49,20,33,68,86,86,86,86,86,86,99,131,131,131,131],"floor_reached":33,"playtime":1834,"items_purged":["Amnesia","ReplayTheSpireMod:Splinters","Doubt"],"score":512,"play_id":"19d2d1a5-9e0e-41fb-8582-b8e873f8e237","local_time":"20201210224552","is_ascension_mode":true,"campfire_choices":[{"data":"Exchange","floor":7,"key":"SMITH"},{"data":"Solidify","floor":15,"key":"SMITH"},{"data":"SilverBlades","floor":25,"key":"SMITH"},{"data":"KillingDoll","floor":27,"key":"SMITH"},{"data":"BestPractice","floor":29,"key":"SMITH"},{"data":"Alleviate","floor":32,"key":"SMITH"}],"circlet_count":0,"master_deck":["Defend_S+1","Defend_S+1","Defend_S+1","Defend_S+1","KidneyShot","Exchange+1","BestPractice+1","Orbit+1","Ricochet","DualDimension","Solidify+1","Alleviate+1","ShiftingGears","KillingDoll+1","Replace","TheWorld","BottledTime","Rearm","Rearm","Deadline+1","SilverBlades+1","Gouge+1","SpecialFormula+1"],"relics":["Uniform","NeowsBlessing","Ring of Greed","Ring of Panic","Blue Doll","MealTicket","aspiration:ChemicalBlood","Replay:Bottled Snecko","Replay:Ringing Soul","Replay:Bottled Eggs","Toy Ornithopter","Empty Cage","StuffTheSpire:Experiment12","The Courier","StuffTheSpire:Nightcore"],"acts_visited":["Exordium","Hallownest:Greenpath"],"potions_floor_usage":[12,14,16,16,22,23,23,31,31,33],"damage_taken":[{"damage":0,"enemies":"Hallownest:monsterHuskGuard","floor":1,"turns":1},{"damage":0,"enemies":"Hallownest:eliteMossKnight","floor":4,"turns":1},{"damage":0,"enemies":"Hallownest:eliteMossKnight","floor":6,"turns":1},{"damage":8,"enemies":"Hallownest:eliteVengeflyKing","floor":8,"turns":5},{"damage":15,"enemies":"2_ Uuma","floor":10,"turns":3},{"damage":19,"enemies":"Hallownest:eliteCrystalGuardian","floor":12,"turns":8},{"damage":4,"enemies":"Hallownest:2_Tiktiks_and_1_Crawlid","floor":14,"turns":2},{"damage":8,"enemies":"Hallownest:BossFalseKnight","floor":16,"turns":9},{"damage":12,"enemies":"Hallownest:Guard_and_Sentry","floor":18,"turns":7},{"damage":0,"enemies":"Hallownest:3_Youths","floor":20,"turns":4},{"damage":4,"enemies":"Hallownest:Warrior_and_Youth","floor":22,"turns":3},{"damage":5,"enemies":"Hallownest:Nosk","floor":23,"turns":8},{"damage":6,"enemies":"Hallownest:Master_and_Novice","floor":24,"turns":3},{"damage":0,"enemies":"Hallownest:2_Flukemon","floor":30,"turns":5},{"damage":35,"enemies":"Hallownest:eliteSoulWarrior","floor":31,"turns":5},{"damage":71,"enemies":"Hallownest:BossGrimm","floor":33,"turns":6}],"seed_played":"-7157870335637168648","potions_obtained":[{"floor":1,"key":"Strength Potion"},{"floor":12,"key":"Explosive Potion"},{"floor":16,"key":"Dota2Spire:Clarity"},{"floor":18,"key":"Energy Potion"},{"floor":22,"key":"Languid Potion"},{"floor":23,"key":"Energy Potion"},{"floor":30,"key":"PowerPotion"},{"floor":31,"key":"SpeedPotion"},{"floor":31,"key":"Dota2Spire:Clarity"}],"is_trial":false,"path_per_floor":["M","?","$","?","?","E","R","E","T","M","?","E","$","M","R","B",null,"M","$","M","$","M","E","M","R","T","R","?","R","M","E","R","B"],"character_chosen":"THE_SERVANT","items_purchased":["Orbit+1","Ricochet","Rearm","Deadline"],"campfire_rested":0,"item_purchase_floors":[3,3,19,21],"current_hp_per_floor":[59,59,65,65,65,65,65,60,60,48,48,32,47,51,51,56,69,60,78,78,82,85,80,74,74,74,74,74,74,77,55,55,0,0],"gold":131,"neow_bonus":"THREE_ENEMY_KILL","is_daily":false,"chose_seed":false,"campfire_upgraded":6,"win_rate":0,"timestamp":1607636752,"path_taken":["M","?","$","?","?","E","R","E","T","M","?","E","?","M","R","BOSS","M","$","M","?","M","E","M","R","T","R","?","R","M","E","R","BOSS"],"build_version":"2020-11-30","purchased_purges":3,"victory":false,"max_hp_per_floor":[65,65,65,65,65,65,65,68,68,71,64,67,67,70,70,73,73,76,79,79,82,85,85,85,85,85,85,85,85,88,91,91,91,91],"card_choices":[{"not_picked":["Barrier","Potential"],"picked":"BestPractice","floor":1},{"not_picked":["Deadline","ShatteredReality"],"picked":"DualDimension","floor":4},{"not_picked":["FastForward","Ricochet"],"picked":"Solidify","floor":6},{"not_picked":["Snipe","Unruled"],"picked":"Alleviate","floor":8},{"not_picked":["Revamp","Orbit"],"picked":"ShiftingGears","floor":10},{"not_picked":["Starlight","Potential"],"picked":"KillingDoll","floor":12},{"not_picked":["Unruled","Defy"],"picked":"Replace","floor":14},{"not_picked":["Deny","PendulumOfEternity"],"picked":"TheWorld","floor":16},{"not_picked":["Starlight","Ricochet"],"picked":"BottledTime","floor":18},{"not_picked":["Moonlight","Comet","FastForward"],"picked":"SKIP","floor":20},{"not_picked":["Manipulate","ShatteredReality"],"picked":"SilverBlades","floor":22},{"not_picked":["Comet+1","DoubleEdge","ShatteredReality"],"picked":"SKIP","floor":23},{"not_picked":["Shuttle","LightFlow","Replace"],"picked":"SKIP","floor":24},{"not_picked":["Luminosity","Starlight+1"],"picked":"Gouge+1","floor":30},{"not_picked":["DoubleEdge","Rewind"],"picked":"SpecialFormula+1","floor":31}],"player_experience":465594,"relics_obtained":[{"floor":2,"key":"Ring of Greed"},{"floor":2,"key":"Ring of Panic"},{"floor":2,"key":"Blue Doll"},{"floor":2,"key":"MealTicket"},{"floor":4,"key":"aspiration:ChemicalBlood"},{"floor":6,"key":"Replay:Bottled Snecko"},{"floor":8,"key":"Replay:Ringing Soul"},{"floor":9,"key":"Replay:Bottled Eggs"},{"floor":12,"key":"Toy Ornithopter"},{"floor":23,"key":"StuffTheSpire:Experiment12"},{"floor":26,"key":"The Courier"},{"floor":31,"key":"StuffTheSpire:Nightcore"}],"event_choices":[],"is_beta":false,"boss_relics":[{"not_picked":["Sozu","Dota2Spire:Bloodstone"],"picked":"Empty Cage"}],"items_purged_floors":[3,13,19],"is_endless":false,"potions_floor_spawned":[1,12,16,18,23,30,31],"killed_by":"Hallownest:BossGrimm","ascension_level":9}}