{"host":"brlhu57vzmgrzvkq","time":1607566617,"event":{"gold_per_floor":[118,129,148,163,180,208,208,227,227,227,239,211,211,223,223,328,328,347,347,363,382,382,382],"floor_reached":22,"playtime":649,"items_purged":[],"score":211,"play_id":"dacdb187-78e2-4be0-8ef3-11408848250a","local_time":"20201209191657","is_ascension_mode":true,"campfire_choices":[{"data":"Neutralize","floor":7,"key":"SMITH"},{"floor":10,"key":"REST"},{"floor":15,"key":"REST"}],"neow_cost":"NONE","seed_source_timestamp":750035047572500,"circlet_count":0,"master_deck":["Strike_G","Strike_G","Strike_G","Strike_G","Strike_G","Defend_G","Defend_G","Defend_G","Defend_G","Defend_G","Survivor","Neutralize+1","Night Terror","Backflip","PiercingWail","Noxious Fumes","Predator","Flying Knee","Skewer","Die Die Die","J.A.X.","Dagger Spray"],"relics":["Ring of the Snake","Blood Vial","Mango","Snecko Eye"],"potions_floor_usage":[6,16,18],"damage_taken":[{"damage":0,"enemies":"Cultist","floor":1,"turns":5},{"damage":3,"enemies":"2 Louse","floor":2,"turns":3},{"damage":0,"enemies":"Small Slimes","floor":3,"turns":4},{"damage":3,"enemies":"Blue Slaver","floor":4,"turns":6},{"damage":1,"enemies":"Exordium Wildlife","floor":5,"turns":6},{"damage":42,"enemies":"Lagavulin","floor":6,"turns":8},{"damage":15,"enemies":"2 Fungi Beasts","floor":8,"turns":5},{"damage":20,"enemies":"Gremlin Gang","floor":11,"turns":5},{"damage":9,"enemies":"Red Slaver","floor":14,"turns":4},{"damage":35,"enemies":"Hexaghost","floor":16,"turns":13},{"damage":2,"enemies":"Chosen","floor":18,"turns":4},{"damage":3,"enemies":"3 Byrds","floor":20,"turns":5},{"damage":68,"enemies":"Centurion and Healer","floor":21,"turns":7},{"damage":19,"enemies":"Sentry and Sphere","floor":22,"turns":4}],"seed_played":"670795051562336492","potions_obtained":[{"floor":2,"key":"DistilledChaos"},{"floor":6,"key":"SpeedPotion"},{"floor":8,"key":"Poison Potion"},{"floor":14,"key":"Explosive Potion"},{"floor":18,"key":"Ancient Potion"}],"is_trial":false,"path_per_floor":["M","M","M","M","M","E","R","M","T","R","M","?","?","M","R","B",null,"M","?","M","M","M"],"character_chosen":"THE_SILENT","items_purchased":[],"campfire_rested":2,"item_purchase_floors":[],"current_hp_per_floor":[70,67,67,64,63,21,21,8,22,47,29,29,29,22,47,14,84,82,82,81,15,0,0],"gold":382,"neow_bonus":"ONE_RANDOM_RARE_CARD","is_prod":false,"is_daily":false,"chose_seed":false,"campfire_upgraded":1,"win_rate":0,"timestamp":1607566617,"path_taken":["M","M","?","M","M","E","R","M","T","R","M","?","?","M","R","BOSS","M","?","M","M","M"],"build_version":"2020-11-30","purchased_purges":0,"victory":false,"max_hp_per_floor":[70,70,70,70,70,70,70,70,84,84,84,84,84,84,84,84,84,84,84,84,84,84,84],"card_choices":[{"not_picked":["Outmaneuver","Dodge and Roll"],"picked":"Backflip","floor":1},{"not_picked":["Choke","Dodge and Roll"],"picked":"PiercingWail","floor":2},{"not_picked":["Outmaneuver","Blur"],"picked":"Noxious Fumes","floor":3},{"not_picked":["Quick Slash","Blade Dance","Backflip"],"picked":"SKIP","floor":4},{"not_picked":["Choke","Tactician","Blade Dance"],"picked":"SKIP","floor":5},{"not_picked":["Eviscerate","A Thousand Cuts"],"picked":"Predator","floor":6},{"not_picked":["Catalyst","Quick Slash"],"picked":"Flying Knee","floor":8},{"not_picked":["Deadly Poison","Slice"],"picked":"Skewer","floor":11},{"not_picked":["Dodge and Roll","Slice","Outmaneuver"],"picked":"SKIP","floor":14},{"not_picked":["Tools of the Trade","Glass Knife"],"picked":"Die Die Die","floor":16},{"not_picked":["Underhanded Strike","Deflect","Outmaneuver"],"picked":"SKIP","floor":18},{"not_picked":["Endless Agony","Underhanded Strike"],"picked":"Dagger Spray","floor":20},{"not_picked":["Expertise","Flying Knee","Predator"],"picked":"SKIP","floor":21}],"player_experience":55910,"relics_obtained":[{"floor":6,"key":"Blood Vial"},{"floor":9,"key":"Mango"}],"event_choices":[{"damage_healed":0,"gold_gain":0,"player_choice":"Left Gold","damage_taken":0,"max_hp_gain":0,"max_hp_loss":0,"event_name":"World of Goop","floor":12,"gold_loss":28},{"damage_healed":0,"gold_gain":0,"player_choice":"Ignored","damage_taken":0,"max_hp_gain":0,"max_hp_loss":0,"event_name":"Golden Idol","floor":13,"gold_loss":0},{"damage_healed":0,"gold_gain":0,"player_choice":"Obtain J.A.X.","damage_taken":0,"max_hp_gain":0,"max_hp_loss":0,"event_name":"Drug Dealer","floor":19,"gold_loss":0,"cards_obtained":["J.A.X."]}],"is_beta":false,"boss_relics":[{"not_picked":["Runic Dome","HoveringKite"],"picked":"Snecko Eye"}],"items_purged_floors":[],"is_endless":false,"potions_floor_spawned":[2,6,8,14,18],"killed_by":"Sentry and Sphere","ascension_level":2}}