{"host":"aeidq2c3auzxo1yh","time":1607570882,"event":{"gold_per_floor":[118,41,54,54,73,73,117,147,147,147,147,188,207,242,242,335,335,359,274,294,315,34,68,68,68,68,68,68,111,149,165,165,254,254,267,2,22,37,51,51,82,304,330,330,330,330],"floor_reached":45,"playtime":2864,"items_purged":["Strike_R"],"score":1123,"play_id":"668eeb14-334b-4cd4-bd2b-f136a2ad83c1","local_time":"20201210082802","is_ascension_mode":true,"campfire_choices":[{"data":"Bash","floor":6,"key":"SMITH"},{"data":"Wild Strike","floor":10,"key":"SMITH"},{"data":"Metallicize","floor":15,"key":"SMITH"},{"data":"Demon Form","floor":24,"key":"SMITH"},{"data":"Metallicize","floor":28,"key":"SMITH"},{"floor":32,"key":"REST"},{"floor":40,"key":"REST"},{"floor":44,"key":"REST"}],"neow_cost":"NONE","seed_source_timestamp":3082660840942600,"circlet_count":0,"master_deck":["AscendersBane","Strike_R+1","Strike_R+1","Defend_R","Defend_R","Defend_R","Defend_R","Bash+1","Shrug It Off","Wild Strike+1","Seeing Red","Iron Wave","Flex","Uppercut","Metallicize+1","Metallicize+1","Demon Form+1","Immolate","Feed","Armaments+1","Disarm+1","Heavy Blade","Flex+1","Sword Boomerang","Limit Break+1"],"relics":["Burning Blood","Lizard Tail","Golden Idol","Pear","Odd Mushroom","Ginger","Whetstone","Shuriken","SlaversCollar","Bronze Scales","Bottled Tornado","Singing Bowl","Toxic Egg 2","Vajra","Red Mask","Runic Pyramid","StrikeDummy"],"potions_floor_usage":[7,16,18,20,23,29,31,33,38,38,39,39,41,41,45],"damage_taken":[{"damage":5,"enemies":"2 Louse","floor":1,"turns":4},{"damage":3,"enemies":"Cultist","floor":3,"turns":4},{"damage":0,"enemies":"Jaw Worm","floor":5,"turns":4},{"damage":3,"enemies":"Gremlin Nob","floor":7,"turns":3},{"damage":28,"enemies":"The Mushroom Lair","floor":8,"turns":6},{"damage":47,"enemies":"3 Sentries","floor":12,"turns":11},{"damage":7,"enemies":"2 Fungi Beasts","floor":13,"turns":2},{"damage":5,"enemies":"Gremlin Nob","floor":14,"turns":3},{"damage":9,"enemies":"The Guardian","floor":16,"turns":11},{"damage":7,"enemies":"Chosen","floor":18,"turns":6},{"damage":30,"enemies":"2 Thieves","floor":20,"turns":5},{"damage":21,"enemies":"Centurion and Healer","floor":21,"turns":6},{"damage":48,"enemies":"Book of Stabbing","floor":23,"turns":6},{"damage":23,"enemies":"Slavers","floor":29,"turns":3},{"damage":34,"enemies":"Masked Bandits","floor":30,"turns":3},{"damage":8,"enemies":"Snake Plant","floor":31,"turns":4},{"damage":51,"enemies":"Automaton","floor":33,"turns":8},{"damage":10,"enemies":"Orb Walker","floor":35,"turns":3},{"damage":4,"enemies":"3 Shapes","floor":37,"turns":8},{"damage":58,"enemies":"Transient","floor":38,"turns":6},{"damage":22,"enemies":"4 Shapes","floor":39,"turns":10},{"damage":57,"enemies":"Reptomancer","floor":41,"turns":6},{"damage":45,"enemies":"Spire Growth","floor":45,"turns":5}],"seed_played":"415688149996928557","potions_obtained":[{"floor":5,"key":"Strength Potion"},{"floor":12,"key":"Explosive Potion"},{"floor":13,"key":"LiquidMemories"},{"floor":16,"key":"Weak Potion"},{"floor":20,"key":"LiquidMemories"},{"floor":23,"key":"Fire Potion"},{"floor":29,"key":"PowerPotion"},{"floor":30,"key":"SkillPotion"},{"floor":37,"key":"ColorlessPotion"},{"floor":38,"key":"EntropicBrew"},{"floor":39,"key":"SpeedPotion"},{"floor":41,"key":"ColorlessPotion"}],"is_trial":false,"path_per_floor":["M","?","M","?","M","R","E","?","T","R","?","E","M","E","R","B",null,"M","?","M","M","$","E","R","?","T","?","R","E","?","M","R","B",null,"M","$","M","M","M","R","E","?","T","R","M"],"character_chosen":"IRONCLAD","items_purchased":["Bottled Tornado","Heavy Blade","Flex+1","LiquidMemories"],"campfire_rested":3,"item_purchase_floors":[22,36,36,36],"current_hp_per_floor":[76,76,79,51,57,57,70,48,48,48,78,37,36,37,37,34,78,77,77,53,38,38,45,45,45,45,64,64,50,25,25,55,12,81,82,82,89,39,26,61,10,10,10,45,0,0],"gold":330,"neow_bonus":"TEN_PERCENT_HP_BONUS","is_prod":false,"is_daily":false,"chose_seed":false,"campfire_upgraded":5,"win_rate":0,"timestamp":1607570882,"path_taken":["M","?","?","?","M","R","E","?","T","R","?","E","M","E","R","BOSS","M","?","M","M","$","E","R","?","T","?","R","E","?","M","R","BOSS","M","$","M","M","M","R","E","?","T","R","M"],"build_version":"2020-11-30","purchased_purges":1,"victory":false,"max_hp_per_floor":[82,82,82,82,82,82,92,92,92,92,92,92,92,92,92,92,92,92,92,92,92,92,94,94,94,94,94,94,97,100,102,102,104,104,109,109,114,116,119,119,119,119,119,119,119,119],"relic_stats":{"Lizard Tail":46,"Singing Bowl":12,"counters":[23,127],"Golden Idol":134,"Shuriken":[9],"Bronze Scales":[215],"Ginger":[11],"Whetstone":["Strike_R","Strike_R"],"obtain_stats":[{"Pear":7,"Singing Bowl":23,"Golden Idol":4,"Vajra":29,"Ginger":9,"Whetstone":12,"Odd Mushroom":8,"Bottled Tornado":22,"Burning Blood":0,"SlaversCollar":17,"Lizard Tail":2,"Shuriken":14,"Bronze Scales":19,"Red Mask":30,"Toxic Egg 2":26,"StrikeDummy":41,"Runic Pyramid":34},{"Pear":4,"Singing Bowl":13,"Golden Idol":2,"Vajra":14,"Ginger":5,"Whetstone":6,"Odd Mushroom":5,"Bottled Tornado":12,"Burning Blood":0,"SlaversCollar":9,"Lizard Tail":1,"Shuriken":8,"Bronze Scales":10,"Red Mask":15,"Toxic Egg 2":13,"StrikeDummy":22,"Runic Pyramid":17},{"Pear":15,"Singing Bowl":71,"Golden Idol":8,"Vajra":74,"Ginger":21,"Whetstone":32,"Odd Mushroom":21,"Bottled Tornado":65,"Burning Blood":0,"SlaversCollar":48,"Lizard Tail":4,"Shuriken":37,"Bronze Scales":54,"Red Mask":77,"Toxic Egg 2":71,"StrikeDummy":122,"Runic Pyramid":89}],"Burning Blood":132},"card_choices":[{"not_picked":["Heavy Blade","Infernal Blade"],"picked":"Shrug It Off","floor":1},{"not_picked":["Pommel Strike","Anger"],"picked":"Wild Strike","floor":3},{"not_picked":["Perfected Strike","Limit Break"],"picked":"Seeing Red","floor":5},{"not_picked":["Feel No Pain","Sentinel"],"picked":"Iron Wave","floor":7},{"not_picked":["Sword Boomerang","Heavy Blade"],"picked":"Flex","floor":8},{"not_picked":["Headbutt","Twin Strike"],"picked":"Uppercut","floor":12},{"not_picked":["Shockwave","Clothesline"],"picked":"Metallicize","floor":13},{"not_picked":["Evolve","Offering"],"picked":"Metallicize","floor":14},{"not_picked":["Double Tap","Impervious"],"picked":"Demon Form","floor":16},{"not_picked":["Second Wind","Havoc","Cleave+1"],"picked":"SKIP","floor":18},{"not_picked":["Headbutt","Dual Wield","Infernal Blade"],"picked":"SKIP","floor":20},{"not_picked":["Armaments","Dual Wield","Headbutt"],"picked":"SKIP","floor":21},{"not_picked":["Pommel Strike","Clothesline","Sever Soul"],"picked":"Singing Bowl","floor":23},{"not_picked":["Thunderclap","Headbutt"],"picked":"Armaments+1","floor":29},{"not_picked":["Blood for Blood","Pommel Strike"],"picked":"Disarm+1","floor":30},{"not_picked":["Clothesline","Cleave","Pommel Strike"],"picked":"Singing Bowl","floor":31},{"not_picked":["Demon Form","Bludgeon","Fiend Fire"],"picked":"Singing Bowl","floor":33},{"not_picked":["Clothesline+1","Cleave","Reckless Charge"],"picked":"Singing Bowl","floor":35},{"not_picked":["Cleave","Reckless Charge","Anger"],"picked":"Singing Bowl","floor":37},{"not_picked":["Sever Soul","Perfected Strike+1","Power Through+1"],"picked":"Singing Bowl","floor":38},{"not_picked":["Dual Wield+1","Flex+1"],"picked":"Sword Boomerang","floor":39},{"not_picked":["Dual Wield+1","Twin Strike"],"picked":"Limit Break+1","floor":41}],"player_experience":822764,"relics_obtained":[{"floor":7,"key":"Pear"},{"floor":8,"key":"Odd Mushroom"},{"floor":9,"key":"Ginger"},{"floor":12,"key":"Whetstone"},{"floor":14,"key":"Shuriken"},{"floor":23,"key":"Singing Bowl"},{"floor":26,"key":"Toxic Egg 2"},{"floor":29,"key":"Vajra"},{"floor":30,"key":"Red Mask"},{"floor":41,"key":"StrikeDummy"}],"event_choices":[{"damage_healed":0,"gold_gain":0,"player_choice":"Paid Gold","damage_taken":0,"relics_obtained":["Lizard Tail"],"max_hp_gain":0,"max_hp_loss":0,"event_name":"WeMeetAgain","floor":2,"gold_loss":77},{"damage_healed":0,"gold_gain":0,"player_choice":"Take Damage","damage_taken":28,"relics_obtained":["Golden Idol"],"max_hp_gain":0,"max_hp_loss":0,"event_name":"Golden Idol","floor":4,"gold_loss":0},{"damage_healed":0,"gold_gain":0,"player_choice":"Fought Mushrooms","damage_taken":0,"max_hp_gain":0,"max_hp_loss":0,"event_name":"Mushrooms","floor":8,"gold_loss":0},{"damage_healed":30,"gold_gain":0,"player_choice":"Banana","damage_taken":0,"max_hp_gain":0,"max_hp_loss":0,"event_name":"Big Fish","floor":11,"gold_loss":0},{"damage_healed":0,"gold_gain":0,"player_choice":"Obtained Relic","damage_taken":0,"relics_obtained":["Bronze Scales"],"max_hp_gain":0,"max_hp_loss":0,"event_name":"Addict","floor":19,"gold_loss":85},{"damage_healed":0,"gold_gain":0,"cards_transformed":["Strike_R","Strike_R"],"player_choice":"Became Test Subject","damage_taken":0,"max_hp_gain":0,"max_hp_loss":0,"event_name":"Drug Dealer","floor":25,"gold_loss":0,"cards_obtained":["Immolate","Feed"]},{"damage_healed":19,"gold_gain":0,"player_choice":"Heal","damage_taken":0,"max_hp_gain":0,"max_hp_loss":0,"event_name":"The Library","floor":27,"gold_loss":0},{"damage_healed":0,"gold_gain":0,"player_choice":"Fought Bandits","damage_taken":0,"max_hp_gain":0,"max_hp_loss":0,"event_name":"Masked Bandits","floor":30,"gold_loss":0},{"damage_healed":0,"gold_gain":222,"player_choice":"Wore Mask","damage_taken":0,"max_hp_gain":0,"max_hp_loss":0,"event_name":"Tomb of Lord Red Mask","floor":42,"gold_loss":0}],"is_beta":false,"boss_relics":[{"not_picked":["Mark of Pain","Runic Dome"],"picked":"SlaversCollar"},{"not_picked":["Empty Cage","Black Star"],"picked":"Runic Pyramid"}],"items_purged_floors":[36],"is_endless":false,"potions_floor_spawned":[5,12,13,14,16,20,23,29,30,37,38,39,41],"killed_by":"Spire Growth","ascension_level":20}}