{"host":"Jedit","time":1607561489,"event":{"gold_per_floor":[99,49,49,49,49,49,49,49,49,49,49,49,49,49,49,49,49,49,1,1,1,1,1,1,1,1,1,1,1,1,1,1,1,1,1,1,1,1,0,0,0,0,0,0,0,0,0,0,0,0,0,0,0,0,0],"floor_reached":56,"playtime":2316,"items_purged":[],"score":1424,"play_id":"2413df94-e7b5-4b9f-8fad-4f6a82ce6a51","local_time":"20201210005129","is_ascension_mode":true,"campfire_choices":[{"data":"Catalyst","floor":7.0,"key":"SMITH"},{"data":"Bouncing Flask","floor":10.0,"key":"SMITH"},{"data":"Noxious Fumes","floor":13.0,"key":"SMITH"},{"data":"Deadly Poison","floor":15.0,"key":"SMITH"},{"floor":25.0,"key":"REST"},{"floor":32.0,"key":"REST"},{"data":"Unload+1","floor":41.0,"key":"PURGE"},{"floor":46.0,"key":"RECALL"},{"floor":49.0,"key":"REST"},{"data":"Burst","floor":52.0,"key":"SMITH"}],"neow_cost":"NONE","seed_source_timestamp":48133861743300,"circlet_count":0,"master_deck":["Defend_G","Defend_G","Defend_G","Defend_G","Survivor","Neutralize","Escape Plan","Deadly Poison+1","Bouncing Flask+1","Deadly Poison","Catalyst+1","Noxious Fumes+1","Slice+1","Burst+1","Heel Hook+1","Dash+1","Acrobatics","Poisoned Stab+1","Dodge and Roll","Backflip","Backflip","Adrenaline","Doppelganger","Dodge and Roll+1","Panacea"],"special_seed":0,"relics":["Ectoplasm","Molten Egg 2","Odd Mushroom","Regal Pillow","Bottled Flame","Astrolabe","Orichalcum","PreservedInsect","Peace Pipe","Snake Skull","Runic Pyramid","Ginger","Red Mask","Kunai","Mummified Hand","Bag of Marbles"],"potions_floor_usage":[55,55],"damage_taken":[{"damage":1.0,"enemies":"Small Slimes","floor":1.0,"turns":4.0},{"damage":0.0,"enemies":"Jaw Worm","floor":3.0,"turns":4.0},{"damage":1.0,"enemies":"Cultist","floor":4.0,"turns":4.0},{"damage":6.0,"enemies":"Exordium Wildlife","floor":5.0,"turns":5.0},{"damage":0.0,"enemies":"Lagavulin","floor":6.0,"turns":6.0},{"damage":1.0,"enemies":"The Mushroom Lair","floor":8.0,"turns":3.0},{"damage":7.0,"enemies":"3 Louse","floor":12.0,"turns":3.0},{"damage":13.0,"enemies":"3 Sentries","floor":14.0,"turns":5.0},{"damage":10.0,"enemies":"The Guardian","floor":16.0,"turns":5.0},{"damage":8.0,"enemies":"3 Byrds","floor":18.0,"turns":5.0},{"damage":9.0,"enemies":"Shell Parasite","floor":22.0,"turns":4.0},{"damage":13.0,"enemies":"Book of Stabbing","floor":23.0,"turns":4.0},{"damage":13.0,"enemies":"3 Cultists","floor":24.0,"turns":4.0},{"damage":4.0,"enemies":"Snake Plant","floor":27.0,"turns":4.0},{"damage":0.0,"enemies":"Gremlin Leader","floor":28.0,"turns":4.0},{"damage":6.0,"enemies":"Snecko","floor":29.0,"turns":4.0},{"damage":12.0,"enemies":"Slavers","floor":30.0,"turns":3.0},{"damage":16.0,"enemies":"Centurion and Healer","floor":31.0,"turns":4.0},{"damage":59.0,"enemies":"Automaton","floor":33.0,"turns":9.0},{"damage":1.0,"enemies":"3 Shapes","floor":35.0,"turns":3.0},{"damage":1.0,"enemies":"3 Darklings","floor":36.0,"turns":5.0},{"damage":0.0,"enemies":"Mind Bloom Boss Battle","floor":37.0,"turns":2.0},{"damage":27.0,"enemies":"Nemesis","floor":40.0,"turns":5.0},{"damage":0.0,"enemies":"Maw","floor":42.0,"turns":4.0},{"damage":0.0,"enemies":"Sphere and 2 Shapes","floor":45.0,"turns":6.0},{"damage":13.0,"enemies":"4 Shapes","floor":47.0,"turns":6.0},{"damage":19.0,"enemies":"Time Eater","floor":50.0,"turns":6.0},{"damage":0.0,"enemies":"Shield and Spear","floor":54.0,"turns":5.0},{"damage":88,"enemies":"The Heart","floor":55,"turns":9}],"seed_played":"-8640295347107289434","potions_obtained":[{"floor":1.0,"key":"Explosive Potion"},{"floor":3.0,"key":"Dexterity Potion"},{"floor":6.0,"key":"GamblersBrew"},{"floor":12.0,"key":"Strength Potion"},{"floor":16.0,"key":"Fruit Juice"},{"floor":22.0,"key":"Block Potion"},{"floor":27.0,"key":"ColorlessPotion"},{"floor":29.0,"key":"CunningPotion"},{"floor":30.0,"key":"Explosive Potion"},{"floor":31.0,"key":"Block Potion"},{"floor":33.0,"key":"ColorlessPotion"},{"floor":36.0,"key":"BlessingOfTheForge"},{"floor":37.0,"key":"BlessingOfTheForge"},{"floor":42.0,"key":"Energy Potion"},{"floor":47.0,"key":"FairyPotion"}],"is_trial":false,"path_per_floor":["M","?","M","M","M","E","R","?","T","R","?","M","R","E","R","B",null,"M","$","?","?","M","E","M","R","T","M","E","M","E","M","R","B",null,"M","M","?","?","?","E","R","M","T","?","M","R","M","$","R","B",null,"R","$","E","B",null],"character_chosen":"THE_SILENT","items_purchased":["Acrobatics"],"campfire_rested":3,"item_purchase_floors":[19],"current_hp_per_floor":[69,69,69,68,62,62,62,61,61,61,54,47,47,34,34,24,70,62,62,62,62,53,40,27,63,63,59,59,53,41,25,61,2,70,69,68,68,68,68,41,41,41,41,41,41,41,33,33,70,51,75,75,75,75,22],"gold":0,"neow_bonus":"BOSS_RELIC","is_prod":false,"is_daily":false,"chose_seed":false,"campfire_upgraded":5,"win_rate":0,"timestamp":1607561489,"path_taken":["M","?","M","M","M","E","R","?","T","R","?","?","R","E","R","BOSS","M","$","?","?","M","E","?","R","T","M","E","M","E","M","R","BOSS","M","M","?","?","?","E","R","M","T","?","?","R","M","?","R","BOSS","R","$","E","BOSS"],"build_version":"2020-12-07","purchased_purges":0,"victory":true,"max_hp_per_floor":[70,70,70,70,70,70,70,70,70,70,70,70,70,70,70,70,70,70,70,70,70,70,70,70,70,70,70,70,70,70,70,70,70,70,70,70,70,70,70,70,70,70,70,70,70,70,75,75,75,75,75,75,75,75,75],"relic_stats":{"Peace Pipe":1,"Regal Pillow":45,"counters":[29,135],"Mummified Hand":[5],"Astrolabe":["Heel Hook","Unload","Dash"],"Ectoplasm":819,"PreservedInsect":200,"Snake Skull":[156],"Ginger":[7],"Kunai":[3],"Orichalcum":[96],"obtain_stats":[{"Regal Pillow":11,"Astrolabe":17,"PreservedInsect":26,"Snake Skull":30,"Ginger":37,"Odd Mushroom":8,"Orichalcum":23,"Peace Pipe":28,"Bottled Flame":14,"Mummified Hand":43,"Molten Egg 2":6,"Ectoplasm":0,"Red Mask":39,"Bag of Marbles":54,"Kunai":40,"Ring of the Snake":0,"Runic Pyramid":34},{"Regal Pillow":6,"Astrolabe":9,"PreservedInsect":13,"Snake Skull":17,"Ginger":22,"Odd Mushroom":6,"Orichalcum":12,"Peace Pipe":15,"Bottled Flame":8,"Mummified Hand":24,"Molten Egg 2":5,"Ectoplasm":0,"Red Mask":22,"Bag of Marbles":28,"Kunai":23,"Ring of the Snake":0,"Runic Pyramid":19},{"Regal Pillow":26,"Astrolabe":39,"PreservedInsect":56,"Snake Skull":71,"Ginger":94,"Odd Mushroom":26,"Orichalcum":52,"Peace Pipe":64,"Bottled Flame":34,"Mummified Hand":103,"Molten Egg 2":23,"Ectoplasm":0,"Red Mask":94,"Bag of Marbles":126,"Kunai":99,"Ring of the Snake":0,"Runic Pyramid":84}]},"card_choices":[{"not_picked":["Caltrops","Choke"],"picked":"Escape Plan","floor":1.0},{"not_picked":["Slice","Quick Slash"],"picked":"Deadly Poison","floor":3.0},{"not_picked":["Dagger Spray","Flying Knee"],"picked":"Bouncing Flask","floor":4.0},{"not_picked":["Backflip","Tactician"],"picked":"Deadly Poison","floor":5.0},{"not_picked":["Flechettes+1","After Image"],"picked":"Catalyst","floor":6.0},{"not_picked":["Distraction","Slice+1"],"picked":"Noxious Fumes","floor":8.0},{"not_picked":["Calculated Gamble","Caltrops"],"picked":"Slice+1","floor":12.0},{"not_picked":["Underhanded Strike+1","Backstab+1","Envenom"],"picked":"SKIP","floor":14.0},{"not_picked":["Storm of Steel","Doppelganger"],"picked":"Burst","floor":16.0},{"not_picked":["Outmaneuver","Slice+1","Backstab+1"],"picked":"SKIP","floor":18.0},{"not_picked":["Calculated Gamble","Slice+1"],"picked":"Poisoned Stab+1","floor":22.0},{"not_picked":["Blade Dance+1","Infinite Blades"],"picked":"Dodge and Roll","floor":23.0},{"not_picked":["Setup","Reflex"],"picked":"Backflip","floor":24.0},{"not_picked":["Dagger Throw+1","Slice+1","Underhanded Strike+1"],"picked":"SKIP","floor":27.0},{"not_picked":["Blade Dance","Choke+1","Bullet Time"],"picked":"SKIP","floor":28.0},{"not_picked":["Cloak And Dagger","Concentrate","Slice+1"],"picked":"SKIP","floor":29.0},{"not_picked":["Quick Slash+1","Eviscerate+1","Calculated Gamble"],"picked":"SKIP","floor":30.0},{"not_picked":["Dagger Spray+1","Poisoned Stab+1"],"picked":"Backflip","floor":31.0},{"not_picked":["Glass Knife+1","Envenom"],"picked":"Adrenaline","floor":33.0},{"not_picked":["Flying Knee+1","Backflip+1","Well Laid Plans"],"picked":"SKIP","floor":35.0},{"not_picked":["Poisoned Stab+1","Outmaneuver","Prepared"],"picked":"SKIP","floor":36.0},{"not_picked":["Dagger Spray+1","Blade Dance"],"picked":"Doppelganger","floor":37.0},{"not_picked":["Leg Sweep","Dagger Spray+1"],"picked":"Dodge and Roll+1","floor":40.0},{"not_picked":["Prepared+1","Reflex","Escape Plan"],"picked":"SKIP","floor":42.0},{"not_picked":["Jack Of All Trades","Dramatic Entrance+1"],"picked":"Panacea","floor":44.0},{"not_picked":["Acrobatics","Outmaneuver","Distraction"],"picked":"SKIP","floor":45.0},{"not_picked":["Slice+1","Prepared+1","Flying Knee+1"],"picked":"SKIP","floor":47.0},{"not_picked":["Doppelganger","Predator+1","Dagger Spray+1"],"picked":"SKIP","floor":54.0}],"player_experience":3378631,"relics_obtained":[{"floor":6.0,"key":"Molten Egg 2"},{"floor":8.0,"key":"Odd Mushroom"},{"floor":14.0,"key":"Bottled Flame"},{"floor":23.0,"key":"Orichalcum"},{"floor":26.0,"key":"PreservedInsect"},{"floor":28.0,"key":"Peace Pipe"},{"floor":30.0,"key":"Snake Skull"},{"floor":37.0,"key":"Ginger"},{"floor":40.0,"key":"Kunai"},{"floor":43.0,"key":"Mummified Hand"},{"floor":54.0,"key":"Bag of Marbles"}],"event_choices":[{"cards_removed":["Defend_G"],"damage_healed":0.0,"max_hp_gain":0.0,"max_hp_loss":0.0,"gold_gain":0.0,"event_name":"The Cleric","player_choice":"Card Removal","floor":2.0,"gold_loss":50.0,"damage_taken":0.0},{"damage_healed":0.0,"max_hp_gain":0.0,"max_hp_loss":0.0,"gold_gain":0.0,"event_name":"Mushrooms","player_choice":"Fought Mushrooms","floor":8.0,"gold_loss":0.0,"damage_taken":0.0},{"damage_healed":0.0,"max_hp_gain":0.0,"max_hp_loss":0.0,"gold_gain":0.0,"event_name":"Scrap Ooze","player_choice":"Success","floor":11.0,"gold_loss":0.0,"damage_taken":7.0,"relics_obtained":["Regal Pillow"]},{"damage_healed":0.0,"max_hp_gain":0.0,"max_hp_loss":0.0,"gold_gain":0.0,"event_name":"Vampires","player_choice":"Ignored","floor":20.0,"gold_loss":0.0,"damage_taken":0.0},{"cards_removed":["Strike_G"],"damage_healed":0.0,"max_hp_gain":0.0,"max_hp_loss":0.0,"gold_gain":0.0,"event_name":"Wheel of Change","player_choice":"Card Removal","floor":21.0,"gold_loss":0.0,"damage_taken":0.0},{"damage_healed":0.0,"max_hp_gain":0.0,"max_hp_loss":0.0,"gold_gain":0.0,"event_name":"MindBloom","player_choice":"Fight","floor":37.0,"gold_loss":0.0,"damage_taken":0.0},{"cards_removed":["Strike_G"],"damage_healed":0.0,"max_hp_gain":0.0,"max_hp_loss":0.0,"gold_gain":0.0,"event_name":"Falling","player_choice":"Removed Attack","floor":38.0,"gold_loss":0.0,"damage_taken":0.0},{"damage_healed":0.0,"max_hp_gain":0.0,"max_hp_loss":0.0,"gold_gain":0.0,"event_name":"Tomb of Lord Red Mask","player_choice":"Paid","floor":39.0,"gold_loss":1.0,"damage_taken":0.0,"relics_obtained":["Red Mask"]},{"damage_healed":0.0,"max_hp_gain":0.0,"max_hp_loss":0.0,"gold_gain":0.0,"event_name":"SensoryStone","player_choice":"Memory 1","floor":44.0,"gold_loss":0.0,"damage_taken":0.0}],"is_beta":true,"boss_relics":[{"not_picked":["Calling Bell","SlaversCollar"],"picked":"Astrolabe"},{"not_picked":["Snecko Eye","Coffee Dripper"],"picked":"Runic Pyramid"}],"items_purged_floors":[],"is_endless":false,"potions_floor_spawned":[1,3,6,12,16,22,27,29,30,31,33,36,37,42,47],"ascension_level":2}}