{"host":"elnvswdbusdewy2q","time":1607624890,"event":{"gold_per_floor":[113,113,29,29,29,29,60,80,104,133,158,170,182,209,221,329,341,373,52,69,88,88,121,145,125,148,94,94,14,14,0,0,98,98,117,136,136,136,136,136],"floor_reached":38,"playtime":1983,"items_purged":[],"score":390,"play_id":"73cd0591-dc0e-4c7b-9870-20eb1751bae8","local_time":"20201211032810","is_ascension_mode":false,"campfire_choices":[{"data":"MokouMod:HeatSpark","floor":6.0,"key":"SMITH"},{"floor":12.0,"key":"REST"},{"data":"MokouMod:ScorchedEarth","floor":15.0,"key":"SMITH"},{"floor":28,"key":"REST"},{"floor":30,"key":"REST"},{"data":"MokouMod:Ventilation","floor":32,"key":"SMITH"}],"neow_cost":"NONE","seed_source_timestamp":759109777607300,"circlet_count":0,"master_deck":["MokouMod:Strike+1","MokouMod:Strike+1","MokouMod:Strike+1","MokouMod:Strike+1","MokouMod:Strike+1","MokouMod:Defend+1","MokouMod:Defend+1","MokouMod:Defend+1","MokouMod:HeatSpark+1","MokouMod:FlamingFireTalons","MokouMod:ResoluteFlare","MokouMod:RisingSunBarrier+1","MokouMod:ScorchingColumn","MokouMod:ShiftIgnition","MokouMod:ScorchedEarth+1","MokouMod:IndiscriminateIgnition","MokouMod:RetainTemperature","MokouMod:GuidingSmoke","MokouMod:Ventilation+1","MokouMod:InfernalWave+1","MokouMod:SearingBlow+1","MokouMod:Overheat","MokouMod:Combust+1","MokouMod:DanceofFlames+1","MokouMod:RoaringFlare+1","MokouMod:Scorch+1","MokouMod:PhoenixForm","MokouMod:BlazingComet+1"],"special_seed":0,"relics":["MokouMod:PhoenixFeather","Vajra","MawBank","Black Star","Molten Egg 2","Boot","HollowMod:PaleOreRelic","Juzu Bracelet","Blood Vial","SlaversCollar"],"potions_floor_usage":[23,33],"damage_taken":[{"damage":1.0,"enemies":"Cultist","floor":1.0,"turns":4.0},{"damage":22.0,"enemies":"3 Sentries","floor":7.0,"turns":7.0},{"damage":0.0,"enemies":"Small Slimes","floor":8.0,"turns":3.0},{"damage":1.0,"enemies":"2 Louse","floor":10.0,"turns":2.0},{"damage":17.0,"enemies":"Exordium Wildlife","floor":11.0,"turns":4.0},{"damage":0.0,"enemies":"Looter","floor":14.0,"turns":2.0},{"damage":43.0,"enemies":"The Guardian","floor":16.0,"turns":8.0},{"damage":25.0,"enemies":"2 Thieves","floor":18.0,"turns":3.0},{"damage":23.0,"enemies":"Spheric Guardian","floor":20.0,"turns":5.0},{"damage":16.0,"enemies":"Snake Plant","floor":21.0,"turns":6.0},{"damage":23,"enemies":"Gremlin Leader","floor":23,"turns":7},{"damage":57,"enemies":"Automaton","floor":33,"turns":12},{"damage":28,"enemies":"Orb Walker","floor":35,"turns":3},{"damage":51,"enemies":"3 Shapes","floor":36,"turns":3}],"seed_played":"-7990464603331114002","potions_obtained":[{"floor":1.0,"key":"Fire Potion"},{"floor":14.0,"key":"FearPotion"},{"floor":16.0,"key":"EntropicBrew"},{"floor":18.0,"key":"SpeedPotion"},{"floor":21.0,"key":"EssenceOfSteel"},{"floor":23,"key":"FearPotion"},{"floor":36,"key":"SmokeBomb"}],"is_trial":false,"path_per_floor":["M","?","$","$","?","R","E","M","T","M","M","R","$","M","R","B",null,"M","$","M","M","?","E","T","?","T","$","R","$","R","?","R","B",null,"M","M","?","$"],"character_chosen":"MKU","items_purchased":["MokouMod:RisingSunBarrier","MokouMod:ScorchingColumn","Molten Egg 2","MokouMod:SearingBlow+1","MokouMod:RoaringFlare+1","MokouMod:Scorch+1"],"campfire_rested":3,"item_purchase_floors":[3,3,19,19,27,29],"current_hp_per_floor":[81,81,81,81,81,81,59,59,59,58,41,65,65,65,65,22,82,57,57,53,37,37,14,14,14,14,14,38,38,62,62,62,7,82,54,5,82,82,82,82],"gold":136,"neow_bonus":"TEN_PERCENT_HP_BONUS","is_prod":false,"is_daily":false,"chose_seed":false,"campfire_upgraded":3,"win_rate":0.0,"timestamp":1607624890,"path_taken":["M","?","?","$","?","R","E","M","T","M","M","R","$","M","R","BOSS","M","$","?","M","?","E","?","?","T","?","R","$","R","?","R","BOSS","M","M","?","?"],"build_version":"2020-11-30","purchased_purges":0,"victory":false,"max_hp_per_floor":[82,82,82,82,82,82,82,82,82,82,82,82,82,82,82,82,82,82,82,82,82,82,82,82,82,82,82,82,82,82,82,82,82,82,82,82,82,82,82,82],"card_choices":[{"not_picked":["MokouMod:Fireball","MokouMod:FujiyamaVolcano"],"picked":"MokouMod:FlamingFireTalons","floor":1.0},{"not_picked":["MokouMod:EternalBurstReactor","MokouMod:InfernalWave"],"picked":"MokouMod:ShiftIgnition","floor":7.0},{"not_picked":["MokouMod:AdaptivePyromancy","MokouMod:IgnitionBarrier"],"picked":"MokouMod:ScorchedEarth","floor":8.0},{"not_picked":["MokouMod:InfernalWave","MokouMod:ResoluteFlare"],"picked":"MokouMod:IndiscriminateIgnition","floor":10.0},{"not_picked":["MokouMod:Ember","MokouMod:Stoke"],"picked":"MokouMod:RetainTemperature","floor":11.0},{"not_picked":["MokouMod:IndiscriminateIgnition","MokouMod:EternalBurstReactor"],"picked":"MokouMod:GuidingSmoke","floor":14.0},{"not_picked":["MokouMod:Rekindle","MokouMod:BurningHiddenBullet"],"picked":"MokouMod:Ventilation","floor":16.0},{"not_picked":["MokouMod:Stoke","MokouMod:AdaptivePyromancy+1"],"picked":"MokouMod:InfernalWave+1","floor":18.0},{"not_picked":["MokouMod:IcarusDive+1","MokouMod:UncontrollableSolarReaction+1"],"picked":"MokouMod:Overheat","floor":20.0},{"not_picked":["MokouMod:BurningDraft","MokouMod:Sear"],"picked":"MokouMod:Combust+1","floor":21.0},{"not_picked":["MokouMod:Stoke","MokouMod:CrimsonArmoury"],"picked":"MokouMod:DanceofFlames+1","floor":23},{"not_picked":["MokouMod:Extinguish","MokouMod:ResonatingAura"],"picked":"MokouMod:PhoenixForm","floor":33},{"not_picked":["MokouMod:Stoke+1","MokouMod:BurningDraft"],"picked":"MokouMod:Trailblazer+1","floor":35},{"not_picked":["MokouMod:TemporalFireSeal+1","MokouMod:ControlledCombustion+1"],"picked":"MokouMod:BlazingComet+1","floor":36}],"player_experience":502046,"relics_obtained":[{"floor":7.0,"key":"Vajra"},{"floor":9.0,"key":"MawBank"},{"floor":23,"key":"Boot"},{"floor":23,"key":"HollowMod:PaleOreRelic"},{"floor":24,"key":"Juzu Bracelet"},{"floor":26,"key":"Blood Vial"}],"event_choices":[{"damage_healed":0.0,"max_hp_gain":0.0,"max_hp_loss":0.0,"gold_gain":0.0,"cards_transformed":["MokouMod:Defend"],"event_name":"Transmorgrifier","player_choice":"Transformed","floor":2.0,"gold_loss":0.0,"damage_taken":0.0,"cards_obtained":["MokouMod:ResoluteFlare"]},{"damage_healed":0.0,"max_hp_gain":0.0,"max_hp_loss":0.0,"gold_gain":0.0,"event_name":"Accursed Blacksmith","player_choice":"Forge","floor":5.0,"gold_loss":0.0,"damage_taken":0.0,"cards_upgraded":["MokouMod:RisingSunBarrier"]},{"damage_healed":0.0,"max_hp_gain":0.0,"max_hp_loss":0.0,"gold_gain":0.0,"event_name":"Back to Basics","player_choice":"Simplicity","floor":22.0,"gold_loss":0.0,"damage_taken":0.0,"cards_upgraded":["MokouMod:Strike","MokouMod:Strike","MokouMod:Strike","MokouMod:Strike","MokouMod:Strike","MokouMod:Defend","MokouMod:Defend","MokouMod:Defend"]},{"damage_healed":0,"gold_gain":0,"player_choice":"Paid Fearfully","damage_taken":0,"max_hp_gain":0,"max_hp_loss":0,"event_name":"Masked Bandits","floor":31,"gold_loss":14},{"cards_removed":["MokouMod:Trailblazer"],"damage_healed":77,"gold_gain":0,"player_choice":"Offered Uncommon","damage_taken":0,"max_hp_gain":0,"max_hp_loss":0,"event_name":"Bonfire Elementals","floor":37,"gold_loss":0}],"is_beta":false,"boss_relics":[{"not_picked":["Empty Cage","Ectoplasm"],"picked":"Black Star"},{"not_picked":["Cursed Key","Tiny House"],"picked":"SlaversCollar"}],"items_purged_floors":[],"is_endless":false,"potions_floor_spawned":[1,14,16,18,21,23,36],"ascension_level":0}}