{"host":"lw874zp3en0pz6a7","time":1607576358,"event":{"gold_per_floor":[110,125,125,75,94,94,112,127,127,127,73,83,96,111,111,208,308,327,327,339,339,339],"floor_reached":21,"playtime":1040,"items_purged":[],"score":175,"play_id":"4714e9bb-6739-4246-b5fc-d1fc9faa1c95","local_time":"20201210125918","is_ascension_mode":false,"campfire_choices":[{"data":"Runesmith:Fortify","floor":10,"key":"SMITH"},{"data":"Runesmith:Grindstone","floor":15,"key":"SMITH"}],"neow_cost":"NONE","seed_source_timestamp":44661244746700,"circlet_count":0,"master_deck":["Runesmith:Strike_RS","Runesmith:Strike_RS","Runesmith:Strike_RS","Runesmith:Defend_RS","Runesmith:Defend_RS","Runesmith:Defend_RS","Runesmith:CraftFirestone","Runesmith:Fortify+1","Runesmith:ShiftingStrike","Runesmith:Malloc","Runesmith:HammerThrow","Runesmith:CreatorForm","Runesmith:Grindstone+1"],"special_seed":0,"relics":["Runesmith:BrokenRuby","LagranYue:RandomDrawCardRelic","keyreminder:keyreminder","Replay:Wanted Poster","StoneCalendar"],"potions_floor_usage":[],"damage_taken":[{"damage":0.0,"enemies":"Small Slimes","floor":1.0,"turns":4.0},{"damage":0.0,"enemies":"Jaw Worm","floor":2.0,"turns":4.0},{"damage":0.0,"enemies":"2 Louse","floor":5.0,"turns":3.0},{"damage":13,"enemies":"Lots of Slimes","floor":7,"turns":7},{"damage":6,"enemies":"Exordium Thugs","floor":8,"turns":7},{"damage":5,"enemies":"Large Slime","floor":12,"turns":6},{"damage":3,"enemies":"2 Fungi Beasts","floor":13,"turns":4},{"damage":0,"enemies":"Exordium Wildlife","floor":14,"turns":5},{"damage":25,"enemies":"Hexaghost","floor":16,"turns":11},{"damage":28,"enemies":"3 Byrds","floor":18,"turns":8},{"damage":17,"enemies":"Spheric Guardian","floor":20,"turns":7},{"damage":0,"enemies":"Snecko","floor":21,"turns":1}],"seed_played":"-3665257274003523391","potions_obtained":[{"floor":2.0,"key":"Regen Potion"},{"floor":8,"key":"FearPotion"},{"floor":12,"key":"EssenceOfSteel"},{"floor":13,"key":"Adrenaline Potion"}],"is_trial":false,"path_per_floor":["M","M","?","?","M","?","M","M","T","R","$","M","M","M","R","B",null,"M","?","M","M"],"character_chosen":"RUNESMITH_CLASS","items_purchased":["Runesmith:HammerThrow"],"campfire_rested":0,"item_purchase_floors":[11],"current_hp_per_floor":[77,77,70,70,70,70,57,51,51,51,51,46,43,43,43,18,77,49,49,32,32,32],"gold":339,"neow_bonus":"TEN_PERCENT_HP_BONUS","is_prod":false,"is_daily":false,"chose_seed":false,"campfire_upgraded":2,"win_rate":0.0,"timestamp":1607576358,"path_taken":["M","M","?","?","M","?","M","M","T","R","$","M","?","M","R","BOSS","M","?","M","?"],"build_version":"2020-11-30","purchased_purges":0,"victory":false,"max_hp_per_floor":[77,77,77,77,77,77,77,77,77,77,77,77,77,77,77,77,77,77,77,77,77,77],"card_choices":[{"not_picked":["Runesmith:ChiselStab","Runesmith:CraftMagma","Runesmith:MakeshiftArmor"],"picked":"SKIP","floor":1.0},{"not_picked":["Runesmith:RuneHurl","Runesmith:EarthShield"],"picked":"Runesmith:ShiftingStrike","floor":2.0},{"not_picked":["Runesmith:ChargedHammer","Runesmith:Repurpose"],"picked":"Runesmith:Malloc","floor":5.0},{"not_picked":["Runesmith:CraftReservo","Runesmith:ChiselStab","Runesmith:Electrocute"],"picked":"SKIP","floor":7},{"not_picked":["Runesmith:EarthShield","Runesmith:UnstableHammer","Runesmith:ChiselStab"],"picked":"SKIP","floor":8},{"not_picked":["Runesmith:UnstableHammer","Runesmith:HeatExchange","Runesmith:BackupBattery"],"picked":"SKIP","floor":12},{"not_picked":["Runesmith:Refine","Runesmith:EnergizedChisel"],"picked":"Runesmith:CreatorForm","floor":13},{"not_picked":["Runesmith:DoubleUp","Runesmith:CraftObretio"],"picked":"Runesmith:Grindstone","floor":14},{"not_picked":["Runesmith:ShiftingStrike","Runesmith:StaticCage","Runesmith:CraftProtectio"],"picked":"SKIP","floor":18},{"not_picked":["Runesmith:EnergizedChisel","Runesmith:HeatedChisel","Runesmith:Discharge+1"],"picked":"SKIP","floor":20}],"player_experience":204044,"relics_obtained":[],"event_choices":[{"cards_removed":["Runesmith:Strike_RS"],"damage_healed":0.0,"max_hp_gain":0.0,"max_hp_loss":0.0,"gold_gain":0.0,"event_name":"Golden Wing","player_choice":"Card Removal","floor":3.0,"gold_loss":0.0,"damage_taken":7.0},{"cards_removed":["Runesmith:Defend_RS"],"damage_healed":0.0,"max_hp_gain":0.0,"max_hp_loss":0.0,"gold_gain":0.0,"event_name":"The Cleric","player_choice":"Card Removal","floor":4.0,"gold_loss":50.0,"damage_taken":0.0},{"damage_healed":0,"gold_gain":0,"player_choice":"Gave Potion","damage_taken":0,"relics_obtained":["StoneCalendar"],"max_hp_gain":0,"max_hp_loss":0,"event_name":"WeMeetAgain","floor":19,"gold_loss":0}],"is_beta":false,"boss_relics":[{"not_picked":["Abe\u0027s Treasure","Painkiller Herb"],"picked":"Replay:Wanted Poster"}],"items_purged_floors":[],"is_endless":false,"potions_floor_spawned":[2,8,12,13,16],"killed_by":"Snecko","ascension_level":0}}