{"host":"zyn2zcp8fez1ptuq","time":1607620918,"event":{"mods":["BaseMod","StSLib","Downfall","BetterRewards","Hermit","Hubris","Minty Spire (QoL Compilation)","Replay The Spire","Robot Space Explorer","Shade Mod","Shop Mod","The Animator","The Cursed","The Jungle","The Necromancer","Infinite Spire"],"gold_per_floor":[114,134,145,320,331,331,296,324,348,358,376,376,393,410,410,410,410],"floor_reached":16,"playtime":1193,"items_purged":[],"score":106,"play_id":"95eb5e83-aac4-4f86-b7cd-ca7b2fe41968","local_time":"20201210122158","is_ascension_mode":false,"campfire_choices":[{"data":"Genetic Algorithm","floor":6,"key":"SMITH"},{"floor":15,"key":"REST"}],"circlet_count":0,"master_deck":["Strike_B","Strike_B","Strike_B","Strike_B","Defend_B","Defend_B","Defend_B","Defend_B","Zap","Dualcast","Fission","Cold Snap","Genetic Algorithm+1","Self Repair","Doubt","Rip and Tear","Genetic Algorithm","Stack","Streamline","Compile Driver","Doom and Gloom"],"relics":["Cracked Core","Potion Belt","Prayer Wheel"],"acts_visited":["Exordium"],"potions_floor_usage":[2,3,11,13,14],"damage_taken":[{"damage":6,"enemies":"Jaw Worm","floor":1,"turns":4},{"damage":0,"enemies":"2 Louse","floor":2,"turns":2},{"damage":0,"enemies":"Small Slimes","floor":3,"turns":4},{"damage":25,"enemies":"Exordium Wildlife","floor":5,"turns":7},{"damage":53,"enemies":"3 Sentries","floor":8,"turns":11},{"damage":10,"enemies":"Red Slaver","floor":10,"turns":4},{"damage":0,"enemies":"Looter","floor":11,"turns":1},{"damage":7,"enemies":"3 Louse","floor":13,"turns":4},{"damage":7,"enemies":"Exordium Wildlife","floor":14,"turns":4},{"damage":45,"enemies":"The Guardian","floor":16,"turns":10}],"seed_played":"-6280502668762120468","potions_obtained":[{"floor":1,"key":"Adrenaline Potion"},{"floor":2,"key":"Weak Potion"},{"floor":8,"key":"SteroidPotion"},{"floor":11,"key":"Flashbang"},{"floor":13,"key":"Strength Potion"}],"is_trial":false,"path_per_floor":["M","M","M","?","M","R","?","E","T","M","M","?","M","M","R","B"],"character_chosen":"DEFECT","items_purchased":[],"campfire_rested":1,"item_purchase_floors":[],"current_hp_per_floor":[69,69,69,69,51,51,69,23,23,20,20,20,20,20,42,0,0],"gold":410,"neow_bonus":"ONE_RANDOM_RARE_CARD","is_daily":false,"chose_seed":false,"campfire_upgraded":1,"win_rate":0.0,"timestamp":1607620918,"path_taken":["M","M","M","?","M","R","?","E","T","M","M","?","?","M","R","BOSS"],"build_version":"2020-11-30","purchased_purges":0,"victory":false,"max_hp_per_floor":[75,75,75,75,75,75,75,75,75,75,75,75,75,75,75,75,75],"card_choices":[{"not_picked":["Barrage","ReplayTheSpireMod:GoodbyeWorld"],"picked":"Cold Snap","floor":1},{"not_picked":["Conserve Battery","BasicCrystalCard"],"picked":"Genetic Algorithm","floor":2},{"not_picked":["Steam","Storm"],"picked":"Self Repair","floor":3},{"not_picked":["Barrage","ReplayTheSpireMod:Repulse"],"picked":"Rip and Tear","floor":5},{"not_picked":["Darkness","Stack"],"picked":"Genetic Algorithm","floor":8},{"not_picked":["Rebound","Recycle"],"picked":"Stack","floor":10},{"not_picked":["Tempest","Cold Snap"],"picked":"Streamline","floor":11},{"not_picked":["Stack","Redo"],"picked":"ReplayTheSpireMod:Fabricate Wheel","floor":13},{"not_picked":["ReplaySolidLightProjector","Gash"],"picked":"Compile Driver","floor":14},{"not_picked":["Loop","ReplaySolidLightProjector"],"picked":"Doom and Gloom","floor":14}],"player_experience":462205,"relics_obtained":[{"floor":8,"key":"Potion Belt"}],"event_choices":[{"damage_healed":0,"gold_gain":175,"player_choice":"AGREE","damage_taken":0,"max_hp_gain":0,"max_hp_loss":0,"event_name":"Liars Game","floor":4,"gold_loss":0,"cards_obtained":["Doubt"]},{"damage_healed":18,"gold_gain":0,"player_choice":"Healed","damage_taken":0,"max_hp_gain":0,"max_hp_loss":0,"event_name":"The Cleric","floor":7,"gold_loss":35}],"is_beta":false,"boss_relics":[],"items_purged_floors":[],"is_endless":false,"potions_floor_spawned":[1,2,8,11,13],"killed_by":"The Guardian","ascension_level":0}}