{"host":"lw874zp3en0pz6a7","time":1607580373,"event":{"gold_per_floor":[150,184,184,215,215,215,285,309,309,309,368,398,169,220,220,384,384,452,42,42,95,95,145,145,20,20,20,20,95,20,77,77,209,209,307,307,330,348,373,414,430,430,430,19,37,37,80,50,50,50,50,50,0,43,43],"floor_reached":56,"playtime":3970,"items_purged":["Shoot","Shoot","Gluttony_TH","Defend_Dante","Defend_Dante"],"score":1172,"play_id":"843395cd-e8d9-4a54-b75f-215ceccd5fd7","local_time":"20201210140613","is_ascension_mode":false,"campfire_choices":[{"data":"Swordmaster","floor":6,"key":"SMITH"},{"data":"Greenorb","floor":10,"key":"SMITH"},{"data":"Rebellion","floor":15,"key":"SMITH"},{"data":"Provocation","floor":24,"key":"SMITH"},{"data":"Attack_b","floor":27,"key":"SMITH"},{"floor":32,"key":"RECALL"},{"data":"Attack_a","floor":42,"key":"SMITH"},{"data":"Madness","floor":49,"key":"SMITH"},{"data":"Madness","floor":52,"key":"SMITH"}],"neow_cost":"NONE","seed_source_timestamp":45772522290700,"circlet_count":0,"master_deck":["Attack_a+1","Attack_a","Attack_b+1","Provocation+1","Defend_Dante+1","Greenorb+1","Swordmaster+1","Swordcombo+1","Rebellion+1","Swordcombo+1","Trickster+1","SSScard+1","DT+1","Iron Wave","Airtrick+1","Stinger","Madness+1","Madness+1"],"relics":["SSS","Combocheck","LagranYue:RandomDrawCardRelic","Golden Idol","Golden Egg","War Paint","LagranYue:SoulBurningRelic","construct:FoamFinger","Ring of Hypnosis","Counterbalance","Runesmith:AutoHammer","Bronze Scales","SlaversCollar","Gremlin Horn","Mirror","BargainBundle","Happy Flower","Smiling Mask","Centennial Puzzle"],"potions_floor_usage":[12,12,18,55,55,55],"damage_taken":[{"damage":3,"enemies":"2 Louse","floor":1,"turns":2},{"damage":4,"enemies":"Jaw Worm","floor":2,"turns":5},{"damage":0,"enemies":"Small Slimes","floor":4,"turns":6},{"damage":62,"enemies":"Lagavulin","floor":7,"turns":11},{"damage":0,"enemies":"2 Fungi Beasts","floor":8,"turns":2},{"damage":14,"enemies":"Exordium Wildlife","floor":11,"turns":4},{"damage":16,"enemies":"Gremlin Gang","floor":12,"turns":5},{"damage":4,"enemies":"Red Slaver","floor":14,"turns":4},{"damage":7,"enemies":"Hexaghost","floor":16,"turns":6},{"damage":0,"enemies":"3 Byrds","floor":18,"turns":5},{"damage":0,"enemies":"Spheric Guardian","floor":21,"turns":2},{"damage":0,"enemies":"Slavers","floor":23,"turns":2},{"damage":0,"enemies":"Chosen and Byrds","floor":29,"turns":2},{"damage":0,"enemies":"Book of Stabbing","floor":31,"turns":2},{"damage":0,"enemies":"Pondfish","floor":33,"turns":2},{"damage":0,"enemies":"3 Darklings","floor":35,"turns":2},{"damage":0,"enemies":"Orb Walker","floor":37,"turns":2},{"damage":0,"enemies":"Spire Growth","floor":38,"turns":1},{"damage":3,"enemies":"4 Shapes","floor":39,"turns":1},{"damage":0,"enemies":"Reptomancer","floor":40,"turns":1},{"damage":10,"enemies":"Sphere and 2 Shapes","floor":41,"turns":2},{"damage":0,"enemies":"Jaw Worm Horde","floor":45,"turns":1},{"damage":0,"enemies":"Nemesis","floor":47,"turns":3},{"damage":0,"enemies":"Replay:Hell Engine","floor":50,"turns":2},{"damage":14,"enemies":"Shield and Spear","floor":54,"turns":2},{"damage":4,"enemies":"The Heart","floor":55,"turns":4}],"seed_played":"-9148552759703895747","potions_obtained":[{"floor":1,"key":"Dexterity Potion"},{"floor":5,"key":"ColorlessPotion"},{"floor":7,"key":"Adrenaline Potion"},{"floor":12,"key":"Swift Potion"},{"floor":21,"key":"LifebloodPotion"},{"floor":23,"key":"Weak Potion"},{"floor":54,"key":"PowerPotion"}],"is_trial":false,"path_per_floor":["M","M","?","M","?","R","E","M","T","R","M","M","$","M","R","B",null,"M","$","?","M","?","E","R","$","T","R","?","M","?","E","R","B",null,"M","?","M","M","M","E","M","R","T","$","M","?","E","?","R","B",null,"R","$","E","B",null],"character_chosen":"DANTE","items_purchased":["War Paint","construct:FoamFinger","SSScard","BargainBundle","Happy Flower"],"campfire_rested":0,"item_purchase_floors":[13,19,19,44,44],"current_hp_per_floor":[85,88,66,69,69,69,12,17,17,17,19,13,13,17,17,20,88,88,88,88,88,102,103,103,103,103,103,103,103,103,103,103,103,103,103,103,103,103,103,103,93,93,93,93,101,88,94,94,94,101,103,103,103,98,101],"gold":43,"neow_bonus":"TEN_PERCENT_HP_BONUS","is_prod":false,"is_daily":false,"chose_seed":false,"campfire_upgraded":8,"win_rate":0.0,"timestamp":1607580373,"path_taken":["M","M","?","M","?","R","E","M","T","R","M","M","$","M","R","BOSS","M","$","?","M","?","E","R","$","T","R","?","M","?","E","R","BOSS","M","?","M","?","M","E","M","R","T","?","M","?","E","?","R","BOSS","R","$","E","BOSS"],"build_version":"2020-11-30","purchased_purges":5,"victory":true,"max_hp_per_floor":[88,88,88,88,88,88,88,88,88,88,88,88,88,88,88,88,88,88,88,88,88,103,103,103,103,103,103,103,103,103,103,103,103,103,103,103,103,103,103,103,103,103,103,103,103,103,103,103,103,103,103,103,103,103,103],"card_choices":[{"not_picked":["Gunstinger","Dash1"],"picked":"Greenorb","floor":1},{"not_picked":["Weaponchange","Millionkick"],"picked":"Swordmaster","floor":2},{"not_picked":["Gilgamesh","Weaponupgrade","VitalstarS"],"picked":"SKIP","floor":4},{"not_picked":["Rebellion","Kick13"],"picked":"Swordcombo","floor":7},{"not_picked":["Unrisingdragon","Kick13","SSScard"],"picked":"SKIP","floor":8},{"not_picked":["Kick13","Chargeshoot2"],"picked":"Rebellion","floor":11},{"not_picked":["GilgameshcomboA","BeastUppercut","Doubleshoot"],"picked":"SKIP","floor":12},{"not_picked":["Chargeshoot2","VitalstarS"],"picked":"Swordcombo","floor":14},{"not_picked":["Goldorb","Demonreform"],"picked":"Trickster","floor":16},{"not_picked":["Royaldefend+1","Gunstinger+1","Straight+1"],"picked":"SKIP","floor":18},{"not_picked":["Chargeshoot2","Rebellion","BeastUppercut"],"picked":"SKIP","floor":21},{"not_picked":["Demonreform","Chargeshoot2","GilgameshcomboA"],"picked":"SKIP","floor":23},{"not_picked":["Hightime+1","EbonyIvory"],"picked":"DT+1","floor":29},{"not_picked":["Lucifer","Holywater","Weaponchange"],"picked":"SKIP","floor":31},{"not_picked":["Ecstasy+1","EbonyIvory+1","Royaldefend+1"],"picked":"SKIP","floor":35},{"not_picked":["Whiteorb","Ecstasy","Airhike"],"picked":"SKIP","floor":37},{"not_picked":["Weaponupgrade","Fullhouse+1","Millionkick+1"],"picked":"SKIP","floor":38},{"not_picked":["Swordmaster+1","Weaponchange","Hightime+1"],"picked":"SKIP","floor":39},{"not_picked":["Chargeshoot+1","Millionstab"],"picked":"Airtrick","floor":40},{"not_picked":["Millionkick+1","CoyoteA","Rebellion+1"],"picked":"SKIP","floor":41},{"not_picked":["BeastUppercut+1","Kick13+1"],"picked":"Stinger","floor":45},{"not_picked":["Darkslayer","CoyoteA","Stinger+1"],"picked":"SKIP","floor":47},{"not_picked":["GilgameshcomboA","Millionstab","Whiteorb"],"picked":"SKIP","floor":54}],"player_experience":205087,"relics_obtained":[{"floor":7,"key":"Golden Egg"},{"floor":20,"key":"Ring of Hypnosis"},{"floor":23,"key":"Counterbalance"},{"floor":26,"key":"Runesmith:AutoHammer"},{"floor":31,"key":"Bronze Scales"},{"floor":40,"key":"Gremlin Horn"},{"floor":43,"key":"Mirror"},{"floor":47,"key":"Smiling Mask"},{"floor":54,"key":"Centennial Puzzle"}],"event_choices":[{"damage_healed":0,"gold_gain":0,"player_choice":"Take Damage","damage_taken":22,"relics_obtained":["Golden Idol"],"max_hp_gain":0,"max_hp_loss":0,"event_name":"Golden Idol","floor":3,"gold_loss":0},{"cards_removed":["Defend_Dante"],"damage_healed":0,"gold_gain":0,"player_choice":"Gave Gold","damage_taken":0,"max_hp_gain":0,"max_hp_loss":0,"event_name":"Beggar","floor":30,"gold_loss":75},{"cards_removed":["Redorb"],"damage_healed":0,"gold_gain":0,"player_choice":"Took Card","damage_taken":0,"max_hp_gain":0,"max_hp_loss":0,"event_name":"NoteForYourself","floor":36,"gold_loss":0,"cards_obtained":["Iron Wave"]},{"damage_healed":0,"gold_gain":0,"player_choice":"Embrace Madness","damage_taken":13,"max_hp_gain":0,"max_hp_loss":0,"event_name":"Winding Halls","floor":46,"gold_loss":0,"cards_obtained":["Madness","Madness"]}],"is_beta":false,"boss_relics":[{"not_picked":["Tiny House","ReplayTheSpireMod:DimensionalGlitch"],"picked":"LagranYue:SoulBurningRelic"},{"not_picked":["Sozu","ChewingGum"],"picked":"SlaversCollar"}],"items_purged_floors":[13,19,25,44,53],"is_endless":false,"potions_floor_spawned":[1,7,8,12,21,23,29,35,38,40,41,54],"ascension_level":0}}