{"host":"d0y5v5lostuas3k8","time":1607591747,"event":{"gold_per_floor":[118,138,155,167,186,213,233,243,316,316,329,347,347,347,347,446,446,462,478,498,515,515,515,531,551,601,329,238,258,269,269,269,368,368,381,395,295,170,182,217,217,235,235,335,366,73,85,97,97,97],"floor_reached":51,"playtime":10108,"items_purged":["Defend_G","Defend_G","Defend_G","Defend_G"],"score":796,"play_id":"69ac5dbc-d5ea-4287-b106-cf84f8a82fd0","local_time":"20201210181547","is_ascension_mode":false,"campfire_choices":[{"floor":10.0,"key":"REST"},{"data":"Cloak And Dagger","floor":13.0,"key":"SMITH"},{"floor":15.0,"key":"REST"},{"data":"Accuracy","floor":23.0,"key":"SMITH"},{"data":"Adrenaline","floor":32.0,"key":"SMITH"},{"data":"Tools of the Trade","floor":41,"key":"SMITH"},{"data":"Terror","floor":49,"key":"SMITH"}],"neow_cost":"NONE","seed_source_timestamp":0,"circlet_count":0,"master_deck":["Defend_G","Survivor","Neutralize","Adrenaline+1","PiercingWail","Slice","Terror+1","Cloak And Dagger+1","Infinite Blades","Accuracy+1","Prepared","Quick Slash","Doppelganger","PiercingWail","Acrobatics+1","Cloak And Dagger","Blade Dance","Master of Strategy","Blade Dance+1","Adrenaline","Storm of Steel","Poisoned Stab+1","Adrenaline+1","Endless Agony+1","Blade Dance","Deflect+1","Tools of the Trade+1","Tactician+1","Backstab+1","Backflip+1"],"special_seed":0,"relics":["Ring of the Snake","Boot","InkBottle","WristBlade","Lantern","Orichalcum","Astrolabe","White Beast Statue","Gremlin Horn","Gambling Chip","Toolbox"],"potions_floor_usage":[40,51,51,51],"damage_taken":[{"damage":0.0,"enemies":"Jaw Worm","floor":1.0,"turns":3.0},{"damage":0.0,"enemies":"2 Louse","floor":2.0,"turns":3.0},{"damage":6.0,"enemies":"Small Slimes","floor":3.0,"turns":4.0},{"damage":8.0,"enemies":"Exordium Thugs","floor":4.0,"turns":7.0},{"damage":2.0,"enemies":"Large Slime","floor":5.0,"turns":7.0},{"damage":29.0,"enemies":"Gremlin Nob","floor":6.0,"turns":6.0},{"damage":3.0,"enemies":"Lots of Slimes","floor":7.0,"turns":4.0},{"damage":1.0,"enemies":"Exordium Wildlife","floor":8.0,"turns":5.0},{"damage":0.0,"enemies":"Gremlin Gang","floor":11.0,"turns":5.0},{"damage":6.0,"enemies":"Exordium Thugs","floor":12.0,"turns":5.0},{"damage":8.0,"enemies":"Slime Boss","floor":16.0,"turns":9.0},{"damage":11.0,"enemies":"Spheric Guardian","floor":18.0,"turns":4.0},{"damage":9.0,"enemies":"3 Byrds","floor":19.0,"turns":5.0},{"damage":3.0,"enemies":"Shelled Parasite and Fungi","floor":20.0,"turns":4.0},{"damage":3.0,"enemies":"Centurion and Healer","floor":21.0,"turns":4.0},{"damage":4.0,"enemies":"Snecko","floor":24.0,"turns":4.0},{"damage":0.0,"enemies":"Snake Plant","floor":25.0,"turns":3.0},{"damage":0.0,"enemies":"Cultist and Chosen","floor":29.0,"turns":3.0},{"damage":0.0,"enemies":"Shelled Parasite and Fungi","floor":30.0,"turns":2.0},{"damage":2.0,"enemies":"Automaton","floor":33.0,"turns":6.0},{"damage":0.0,"enemies":"3 Shapes","floor":35.0,"turns":2.0},{"damage":0.0,"enemies":"Orb Walker","floor":36.0,"turns":1.0},{"damage":2.0,"enemies":"4 Shapes","floor":39.0,"turns":3.0},{"damage":0,"enemies":"Nemesis","floor":40,"turns":3},{"damage":0,"enemies":"Transient","floor":42,"turns":5},{"damage":0,"enemies":"Reptomancer","floor":45,"turns":2},{"damage":0,"enemies":"Writhing Mass","floor":47,"turns":3},{"damage":0,"enemies":"Maw","floor":48,"turns":2},{"damage":0,"enemies":"Donu and Deca","floor":50,"turns":4}],"seed_played":"-3060839913576543801","potions_obtained":[{"floor":2.0,"key":"Swift Potion"},{"floor":4.0,"key":"Block Potion"},{"floor":6.0,"key":"PowerPotion"},{"floor":11.0,"key":"AttackPotion"},{"floor":18.0,"key":"GamblersBrew"},{"floor":29.0,"key":"SkillPotion"},{"floor":30.0,"key":"GhostInAJar"},{"floor":33.0,"key":"Strength Potion"},{"floor":42,"key":"CunningPotion"},{"floor":45,"key":"SkillPotion"}],"is_trial":false,"path_per_floor":["M","M","M","M","M","E","M","M","T","R","M","M","R","?","R","B",null,"M","M","M","M","?","R","M","M","T","$","?","M","M","?","R","B",null,"M","M","$","$","M","E","R","M","T","?","E","$","M","M","R","B",null],"character_chosen":"THE_SILENT","items_purchased":["Blade Dance","Master of Strategy","Toolbox"],"campfire_rested":2,"item_purchase_floors":[27,27,46],"current_hp_per_floor":[70,70,64,56,54,25,22,21,21,42,42,36,36,36,57,49,70,59,50,47,44,44,44,40,40,40,40,40,40,40,40,40,38,70,70,70,70,70,68,68,68,68,68,68,68,68,68,68,68,68],"gold":97,"neow_bonus":"ONE_RANDOM_RARE_CARD","is_prod":false,"is_daily":false,"chose_seed":false,"campfire_upgraded":5,"win_rate":0.0,"timestamp":1607591747,"path_taken":["M","M","M","M","M","E","M","M","T","R","M","M","R","?","R","BOSS","M","M","M","M","?","R","M","M","T","$","?","?","M","?","R","BOSS","M","M","?","$","M","E","R","M","T","?","E","$","M","M","R","BOSS"],"build_version":"2020-11-30","purchased_purges":4,"victory":true,"max_hp_per_floor":[70,70,70,70,70,70,70,70,70,70,70,70,70,70,70,70,70,70,70,70,70,70,70,70,70,70,70,70,70,70,70,70,70,70,70,70,70,70,70,70,70,70,70,70,70,70,70,70,70,70],"card_choices":[{"not_picked":["Dodge and Roll","Tactician"],"picked":"PiercingWail","floor":1.0},{"not_picked":["Poisoned Stab","Prepared"],"picked":"Slice","floor":2.0},{"not_picked":["Dagger Spray","Flying Knee"],"picked":"Terror","floor":3.0},{"not_picked":["Flying Knee","Deflect"],"picked":"Cloak And Dagger","floor":4.0},{"not_picked":["Grand Finale","Slice"],"picked":"Infinite Blades","floor":5.0},{"not_picked":["Concentrate","Acrobatics","Bane"],"picked":"SKIP","floor":6.0},{"not_picked":["Caltrops","Well Laid Plans","Crippling Poison"],"picked":"SKIP","floor":7.0},{"not_picked":["Slice","Dagger Throw"],"picked":"Accuracy","floor":8.0},{"not_picked":["Deadly Poison","Bouncing Flask"],"picked":"Prepared","floor":11.0},{"not_picked":["Finisher","Dagger Throw"],"picked":"Quick Slash","floor":12.0},{"not_picked":["Night Terror","Wraith Form v2"],"picked":"Doppelganger","floor":16.0},{"not_picked":["Acrobatics","Deadly Poison"],"picked":"PiercingWail","floor":18.0},{"not_picked":["Sucker Punch","Flying Knee+1"],"picked":"Acrobatics+1","floor":19.0},{"not_picked":["Setup","Eviscerate","Bane"],"picked":"SKIP","floor":20.0},{"not_picked":["Dodge and Roll","Caltrops+1"],"picked":"Cloak And Dagger","floor":21.0},{"not_picked":["Flying Knee","Dodge and Roll","Heel Hook"],"picked":"SKIP","floor":24.0},{"not_picked":["Prepared","Acrobatics+1","Flying Knee+1"],"picked":"SKIP","floor":25.0},{"not_picked":["Bane","Slice+1"],"picked":"Blade Dance+1","floor":29.0},{"not_picked":["PiercingWail","Skewer","Eviscerate+1"],"picked":"SKIP","floor":30.0},{"not_picked":["Doppelganger","Wraith Form v2"],"picked":"Storm of Steel","floor":33.0},{"not_picked":["Infinite Blades","Eviscerate"],"picked":"Blade Dance","floor":35.0},{"not_picked":["Slice+1","Underhanded Strike+1","Dash"],"picked":"SKIP","floor":36.0},{"not_picked":["Dagger Throw","PiercingWail"],"picked":"Deflect+1","floor":39.0},{"not_picked":["PiercingWail","Deadly Poison"],"picked":"Tools of the Trade","floor":40},{"not_picked":["Bane+1","Outmaneuver"],"picked":"Tactician+1","floor":42},{"not_picked":["Flechettes+1","Endless Agony"],"picked":"Backstab+1","floor":45},{"not_picked":["Flying Knee","Acrobatics+1","Escape Plan+1"],"picked":"SKIP","floor":47},{"not_picked":["Outmaneuver","Dagger Throw"],"picked":"Backflip+1","floor":48}],"player_experience":293842,"relics_obtained":[{"floor":6.0,"key":"Boot"},{"floor":9.0,"key":"InkBottle"},{"floor":26.0,"key":"Lantern"},{"floor":40,"key":"White Beast Statue"},{"floor":43,"key":"Gremlin Horn"},{"floor":45,"key":"Gambling Chip"}],"event_choices":[{"cards_removed":["Strike_G"],"damage_healed":0.0,"max_hp_gain":0.0,"max_hp_loss":0.0,"gold_gain":0.0,"event_name":"Living Wall","player_choice":"Forget","floor":14.0,"gold_loss":0.0,"damage_taken":0.0},{"damage_healed":0.0,"max_hp_gain":0.0,"max_hp_loss":0.0,"gold_gain":0.0,"event_name":"WeMeetAgain","player_choice":"Paid Gold","floor":28.0,"gold_loss":91.0,"damage_taken":0.0,"relics_obtained":["Orichalcum"]},{"damage_healed":0.0,"max_hp_gain":0.0,"max_hp_loss":0.0,"gold_gain":0.0,"event_name":"Duplicator","player_choice":"Copied","floor":31.0,"gold_loss":0.0,"damage_taken":0.0,"cards_obtained":["Adrenaline"]},{"damage_healed":0,"gold_gain":100,"player_choice":"Pray","damage_taken":0,"max_hp_gain":0,"max_hp_loss":0,"event_name":"Golden Shrine","floor":44,"gold_loss":0}],"is_beta":false,"boss_relics":[{"not_picked":["HoveringKite","Ring of the Serpent"],"picked":"WristBlade"},{"not_picked":["Velvet Choker","SacredBark"],"picked":"Astrolabe"}],"items_purged_floors":[27,37,38,46],"is_endless":false,"potions_floor_spawned":[2,4,6,11,18,29,30,33,35,36,42,45,47,48],"ascension_level":0}}