{"host":"irbs4k8g1zbsytxn","time":1607581946,"event":{"gold_per_floor":[109,109,120,120,134,134,134],"floor_reached":6,"playtime":446,"items_purged":[],"score":36,"play_id":"e834f152-66a6-4e8e-af1c-535d3669238b","local_time":"20201210143226","is_ascension_mode":false,"campfire_choices":[],"neow_cost":"NONE","seed_source_timestamp":1923467716641800,"circlet_count":0,"master_deck":["Runesmith:Strike_RS","Runesmith:Strike_RS","Runesmith:Strike_RS","Runesmith:Strike_RS","Runesmith:Defend_RS","Runesmith:Defend_RS","Runesmith:Defend_RS","Runesmith:Defend_RS","Runesmith:CraftFirestone","Runesmith:Fortify","Runesmith:PoweredAnvil+1","Runesmith:ChiselStab","Burn","Runesmith:EarthShield"],"relics":["Runesmith:BrokenRuby"],"potions_floor_usage":[],"damage_taken":[{"damage":0,"enemies":"Small Slimes","floor":1,"turns":3},{"damage":0,"enemies":"Jaw Worm","floor":3,"turns":5},{"damage":2,"enemies":"2 Louse","floor":5,"turns":3},{"damage":0,"enemies":"Gremlin Nob","floor":6,"turns":2}],"seed_played":"2585874744615330664","potions_obtained":[{"floor":1,"key":"Regen Potion"}],"is_trial":false,"path_per_floor":["M","?","M","?","M","E"],"character_chosen":"RUNESMITH_CLASS","items_purchased":[],"campfire_rested":0,"item_purchase_floors":[],"current_hp_per_floor":[77,77,77,77,75,75,75],"gold":134,"neow_bonus":"TEN_PERCENT_HP_BONUS","is_prod":false,"is_daily":false,"chose_seed":false,"campfire_upgraded":0,"win_rate":0.0,"timestamp":1607581946,"path_taken":["M","?","M","?","M","E"],"build_version":"2020-11-30","purchased_purges":0,"victory":false,"max_hp_per_floor":[77,77,77,77,77,77,77],"card_choices":[{"not_picked":["Runesmith:Superposition","Runesmith:HeatedChisel"],"picked":"Runesmith:PoweredAnvil","floor":1},{"not_picked":["Runesmith:Attraction","Runesmith:MakeshiftArmor"],"picked":"Runesmith:ChiselStab","floor":3},{"not_picked":["Runesmith:FrozenChisel","Runesmith:ChiselStab"],"picked":"Runesmith:EarthShield","floor":5}],"player_experience":236272,"relics_obtained":[],"event_choices":[{"damage_healed":0,"gold_gain":0,"player_choice":"Grow","damage_taken":0,"max_hp_gain":0,"max_hp_loss":0,"event_name":"Living Wall","floor":2,"gold_loss":0,"cards_upgraded":["Runesmith:PoweredAnvil"]},{"damage_healed":77,"gold_gain":0,"player_choice":"Embrace Burn","damage_taken":0,"max_hp_gain":0,"max_hp_loss":77,"event_name":"betterThird:BetterShining","floor":4,"gold_loss":0}],"is_beta":false,"boss_relics":[],"items_purged_floors":[],"is_endless":false,"potions_floor_spawned":[1],"killed_by":"Gremlin Nob","ascension_level":0}}