{"host":"bid6lzrefpuw0ao6","time":1607577516,"event":{"gold_per_floor":[1982,1982,1982,2057,2057,2091,1997,2030,2055,2000,2035,2058,2075,2106,2372,2455,2455,2474,2495,2519,3518,3518,3518,3558,3558,3558,3523,3425,3357,3395,4613,4515,5197,5197,5809,6432,7666,8665,8687,8719,8541,8572,8625,8585,8585,8585,8618,8618,8555,8571,8574,8574,8495,8444,8477,8477],"floor_reached":57,"playtime":2077,"items_purged":["Parasite","Strike_B","Defend_B","Strike_B+1","Defend_B","Strike_B+1","Defend_B","Defend_B","Strike_B+1","Turbo","testmod-FightingIntention","Dualcast","Normality","Normality","MostiFishMod:DeathFromBelow+1","Pride"],"score":4550,"play_id":"de87122d-f03f-4df3-bf7e-3065667fab0f","local_time":"20201210131836","is_ascension_mode":true,"campfire_choices":[{"floor":23,"key":"RECALL"}],"neow_cost":"","seed_source_timestamp":3193795138365,"circlet_count":0,"master_deck":["AscendersBane","Genetic Algorithm","MostiFishMod:IntelligentEquipment","Heatsinks","Storm","Reboot+1","Turbo","Recycle","MostiFishMod:FourSeasons+1","Panacea+1","Coolheaded","Hologram","Ball Lightning","Hologram","Cold Snap","Apotheosis+1","Turbo+1","MostiFishMod:LinkProtocol","White Noise+1","Loop","Double Energy","Defragment","Coolheaded","Consume","Chill","Capacitor","Turbo","Seek+1","Defragment+1","testmod-Collector+1","Skim","MostiFishMod:SparklingWater+1"],"relics":["Cracked Core","DaveBox","testmod-TestBox","EasyRelic","Brimstone","testmod-RealStoneCalender","Juzu Bracelet","TheAbacus","GodSword4","testmod-ArcanaOfDestiny","PreservedInsect","Shovel","Nunchaku","Meat on the Bone","testmod-InjuryResistance","Incense Burner","Pantograph","Runic Capacitor","Pen Nib","Happy Flower","SecretRecord","testmod-Acrobat","Civilization","Dodecahedron","Membership Card","ImprovedEquipment","Peace Pipe","Ice Cream","Ccalipers","Akabeko","Question Card","TungstenRod","Vajra","testmod-Antiphasic","MerchantsRug","Ornamental Fan","SSSystem","Centennial Puzzle","DataDisk","MealTicket","Sundial","Old Coin","Darkstone Periapt","Regal Pillow","ImportantClient","Bag of Preparation","MagicDraw3","MagicDraw2","GodSword5","testmod-IndustrialRevolution","testmod-AssaultLearning","Gremlin Horn","BrkXgEgg","Boot","HandDrill","Molten Egg 2","Medical Kit","Bag of Marbles","testmod-Justice","Kunai","OrangePellets","Technique","Bottled Lightning","ExusiaiGun","Bottled Flame","ClockworkSouvenir","Question Card","GodSword6","Pear","Bottled Tornado","Tea:ReiMu","Ancient Tea Set","Frozen Egg 2","Anchor","Blood Vial","Mummified Hand","Lee\u0027s Waffle","Oddly Smooth Stone","Sling","Shuriken","Lantern","Orichalcum","GodSword3"],"potions_floor_usage":[15],"damage_taken":[{"damage":0,"enemies":"Small Slimes","floor":1,"turns":1},{"damage":0,"enemies":"3 Sentries","floor":6,"turns":1},{"damage":0,"enemies":"Gremlin Nob","floor":8,"turns":1},{"damage":0,"enemies":"3 Sentries","floor":11,"turns":1},{"damage":0,"enemies":"Cultist","floor":13,"turns":1},{"damage":0,"enemies":"Gremlin Nob","floor":14,"turns":1},{"damage":0,"enemies":"Slime Boss","floor":16,"turns":2},{"damage":0,"enemies":"Chosen","floor":18,"turns":1},{"damage":0,"enemies":"Spheric Guardian","floor":19,"turns":1},{"damage":0,"enemies":"Snake Plant","floor":20,"turns":1},{"damage":0,"enemies":"Slavers","floor":24,"turns":2},{"damage":0,"enemies":"Gremlin Leader","floor":30,"turns":1},{"damage":0,"enemies":"3 Cultists","floor":31,"turns":1},{"damage":0,"enemies":"Automaton","floor":33,"turns":1},{"damage":0,"enemies":"Orb Walker","floor":35,"turns":1},{"damage":0,"enemies":"3 Darklings","floor":36,"turns":1},{"damage":0,"enemies":"4 Shapes","floor":37,"turns":1},{"damage":0,"enemies":"Transient","floor":39,"turns":1},{"damage":0,"enemies":"Reptomancer","floor":40,"turns":1},{"damage":0,"enemies":"Giant Head","floor":42,"turns":1},{"damage":0,"enemies":"Nemesis","floor":47,"turns":1},{"damage":0,"enemies":"Awakened One","floor":50,"turns":2},{"damage":0,"enemies":"Time Eater","floor":51,"turns":1},{"damage":0,"enemies":"Shield and Spear","floor":55,"turns":1},{"damage":0,"enemies":"The Heart","floor":56,"turns":1}],"seed_played":"-7465313372455052988","potions_obtained":[{"floor":6,"key":"Regen Potion"},{"floor":8,"key":"EssenceOfSteel"},{"floor":16,"key":"SkillPotion"},{"floor":19,"key":"SteroidPotion"},{"floor":44,"key":"BlessingOfTheForge"}],"is_trial":false,"path_per_floor":["M","?","?","?","?","E","R","E","T","$","E","T","M","E","R","B",null,"M","M","M","?","?","R","E","?","T","$","$","R","E","M","R","B",null,"M","M","M","?","M","E","R","E","T","?","?","?","E","?","R","B","B",null,"R","$","E","B",null],"character_chosen":"DEFECT","items_purchased":["Juzu Bracelet","TheAbacus","GodSword4","testmod-ArcanaOfDestiny","PreservedInsect","Genetic Algorithm","MostiFishMod:IntelligentEquipment","Nunchaku","Meat on the Bone","Heatsinks","Pantograph","Runic Capacitor","Pen Nib","Happy Flower","Storm","Reboot","SecretRecord","testmod-Acrobat","Civilization","Dodecahedron","Turbo","Whetstone","Membership Card","ImprovedEquipment","Peace Pipe","Recycle","MostiFishMod:FourSeasons","Panacea","Coolheaded","Hologram","Ball Lightning","Ccalipers","Akabeko","Cold Snap","Vajra","testmod-Antiphasic","Strawberry","MerchantsRug","Ornamental Fan","Apotheosis","Centennial Puzzle","Turbo","testmod-FightingIntention","Orrery","testmod-SpacePotion","Sundial","Old Coin","Darkstone Periapt","Regal Pillow","Coolheaded","MagicDraw2","GodSword5","testmod-IndustrialRevolution","AttackPotion","testmod-AssaultLearning","Gremlin Horn","BrkXgEgg","Boot","MostiFishMod:DeathFromBelow+1","HandDrill","Molten Egg 2","Medical Kit","Bag of Marbles","Capacitor","Kunai","OrangePellets","Technique","Bottled Lightning","ClockworkSouvenir","Question Card","GodSword6","Pear","Bottled Tornado","Anchor","Blood Vial","Skim","MostiFishMod:SparklingWater+1","Mummified Hand","Lee\u0027s Waffle","Oddly Smooth Stone","Sling","Shuriken","Lantern","Orichalcum"],"campfire_rested":0,"item_purchase_floors":[0,0,0,0,0,0,0,0,0,0,0,0,0,0,0,0,0,0,0,0,0,0,0,0,0,0,0,0,0,0,0,0,0,7,7,7,7,7,7,7,10,10,10,10,15,15,15,15,15,15,27,27,27,27,28,28,28,28,28,28,29,29,29,29,32,32,32,32,41,41,41,41,41,49,49,49,49,53,53,53,53,54,54,54],"current_hp_per_floor":[36,36,36,25,5,22,29,47,47,47,56,56,66,77,77,115,127,141,156,172,172,172,172,191,191,191,195,195,195,217,242,242,268,268,295,328,365,377,415,456,466,508,508,508,501,483,526,526,526,574,623,623,630,636,687,739],"gold":8477,"neow_bonus":"","is_prod":false,"is_daily":false,"chose_seed":false,"campfire_upgraded":0,"win_rate":0,"timestamp":1607577516,"path_taken":["M","?","?","?","?","E","R","E","T","?","E","?","M","E","R","BOSS","M","M","M","?","?","R","E","?","T","?","$","R","E","M","R","BOSS","M","M","M","?","M","E","R","E","T","?","?","?","E","?","R","BOSS","BOSS","R","$","E","BOSS"],"build_version":"2020-11-30","purchased_purges":16,"victory":true,"max_hp_per_floor":[70,70,70,70,70,75,82,88,88,88,97,97,107,118,118,131,131,145,160,176,176,176,176,195,195,195,195,195,195,217,242,242,268,268,295,328,365,377,415,456,466,508,508,508,508,483,526,526,526,574,623,623,630,636,687,739],"relic_stats":{"Darkstone Periapt":60,"Regal Pillow":0,"Gremlin Horn":[38,55],"Juzu Bracelet":3,"Bag of Preparation":[44],"Boot":[0],"Blood Vial":2,"Nunchaku":[18],"Centennial Puzzle":[3],"TheAbacus":[168],"Shovel":7,"Sundial":[4],"Mummified Hand":[187],"Pantograph":25,"MealTicket":21,"HandDrill":[32],"Kunai":[42],"Lee\u0027s Waffle":7,"Happy Flower":[74],"counters":[87,137],"PreservedInsect":3156,"Pen Nib":[23],"Orichalcum":[90],"Question Card":67,"Medical Kit":[1],"Peace Pipe":0,"OrangePellets":[1],"Ornamental Fan":[20],"Shuriken":[35],"obtain_stats":[{"Whetstone":0,"Bottled Tornado":41,"Boot":28,"MagicDraw3":54,"Sling":0,"MagicDraw2":27,"Old Coin":15,"Blood Vial":49,"testmod-Prudence":0,"Sundial":47,"MealTicket":38,"HandDrill":0,"Kunai":38,"MerchantsRug":0,"testmod-TestBox":0,"Pear":41,"Dodecahedron":0,"testmod-Register":0,"Blue Candle":42,"Pen Nib":0,"Akabeko":0,"EasyRelic":0,"Runic Dome":0,"Bird Faced Urn":38,"Technique":32,"Lantern":49,"Regal Pillow":15,"DaveBox":0,"Bag of Preparation":43,"Ancient Tea Set":43,"Civilization":0,"testmod-Brilliant":0,"Shovel":0,"testmod-ObsoleteBoomerang":0,"ZombieArmy":40,"Potion Belt":8,"Lee\u0027s Waffle":53,"ImprovedEquipment":0,"PreservedInsect":13,"BrkXgEgg":38,"Frozen Egg 2":47,"FeatherPendant":17,"Ornamental Fan":7,"Orrery":30,"Art of War":46,"Bottled Lightning":32,"Ice Cream":54,"Gremlin Horn":28,"SSSystem":6,"Vajra":7,"Tea:ReiMu":42,"BirthdayGift-Icosahedron":0,"Runic Capacitor":0,"Centennial Puzzle":10,"HornCleat":38,"testmod-Laevatain":0,"Ccalipers":0,"Strawberry":7,"ImportantClient":16,"Happy Flower":0,"testmod-FatalChain":25,"Oddly Smooth Stone":53,"AddBug":1,"War Paint":14,"Question Card":0,"testmod-RealStoneCalender":7,"OrangePellets":32,"Bottled Flame":40,"Brimstone":7,"Shuriken":54,"testmod-Acrobat":11,"Molten Egg 2":29,"GodSword6":41,"GodSword5":27,"xbg":0,"GodSword4":0,"GodSword3":43,"Meat on the Bone":0,"Darkstone Periapt":15,"Mango":38,"SecretRecord":1,"Juzu Bracelet":0,"Incense Burner":0,"ExusiaiGun":34,"testmod-Nyarlathotep":54,"ClockworkSouvenir":37,"Nunchaku":0,"TheAbacus":0,"testmod-InjuryResistance":0,"Mummified Hand":53,"Pantograph":0,"Cracked Core":0,"testmod-ArcanaOfDestiny":0,"SumBook":55,"Runic Pyramid":17,"JellyFishMachine":34,"testmod-Justice":30,"Orichalcum":54,"testmod-IndustrialRevolution":27,"Medical Kit":29,"White Beast Statue":26,"DALC_TWO":54,"Peace Pipe":0,"Cauldron":38,"testmod-Antiphasic":7,"CaptainsWheel":23,"Anchor":54,"DataDisk":12,"testmod-AssaultLearning":28,"Bag of Marbles":29,"Membership Card":0,"TungstenRod":6},{"Whetstone":62,"Bottled Tornado":81,"Boot":18,"MagicDraw3":30,"Sling":32,"MagicDraw2":73,"Old Coin":68,"Blood Vial":83,"testmod-Prudence":0,"Sundial":58,"MealTicket":23,"HandDrill":32,"Kunai":23,"MerchantsRug":32,"testmod-TestBox":0,"Pear":81,"Dodecahedron":62,"testmod-Register":0,"Blue Candle":55,"Pen Nib":62,"Akabeko":32,"EasyRelic":0,"Runic Dome":0,"Bird Faced Urn":23,"Technique":75,"Lantern":58,"Regal Pillow":68,"DaveBox":0,"Bag of Preparation":55,"Ancient Tea Set":82,"Civilization":62,"testmod-Brilliant":62,"Shovel":32,"testmod-ObsoleteBoomerang":32,"ZombieArmy":54,"Potion Belt":4,"Lee\u0027s Waffle":85,"ImprovedEquipment":62,"PreservedInsect":8,"BrkXgEgg":23,"Frozen Egg 2":83,"FeatherPendant":9,"Ornamental Fan":64,"Orrery":47,"Art of War":26,"Bottled Lightning":75,"Ice Cream":60,"Gremlin Horn":73,"SSSystem":3,"Vajra":64,"Tea:ReiMu":82,"BirthdayGift-Icosahedron":0,"Runic Capacitor":32,"Centennial Puzzle":65,"HornCleat":23,"testmod-Laevatain":32,"Ccalipers":62,"Strawberry":64,"ImportantClient":69,"Happy Flower":62,"testmod-FatalChain":16,"Oddly Smooth Stone":85,"AddBug":33,"War Paint":8,"Question Card":32,"testmod-RealStoneCalender":64,"OrangePellets":75,"Bottled Flame":81,"Brimstone":64,"Shuriken":85,"testmod-Acrobat":6,"Molten Egg 2":73,"GodSword6":81,"GodSword5":73,"xbg":0,"GodSword4":62,"GodSword3":24,"Meat on the Bone":62,"Darkstone Periapt":68,"Mango":52,"SecretRecord":33,"Juzu Bracelet":62,"Incense Burner":62,"ExusiaiGun":76,"testmod-Nyarlathotep":30,"ClockworkSouvenir":51,"Nunchaku":62,"TheAbacus":62,"testmod-InjuryResistance":62,"Mummified Hand":85,"Pantograph":62,"Cracked Core":0,"testmod-ArcanaOfDestiny":62,"SumBook":31,"Runic Pyramid":69,"JellyFishMachine":49,"testmod-Justice":74,"Orichalcum":85,"testmod-IndustrialRevolution":73,"Medical Kit":73,"White Beast Statue":16,"DALC_TWO":30,"Peace Pipe":62,"Cauldron":23,"testmod-Antiphasic":64,"CaptainsWheel":15,"Anchor":30,"DataDisk":66,"testmod-AssaultLearning":73,"Bag of Marbles":73,"Membership Card":0,"TungstenRod":64},{"Whetstone":109,"Bottled Tornado":130,"Boot":35,"MagicDraw3":50,"Sling":54,"MagicDraw2":122,"Old Coin":115,"Blood Vial":132,"testmod-Prudence":0,"Sundial":100,"MealTicket":40,"HandDrill":54,"Kunai":40,"MerchantsRug":54,"testmod-TestBox":0,"Pear":130,"Dodecahedron":109,"testmod-Register":0,"Blue Candle":97,"Pen Nib":109,"Akabeko":54,"EasyRelic":0,"Runic Dome":0,"Bird Faced Urn":40,"Technique":124,"Lantern":100,"Regal Pillow":115,"DaveBox":0,"Bag of Preparation":97,"Ancient Tea Set":131,"Civilization":109,"testmod-Brilliant":109,"Shovel":54,"testmod-ObsoleteBoomerang":54,"ZombieArmy":96,"Potion Belt":9,"Lee\u0027s Waffle":135,"ImprovedEquipment":109,"PreservedInsect":18,"BrkXgEgg":40,"Frozen Egg 2":132,"FeatherPendant":25,"Ornamental Fan":111,"Orrery":84,"Art of War":43,"Bottled Lightning":124,"Ice Cream":103,"Gremlin Horn":122,"SSSystem":7,"Vajra":111,"Tea:ReiMu":131,"BirthdayGift-Icosahedron":0,"Runic Capacitor":54,"Centennial Puzzle":112,"HornCleat":40,"testmod-Laevatain":54,"Ccalipers":109,"Strawberry":111,"ImportantClient":117,"Happy Flower":109,"testmod-FatalChain":32,"Oddly Smooth Stone":135,"AddBug":55,"War Paint":18,"Question Card":54,"testmod-RealStoneCalender":111,"OrangePellets":124,"Bottled Flame":130,"Brimstone":111,"Shuriken":135,"testmod-Acrobat":14,"Molten Egg 2":122,"GodSword6":130,"GodSword5":122,"xbg":0,"GodSword4":109,"GodSword3":41,"Meat on the Bone":109,"Darkstone Periapt":115,"Mango":93,"SecretRecord":55,"Juzu Bracelet":109,"Incense Burner":109,"ExusiaiGun":125,"testmod-Nyarlathotep":50,"ClockworkSouvenir":91,"Nunchaku":109,"TheAbacus":109,"testmod-InjuryResistance":109,"Mummified Hand":135,"Pantograph":109,"Cracked Core":0,"testmod-ArcanaOfDestiny":109,"SumBook":51,"Runic Pyramid":117,"JellyFishMachine":88,"testmod-Justice":123,"Orichalcum":135,"testmod-IndustrialRevolution":122,"Medical Kit":122,"White Beast Statue":32,"DALC_TWO":50,"Peace Pipe":109,"Cauldron":40,"testmod-Antiphasic":111,"CaptainsWheel":31,"Anchor":50,"DataDisk":113,"testmod-AssaultLearning":122,"Bag of Marbles":122,"Membership Card":0,"TungstenRod":111}],"TungstenRod":16,"Meat on the Bone":36},"card_choices":[{"not_picked":["Go for the Eyes","Beam Cell"],"picked":"Hologram","floor":1},{"not_picked":["Hologram","Beam Cell","Reinforced Body","Echo Form"],"picked":"SKIP","floor":6},{"not_picked":["Auto Shields","Stack","Heatsinks"],"picked":"Turbo","floor":8},{"not_picked":["Hologram","Glacier","Leap"],"picked":"MostiFishMod:LinkProtocol","floor":10},{"not_picked":["Sweeping Beam","Stack","Leap"],"picked":"White Noise","floor":10},{"not_picked":["MostiFishMod:ReprogramOld","Coolheaded","BootSequence"],"picked":"Loop","floor":10},{"not_picked":["Conserve Battery","Chaos","Coolheaded"],"picked":"Double Energy","floor":11},{"not_picked":["Barrage","Sweeping Beam","Rebound"],"picked":"Defragment","floor":13},{"not_picked":["Redo","MostiFishMod:FluxCapactior","Compile Driver","Doom and Gloom"],"picked":"SKIP","floor":14},{"not_picked":["Glacier","Beam Cell","Cold Snap","Leap"],"picked":"SKIP","floor":18},{"not_picked":["Coolheaded","Gash+1","Compile Driver","Steam"],"picked":"SKIP","floor":19},{"not_picked":["Hologram","Heatsinks","Streamline"],"picked":"Consume","floor":20},{"not_picked":["Gash","Coolheaded+1","Static Discharge"],"picked":"Chill","floor":24},{"not_picked":["Streamline+1","Ball Lightning+1","Compile Driver+1","Hologram"],"picked":"SKIP","floor":30},{"not_picked":["Darkness","Hologram","Compile Driver+1"],"picked":"Turbo","floor":31},{"not_picked":["MostiFishMod:Distribution+1","Amplify+1","Biased Cognition+1"],"picked":"Seek+1","floor":33},{"not_picked":["Redo","Stack+1","Rip and Tear+1","Auto Shields"],"picked":"SKIP","floor":35},{"not_picked":["Beam Cell+1","Scrape+1","Coolheaded","Go for the Eyes+1"],"picked":"SKIP","floor":36},{"not_picked":["Gash+1","Go for the Eyes+1","Undo","Compile Driver+1"],"picked":"SKIP","floor":37},{"not_picked":["Fusion","Leap","Steam","Conserve Battery"],"picked":"SKIP","floor":39},{"not_picked":["Conserve Battery","Leap","Beam Cell+1","Hyperbeam+1"],"picked":"SKIP","floor":40},{"not_picked":["Sweeping Beam+1","Fusion+1","Cold Snap+1","Capacitor"],"picked":"Defragment+1","floor":42},{"not_picked":["Jack Of All Trades","Finesse","testmod-ConditionedReflex","testmod-DeathImprint+1"],"picked":"testmod-Collector+1","floor":45},{"not_picked":["Scrape+1","Steam Power","Leap+1","Genetic Algorithm+1","Compile Driver+1"],"picked":"SKIP","floor":47},{"not_picked":["Self Repair+1","Loop+1","Streamline+1","Coolheaded","Hologram"],"picked":"SKIP","floor":55}],"player_experience":263363,"relics_obtained":[{"floor":1,"key":"Question Card"},{"floor":6,"key":"TungstenRod"},{"floor":8,"key":"SSSystem"},{"floor":11,"key":"War Paint"},{"floor":12,"key":"DataDisk"},{"floor":14,"key":"MealTicket"},{"floor":16,"key":"ImportantClient"},{"floor":24,"key":"Bag of Preparation"},{"floor":26,"key":"MagicDraw3"},{"floor":30,"key":"testmod-Justice"},{"floor":40,"key":"Bottled Flame"},{"floor":42,"key":"Tea:ReiMu"},{"floor":43,"key":"Ancient Tea Set"},{"floor":47,"key":"Frozen Egg 2"},{"floor":55,"key":"GodSword3"}],"event_choices":[{"damage_healed":0,"gold_gain":0,"player_choice":"Upgraded","damage_taken":0,"max_hp_gain":0,"max_hp_loss":0,"event_name":"Upgrade Shrine","floor":2,"gold_loss":0,"cards_upgraded":["MostiFishMod:FourSeasons"]},{"damage_healed":0,"gold_gain":0,"player_choice":"Ignored","damage_taken":0,"max_hp_gain":0,"max_hp_loss":0,"event_name":"给自己的盒子","floor":3,"gold_loss":0},{"damage_healed":0,"gold_gain":75,"player_choice":"Gather Gold","damage_taken":11,"max_hp_gain":0,"max_hp_loss":0,"event_name":"World of Goop","floor":4,"gold_loss":0},{"damage_healed":0,"gold_gain":0,"player_choice":"Entered Light","damage_taken":21,"max_hp_gain":0,"max_hp_loss":0,"event_name":"Shining Light","floor":5,"gold_loss":0,"cards_upgraded":["Panacea","Strike_B"]},{"damage_healed":0,"gold_gain":999,"player_choice":"Sell","damage_taken":0,"max_hp_gain":0,"max_hp_loss":0,"event_name":"恩洛斯的盘子","floor":21,"relics_lost":["Runic Pyramid"],"gold_loss":0},{"damage_healed":0,"gold_gain":0,"player_choice":"0 cards matched","damage_taken":0,"max_hp_gain":0,"max_hp_loss":0,"event_name":"Match and Keep!","floor":22,"gold_loss":0,"cards_obtained":[]},{"cards_removed":["Zap"],"damage_healed":0,"gold_gain":0,"player_choice":"Purged","damage_taken":0,"max_hp_gain":0,"max_hp_loss":0,"event_name":"Purifier","floor":25,"gold_loss":0},{"damage_healed":0,"gold_gain":999,"player_choice":"Gold","damage_taken":0,"max_hp_gain":0,"max_hp_loss":0,"event_name":"MindBloom","floor":38,"gold_loss":0,"cards_obtained":["Normality","Normality"]},{"damage_healed":0,"gold_gain":0,"player_choice":"Bought 3 Potions","damage_taken":0,"max_hp_gain":0,"max_hp_loss":0,"event_name":"The Woman in Blue","floor":44,"gold_loss":0},{"damage_healed":0,"gold_gain":0,"player_choice":"Memory 3","damage_taken":10,"max_hp_gain":0,"max_hp_loss":0,"event_name":"SensoryStone","floor":45,"gold_loss":0},{"damage_healed":0,"gold_gain":0,"player_choice":"Max HP","damage_taken":0,"max_hp_gain":0,"max_hp_loss":25,"event_name":"Winding Halls","floor":46,"gold_loss":0},{"damage_healed":0,"gold_gain":0,"player_choice":"Ignored","damage_taken":0,"max_hp_gain":0,"max_hp_loss":0,"event_name":"Tomb of Lord Red Mask","floor":48,"gold_loss":0}],"is_beta":false,"boss_relics":[{"not_picked":["MetatronsCube","Fusion Hammer"],"picked":"Runic Pyramid"},{"not_picked":["BirthdayGift-Tetrahedron","FrostBlade"],"picked":"ExusiaiGun"}],"items_purged_floors":[0,0,0,7,7,7,10,10,10,15,28,32,41,41,41,54],"is_endless":false,"potions_floor_spawned":[6,8,11,16,19,20,24,30,33,35,37,42],"ascension_level":20}}