{"host":"udzsrhbqdxqtlypj","time":1607609243,"event":{"mods":["BaseMod","Minty Spire (QoL Compilation)","Relic Stats"],"gold_per_floor":[368,383,393,104,118,151,151,177,249,324,324,350,363,380,380,484,484,496,154,169,181,194,224,238,265,315,330,347,36,68,68,68,165,165,185,203,219,274,274,304,320,352,404,57,57,85,98,112,112,112,112,112,41,67,67],"floor_reached":56,"playtime":5184,"items_purged":["Strike_G","Strike_G","Shame"],"score":2044,"play_id":"7fc2abd0-3071-498f-98c7-02222225cc9a","local_time":"20201210080723","is_ascension_mode":true,"campfire_choices":[{"data":"Bouncing Flask","floor":11.0,"key":"SMITH"},{"data":"Neutralize","floor":15.0,"key":"SMITH"},{"data":"Apotheosis","floor":32.0,"key":"SMITH"},{"data":"Malaise","floor":45,"key":"SMITH"},{"floor":49,"key":"RECALL"},{"data":"Well Laid Plans","floor":52,"key":"SMITH"}],"circlet_count":0,"master_deck":["Strike_G","Strike_G+1","Strike_G+1","Defend_G","Defend_G","Defend_G+1","Defend_G","Defend_G","Survivor","Neutralize+1","Blade Dance","Bouncing Flask+1","PiercingWail+1","Well Laid Plans+1","Sucker Punch","Grand Finale","Catalyst","Heel Hook","Poisoned Stab","Burst","Dark Shackles","Backflip","Backflip+1","Corpse Explosion","Catalyst","PiercingWail+1","Acrobatics","Tactician","Acrobatics","Apotheosis+1","Catalyst","Terror+1","Malaise+1","Escape Plan+1","Tactician+1","Deadly Poison+1","Footwork+1","Expertise"],"special_seed":0,"relics":["Ring of the Snake","PreservedInsect","Whetstone","Thread and Needle","Eternal Feather","Blood Vial","Coffee Dripper","Sling","War Paint","Gremlin Horn","MealTicket","DollysMirror","Sundial","Toy Ornithopter","SlaversCollar","Shovel","Smiling Mask","Mango","Nunchaku","Chemical X","Anchor","Akabeko","Ice Cream"],"acts_visited":["TheBeyond","TheEnding"],"potions_floor_usage":[37,38,38,40,41,54,55],"damage_taken":[{"damage":2.0,"enemies":"Jaw Worm","floor":1.0,"turns":4.0},{"damage":0.0,"enemies":"Small Slimes","floor":2.0,"turns":3.0},{"damage":1.0,"enemies":"Cultist","floor":3.0,"turns":4.0},{"damage":2.0,"enemies":"Blue Slaver","floor":5.0,"turns":7.0},{"damage":7.0,"enemies":"Gremlin Nob","floor":6.0,"turns":3.0},{"damage":0.0,"enemies":"Lagavulin","floor":8.0,"turns":3.0},{"damage":7.0,"enemies":"3 Sentries","floor":12.0,"turns":7.0},{"damage":11.0,"enemies":"Exordium Thugs","floor":13.0,"turns":7.0},{"damage":0.0,"enemies":"Large Slime","floor":14.0,"turns":4.0},{"damage":0.0,"enemies":"Hexaghost","floor":16.0,"turns":7.0},{"damage":12.0,"enemies":"Shell Parasite","floor":18.0,"turns":5.0},{"damage":5.0,"enemies":"3 Byrds","floor":20.0,"turns":6.0},{"damage":12.0,"enemies":"Centurion and Healer","floor":21.0,"turns":4.0},{"damage":22.0,"enemies":"Chosen and Byrds","floor":22.0,"turns":6.0},{"damage":0.0,"enemies":"Book of Stabbing","floor":23.0,"turns":5.0},{"damage":2.0,"enemies":"Shelled Parasite and Fungi","floor":24.0,"turns":4.0},{"damage":0.0,"enemies":"Gremlin Leader","floor":25.0,"turns":7.0},{"damage":0.0,"enemies":"Snake Plant","floor":27.0,"turns":3.0},{"damage":0.0,"enemies":"3 Cultists","floor":28.0,"turns":3.0},{"damage":3.0,"enemies":"Slavers","floor":30.0,"turns":3.0},{"damage":11.0,"enemies":"Champ","floor":33.0,"turns":7.0},{"damage":4,"enemies":"Orb Walker","floor":35,"turns":5},{"damage":0,"enemies":"3 Shapes","floor":36,"turns":4},{"damage":8,"enemies":"Writhing Mass","floor":37,"turns":6},{"damage":43,"enemies":"2 Orb Walkers","floor":38,"turns":5},{"damage":0,"enemies":"Nemesis","floor":40,"turns":5},{"damage":4,"enemies":"Transient","floor":41,"turns":5},{"damage":0,"enemies":"Giant Head","floor":42,"turns":4},{"damage":0,"enemies":"Nemesis","floor":46,"turns":5},{"damage":8,"enemies":"3 Darklings","floor":47,"turns":5},{"damage":0,"enemies":"4 Shapes","floor":48,"turns":4},{"damage":0,"enemies":"Time Eater","floor":50,"turns":7},{"damage":29,"enemies":"Shield and Spear","floor":54,"turns":5},{"damage":94,"enemies":"The Heart","floor":55,"turns":9}],"seed_played":"-5030263538919079236","potions_obtained":[{"floor":2.0,"key":"FairyPotion"},{"floor":3.0,"key":"Regen Potion"},{"floor":6.0,"key":"SteroidPotion"},{"floor":13.0,"key":"Block Potion"},{"floor":14.0,"key":"LiquidMemories"},{"floor":16.0,"key":"Regen Potion"},{"floor":21.0,"key":"CultistPotion"},{"floor":24.0,"key":"Fruit Juice"},{"floor":27.0,"key":"Poison Potion"},{"floor":33.0,"key":"Energy Potion"},{"floor":37,"key":"Weak Potion"},{"floor":38,"key":"SneckoOil"},{"floor":40,"key":"DistilledChaos"},{"floor":42,"key":"Weak Potion"},{"floor":54,"key":"Explosive Potion"}],"is_trial":false,"path_per_floor":["M","M","M","$","M","E","?","E","T","?","R","E","M","M","R","B",null,"M","$","M","M","M","E","M","E","T","M","M","$","E","?","R","B",null,"M","M","M","?","T","E","M","E","T","$","R","E","M","M","R","B",null,"R","$","E","B",null],"character_chosen":"THE_SILENT","items_purchased":["PreservedInsect","Well Laid Plans","Sling","Dark Shackles","Apotheosis","DollysMirror","Chemical X","Anchor","Expertise"],"campfire_rested":0,"item_purchase_floors":[4,4,19,19,29,29,44,44,53],"current_hp_per_floor":[61,61,60,60,58,51,56,56,56,50,59,52,43,45,57,59,66,56,56,53,68,46,48,48,50,50,52,54,68,65,65,68,57,65,63,65,69,30,30,37,40,56,56,71,87,87,79,81,87,87,87,87,87,63,26],"gold":67,"neow_bonus":"TWO_FIFTY_GOLD","is_daily":false,"chose_seed":false,"campfire_upgraded":5,"win_rate":0,"timestamp":1607609243,"path_taken":["M","M","M","$","M","E","?","E","T","?","R","E","M","M","R","BOSS","M","$","M","M","M","E","M","E","T","M","M","$","E","?","R","BOSS","M","M","M","?","?","E","M","E","T","$","R","E","M","M","R","BOSS","R","$","E","BOSS"],"build_version":"2020-11-30","purchased_purges":3,"victory":true,"max_hp_per_floor":[63,63,63,63,63,63,68,68,68,68,68,68,68,68,68,68,68,68,68,68,68,68,68,68,68,68,68,68,68,68,68,68,68,68,68,68,73,73,73,73,73,87,87,87,87,87,87,87,87,87,87,87,87,87,87],"relic_stats":{"Gremlin Horn":[7,7],"counters":[34,171],"Eternal Feather":46,"PreservedInsect":493,"Whetstone":["Strike_G","Strike_G"],"War Paint":["Defend_G","PiercingWail"],"Smiling Mask":75,"Blood Vial":40,"Nunchaku":[2],"Shovel":0,"Sundial":[6],"MealTicket":29,"Chemical X":[9],"obtain_stats":[{"Ice Cream":54,"Gremlin Horn":25,"Thread and Needle":8,"Eternal Feather":9,"Mango":42,"PreservedInsect":4,"Whetstone":6,"War Paint":23,"Sling":19,"Smiling Mask":40,"Akabeko":46,"Blood Vial":12,"SlaversCollar":34,"Nunchaku":43,"Anchor":44,"Shovel":38,"DollysMirror":29,"Sundial":30,"MealTicket":26,"Coffee Dripper":17,"Chemical X":44,"Toy Ornithopter":31,"Ring of the Snake":0},{"Ice Cream":33,"Gremlin Horn":17,"Thread and Needle":6,"Eternal Feather":6,"Mango":28,"PreservedInsect":3,"Whetstone":5,"War Paint":15,"Sling":11,"Smiling Mask":26,"Akabeko":29,"Blood Vial":7,"SlaversCollar":21,"Nunchaku":28,"Anchor":28,"Shovel":25,"DollysMirror":19,"Sundial":20,"MealTicket":17,"Coffee Dripper":10,"Chemical X":28,"Toy Ornithopter":20,"Ring of the Snake":0},{"Ice Cream":162,"Gremlin Horn":86,"Thread and Needle":24,"Eternal Feather":24,"Mango":136,"PreservedInsect":11,"Whetstone":21,"War Paint":75,"Sling":54,"Smiling Mask":127,"Akabeko":141,"Blood Vial":31,"SlaversCollar":102,"Nunchaku":136,"Anchor":136,"Shovel":122,"DollysMirror":92,"Sundial":95,"MealTicket":86,"Coffee Dripper":49,"Chemical X":136,"Toy Ornithopter":95,"Ring of the Snake":0}],"Toy Ornithopter":27,"Ring of the Snake":[68]},"card_choices":[{"not_picked":["Outmaneuver","Slice"],"picked":"Blade Dance","floor":1.0},{"not_picked":["Flying Knee","Bane"],"picked":"Bouncing Flask","floor":2.0},{"not_picked":["Heel Hook","Distraction"],"picked":"PiercingWail","floor":3.0},{"not_picked":["Quick Slash","Underhanded Strike"],"picked":"Sucker Punch","floor":5.0},{"not_picked":["Dodge and Roll","Blade Dance"],"picked":"Grand Finale","floor":6.0},{"not_picked":["Backstab","Blade Dance","Finisher"],"picked":"SKIP","floor":8.0},{"not_picked":["Accuracy","Sucker Punch"],"picked":"Catalyst","floor":12.0},{"not_picked":["Backstab","Skewer"],"picked":"Heel Hook","floor":13.0},{"not_picked":["Accuracy","Masterful Stab"],"picked":"Poisoned Stab","floor":14.0},{"not_picked":["Envenom","Die Die Die"],"picked":"Burst","floor":16.0},{"not_picked":["Concentrate+1","Dagger Throw","Cloak And Dagger"],"picked":"SKIP","floor":18.0},{"not_picked":["Cloak And Dagger","Dagger Spray"],"picked":"Backflip","floor":20.0},{"not_picked":["Bane","Blade Dance+1"],"picked":"Backflip+1","floor":21.0},{"not_picked":["Poisoned Stab","Deadly Poison"],"picked":"Corpse Explosion","floor":22.0},{"not_picked":["Dodge and Roll+1","PiercingWail"],"picked":"Catalyst","floor":23.0},{"not_picked":["Flying Knee","Bane"],"picked":"PiercingWail+1","floor":24.0},{"not_picked":["Skewer","Flechettes"],"picked":"Acrobatics","floor":25.0},{"not_picked":["Leg Sweep","PiercingWail"],"picked":"Tactician","floor":27.0},{"not_picked":["Poisoned Stab","All Out Attack+1"],"picked":"Acrobatics","floor":28.0},{"not_picked":["Expertise","Caltrops+1"],"picked":"Terror+1","floor":30.0},{"not_picked":["Burst","Phantasmal Killer"],"picked":"Malaise","floor":33.0},{"not_picked":["Flying Knee","Bane"],"picked":"Escape Plan+1","floor":35},{"not_picked":["Dagger Spray","Bane","Escape Plan"],"picked":"SKIP","floor":36},{"not_picked":["Dagger Spray","Cloak And Dagger+1","Choke+1"],"picked":"SKIP","floor":37},{"not_picked":["Choke","Flechettes","Skewer"],"picked":"SKIP","floor":40},{"not_picked":["Heel Hook+1","Acrobatics"],"picked":"Tactician+1","floor":41},{"not_picked":["Dash+1","PiercingWail+1"],"picked":"Deadly Poison+1","floor":42},{"not_picked":["Flechettes+1","Sucker Punch","Unload"],"picked":"SKIP","floor":46},{"not_picked":["Dagger Throw+1","Flechettes+1","Dodge and Roll+1"],"picked":"SKIP","floor":47},{"not_picked":["Escape Plan","Finisher+1"],"picked":"Footwork+1","floor":48},{"not_picked":["Infinite Blades","Dagger Spray","Expertise"],"picked":"SKIP","floor":54}],"player_experience":2558986,"relics_obtained":[{"floor":6.0,"key":"Whetstone"},{"floor":8.0,"key":"Thread and Needle"},{"floor":9.0,"key":"Eternal Feather"},{"floor":12.0,"key":"Blood Vial"},{"floor":23.0,"key":"War Paint"},{"floor":25.0,"key":"Gremlin Horn"},{"floor":26.0,"key":"MealTicket"},{"floor":30.0,"key":"Sundial"},{"floor":38,"key":"Shovel"},{"floor":40,"key":"Smiling Mask"},{"floor":42,"key":"Mango"},{"floor":43,"key":"Nunchaku"},{"floor":46,"key":"Akabeko"},{"floor":54,"key":"Ice Cream"}],"event_choices":[{"damage_healed":0.0,"max_hp_gain":5.0,"max_hp_loss":0.0,"gold_gain":0.0,"event_name":"Big Fish","player_choice":"Donut","floor":7.0,"gold_loss":0.0,"damage_taken":0.0},{"damage_healed":0.0,"max_hp_gain":0.0,"max_hp_loss":0.0,"gold_gain":75.0,"event_name":"FaceTrader","player_choice":"Touch","floor":10.0,"gold_loss":0.0,"damage_taken":6.0},{"damage_healed":0.0,"max_hp_gain":0.0,"max_hp_loss":0.0,"gold_gain":0.0,"event_name":"Addict","player_choice":"Stole Relic","floor":31.0,"gold_loss":0.0,"damage_taken":0.0,"relics_obtained":["Toy Ornithopter"],"cards_obtained":["Shame"]},{"damage_healed":0,"gold_gain":0,"player_choice":"Fight","damage_taken":0,"max_hp_gain":0,"max_hp_loss":0,"event_name":"Mysterious Sphere","floor":38,"gold_loss":0}],"is_beta":false,"boss_relics":[{"not_picked":["Pandora\u0027s Box","Cursed Key"],"picked":"Coffee Dripper"},{"not_picked":["Runic Pyramid","Runic Dome"],"picked":"SlaversCollar"}],"items_purged_floors":[4,19,44],"is_endless":false,"potions_floor_spawned":[2,3,6,13,14,16,20,21,24,27,33,37,38,40,42,54],"ascension_level":7}}