{"host":"kw4o7b3ro2ktmmbe","time":1607597767,"event":{"gold_per_floor":[153,328,278,89,100,100,100,100,180,191,210,241,256,256,256,359,359,341,341,341,356,371,371,405,415,440,451,104,130,149,149,149,251,251,270,270,288,288,305,331,331,331,354,354,367,378,406,423,423,425],"floor_reached":51,"playtime":11360,"items_purged":["construct:AttackMode"],"score":799,"play_id":"9babf9d4-78e1-499a-9657-025611fe9c1d","local_time":"20201210235607","is_ascension_mode":false,"campfire_choices":[{"data":"construct:DefenseMode","floor":6.0,"key":"SMITH"},{"data":"construct:PointDefense","floor":8.0,"key":"SMITH"},{"data":"construct:Synchronize","floor":15.0,"key":"SMITH"},{"data":"construct:ClockworkEgg","floor":23.0,"key":"SMITH"},{"data":"construct:ClockworkEgg+1","floor":32.0,"key":"SMITH"},{"data":"TH:ArmorSpikes","floor":42,"key":"SMITH"},{"data":"construct:SpinDrive","floor":44,"key":"SMITH"},{"data":"construct:ScopeCore","floor":49,"key":"SMITH"}],"neow_cost":"NONE","seed_source_timestamp":724374319666164,"circlet_count":0,"master_deck":["construct:Strike_Gold+1","construct:Strike_Gold+1","construct:Strike_Gold+1","construct:Strike_Gold+1","construct:Defend_Gold+2","construct:Defend_Gold+1","construct:Defend_Gold+1","construct:Defend_Gold+1","construct:Defend_Gold+1","construct:DefenseMode+1","construct:PointDefense+1","construct:Multistage+1","TH:BikiniMail","construct:Synchronize+1","TH:Mimic","construct:Multistage+1","TH:ArmorSpikes+1","construct:ClockworkEgg+2","construct:GuardCore+1","construct:Tumble","TH:BikiniMail","construct:FlameCore","TH:ArmorSpikes+1","construct:SpinDrive+1","TH:DeckOfManyThings","construct:Hazardproof+1","TH:CopperCoins","construct:HammerDown","CurseOfTheBell","Madness","Madness","construct:LaserCore","construct:Reinforce+1","TH:TreasureMap","construct:ScopeCore+1","TH:TreasureMap","construct:ChargeShot+1","TH:CopperCoins"],"special_seed":0,"relics":["Sozu","OrangePellets","Meat on the Bone","Darkstone Periapt","Smiling Mask","Coffee Dripper","construct:MegaBattery","Centennial Puzzle","MealTicket","FossilizedHelix","Calling Bell","Strawberry","Matryoshka","construct:RocketBooster","Pear","Bag of Marbles","Nunchaku","Bird Faced Urn"],"potions_floor_usage":[],"damage_taken":[{"damage":2.0,"enemies":"2 Louse","floor":1.0,"turns":3.0},{"damage":5.0,"enemies":"Small Slimes","floor":5.0,"turns":6.0},{"damage":9.0,"enemies":"Cultist","floor":10.0,"turns":4.0},{"damage":16.0,"enemies":"Large Slime","floor":11.0,"turns":6.0},{"damage":6.0,"enemies":"Lagavulin","floor":12.0,"turns":7.0},{"damage":20.0,"enemies":"3 Louse","floor":13.0,"turns":3.0},{"damage":19.0,"enemies":"Slime Boss","floor":16.0,"turns":8.0},{"damage":21.0,"enemies":"2 Thieves","floor":18.0,"turns":4.0},{"damage":10.0,"enemies":"Shell Parasite","floor":21.0,"turns":8.0},{"damage":19.0,"enemies":"Snake Plant","floor":22.0,"turns":6.0},{"damage":16.0,"enemies":"Gremlin Leader","floor":24.0,"turns":16.0},{"damage":24.0,"enemies":"Chosen and Byrds","floor":25.0,"turns":8.0},{"damage":3.0,"enemies":"3 Cultists","floor":27.0,"turns":6.0},{"damage":13.0,"enemies":"Book of Stabbing","floor":29.0,"turns":7.0},{"damage":8.0,"enemies":"Snecko","floor":30.0,"turns":7.0},{"damage":9.0,"enemies":"Champ","floor":33.0,"turns":13.0},{"damage":0,"enemies":"3 Darklings","floor":35,"turns":8},{"damage":30,"enemies":"Orb Walker","floor":37,"turns":7},{"damage":28,"enemies":"Sphere and 2 Shapes","floor":39,"turns":6},{"damage":34,"enemies":"Reptomancer","floor":40,"turns":13},{"damage":16,"enemies":"Maw","floor":45,"turns":10},{"damage":16,"enemies":"Spire Growth","floor":46,"turns":7},{"damage":0,"enemies":"Giant Head","floor":47,"turns":11},{"damage":22,"enemies":"3 Darklings","floor":48,"turns":6},{"damage":47,"enemies":"Time Eater","floor":50,"turns":14}],"seed_played":"8858890498438486804","potions_obtained":[],"is_trial":false,"path_per_floor":["M","?","?","$","M","R","?","R","T","M","M","E","M","?","R","B",null,"M","?","?","M","M","R","E","M","T","M","$","E","M","?","R","B",null,"M","?","M","?","M","E","$","R","T","R","M","M","E","M","R","B",null],"character_chosen":"THE_CONSTRUCT_MOD","items_purchased":["OrangePellets","construct:PointDefense","MealTicket","construct:SpinDrive"],"campfire_rested":0,"item_purchase_floors":[4,4,28,28],"current_hp_per_floor":[83,83,83,83,78,78,60,60,60,51,47,53,45,28,28,21,85,64,64,64,54,47,47,43,31,31,40,40,39,43,43,43,46,98,98,86,56,56,40,28,43,43,43,43,39,35,47,43,43,14],"gold":425,"neow_bonus":"BOSS_RELIC","is_prod":false,"is_daily":false,"chose_seed":false,"campfire_upgraded":8,"win_rate":0.0,"timestamp":1607597767,"path_taken":["M","?","?","$","M","R","?","R","T","M","M","E","M","?","R","BOSS","M","?","?","?","M","R","E","M","T","M","$","E","M","?","R","BOSS","M","?","M","?","M","E","$","R","T","R","M","M","E","M","R","BOSS"],"build_version":"2020-11-30","purchased_purges":1,"victory":true,"max_hp_per_floor":[85,85,85,85,85,85,85,85,85,85,85,85,85,85,85,85,85,85,85,85,85,85,85,85,85,85,85,85,85,85,85,85,85,98,98,98,98,98,98,108,108,108,108,108,108,108,108,108,108,108],"card_choices":[{"not_picked":["construct:ScrapCannon","construct:VentSteam","construct:HeavyBolt"],"picked":"SKIP","floor":1.0},{"not_picked":["construct:SyphonStrike","construct:ScrapCannon"],"picked":"construct:Multistage","floor":5.0},{"not_picked":["TH:EnergyPotion"],"picked":"TH:BikiniMail","floor":9.0},{"not_picked":["construct:ChargeShot","construct:OneWayMirror"],"picked":"construct:Synchronize","floor":10.0},{"not_picked":["construct:Forcefield","construct:SweepLaser","construct:Antimatter"],"picked":"SKIP","floor":11.0},{"not_picked":["TH:CursedSword"],"picked":"TH:Mimic","floor":12.0},{"not_picked":["construct:SweepLaser","construct:Forcefield"],"picked":"construct:Multistage","floor":12.0},{"not_picked":["construct:ElectricArmor","construct:FlakBarrage","construct:VentSteam"],"picked":"SKIP","floor":13.0},{"not_picked":["TH:CursedSword"],"picked":"TH:ArmorSpikes","floor":16.0},{"not_picked":["construct:ShiftingStance","construct:GatlingGun"],"picked":"construct:ClockworkEgg","floor":16.0},{"not_picked":["construct:ClusterMines","construct:ModeShift"],"picked":"construct:GuardCore+1","floor":18.0},{"not_picked":["construct:Disrupt","construct:ClusterMines","construct:SaveState+1"],"picked":"SKIP","floor":21.0},{"not_picked":["construct:GoldenBullet","construct:Impenetrable"],"picked":"construct:Tumble","floor":22.0},{"not_picked":["TH:Mimic"],"picked":"TH:BikiniMail","floor":24.0},{"not_picked":["construct:SuppressiveFire","construct:ClusterMines"],"picked":"construct:FlameCore","floor":24.0},{"not_picked":["construct:Reinforce","construct:ClusterMines","construct:UnbalancingBlast"],"picked":"SKIP","floor":25.0},{"not_picked":["TH:DeckOfManyThings"],"picked":"TH:ArmorSpikes","floor":26.0},{"not_picked":["construct:Versatility","construct:Backfire+1","construct:Accumulate"],"picked":"SKIP","floor":27.0},{"not_picked":["TH:CursedSword"],"picked":"TH:DeckOfManyThings","floor":29.0},{"not_picked":["construct:BatteryAcid","construct:ScopeCore"],"picked":"construct:Hazardproof+1","floor":29.0},{"not_picked":["construct:Anticipate+1","construct:ClusterMines","construct:ModeShift"],"picked":"SKIP","floor":30.0},{"not_picked":["TH:ElvenBoots"],"picked":"TH:CopperCoins","floor":33.0},{"not_picked":["construct:PanicFire","construct:ShiftingStance"],"picked":"construct:HammerDown","floor":33.0},{"not_picked":["construct:Anticipate+1","construct:Construct_Overclock","construct:FierceBash"],"picked":"SKIP","floor":35},{"not_picked":["construct:HeavyBolt+1","construct:ChargeShot"],"picked":"construct:LaserCore","floor":37},{"not_picked":["construct:CripplingShot","construct:Backfire+1"],"picked":"construct:Reinforce+1","floor":39},{"not_picked":["TH:ElvenBoots"],"picked":"TH:TreasureMap","floor":40},{"not_picked":["construct:FlakBarrage","construct:Tumble"],"picked":"construct:ScopeCore","floor":40},{"not_picked":["TH:Mimic"],"picked":"TH:TreasureMap","floor":43},{"not_picked":["construct:Analyze+1","construct:ModeShift","construct:Forcefield"],"picked":"SKIP","floor":45},{"not_picked":["construct:Disrupt","construct:Reinforce"],"picked":"construct:ChargeShot+1","floor":46},{"not_picked":["TH:ElvenBoots"],"picked":"TH:CopperCoins","floor":47},{"not_picked":["construct:CriticalHit","construct:ElectricArmor+1","construct:Reinforce"],"picked":"SKIP","floor":47},{"not_picked":["construct:CriticalHit","construct:ElectricArmor+1","construct:Reinforce"],"picked":"SKIP","floor":47},{"not_picked":["construct:Anticipate+1","construct:Backfire+1","construct:SaveState+1"],"picked":"SKIP","floor":48}],"player_experience":1727264,"relics_obtained":[{"floor":9.0,"key":"Darkstone Periapt"},{"floor":12.0,"key":"Smiling Mask"},{"floor":24.0,"key":"construct:MegaBattery"},{"floor":26.0,"key":"Centennial Puzzle"},{"floor":29.0,"key":"FossilizedHelix"},{"floor":34,"key":"Strawberry"},{"floor":34,"key":"Matryoshka"},{"floor":34,"key":"construct:RocketBooster"},{"floor":40,"key":"Pear"},{"floor":43,"key":"Bag of Marbles"},{"floor":43,"key":"Nunchaku"},{"floor":47,"key":"Bird Faced Urn"}],"event_choices":[{"damage_healed":0.0,"max_hp_gain":0.0,"max_hp_loss":0.0,"gold_gain":175.0,"event_name":"Liars Game","player_choice":"AGREE","floor":2.0,"gold_loss":0.0,"damage_taken":0.0,"cards_obtained":["Doubt"]},{"cards_removed":["Doubt"],"damage_healed":0.0,"max_hp_gain":0.0,"max_hp_loss":0.0,"gold_gain":0.0,"event_name":"The Cleric","player_choice":"Card Removal","floor":3.0,"gold_loss":50.0,"damage_taken":0.0},{"damage_healed":0.0,"max_hp_gain":0.0,"max_hp_loss":0.0,"gold_gain":0.0,"event_name":"Scrap Ooze","player_choice":"Success","floor":7.0,"gold_loss":0.0,"damage_taken":18.0,"relics_obtained":["Meat on the Bone"]},{"damage_healed":0.0,"max_hp_gain":0.0,"max_hp_loss":0.0,"gold_gain":0.0,"event_name":"Shining Light","player_choice":"Entered Light","floor":14.0,"gold_loss":0.0,"damage_taken":17.0,"cards_upgraded":["construct:Multistage","construct:Strike_Gold"]},{"damage_healed":0.0,"max_hp_gain":0.0,"max_hp_loss":0.0,"gold_gain":0.0,"event_name":"Back to Basics","player_choice":"Simplicity","floor":19.0,"gold_loss":0.0,"damage_taken":0.0,"cards_upgraded":["construct:Strike_Gold","construct:Strike_Gold","construct:Strike_Gold","construct:Strike_Gold","construct:Defend_Gold","construct:Defend_Gold","construct:Defend_Gold","construct:Defend_Gold","construct:Defend_Gold"]},{"damage_healed":0.0,"max_hp_gain":0.0,"max_hp_loss":0.0,"gold_gain":0.0,"event_name":"NoteForYourself","player_choice":"Ignored","floor":20.0,"gold_loss":0.0,"damage_taken":0.0},{"damage_healed":0.0,"max_hp_gain":0.0,"max_hp_loss":0.0,"gold_gain":0.0,"event_name":"Vampires","player_choice":"Ignored","floor":31.0,"gold_loss":0.0,"damage_taken":0.0},{"damage_healed":0,"gold_gain":0,"player_choice":"Embrace Madness","damage_taken":12,"max_hp_gain":0,"max_hp_loss":0,"event_name":"Winding Halls","floor":36,"gold_loss":0,"cards_obtained":["Madness","Madness"]},{"cards_removed":["construct:Strike_Gold"],"damage_healed":0,"gold_gain":0,"player_choice":"Removed Attack","damage_taken":0,"max_hp_gain":0,"max_hp_loss":0,"event_name":"Falling","floor":38,"gold_loss":0}],"is_beta":false,"boss_relics":[{"not_picked":["Runic Dome","Velvet Choker"],"picked":"Coffee Dripper"},{"not_picked":["SacredBark","Black Star"],"picked":"Calling Bell"}],"items_purged_floors":[28],"is_endless":false,"potions_floor_spawned":[12,13,16,18,24,25,39,40,46,48],"ascension_level":0}}