{"host":"g75gtovmj0ine2rf","time":1607608671,"event":{"gold_per_floor":[109,121,10,25,0,0,35,49,72,98,114,114,124,137,137,214,214,224,237,237,237,248,275,286,286,286,346,370,395,395,410,410,485,485,504,514,48,48,48,48,62,62,94,114,141,157,167,192,219,234,234,309,309,309,46,77,77],"floor_reached":58,"playtime":4479,"items_purged":["wariomod:Strike","wariomod:Strike"],"score":1999,"play_id":"39668292-4937-468b-b5cb-c8a9a58d0416","local_time":"20201211005751","is_ascension_mode":true,"campfire_choices":[{"data":"wariomod:HappyHit","floor":6.0,"key":"SMITH"},{"data":"wariomod:EndlessBlast","floor":12.0,"key":"SMITH"},{"data":"wariomod:Bombshield","floor":15.0,"key":"SMITH"},{"floor":25.0,"key":"REST"},{"floor":30.0,"key":"REST"},{"data":"ReplayTheSpireMod:Fabricate Wheel","floor":32.0,"key":"SMITH"},{"data":"wariomod:Enshrine","floor":42.0,"key":"SMITH"},{"floor":51,"key":"RECALL"},{"data":"wariomod:EnergizedBombs","floor":54,"key":"SMITH"}],"neow_cost":"NONE","seed_source_timestamp":2259668436192600,"circlet_count":0,"master_deck":["AscendersBane","wariomod:Strike","wariomod:Strike","wariomod:Defend+1","wariomod:Defend+1","wariomod:Defend+1","wariomod:Defend+1","wariomod:Step","wariomod:Leap","wariomod:HappyHit+1","wariomod:SilenceBombs","wariomod:SilenceBombs","wariomod:EndlessBlast+1","wariomod:RacingSpeed","wariomod:Bombshield+1","wariomod:EnergizedBombs+1","jedi:locknload+1","jedi:sharpshooter","Self Repair","Rainbow","wariomod:Enshrine+1","wariomod:RacingSpeed"],"special_seed":0,"relics":["hubris:VirtuousBlindfold","Replay:Bottled Eggs","Strawberry","Incense Burner","aspiration:DefectSkillbook","Thread and Needle","construct:BoolHorns","halation:Pancakes","Runesmith:Nanobots","Prayer Wheel","energizedSpire:StickyHand","hubris:CuriousFeather","halation:LettersToHer","halation:PromiseList","Gambling Chip","jedi:crownofsimplicity","Oddly Smooth Stone","Counterbalance"],"potions_floor_usage":[52,56,57,57],"damage_taken":[{"damage":6.0,"enemies":"Hallownest:2_Tiktiks_and_1_Crawlid","floor":1.0,"turns":3.0},{"damage":0.0,"enemies":"Hallownest:2_MossCreeps","floor":2.0,"turns":4.0},{"damage":0.0,"enemies":"Hallownest:monsterHuskGuard","floor":4.0,"turns":2.0},{"damage":8.0,"enemies":"Hallownest:eliteMossKnight","floor":7.0,"turns":8.0},{"damage":1.0,"enemies":"Hallownest:Wandering_and_Horned","floor":8.0,"turns":5.0},{"damage":0.0,"enemies":"Hallownest:eliteVengeflyKing","floor":10.0,"turns":6.0},{"damage":0.0,"enemies":"Hallownest:Guard_and_Warrior","floor":11.0,"turns":5.0},{"damage":1.0,"enemies":"Hallownest:1_Baldur_1_Crawlid_1_Warrior","floor":13.0,"turns":4.0},{"damage":0.0,"enemies":"Hallownest:monsterAspidMother","floor":14.0,"turns":3.0},{"damage":47.0,"enemies":"Hallownest:BossHornet","floor":16.0,"turns":8.0},{"damage":17.0,"enemies":"Hallownest:Flukemon_and_Top","floor":18.0,"turns":5.0},{"damage":12.0,"enemies":"Hallownest:3_Youths","floor":19.0,"turns":4.0},{"damage":14.0,"enemies":"Hallownest:3_Mistakes","floor":22.0,"turns":4.0},{"damage":11.0,"enemies":"Hallownest:eliteSoulWarrior","floor":23.0,"turns":5.0},{"damage":30.0,"enemies":"Hallownest:Master_and_Novice","floor":24.0,"turns":4.0},{"damage":35.0,"enemies":"Hallownest:Glutton_and_Coward","floor":27.0,"turns":4.0},{"damage":0.0,"enemies":"Hallownest:Nosk","floor":29.0,"turns":5.0},{"damage":0.0,"enemies":"Hallownest:monsterShrumalOgre","floor":31.0,"turns":3.0},{"damage":5.0,"enemies":"Hallownest:BossGrimm","floor":33.0,"turns":7.0},{"damage":17.0,"enemies":"Hallownest:Shield_Heavy","floor":35.0,"turns":5.0},{"damage":23.0,"enemies":"Hallownest:3_Siblings","floor":36.0,"turns":6.0},{"damage":0.0,"enemies":"Hallownest:Xero_Hu_Marmu","floor":41.0,"turns":5.0},{"damage":29.0,"enemies":"Hallownest:StalkingDevout","floor":43.0,"turns":6.0},{"damage":22.0,"enemies":"Hallownest:Slobbering_and_Violent","floor":44.0,"turns":5.0},{"damage":9.0,"enemies":"Hallownest:monsterPrimalAspid","floor":46.0,"turns":4.0},{"damage":15.0,"enemies":"Hallownest:2_Soldiers_and_1_Guardian","floor":47.0,"turns":4.0},{"damage":0,"enemies":"Hallownest:eliteHiveKnight","floor":48,"turns":5},{"damage":3,"enemies":"Hallownest:2_Wing_and_1_Kings","floor":50,"turns":5},{"damage":1,"enemies":"Hallownest:BossGreyPrinceZote","floor":52,"turns":9},{"damage":9,"enemies":"Shield and Spear","floor":56,"turns":4},{"damage":63,"enemies":"The Heart","floor":57,"turns":10}],"seed_played":"2879369908703587122","potions_obtained":[{"floor":7.0,"key":"Strength Potion"},{"floor":11.0,"key":"conspire:TimeTravelPotion"},{"floor":13.0,"key":"PowerPotion"},{"floor":19.0,"key":"SteroidPotion"},{"floor":24.0,"key":"conspire:TimeTravelPotion"},{"floor":27.0,"key":"Toxic Potion"},{"floor":31.0,"key":"Fruit Juice"},{"floor":33.0,"key":"Dexterity Potion"},{"floor":35.0,"key":"Regen Potion"},{"floor":44.0,"key":"GamblersBrew"},{"floor":48,"key":"ColorlessPotion"},{"floor":52,"key":"jedi:StrikingPotion"},{"floor":56,"key":"LiquidMemories"}],"is_trial":false,"path_per_floor":["M","M","$","M","?","R","E","M","T","E","M","R","M","M","R","B",null,"M","M","?","?","M","E","M","R","T","M","T","E","R","M","R","B",null,"M","M","$","?","PTL","PTL","M","R","E","M","T","M","M","E","T","M","R","B",null,"R","$","E","B",null],"character_chosen":"THE_BANDIT","items_purchased":["wariomod:HappyHit","hubris:CuriousFeather","wariomod:RacingSpeed","Oddly Smooth Stone"],"campfire_rested":2,"item_purchase_floors":[3,37,37,55],"current_hp_per_floor":[59,59,59,59,59,59,51,50,57,57,57,57,56,56,56,9,62,45,33,47,47,33,31,1,24,24,2,59,59,79,79,79,84,84,74,58,58,38,38,38,59,59,37,22,22,20,12,19,19,23,23,32,71,71,71,69,13],"gold":77,"neow_bonus":"BOSS_RELIC","is_prod":false,"is_daily":false,"chose_seed":false,"campfire_upgraded":6,"win_rate":0,"timestamp":1607608671,"path_taken":["M","M","$","?","?","R","E","M","T","E","M","R","M","M","R","BOSS","M","M","?","?","M","E","?","R","T","M","?","E","R","M","R","BOSS","M","M","$","?","PTL","PTL","M","R","E","M","T","M","?","E","?","?","R","BOSS","R","$","E","BOSS"],"build_version":"2020-11-30","purchased_purges":2,"victory":true,"max_hp_per_floor":[72,72,72,72,72,72,72,72,79,79,79,79,79,79,79,79,79,79,79,79,79,79,79,79,79,79,79,79,79,79,79,79,84,84,84,84,84,84,84,84,84,84,84,84,84,84,84,84,84,84,84,84,84,84,84,84,84],"relic_stats":{"counters":[31,157],"Gambling Chip":[17],"Prayer Wheel":7,"obtain_stats":[{"construct:BoolHorns":26,"jedi:command_common":38,"Runesmith:Nanobots":29,"wariomod:TheHat":0,"Counterbalance":56,"hubris:VirtuousBlindfold":0,"Oddly Smooth Stone":55,"Thread and Needle":23,"Incense Burner":10,"jedi:crownofsimplicity":49,"energizedSpire:StickyHand":34,"halation:Pancakes":28,"aspiration:DefectSkillbook":17,"Strawberry":9,"Gambling Chip":48,"Prayer Wheel":33,"hubris:CuriousFeather":37,"halation:PromiseList":43,"Replay:Bottled Eggs":7,"halation:LettersToHer":38},{"construct:BoolHorns":15,"jedi:command_common":21,"Runesmith:Nanobots":17,"wariomod:TheHat":0,"Counterbalance":30,"hubris:VirtuousBlindfold":0,"Oddly Smooth Stone":29,"Thread and Needle":14,"Incense Burner":6,"jedi:crownofsimplicity":27,"energizedSpire:StickyHand":19,"halation:Pancakes":16,"aspiration:DefectSkillbook":10,"Strawberry":5,"Gambling Chip":27,"Prayer Wheel":19,"hubris:CuriousFeather":21,"halation:PromiseList":23,"Replay:Bottled Eggs":4,"halation:LettersToHer":21},{"construct:BoolHorns":70,"jedi:command_common":100,"Runesmith:Nanobots":79,"wariomod:TheHat":0,"Counterbalance":147,"hubris:VirtuousBlindfold":0,"Oddly Smooth Stone":143,"Thread and Needle":66,"Incense Burner":28,"jedi:crownofsimplicity":129,"energizedSpire:StickyHand":89,"halation:Pancakes":74,"aspiration:DefectSkillbook":48,"Strawberry":22,"Gambling Chip":129,"Prayer Wheel":85,"hubris:CuriousFeather":100,"halation:PromiseList":111,"Replay:Bottled Eggs":17,"halation:LettersToHer":100}]},"card_choices":[{"not_picked":["wariomod:Leapslam","wariomod:ChargeForth","wariomod:DonateDraw"],"picked":"SKIP","floor":1.0},{"not_picked":["wariomod:Smackflip","wariomod:DonateDraw","wariomod:BumRush"],"picked":"SKIP","floor":2.0},{"not_picked":["wariomod:PayItForwards","wariomod:SpikeSlash","wariomod:SmallSprint"],"picked":"SKIP","floor":4.0},{"not_picked":["wariomod:BigUpgrade","wariomod:CursedSpaces"],"picked":"wariomod:SilenceBombs","floor":7.0},{"not_picked":["wariomod:ChargeForth","wariomod:Bombtime","wariomod:Goblast"],"picked":"SKIP","floor":8.0},{"not_picked":["wariomod:WipeClean","wariomod:Goblast"],"picked":"wariomod:SilenceBombs","floor":10.0},{"not_picked":["wariomod:BodyBlock","wariomod:ThatsNotAll"],"picked":"wariomod:EndlessBlast","floor":11.0},{"not_picked":["wariomod:DoubleDash","wariomod:ImFeelingLucky"],"picked":"wariomod:RacingSpeed","floor":13.0},{"not_picked":["wariomod:DoubleDip","wariomod:SimpleShield"],"picked":"wariomod:Bombshield","floor":14.0},{"not_picked":["wariomod:WipeClean","wariomod:FabulousPrizes"],"picked":"wariomod:EnergizedBombs","floor":16.0},{"not_picked":["wariomod:Goblast","wariomod:Leapslam","wariomod:AwfulLook","Cold Snap"],"picked":"SKIP","floor":18.0},{"not_picked":["wariomod:DoubleDash","wariomod:Smackflip","aspiration:Polymerization"],"picked":"jedi:locknload+1","floor":19.0},{"not_picked":["Leap","wariomod:DisarmingMoves","Hologram"],"picked":"jedi:sharpshooter","floor":22.0},{"not_picked":["wariomod:BodyBlock","ReplayTheSpireMod:Dual Polarity","hubris:Ukulele"],"picked":"ReplayTheSpireMod:Fabricate Wheel","floor":23.0},{"not_picked":["Hologram","Reinforced Body","Panic Button","Tempest"],"picked":"SKIP","floor":24.0},{"not_picked":["wariomod:Smackflip","wariomod:DisarmingMoves","Gash","ReplayTheSpireMod:System Scan"],"picked":"SKIP","floor":27.0},{"not_picked":["jedi:BurstDark","wariomod:SpikeSlash+1","Leap"],"picked":"Self Repair","floor":29.0},{"not_picked":["ReplaySolidLightProjector","wariomod:Leapslam","wariomod:f","Steam"],"picked":"SKIP","floor":31.0},{"not_picked":["ReplayTheSpireMod:Fabricate Wheel","hubris:Prefetch","jedi:meditation"],"picked":"wariomod:Enshrine","floor":33.0},{"not_picked":["wariomod:OctoJump","Gash","wariomod:Immortalize","jedi:BurstLightning+1"],"picked":"SKIP","floor":35.0},{"not_picked":["wariomod:ThatsNotAll","wariomod:SimpleShield","Steam+1","Coolheaded"],"picked":"SKIP","floor":35.0},{"not_picked":["wariomod:Goblast","Glacier","Chill","Streamline"],"picked":"SKIP","floor":36.0},{"not_picked":["wariomod:Goblast","wariomod:DeepDig+1","Hologram","Sweeping Beam"],"picked":"SKIP","floor":36.0},{"not_picked":["Fission","wariomod:Goblast","wariomod:SimpleShield","Compile Driver"],"picked":"SKIP","floor":41.0},{"not_picked":["Streamline+1","wariomod:Bombshield","wariomod:BoomBoom","Skim"],"picked":"SKIP","floor":41.0},{"not_picked":["Heatsinks","hubris:SpecializedCircuitry","wariomod:ChargeForth","wariomod:Game+1"],"picked":"SKIP","floor":43.0},{"not_picked":["jedi:BurstLightning","wariomod:TreasureDig+1","Leap+1","Steam"],"picked":"SKIP","floor":44.0},{"not_picked":["wariomod:BumRush+1","wariomod:Hopshield","wariomod:DisarmingMoves","wariomod:DropBash"],"picked":"SKIP","floor":44.0},{"not_picked":["Go for the Eyes","wariomod:Boomsmack+1","wariomod:f","Darkness+1"],"picked":"SKIP","floor":46.0},{"not_picked":["Heatsinks","Ball Lightning+1","wariomod:Smackflip","jedi:BurstLightning+1"],"picked":"SKIP","floor":46.0},{"not_picked":["Recycle","Chill","wariomod:BumRush+1","Cold Snap+1"],"picked":"SKIP","floor":47.0},{"not_picked":["Storm","wariomod:NullJump","wariomod:AwfulLook+1","White Noise+1"],"picked":"SKIP","floor":47.0},{"not_picked":["Cold Snap+1","wariomod:Smackflip+1","wariomod:BumRush+1","wariomod:Boomsmack"],"picked":"SKIP","floor":48},{"not_picked":["Reprogram","Hologram","Lockon","FTL"],"picked":"SKIP","floor":50},{"not_picked":["Undo+1","wariomod:Leapslam","Blizzard+1","wariomod:SilenceBombs"],"picked":"SKIP","floor":50},{"not_picked":["jedi:blockon","Fusion","wariomod:Game","Cold Snap"],"picked":"SKIP","floor":56}],"player_experience":1305241,"relics_obtained":[{"floor":7.0,"key":"Replay:Bottled Eggs"},{"floor":9.0,"key":"Strawberry"},{"floor":10.0,"key":"Incense Burner"},{"floor":23.0,"key":"Thread and Needle"},{"floor":26.0,"key":"construct:BoolHorns"},{"floor":28.0,"key":"halation:Pancakes"},{"floor":29.0,"key":"Runesmith:Nanobots"},{"floor":43.0,"key":"halation:PromiseList"},{"floor":45.0,"key":"halation:LettersToHer"},{"floor":48,"key":"Gambling Chip"},{"floor":49,"key":"halation:LettersToHer"},{"floor":49,"key":"jedi:crownofsimplicity"},{"floor":56,"key":"Counterbalance"}],"event_choices":[],"is_beta":false,"boss_relics":[{"not_picked":["jedi:battlestandard","conspire:SlowCooker"],"picked":"aspiration:DefectSkillbook"},{"not_picked":["halation:SmartPhone","aspiration:FutureDiary"],"picked":"energizedSpire:StickyHand"}],"items_purged_floors":[37,55],"is_endless":false,"potions_floor_spawned":[7,11,13,19,22,24,27,31,33,35,36,44,48,52,56],"ascension_level":16}}