{"host":"rmsq46plbpwfbxcc","time":1607594971,"event":{"gold_per_floor":[116,266,33,50,67,67,97,97,147,147,163,176,204,228,228,302,302,319,319,319],"floor_reached":19,"playtime":588,"items_purged":["Doubt"],"score":319,"play_id":"1dee0363-fc59-457a-81ee-9ed60893bc53","local_time":"20201210190931","is_ascension_mode":true,"campfire_choices":[{"data":"Envenom","floor":6,"key":"SMITH"},{"floor":8,"key":"REST"},{"data":"Terror","floor":10,"key":"SMITH"},{"data":"Dash","floor":15,"key":"SMITH"}],"neow_cost":"NONE","seed_source_timestamp":1979806553321100,"circlet_count":0,"master_deck":["AscendersBane","Strike_G","Strike_G","Strike_G","Strike_G","Strike_G","Defend_G","Defend_G","Defend_G","Defend_G","Defend_G","Survivor","Neutralize+1","Deadly Poison","Envenom+1","Terror+1","Bane","Dash+1","Blur","Burst","CurseOfTheBell","Escape Plan"],"relics":["Ring of the Snake","Vajra","Orichalcum","Strawberry","Odd Mushroom","Calling Bell","Ancient Tea Set","Pantograph","Tingsha"],"potions_floor_usage":[13,15],"damage_taken":[{"damage":0,"enemies":"Cultist","floor":1,"turns":4},{"damage":2,"enemies":"2 Louse","floor":4,"turns":3},{"damage":5,"enemies":"Jaw Worm","floor":5,"turns":3},{"damage":42,"enemies":"3 Sentries","floor":7,"turns":11},{"damage":3,"enemies":"Exordium Wildlife","floor":11,"turns":4},{"damage":0,"enemies":"3 Louse","floor":12,"turns":4},{"damage":9,"enemies":"Lagavulin","floor":13,"turns":6},{"damage":15,"enemies":"The Mushroom Lair","floor":14,"turns":4},{"damage":6,"enemies":"Hexaghost","floor":16,"turns":9},{"damage":25,"enemies":"Shell Parasite","floor":18,"turns":7},{"damage":15,"enemies":"Spheric Guardian","floor":19,"turns":5}],"seed_played":"4221008885518640056","potions_obtained":[{"floor":1,"key":"Weak Potion"},{"floor":5,"key":"FearPotion"},{"floor":14,"key":"Fruit Juice"},{"floor":18,"key":"Poison Potion"}],"is_trial":false,"path_per_floor":["M","?","$","M","M","R","E","R","T","R","M","M","E","?","R","B",null,"M","M"],"character_chosen":"THE_SILENT","items_purchased":["Envenom"],"campfire_rested":1,"item_purchase_floors":[3],"current_hp_per_floor":[59,59,59,57,52,52,10,29,29,29,26,26,24,9,14,8,61,36,21,21],"gold":319,"neow_bonus":"UPGRADE_CARD","is_prod":false,"is_daily":false,"chose_seed":false,"campfire_upgraded":3,"win_rate":0,"timestamp":1607594971,"path_taken":["M","?","$","M","M","R","E","R","T","R","M","M","E","?","R","BOSS","M","M"],"build_version":"2020-11-30","purchased_purges":1,"victory":false,"max_hp_per_floor":[66,66,66,66,66,66,66,66,66,66,66,66,73,73,78,78,78,78,78,78],"card_choices":[{"not_picked":["Footwork","Masterful Stab"],"picked":"Deadly Poison","floor":1},{"not_picked":["Well Laid Plans","Underhanded Strike"],"picked":"Terror","floor":4},{"not_picked":["Dagger Throw","Predator"],"picked":"Bane","floor":5},{"not_picked":["Skewer","Concentrate","Noxious Fumes"],"picked":"SKIP","floor":7},{"not_picked":["Outmaneuver","Backflip"],"picked":"Dash","floor":11},{"not_picked":["Prepared","Quick Slash","Heel Hook"],"picked":"SKIP","floor":12},{"not_picked":["Dodge and Roll","Underhanded Strike","Slice"],"picked":"SKIP","floor":13},{"not_picked":["Skewer","Poisoned Stab"],"picked":"Blur","floor":14},{"not_picked":["Grand Finale","Die Die Die"],"picked":"Burst","floor":16},{"not_picked":["Concentrate","Bane+1"],"picked":"Escape Plan","floor":18}],"player_experience":1306014,"relics_obtained":[{"floor":7,"key":"Vajra"},{"floor":9,"key":"Orichalcum"},{"floor":13,"key":"Strawberry"},{"floor":14,"key":"Odd Mushroom"},{"floor":17,"key":"Ancient Tea Set"},{"floor":17,"key":"Pantograph"},{"floor":17,"key":"Tingsha"}],"event_choices":[{"damage_healed":0,"gold_gain":150,"player_choice":"AGREE","damage_taken":0,"max_hp_gain":0,"max_hp_loss":0,"event_name":"Liars Game","floor":2,"gold_loss":0,"cards_obtained":["Doubt"]},{"damage_healed":0,"gold_gain":0,"player_choice":"Fought Mushrooms","damage_taken":0,"max_hp_gain":0,"max_hp_loss":0,"event_name":"Mushrooms","floor":14,"gold_loss":0}],"is_beta":false,"boss_relics":[{"not_picked":["Tiny House","Empty Cage"],"picked":"Calling Bell"}],"items_purged_floors":[3],"is_endless":false,"potions_floor_spawned":[1,5,7,14,18],"killed_by":"Spheric Guardian","ascension_level":16}}