{"host":"2yqfi47fogfu1ic4","time":1607613661,"event":{"mods":["BaseMod","Relic Stats","StSLib","AchievementEnabler","Colored Map","Colored Powertips","Highlight Path","Minty Spire (QoL Compilation)","Permanent Neow"],"gold_per_floor":[18,18,30,106,123,156,156,172,197,210,210,222,248,267,267,341,341,359,370,420,620,203,235,252,252,277,309,323,339,339,366,366,366,366],"floor_reached":33,"playtime":3156,"items_purged":["Strike_G"],"score":671,"play_id":"040a115f-1214-4133-a646-3d9ccc501413","local_time":"20201210162101","is_ascension_mode":true,"campfire_choices":[{"floor":11.0,"key":"REST"},{"floor":15.0,"key":"REST"},{"data":"Catalyst","floor":25.0,"key":"SMITH"},{"floor":32.0,"key":"REST"}],"circlet_count":0,"master_deck":["AscendersBane","Strike_G+1","Strike_G+1","Strike_G+1","Defend_G+1","Defend_G+1","Defend_G+1","Defend_G+1","Survivor","Neutralize","Predator+1","Well Laid Plans","Cloak And Dagger","Blur","Bouncing Flask","Dagger Throw","Unload","Terror","Bouncing Flask","Outmaneuver","Catalyst+1","Outmaneuver","All Out Attack","Venomology","Poisoned Stab","Calculated Gamble","Calculated Gamble","Acrobatics","Footwork","Acrobatics","Malaise"],"special_seed":0,"relics":["Ring of the Snake","Vajra","Nunchaku","Dream Catcher","Philosopher\u0027s Stone","Tough Bandages","Blue Candle","The Specimen","Frozen Egg 2"],"acts_visited":["Exordium","TheCity"],"potions_floor_usage":[33,33],"damage_taken":[{"damage":0.0,"enemies":"Cultist","floor":1.0,"turns":3.0},{"damage":0.0,"enemies":"2 Louse","floor":3.0,"turns":2.0},{"damage":3.0,"enemies":"Jaw Worm","floor":5.0,"turns":4.0},{"damage":24.0,"enemies":"3 Sentries","floor":6.0,"turns":8.0},{"damage":1.0,"enemies":"Large Slime","floor":8.0,"turns":4.0},{"damage":4.0,"enemies":"Exordium Thugs","floor":10.0,"turns":4.0},{"damage":0.0,"enemies":"Blue Slaver","floor":12.0,"turns":4.0},{"damage":39.0,"enemies":"Gremlin Nob","floor":13.0,"turns":4.0},{"damage":0.0,"enemies":"3 Louse","floor":14.0,"turns":4.0},{"damage":19.0,"enemies":"The Guardian","floor":16.0,"turns":9.0},{"damage":0.0,"enemies":"Chosen","floor":18.0,"turns":2.0},{"damage":2.0,"enemies":"Spheric Guardian","floor":19.0,"turns":3.0},{"damage":2.0,"enemies":"Gremlin Leader","floor":23.0,"turns":5.0},{"damage":0.0,"enemies":"Cultist and Chosen","floor":24.0,"turns":6.0},{"damage":1.0,"enemies":"Book of Stabbing","floor":27.0,"turns":3.0},{"damage":3.0,"enemies":"Snake Plant","floor":28.0,"turns":3.0},{"damage":9.0,"enemies":"Chosen and Byrds","floor":29.0,"turns":5.0},{"damage":9.0,"enemies":"Slavers","floor":31.0,"turns":4.0},{"damage":70,"enemies":"Collector","floor":33,"turns":7}],"seed_played":"-2970929739024516172","potions_obtained":[{"floor":5.0,"key":"SmokeBomb"},{"floor":8.0,"key":"SmokeBomb"},{"floor":13.0,"key":"Dexterity Potion"},{"floor":14.0,"key":"CunningPotion"},{"floor":23.0,"key":"DuplicationPotion"},{"floor":24.0,"key":"DuplicationPotion"}],"is_trial":false,"path_per_floor":["M","?","M","?","M","E","?","M","T","M","R","M","E","M","R","B",null,"M","M","?","?","$","E","M","R","T","E","M","M","?","E","R","B"],"character_chosen":"THE_SILENT","items_purchased":["Tough Bandages"],"campfire_rested":3,"item_purchase_floors":[22],"current_hp_per_floor":[59,59,59,59,56,32,32,31,31,27,46,46,7,7,26,7,51,51,49,49,49,49,47,47,47,47,46,43,34,34,25,44,0,0],"gold":366,"neow_bonus":"TRANSFORM_TWO_CARDS","is_daily":false,"chose_seed":false,"campfire_upgraded":1,"win_rate":0,"timestamp":1607613661,"path_taken":["M","?","M","?","M","E","?","M","T","M","R","M","E","?","R","BOSS","M","M","?","?","$","E","M","R","T","E","M","?","?","E","R","BOSS"],"build_version":"2020-11-30","purchased_purges":1,"victory":false,"max_hp_per_floor":[66,66,66,66,66,66,66,66,66,66,66,66,66,66,66,66,66,66,66,66,66,66,66,66,66,66,66,66,66,66,66,66,66,66],"relic_stats":{"Nunchaku":[10],"Dream Catcher":2,"Tough Bandages":[216],"counters":[19,84],"Blue Candle":[0],"obtain_stats":[{"Nunchaku":9,"Dream Catcher":13,"Tough Bandages":22,"The Specimen":27,"Blue Candle":23,"Vajra":6,"Philosopher\u0027s Stone":17,"Frozen Egg 2":31,"Ring of the Snake":0},{"Nunchaku":5,"Dream Catcher":8,"Tough Bandages":12,"The Specimen":15,"Blue Candle":13,"Vajra":4,"Philosopher\u0027s Stone":10,"Frozen Egg 2":18,"Ring of the Snake":0},{"Nunchaku":21,"Dream Catcher":33,"Tough Bandages":51,"The Specimen":65,"Blue Candle":56,"Vajra":17,"Philosopher\u0027s Stone":46,"Frozen Egg 2":77,"Ring of the Snake":0}],"Ring of the Snake":[38]},"card_choices":[{"not_picked":["Outmaneuver","Infinite Blades"],"picked":"Cloak And Dagger","floor":1.0},{"not_picked":["Slice","Bane"],"picked":"Blur","floor":3.0},{"not_picked":["Dodge and Roll","Accuracy"],"picked":"Bouncing Flask","floor":5.0},{"not_picked":["Slice","Cloak And Dagger"],"picked":"Dagger Throw","floor":6.0},{"not_picked":["Dagger Spray","Bane"],"picked":"Terror","floor":8.0},{"not_picked":["Flechettes","Escape Plan"],"picked":"Bouncing Flask","floor":10.0},{"not_picked":["Flying Knee","Underhanded Strike"],"picked":"Outmaneuver","floor":12.0},{"not_picked":["Expertise","Bouncing Flask"],"picked":"Catalyst","floor":13.0},{"not_picked":["Choke","Sucker Punch"],"picked":"Outmaneuver","floor":14.0},{"not_picked":["Setup","Underhanded Strike"],"picked":"All Out Attack","floor":15.0},{"not_picked":["Envenom","Phantasmal Killer"],"picked":"Venomology","floor":16.0},{"not_picked":["Sucker Punch","Poisoned Stab","Dagger Spray"],"picked":"SKIP","floor":18.0},{"not_picked":["Sucker Punch","Dagger Spray"],"picked":"Poisoned Stab","floor":18.0},{"not_picked":["Setup+1","Outmaneuver"],"picked":"Calculated Gamble","floor":19.0},{"not_picked":["Distraction","Dagger Spray","Terror"],"picked":"SKIP","floor":23.0},{"not_picked":["Infinite Blades","Slice"],"picked":"Calculated Gamble","floor":24.0},{"not_picked":["Distraction","Bane"],"picked":"Acrobatics","floor":27.0},{"not_picked":["Dagger Throw","Infinite Blades","Poisoned Stab"],"picked":"SKIP","floor":28.0},{"not_picked":["Backflip","Dagger Spray"],"picked":"Footwork","floor":29.0},{"not_picked":["Concentrate","All Out Attack"],"picked":"Acrobatics","floor":31.0},{"not_picked":["Deadly Poison","Riddle With Holes"],"picked":"Malaise","floor":32.0}],"player_experience":1696342,"relics_obtained":[{"floor":6.0,"key":"Vajra"},{"floor":9.0,"key":"Nunchaku"},{"floor":13.0,"key":"Dream Catcher"},{"floor":23.0,"key":"Blue Candle"},{"floor":27.0,"key":"The Specimen"},{"floor":31.0,"key":"Frozen Egg 2"}],"event_choices":[{"damage_healed":0.0,"max_hp_gain":0.0,"max_hp_loss":0.0,"gold_gain":0.0,"event_name":"Living Wall","player_choice":"Grow","floor":2.0,"gold_loss":0.0,"damage_taken":0.0,"cards_upgraded":["Predator"]},{"damage_healed":0.0,"max_hp_gain":0.0,"max_hp_loss":0.0,"gold_gain":76.0,"event_name":"Golden Wing","player_choice":"Gained Gold","floor":4.0,"gold_loss":0.0,"damage_taken":0.0},{"damage_healed":0.0,"max_hp_gain":0.0,"max_hp_loss":0.0,"gold_gain":0.0,"event_name":"Match and Keep!","player_choice":"1 cards matched","floor":7.0,"gold_loss":0.0,"damage_taken":0.0,"cards_obtained":["Unload"]},{"damage_healed":0.0,"max_hp_gain":0.0,"max_hp_loss":0.0,"gold_gain":50.0,"event_name":"Nest","player_choice":"Stole From Cult","floor":20.0,"gold_loss":0.0,"damage_taken":0.0},{"damage_healed":0.0,"max_hp_gain":0.0,"max_hp_loss":0.0,"gold_gain":200.0,"event_name":"Wheel of Change","player_choice":"Gold","floor":21.0,"gold_loss":0.0,"damage_taken":0.0},{"damage_healed":0.0,"max_hp_gain":0.0,"max_hp_loss":0.0,"gold_gain":0.0,"event_name":"Back to Basics","player_choice":"Simplicity","floor":30.0,"gold_loss":0.0,"damage_taken":0.0,"cards_upgraded":["Strike_G","Strike_G","Strike_G","Defend_G","Defend_G","Defend_G","Defend_G"]}],"is_beta":false,"boss_relics":[{"not_picked":["Ring of the Serpent","Astrolabe"],"picked":"Philosopher\u0027s Stone"}],"items_purged_floors":[22],"is_endless":false,"potions_floor_spawned":[5,8,13,14,23,24,28,29],"killed_by":"Collector","ascension_level":19}}