{"host":"fqid566djxhwi0rl","time":1607612653,"event":{"mods":["BaseMod","AchievementEnabler","GifTheSpireLib","StSLib","Aspiration","Downfall","Energized Spire","Faster Ascension Climbing","Jorbs\u0027s Wanderer Trilogy","Minty Spire (QoL Compilation)","The Blackbeard","The Cursed","Trackpad","Yuri Mod","Replay The Spire","The Dragon Tamer","2.2 Compatiblity","The Gatherer"],"gold_per_floor":[119,119,119,131,142,170,188,208,208,235,5,34,34,46,46,144,144,126,136,10,10,29,29,62,62,110,141,141,176,188,188,188,188,188,188],"floor_reached":33,"playtime":2625,"items_purged":["Gatherer:Strike_Gatherer"],"score":703,"play_id":"13ac1362-eba2-4007-94c1-fdce79a503be","local_time":"20201210170413","is_ascension_mode":true,"metric_token":1169,"campfire_choices":[{"data":"expansioncontent:StudyTheSpire","floor":13.0,"key":"SMITH"},{"data":"Gatherer:Transmute","floor":15.0,"key":"SMITH"},{"data":"Ghostly","floor":23.0,"key":"SMITH"},{"data":"Ghostly","floor":28.0,"key":"SMITH"},{"data":"Ghostly","floor":28.0,"key":"SMITH"},{"data":"Gatherer:Centralize","floor":32,"key":"SMITH"},{"data":"Ghostly","floor":32,"key":"SMITH"}],"circlet_count":0,"master_deck":["Gatherer:Defend_Gatherer","Gatherer:Defend_Gatherer","Gatherer:Defend_Gatherer","Gatherer:Defend_Gatherer","Gatherer:Defend_Gatherer","Gatherer:Centralize+1","Gatherer:FlowerWhip","Gatherer:Examine","Gatherer:AcidicSpray","Gatherer:Misfortune","Gatherer:GrowBook+1","Gatherer:Transmute+1","Gatherer:RecoveryHerb","Gatherer:WoolGloves","expansioncontent:StudyTheSpire+1","Gatherer:BalancedGrowth","Gatherer:MindSearch","Gatherer:Snatch+1","Ghostly+1","Ghostly+1","Ghostly","Ghostly+1","Ghostly+1","Bite","Bite","Bite","Bite","Bite"],"special_seed":0,"relics":["Gatherer:AlchemyBag","Sundial","Ornamental Fan","Toy Ornithopter","Busted Crown","Blue Doll","ReplayTheSpireMod:TigerMarble","Replay:Arrowhead","trackpad:BottledTsunami"],"acts_visited":[],"potions_floor_usage":[33,33,33,33,33],"damage_taken":[{"damage":0.0,"enemies":"2 Louse","floor":1.0,"turns":4.0},{"damage":0.0,"enemies":"Small Slimes","floor":4.0,"turns":3.0},{"damage":1.0,"enemies":"Jaw Worm","floor":5.0,"turns":4.0},{"damage":45.0,"enemies":"Gremlin Nob","floor":6.0,"turns":5.0},{"damage":3.0,"enemies":"3 Louse","floor":7.0,"turns":3.0},{"damage":9.0,"enemies":"Lots of Slimes","floor":8.0,"turns":5.0},{"damage":3.0,"enemies":"3 Sentries","floor":10.0,"turns":11.0},{"damage":4.0,"enemies":"Gremlin Nob","floor":12.0,"turns":3.0},{"damage":0.0,"enemies":"Blue Slaver","floor":14.0,"turns":6.0},{"damage":64.0,"enemies":"The Guardian","floor":16.0,"turns":12.0},{"damage":21.0,"enemies":"2 Thieves","floor":18.0,"turns":4.0},{"damage":14.0,"enemies":"3 Byrds","floor":19.0,"turns":6.0},{"damage":3.0,"enemies":"Snake Plant","floor":22.0,"turns":6.0},{"damage":0.0,"enemies":"Slavers","floor":24.0,"turns":7.0},{"damage":13.0,"enemies":"Book of Stabbing","floor":27.0,"turns":5.0},{"damage":21.0,"enemies":"Replay:Snechameleon","floor":29.0,"turns":5.0},{"damage":13,"enemies":"Centurion and Healer","floor":30,"turns":9},{"damage":45,"enemies":"Collector","floor":33,"turns":6}],"seed_played":"7661860625362826840","potions_obtained":[{"floor":4.0,"key":"PowerPotion"},{"floor":7.0,"key":"Milkshake"},{"floor":8.0,"key":"FearPotion"},{"floor":10.0,"key":"EntropicBrew"},{"floor":22.0,"key":"Ancient Potion"},{"floor":27.0,"key":"BlessingOfTheForge"},{"floor":29,"key":"sneckomod:MuddlingPotion"}],"is_trial":false,"path_per_floor":["M","?","?","M","M","E","M","M","T","E","$","E","R","M","R","B",null,"M","M","$","?","M","R","E","?","T","E","R","E","M","?","R","B"],"character_chosen":"THE_GATHERER","items_purchased":["expansioncontent:StudyTheSpire","BloodPotion","ColorlessPotion"],"campfire_rested":0,"item_purchase_floors":[11,11,20],"current_hp_per_floor":[65,70,70,70,69,24,21,18,18,21,21,38,38,54,54,4,59,49,46,46,38,35,35,38,38,38,28,28,21,38,38,38,0,0,0],"gold":188,"neow_bonus":"ONE_RANDOM_RARE_CARD","is_daily":false,"chose_seed":false,"campfire_upgraded":7,"win_rate":0,"timestamp":1607612653,"path_taken":["M","?","?","M","M","E","M","M","T","E","$","E","R","M","R","BOSS","M","M","$","?","M","R","E","?","T","E","R","E","M","?","R","BOSS"],"build_version":"2020-11-30","purchased_purges":1,"victory":false,"max_hp_per_floor":[72,77,77,77,77,77,77,77,77,77,77,77,77,77,77,77,77,77,77,77,38,38,38,38,38,38,38,38,38,38,38,38,38,38,38],"card_choices":[{"not_picked":["Gatherer:EnergyBasket","Gatherer:PotentialSlash"],"picked":"Gatherer:AcidicSpray","floor":1.0},{"not_picked":["Gatherer:Duplicator","Gatherer:AcidicSpray"],"picked":"Gatherer:Misfortune","floor":4.0},{"not_picked":["Gatherer:ScentOfRosmari","Gatherer:CarefulStrike"],"picked":"Gatherer:GrowBook","floor":5.0},{"not_picked":["Gatherer:DrugPower","Gatherer:CollectorsShot"],"picked":"Gatherer:Transmute","floor":6.0},{"not_picked":["Gatherer:GatherMaterial","Gatherer:FeelingFine"],"picked":"Gatherer:RecoveryHerb","floor":7.0},{"not_picked":["Gatherer:SaveValuables","Gatherer:AcidicSpray"],"picked":"Gatherer:WoolGloves","floor":8.0},{"not_picked":["Gatherer:FeelingFine","Gatherer:SealedBomb","Gatherer:WoolGloves"],"picked":"SKIP","floor":10.0},{"not_picked":["Gatherer:DrugPower","Gatherer:FlowerShield","Gatherer:FragileHammer"],"picked":"SKIP","floor":12.0},{"not_picked":["Gatherer:BambuSword","Gatherer:EnergyBasket"],"picked":"Gatherer:BalancedGrowth","floor":14.0},{"not_picked":["Gatherer:Examine","Gatherer:FlamingBottle"],"picked":"Gatherer:MindSearch","floor":16.0},{"not_picked":[],"picked":"Gatherer:Snatch+1","floor":18.0},{"not_picked":["Gatherer:FeelingFine"],"picked":"SKIP","floor":19.0},{"not_picked":["Gatherer:FruitForce"],"picked":"SKIP","floor":22.0},{"not_picked":["Gatherer:CollectorsShot"],"picked":"SKIP","floor":24.0},{"not_picked":["Gatherer:GatherMaterial"],"picked":"SKIP","floor":27.0},{"not_picked":["Gatherer:GatherMaterial"],"picked":"SKIP","floor":29},{"not_picked":["Gatherer:Solidify"],"picked":"SKIP","floor":30}],"player_experience":683777,"relics_obtained":[{"floor":6.0,"key":"Sundial"},{"floor":9.0,"key":"Ornamental Fan"},{"floor":10.0,"key":"Blood Vial"},{"floor":12.0,"key":"Toy Ornithopter"},{"floor":24.0,"key":"Blue Doll"},{"floor":26.0,"key":"ReplayTheSpireMod:TigerMarble"},{"floor":27.0,"key":"Replay:Arrowhead"},{"floor":29,"key":"trackpad:BottledTsunami"}],"event_choices":[{"damage_healed":0.0,"max_hp_gain":5.0,"max_hp_loss":0.0,"gold_gain":0.0,"event_name":"Big Fish","player_choice":"Donut","floor":2.0,"gold_loss":0.0,"damage_taken":0.0},{"cards_removed":["Gatherer:Strike_Gatherer"],"damage_healed":0.0,"max_hp_gain":0.0,"max_hp_loss":0.0,"gold_gain":0.0,"event_name":"Living Wall","player_choice":"Forget","floor":3.0,"gold_loss":0.0,"damage_taken":0.0},{"damage_healed":0.0,"max_hp_gain":0.0,"max_hp_loss":39.0,"gold_gain":0.0,"event_name":"Ghosts","player_choice":"Became a Ghost","floor":21.0,"gold_loss":0.0,"damage_taken":0.0,"cards_obtained":["Ghostly","Ghostly","Ghostly","Ghostly","Ghostly"]},{"damage_healed":0.0,"max_hp_gain":0.0,"max_hp_loss":0.0,"gold_gain":0.0,"event_name":"Vampires","player_choice":"Became a vampire (Vial)","floor":25.0,"relics_lost":["Blood Vial"],"gold_loss":0.0,"damage_taken":0.0,"cards_obtained":["Bite","Bite","Bite","Bite","Bite"]},{"damage_healed":0,"gold_gain":0,"player_choice":"Upgraded","damage_taken":0,"max_hp_gain":0,"max_hp_loss":0,"event_name":"Upgrade Shrine","floor":31,"gold_loss":0,"cards_upgraded":["Gatherer:GrowBook"]}],"is_beta":false,"boss_relics":[{"not_picked":["Tiny House","Fusion Hammer"],"picked":"Busted Crown"}],"items_purged_floors":[20],"is_endless":false,"potions_floor_spawned":[4,7,8,10,22,27,29],"killed_by":"Collector","ascension_level":9}}