{"host":"cxlfijb3ipw68228","time":1607563197,"event":{"gold_per_floor":[99,110,110,123,142,142,142,156,156,187,198,213,232,332,348,445,445,445,295,2311,2337,2322,2403,2451,2451,2486,2411,2396,2396,2396,2726,2741,2844,2844,2769,2783,2783,2795,2795,2808,2808,2808,2808,2834,2834,2846,2896,2896,2912,2912],"floor_reached":51,"playtime":3632,"items_purged":[],"score":690,"play_id":"0ffa0614-a8b8-418d-a74e-4073584449dc","local_time":"20201209201957","is_ascension_mode":false,"campfire_choices":[{"data":"Slimebound:Split","floor":1,"key":"SMITH"},{"data":"Slimebound:CorrosiveSpit","floor":3,"key":"SMITH"},{"data":"Slimebound:Gluttony","floor":9,"key":"SMITH"},{"data":"Slimebound:TongueLash","floor":18,"key":"SMITH"},{"data":"Slimebound:PressTheAttack","floor":25,"key":"SMITH"},{"floor":27,"key":"RECALL"},{"data":"Slimebound:RallyTheTroops","floor":39,"key":"SMITH"},{"data":"Slimebound:SplitBruiser","floor":42,"key":"SMITH"}],"neow_cost":"NONE","seed_source_timestamp":697597227684300,"circlet_count":0,"master_deck":["Slimebound:Strike_Slimebound","Slimebound:Strike_Slimebound","Slimebound:Tackle","Slimebound:Defend_Slimebound","Slimebound:Defend_Slimebound","Slimebound:Defend_Slimebound","Slimebound:Split+1","Slimebound:CorrosiveSpit+1","Slimebound:LeechEnergy","Slimebound:Gluttony+1","Slimebound:TongueLash+1","Slimebound:SamplingLick","Slimebound:OneTwoCombo+1","Slimebound:RejuvenatingLick","Slimebound:Prepare","Slimebound:LeadByExample+1","Slimebound:LeechingTouch","Slimebound:DouseInSlime","Slimebound:Repurpose+1","Slimebound:PressTheAttack+1","Slimebound:FirmFortitude+1","Slimebound:SamplingLick","Slimebound:RallyTheTroops+1","Slimebound:RollThrough","Slimebound:HungryTackle","Slimebound:SplitBruiser+1","expansioncontent:DecasProtection","expansioncontent:DarkVoid","Slimebound:HauntingLick+1","Replay:SS_hec_1+1","hubris:EnhanceAbility+1","Slimebound:TongueLash+1","Slimebound:AcidTongue+1","Slimebound:LeechEnergy+1"],"relics":["Slimebound:AbsorbEndCombat","Akabeko","Frozen Egg 2","hubris:DeckOfHolding","conspire:RunicOctahedron","Replay:WaspNest","CCEMRelics:OverlyComfyChair","hubris:ToyBattleship","CCEMRelics:GrapeVine","downfall:HeartBlessingGreen","hubris:CrackedHourglass","downfall:HeartBlessingRed","hubris:Icosahedron","hubris:Metronome","Toy Ornithopter","TungstenRod"],"potions_floor_usage":[16,33,33,50,50],"damage_taken":[{"damage":15,"enemies":"Cultist","floor":2,"turns":3},{"damage":8,"enemies":"2 Louse","floor":4,"turns":2},{"damage":11,"enemies":"Small Slimes","floor":5,"turns":2},{"damage":35,"enemies":"Exordium Thugs","floor":8,"turns":5},{"damage":47,"enemies":"Gremlin Nob","floor":10,"turns":4},{"damage":15,"enemies":"Blue Slaver","floor":11,"turns":2},{"damage":7,"enemies":"3 Louse","floor":12,"turns":2},{"damage":14,"enemies":"Exordium Wildlife","floor":13,"turns":3},{"damage":20,"enemies":"Blue Slaver","floor":15,"turns":3},{"damage":25,"enemies":"downfall:CharBossIronclad","floor":16,"turns":7},{"damage":20,"enemies":"3 Byrds","floor":20,"turns":4},{"damage":22,"enemies":"Replay:Snechameleon","floor":21,"turns":6},{"damage":12,"enemies":"downfall:FleeingMerchant","floor":22,"turns":4},{"damage":19,"enemies":"Gremlin Leader","floor":26,"turns":4},{"damage":9,"enemies":"downfall:FleeingMerchant","floor":28,"turns":4},{"damage":14,"enemies":"downfall:FleeingMerchant","floor":31,"turns":4},{"damage":27,"enemies":"Sentry and Sphere","floor":32,"turns":5},{"damage":21,"enemies":"downfall:CharBossWatcher","floor":33,"turns":8},{"damage":4,"enemies":"3 Darklings","floor":36,"turns":4},{"damage":8,"enemies":"Orb Walker","floor":38,"turns":3},{"damage":15,"enemies":"3 Darklings","floor":40,"turns":4},{"damage":37,"enemies":"Nemesis","floor":44,"turns":5},{"damage":10,"enemies":"Transient","floor":46,"turns":5},{"damage":4,"enemies":"Mind Bloom Boss Battle","floor":47,"turns":3},{"damage":6,"enemies":"Sphere and 2 Shapes","floor":49,"turns":3},{"damage":22,"enemies":"downfall:CharBossDefect","floor":50,"turns":6}],"seed_played":"7864271427627649546","potions_obtained":[{"floor":5,"key":"Elixir"},{"floor":11,"key":"Slimebound:SpawnSlimePotion"},{"floor":12,"key":"AttackPotion"},{"floor":16,"key":"Toxic Potion"},{"floor":21,"key":"LifebloodPotion"},{"floor":36,"key":"SteroidPotion"},{"floor":44,"key":"Energy Potion"}],"is_trial":false,"path_per_floor":["R","M","R","M","M","?","T","M","R","E","M","M","M","?","M","B",null,"R","?","M","E","$","T","T","R","E","R","$","?","?","$","M","B",null,"R_BF","M","$","M","R","M","T","R","?","E","?","M","?","?","M","B",null],"character_chosen":"SLIMEBOUND","items_purchased":[],"campfire_rested":0,"item_purchase_floors":[],"current_hp_per_floor":[60,58,58,60,60,60,60,57,57,37,42,45,57,57,51,60,60,60,70,70,70,70,70,70,70,70,70,70,70,62,68,52,63,70,70,70,70,70,70,70,70,70,65,70,70,70,70,70,70,70],"gold":2912,"neow_bonus":"RANDOM_COMMON_RELIC","is_prod":false,"is_daily":false,"chose_seed":false,"campfire_upgraded":7,"win_rate":0,"timestamp":1607563197,"path_taken":["R","M","R","M","?","?","T","M","R","E","M","M","?","?","M","BOSS","R","?","M","E","$","?","T","R","E","R","$","?","?","$","M","BOSS","R_BF","M","$","M","R","M","T","R","?","E","?","M","?","?","M","BOSS"],"build_version":"2020-11-30","purchased_purges":0,"victory":true,"max_hp_per_floor":[60,60,60,60,60,60,60,60,60,60,60,60,60,60,60,60,60,60,70,70,70,70,70,70,70,70,70,70,70,70,70,70,70,70,70,70,70,70,70,70,70,70,70,70,70,70,70,70,70,70],"card_choices":[{"not_picked":["Slimebound:Chomp","Slimebound:FinishingTackle"],"picked":"Slimebound:LeechEnergy","floor":2},{"not_picked":["Slimebound:SplitLeeching","Slimebound:FinishingTackle"],"picked":"Slimebound:Gluttony","floor":4},{"not_picked":["Slimebound:Schlurp","Slimebound:ViciousTackle"],"picked":"Slimebound:TongueLash","floor":5},{"not_picked":["Slimebound:LivingWall","Slimebound:HungryTackle"],"picked":"Slimebound:SamplingLick","floor":8},{"not_picked":["Slimebound:Equalize","Slimebound:SamplingLick"],"picked":"Slimebound:OneTwoCombo","floor":10},{"not_picked":["Slimebound:LeechEnergy","Slimebound:Schlurp"],"picked":"Slimebound:RejuvenatingLick","floor":11},{"not_picked":["Slimebound:Schlurp","Slimebound:SlimeSpikes"],"picked":"Slimebound:Prepare","floor":12},{"not_picked":["Slimebound:ViciousTackle","Slimebound:SamplingLick"],"picked":"Slimebound:LeadByExample+1","floor":13},{"not_picked":["Slimebound:SlimeBarrage","Slimebound:Equalize"],"picked":"Slimebound:LeechingTouch","floor":15},{"not_picked":["Slimebound:SlimeSlap","Slimebound:DuplicatedForm+1"],"picked":"Slimebound:DouseInSlime","floor":16},{"not_picked":["Slimebound:SamplingLick+1","Slimebound:ProtectTheBoss+1"],"picked":"Slimebound:Repurpose+1","floor":20},{"not_picked":["Slimebound:BestDefense+1","Slimebound:Repurpose"],"picked":"Slimebound:PressTheAttack","floor":21},{"not_picked":["Slimebound:SlimeSpikes+1","Slimebound:GoopSpray"],"picked":"Slimebound:FirmFortitude+1","floor":26},{"not_picked":["Slimebound:ForwardTackle+1","Slimebound:LeechingTouch"],"picked":"Slimebound:SamplingLick","floor":32},{"not_picked":["Slimebound:DouseInSlime","Slimebound:OneTwoCombo"],"picked":"Slimebound:RallyTheTroops","floor":33},{"not_picked":["Slimebound:GrowthPunch","Slimebound:LeechEnergy+1"],"picked":"Slimebound:RollThrough","floor":36},{"not_picked":["Slimebound:ViciousTackle+1","Slimebound:PressTheAttack"],"picked":"Slimebound:HungryTackle","floor":38},{"not_picked":["Slimebound:LeechingTouch","Slimebound:RollThrough"],"picked":"Slimebound:SplitBruiser","floor":40},{"not_picked":["expansioncontent:ChargeUp","expansioncontent:YouAreMine"],"picked":"expansioncontent:DecasProtection","floor":43},{"not_picked":["expansioncontent:Flail","Replay:SS_fish_1"],"picked":"expansioncontent:DarkVoid","floor":43},{"not_picked":["Slimebound:Grow+1","Slimebound:RollThrough"],"picked":"Slimebound:HauntingLick+1","floor":44},{"not_picked":["Swift Strike","Sadistic Nature+1"],"picked":"Replay:SS_hec_1+1","floor":45},{"not_picked":["Panacea","expansioncontent:Torchfire"],"picked":"hubris:EnhanceAbility+1","floor":45},{"not_picked":["Slimebound:SamplingLick","Slimebound:LeechingTouch+1"],"picked":"Slimebound:TongueLash+1","floor":46},{"not_picked":["Slimebound:SplitMire+1","Slimebound:FormOfPuddle+1"],"picked":"Slimebound:AcidTongue+1","floor":47},{"not_picked":["Slimebound:ProtectTheBoss+1","Slimebound:Chomp+1"],"picked":"Slimebound:LeechEnergy+1","floor":49}],"player_experience":502785,"relics_obtained":[{"floor":7,"key":"Frozen Egg 2"},{"floor":10,"key":"hubris:DeckOfHolding"},{"floor":21,"key":"Replay:WaspNest"},{"floor":23,"key":"CCEMRelics:OverlyComfyChair"},{"floor":24,"key":"hubris:ToyBattleship"},{"floor":26,"key":"CCEMRelics:GrapeVine"},{"floor":41,"key":"hubris:Metronome"},{"floor":44,"key":"Toy Ornithopter"},{"floor":47,"key":"TungstenRod"}],"event_choices":[{"cards_removed":["Slimebound:Strike_Slimebound"],"damage_healed":0,"gold_gain":0,"player_choice":"Purged","damage_taken":0,"max_hp_gain":0,"max_hp_loss":0,"event_name":"Purifier","floor":6,"gold_loss":0},{"damage_healed":0,"gold_gain":0,"player_choice":"Got Potions","damage_taken":0,"max_hp_gain":0,"max_hp_loss":0,"event_name":"Lab","floor":29,"gold_loss":0},{"damage_healed":0,"gold_gain":3,"player_choice":"1","damage_taken":0,"max_hp_gain":0,"max_hp_loss":0,"event_name":"betterStone:BetterStone","floor":45,"gold_loss":0}],"is_beta":false,"boss_relics":[{"not_picked":["conspire:SlowCooker","Tiny House"],"picked":"conspire:RunicOctahedron"},{"not_picked":["halation:Yufonium","halation:PinkAlligatorPlush"],"picked":"hubris:CrackedHourglass"}],"items_purged_floors":[],"is_endless":false,"potions_floor_spawned":[5,11,12,13,16,21,26,36,44,47],"ascension_level":0}}