{"host":"e8rlfedn69rz2s07","time":1607606303,"event":{"gold_per_floor":[111,127,127,202,219,219,244,244,267,293,312,312,8,32,32,109,109,125,125,143,43,43,72,87,113,113,138,138,158,158,158,158,232,232,252,252,268,281,281,281,300,300,300,319,165,177,189,203,203,203,203],"floor_reached":50,"playtime":2134,"items_purged":["Strike_G","Strike_G"],"score":1124,"play_id":"97fe0f9f-0155-4b7a-8720-9e40c93285c1","local_time":"20201210151823","is_ascension_mode":true,"campfire_choices":[{"floor":6.0,"key":"REST"},{"floor":8.0,"key":"REST"},{"floor":15.0,"key":"REST"},{"data":"Ghostly","floor":28.0,"key":"SMITH"},{"data":"Catalyst","floor":32.0,"key":"SMITH"},{"data":"Night Terror","floor":40.0,"key":"SMITH"},{"floor":42.0,"key":"RECALL"},{"floor":49.0,"key":"REST"}],"neow_cost":"NONE","seed_source_timestamp":0,"circlet_count":0,"master_deck":["AscendersBane","Strike_G+1","Strike_G+1","Defend_G","Defend_G","Defend_G","Defend_G","Defend_G","Survivor","Neutralize","Flying Knee","Dagger Spray","Backflip","Noxious Fumes+1","Deadly Poison","Predator","Corpse Explosion","PiercingWail","Ghostly","Ghostly","Ghostly+1","Blur","Catalyst+1","Night Terror+1","PiercingWail","Backflip+1","Adrenaline"],"special_seed":0,"relics":["Ring of the Snake","Pen Nib","Whetstone","Oddly Smooth Stone","White Beast Statue","Omamori","Busted Crown","Ninja Scroll","Blue Candle","Potion Belt","Nunchaku","SlaversCollar"],"potions_floor_usage":[50,50],"damage_taken":[{"damage":0.0,"enemies":"Jaw Worm","floor":1.0,"turns":6.0},{"damage":13.0,"enemies":"Small Slimes","floor":2.0,"turns":5.0},{"damage":0.0,"enemies":"2 Louse","floor":5.0,"turns":3.0},{"damage":13.0,"enemies":"Lagavulin","floor":7.0,"turns":8.0},{"damage":50.0,"enemies":"Gremlin Nob","floor":10.0,"turns":5.0},{"damage":0.0,"enemies":"Blue Slaver","floor":11.0,"turns":3.0},{"damage":20.0,"enemies":"The Guardian","floor":16.0,"turns":10.0},{"damage":12.0,"enemies":"3 Byrds","floor":18.0,"turns":3.0},{"damage":3.0,"enemies":"Chosen","floor":20.0,"turns":4.0},{"damage":3.0,"enemies":"Slavers","floor":23.0,"turns":4.0},{"damage":2.0,"enemies":"Centurion and Healer","floor":24.0,"turns":6.0},{"damage":0.0,"enemies":"Gremlin Leader","floor":25.0,"turns":5.0},{"damage":3.0,"enemies":"Slavers","floor":27.0,"turns":5.0},{"damage":0.0,"enemies":"Snake Plant","floor":29.0,"turns":5.0},{"damage":10.0,"enemies":"Automaton","floor":33.0,"turns":9.0},{"damage":0.0,"enemies":"3 Darklings","floor":35.0,"turns":2.0},{"damage":10.0,"enemies":"3 Shapes","floor":37.0,"turns":5.0},{"damage":1.0,"enemies":"Spire Growth","floor":38.0,"turns":6.0},{"damage":1.0,"enemies":"Transient","floor":41.0,"turns":6.0},{"damage":0.0,"enemies":"Jaw Worm Horde","floor":44.0,"turns":3.0},{"damage":1.0,"enemies":"Writhing Mass","floor":46.0,"turns":7.0},{"damage":27.0,"enemies":"Maw","floor":47.0,"turns":8.0},{"damage":0.0,"enemies":"3 Darklings","floor":48.0,"turns":3.0},{"damage":22,"enemies":"Time Eater","floor":50,"turns":9}],"seed_played":"3242922902384820834","potions_obtained":[{"floor":1.0,"key":"BlessingOfTheForge"},{"floor":2.0,"key":"FearPotion"},{"floor":11.0,"key":"AttackPotion"},{"floor":16.0,"key":"SneckoOil"},{"floor":18.0,"key":"DuplicationPotion"},{"floor":24.0,"key":"GhostInAJar"},{"floor":25.0,"key":"DistilledChaos"},{"floor":27.0,"key":"Ancient Potion"},{"floor":29.0,"key":"Explosive Potion"},{"floor":33.0,"key":"Dexterity Potion"},{"floor":35.0,"key":"EssenceOfSteel"},{"floor":37.0,"key":"Ancient Potion"},{"floor":38.0,"key":"Swift Potion"},{"floor":41.0,"key":"SteroidPotion"},{"floor":44.0,"key":"Fire Potion"},{"floor":46.0,"key":"PowerPotion"},{"floor":47.0,"key":"GamblersBrew"},{"floor":48.0,"key":"Weak Potion"}],"is_trial":false,"path_per_floor":["M","M","?","?","M","R","E","R","T","E","M","?","$","T","R","B",null,"M","?","M","$","?","E","M","E","T","E","R","M","?","?","R","B",null,"M","?","M","M","?","R","M","R","T","M","$","M","M","M","R","B"],"character_chosen":"THE_SILENT","items_purchased":["Noxious Fumes","Deadly Poison","Predator","SpeedPotion","Adrenaline"],"campfire_rested":4,"item_purchase_floors":[13,13,13,13,45],"current_hp_per_floor":[59,46,39,28,28,47,34,53,53,3,3,3,3,3,22,2,50,38,33,30,30,30,27,25,25,25,22,22,22,22,22,22,12,28,28,28,18,17,33,33,32,32,32,32,32,31,4,4,13,0,0],"gold":203,"neow_bonus":"RANDOM_COMMON_RELIC","is_prod":false,"is_daily":false,"chose_seed":false,"campfire_upgraded":3,"win_rate":0,"timestamp":1607606303,"path_taken":["M","M","?","?","M","R","E","R","T","E","M","?","$","?","R","BOSS","M","?","M","$","?","E","?","E","T","E","R","M","?","?","R","BOSS","M","?","M","M","?","R","M","R","T","?","?","M","M","M","R","BOSS"],"build_version":"2020-11-30","purchased_purges":2,"victory":false,"max_hp_per_floor":[66,66,66,66,66,66,66,66,66,66,66,66,66,66,66,66,66,66,33,33,33,33,33,33,33,33,33,33,33,33,33,33,33,33,33,33,33,33,33,33,33,33,33,33,33,33,33,33,33,33,33],"relic_stats":{"Nunchaku":[9],"Busted Crown":34,"counters":[24,130],"Blue Candle":[0],"Pen Nib":[21],"Whetstone":["Strike_G","Strike_G"],"obtain_stats":[{"Potion Belt":26,"SlaversCollar":34,"Nunchaku":27,"Busted Crown":17,"Ninja Scroll":23,"Blue Candle":25,"Oddly Smooth Stone":9,"Pen Nib":0,"Omamori":14,"Whetstone":7,"White Beast Statue":10,"Ring of the Snake":0},{"Potion Belt":12,"SlaversCollar":15,"Nunchaku":13,"Busted Crown":7,"Ninja Scroll":10,"Blue Candle":12,"Oddly Smooth Stone":4,"Pen Nib":0,"Omamori":6,"Whetstone":4,"White Beast Statue":5,"Ring of the Snake":0},{"Potion Belt":62,"SlaversCollar":81,"Nunchaku":67,"Busted Crown":40,"Ninja Scroll":51,"Blue Candle":62,"Oddly Smooth Stone":22,"Pen Nib":0,"Omamori":30,"Whetstone":22,"White Beast Statue":27,"Ring of the Snake":0}],"Ring of the Snake":[48]},"card_choices":[{"not_picked":["Heel Hook","Deflect"],"picked":"Skewer","floor":1.0},{"not_picked":["Expertise","Acrobatics"],"picked":"Flying Knee","floor":2.0},{"not_picked":["Slice","Eviscerate","Tactician"],"picked":"SKIP","floor":5.0},{"not_picked":["Deflect","Poisoned Stab"],"picked":"Dagger Spray","floor":7.0},{"not_picked":["Setup","Outmaneuver","Infinite Blades"],"picked":"SKIP","floor":10.0},{"not_picked":["A Thousand Cuts","Dodge and Roll"],"picked":"Backflip","floor":11.0},{"not_picked":["Die Die Die","Bullet Time"],"picked":"Corpse Explosion","floor":16.0},{"not_picked":[],"picked":"PiercingWail","floor":18.0},{"not_picked":[],"picked":"Blur","floor":20.0},{"not_picked":["Storm of Steel"],"picked":"SKIP","floor":23.0},{"not_picked":["Dodge and Roll"],"picked":"SKIP","floor":24.0},{"not_picked":["Infinite Blades"],"picked":"SKIP","floor":25.0},{"not_picked":["Underhanded Strike"],"picked":"SKIP","floor":27.0},{"not_picked":["Masterful Stab"],"picked":"SKIP","floor":29.0},{"not_picked":[],"picked":"Night Terror","floor":33.0},{"not_picked":[],"picked":"PiercingWail","floor":35.0},{"not_picked":["Acrobatics"],"picked":"SKIP","floor":37.0},{"not_picked":[],"picked":"Backflip+1","floor":38.0},{"not_picked":["Masterful Stab"],"picked":"SKIP","floor":41.0},{"not_picked":["Sucker Punch"],"picked":"SKIP","floor":44.0},{"not_picked":["Cloak And Dagger"],"picked":"SKIP","floor":46.0},{"not_picked":["Poisoned Stab+1"],"picked":"SKIP","floor":47.0},{"not_picked":["Blade Dance"],"picked":"SKIP","floor":48.0}],"player_experience":680267,"relics_obtained":[{"floor":7.0,"key":"Whetstone"},{"floor":9.0,"key":"Oddly Smooth Stone"},{"floor":10.0,"key":"White Beast Statue"},{"floor":14.0,"key":"Omamori"},{"floor":23.0,"key":"Ninja Scroll"},{"floor":25.0,"key":"Blue Candle"},{"floor":26.0,"key":"Potion Belt"},{"floor":27.0,"key":"Nunchaku"}],"event_choices":[{"cards_removed":["Strike_G"],"damage_healed":0.0,"max_hp_gain":0.0,"max_hp_loss":0.0,"gold_gain":0.0,"event_name":"Golden Wing","player_choice":"Card Removal","floor":3.0,"gold_loss":0.0,"damage_taken":7.0},{"damage_healed":0.0,"max_hp_gain":0.0,"max_hp_loss":0.0,"gold_gain":75.0,"event_name":"World of Goop","player_choice":"Gather Gold","floor":4.0,"gold_loss":0.0,"damage_taken":11.0},{"damage_healed":0.0,"max_hp_gain":0.0,"max_hp_loss":0.0,"gold_gain":0.0,"event_name":"Shining Light","player_choice":"Ignored","floor":12.0,"gold_loss":0.0,"damage_taken":0.0},{"damage_healed":0.0,"max_hp_gain":0.0,"max_hp_loss":33.0,"gold_gain":0.0,"event_name":"Ghosts","player_choice":"Became a Ghost","floor":19.0,"gold_loss":0.0,"damage_taken":0.0,"cards_obtained":["Ghostly","Ghostly","Ghostly"]},{"damage_healed":0.0,"max_hp_gain":0.0,"max_hp_loss":0.0,"gold_gain":0.0,"event_name":"Upgrade Shrine","player_choice":"Upgraded","floor":22.0,"gold_loss":0.0,"damage_taken":0.0,"cards_upgraded":["Noxious Fumes"]},{"damage_healed":0.0,"max_hp_gain":0.0,"max_hp_loss":0.0,"gold_gain":0.0,"event_name":"The Library","player_choice":"Read","floor":30.0,"gold_loss":0.0,"damage_taken":0.0,"cards_obtained":["Catalyst"]},{"damage_healed":0.0,"max_hp_gain":0.0,"max_hp_loss":0.0,"gold_gain":0.0,"event_name":"Cursed Tome","player_choice":"Ignored","floor":31.0,"gold_loss":0.0,"damage_taken":0.0},{"damage_healed":0.0,"max_hp_gain":0.0,"max_hp_loss":0.0,"gold_gain":0.0,"event_name":"SensoryStone","player_choice":"Memory 1","floor":36.0,"gold_loss":0.0,"damage_taken":0.0},{"cards_removed":["Skewer"],"damage_healed":16.0,"max_hp_gain":0.0,"max_hp_loss":0.0,"gold_gain":0.0,"event_name":"Bonfire Elementals","player_choice":"Offered Uncommon","floor":39.0,"gold_loss":0.0,"damage_taken":0.0}],"is_beta":false,"boss_relics":[{"not_picked":["Calling Bell","Sozu"],"picked":"Busted Crown"},{"not_picked":["Fusion Hammer","Ring of the Serpent"],"picked":"SlaversCollar"}],"items_purged_floors":[13,21],"is_endless":false,"potions_floor_spawned":[1,2,11,16,18,20,23,24,25,27,29,33,35,37,38,41,44,46,47,48],"killed_by":"Time Eater","ascension_level":20}}