{"host":"65bhxfoqsqjg61le","time":1607569932,"event":{"gold_per_floor":[113,113,113,129,139,174,174,185,235,255,255,83,83,14,14,159,159,179,104,104,29,44,44,78,78,133,152,252,279,279,279,289,441,441,545,545,563,563,582,582,594,594,594,594,594,604,634,271,300,312,312,312,312,312,64,96,96,96],"floor_reached":57,"playtime":4933,"items_purged":["Pot Of Greed","Shade:Strike_Shade"],"score":948,"play_id":"7dea26d8-bbce-4ebd-8e88-89e0ceed840f","local_time":"20201209221212","is_ascension_mode":false,"campfire_choices":[{"data":"Shade:AuraOfUnlife","floor":7.0,"key":"SMITH"},{"data":"Shade:ExtraLimbs","floor":11.0,"key":"SMITH"},{"floor":13.0,"key":"REST"},{"data":"expansioncontent:StudyTheSpire","floor":15.0,"key":"SMITH"},{"data":"ReplayTheSpireMod:Book of Names","floor":23.0,"key":"SMITH"},{"data":"StuffTheSpire:BrainWave","floor":25.0,"key":"SMITH"},{"data":"Shade:FleshOffering","floor":34,"key":"SMITH"},{"floor":42,"key":"REST"},{"data":"Shade:Putrefaction","floor":44,"key":"SMITH"},{"floor":51,"key":"RECALL"},{"data":"Shade:Coordination","floor":54,"key":"SMITH"}],"neow_cost":"NONE","seed_source_timestamp":0,"circlet_count":0,"master_deck":["Shade:Strike_Shade","Shade:Strike_Shade","Shade:Defend_Shade","Shade:Defend_Shade+1","Shade:Defend_Shade","Shade:Defend_Shade","Shade:AnimateDead+1","Shade:CarefulCut","Shade:ExtraLimbs+1","Shade:Bite_Shade","Shade:AuraOfUnlife+1","expansioncontent:StudyTheSpire+1","Shade:OpenGraves","Shade:Putrefaction+1","ReplayTheSpireMod:Book of Names+1","StuffTheSpire:BrainWave+1","Shade:Bite_Shade","Shade:FleshLikeOak","Shade:FleshOffering+1","Pot Of Greed","Shade:Coordination+1","Shade:PoundOfFlesh","Shade:BoneShards+1","Pot Of Greed","Shade:SensePrey+1"],"special_seed":0,"relics":["Shade:YorickSkull","WarpedTongs","hubris:MobiusCoin","War Paint","Ring of Chaos","StuffTheSpire:MayFlowers","PreservedInsect","FossilizedHelix","Gremlin Horn","Pocketwatch","Grinning Jar","hubris:RunicObelisk","hubris:PeanutButter","hubris:Metronome","hubris:EmptyBottle","Regal Pillow","Replay:Baseball","wanderingMiniBosses:AbyssPearl","Bronze Scales","hubris:ToyBattleship"],"potions_floor_usage":[29,32,52,52,56,56,57,57,57,57],"damage_taken":[{"damage":1.0,"enemies":"conspire:RoseBush","floor":1.0,"turns":3.0},{"damage":3.0,"enemies":"Cultist","floor":4.0,"turns":3.0},{"damage":2.0,"enemies":"2 Louse","floor":5.0,"turns":3.0},{"damage":25.0,"enemies":"Gremlin Nob","floor":6.0,"turns":4.0},{"damage":13.0,"enemies":"2 Fungi Beasts","floor":8.0,"turns":5.0},{"damage":6.0,"enemies":"conspire:2 RoseBushes","floor":10.0,"turns":5.0},{"damage":2.0,"enemies":"Slime Boss","floor":16.0,"turns":9.0},{"damage":21.0,"enemies":"Shell Parasite","floor":18.0,"turns":6.0},{"damage":26.0,"enemies":"2 Thieves","floor":22.0,"turns":4.0},{"damage":0.0,"enemies":"conspire:Head Lice","floor":24.0,"turns":5.0},{"damage":9.0,"enemies":"conspire:HollyBat","floor":27.0,"turns":7.0},{"damage":7.0,"enemies":"Colosseum Slavers","floor":28.0,"turns":4.0},{"damage":15.0,"enemies":"Colosseum Nobs","floor":28.0,"turns":5.0},{"damage":0,"enemies":"conspire:SneckoGhost","floor":29,"turns":4},{"damage":0,"enemies":"Cultist and Chosen","floor":32,"turns":5},{"damage":20,"enemies":"Collector","floor":35,"turns":8},{"damage":0,"enemies":"Orb Walker","floor":37,"turns":4},{"damage":8,"enemies":"3 Darklings","floor":39,"turns":4},{"damage":46,"enemies":"Writhing Mass","floor":41,"turns":7},{"damage":0,"enemies":"4 Shapes","floor":46,"turns":4},{"damage":0,"enemies":"Reptomancer","floor":47,"turns":6},{"damage":1,"enemies":"Giant Head","floor":49,"turns":8},{"damage":0,"enemies":"Spire Growth","floor":50,"turns":5},{"damage":0,"enemies":"hubris:GrandSnecko","floor":52,"turns":11},{"damage":36,"enemies":"Shield and Spear","floor":56,"turns":7},{"damage":45,"enemies":"The Heart","floor":57,"turns":5}],"seed_played":"-1897058191058480449","potions_obtained":[{"floor":5.0,"key":"Doom Potion"},{"floor":6.0,"key":"SpeedPotion"},{"floor":10.0,"key":"Adrenaline Potion"},{"floor":16.0,"key":"Adrenaline Potion"},{"floor":22.0,"key":"ColorlessPotion"},{"floor":28,"key":"FearPotion"},{"floor":29,"key":"Fire Potion"},{"floor":35,"key":"Cursed Concoction"},{"floor":37,"key":"Doom Potion"},{"floor":46,"key":"Guardian:BlockOnCardUsePotion"},{"floor":56,"key":"Energy Potion"}],"is_trial":false,"path_per_floor":["M","$","?","M","M","E","R","M","T","M","R","$","R","$","R","B",null,"M","?","AVR","?","M","R","E","R","T","M","?","E","PTL","PTL","M","T","R","B",null,"M","?","M","?","M","R","?","R","T","M","E","$","E","M","R","B",null,"R","$","E","B"],"character_chosen":"SHADE","items_purchased":["expansioncontent:StudyTheSpire","Shade:OpenGraves","hubris:EmptyBottle","Regal Pillow","Bronze Scales"],"campfire_rested":2,"item_purchase_floors":[12,14,48,48,55],"current_hp_per_floor":[64,64,64,63,63,43,43,32,32,35,35,35,54,54,54,58,65,47,47,47,47,25,25,33,33,33,34,19,21,21,21,32,32,32,31,65,65,65,59,59,23,42,42,42,42,47,57,57,65,65,65,65,65,65,65,38,0,0],"gold":96,"neow_bonus":"THREE_CARDS","is_prod":false,"is_daily":false,"chose_seed":false,"campfire_upgraded":8,"win_rate":0,"timestamp":1607569932,"path_taken":["M","$","?","M","M","E","R","M","T","M","R","?","R","$","R","BOSS","M","?","AVR","?","M","R","E","R","T","M","?","E","PTL","PTL","M","?","R","BOSS","M","?","M","?","?","R","?","R","T","M","E","$","E","?","R","BOSS","R","$","E","BOSS"],"build_version":"2020-11-30","purchased_purges":2,"victory":false,"max_hp_per_floor":[65,65,65,65,65,65,65,65,65,65,65,65,65,65,65,65,65,65,65,65,65,65,65,65,65,65,65,65,65,65,65,65,65,65,65,65,65,65,65,65,65,65,65,65,65,65,65,65,65,65,65,65,65,65,65,65,65,65],"card_choices":[{"not_picked":["Shade:FleshToFlesh","Shade:SpectralStrikes"],"picked":"Shade:ExtraLimbs","floor":0.0},{"not_picked":["Shade:PotionOfRestlessness","Shade:FeralStrike"],"picked":"Shade:Bite_Shade","floor":1.0},{"not_picked":["Shade:FuneraryJewels","Shade:FingerOfDeath","Shade:Frenzy"],"picked":"SKIP","floor":4.0},{"not_picked":["Shade:SkeletonHug","Shade:Bite_Shade"],"picked":"Shade:AuraOfUnlife","floor":5.0},{"not_picked":["Shade:BoneShards","Shade:Trample","Shade:Bite_Shade"],"picked":"SKIP","floor":6.0},{"not_picked":["Shade:FreshBones","Shade:Brains","Shade:AncientSpear"],"picked":"SKIP","floor":8.0},{"not_picked":["Shade:ExtraLimbs","Shade:CloudOfShrapnel","Shade:SkeletonHug"],"picked":"SKIP","floor":10.0},{"not_picked":["Shade:LoseControl","Shade:Consume"],"picked":"Shade:Putrefaction","floor":16.0},{"not_picked":["Shade:Awaken","Shade:CommandSoldier","Shade:Bonestorm"],"picked":"SKIP","floor":18.0},{"not_picked":["Shade:Patience","Shade:OpenGraves"],"picked":"Shade:Bite_Shade","floor":22.0},{"not_picked":["Shade:SensePrey","Shade:Premonition+1"],"picked":"Shade:FleshLikeOak","floor":24.0},{"not_picked":["Shade:ScuttlingHand+1","Shade:Bonestorm","Shade:ExtraLimbs"],"picked":"SKIP","floor":27.0},{"not_picked":["Shade:SkeletonHug","Shade:TouchOfTheGrave","Shade:FleshToFlesh"],"picked":"SKIP","floor":29},{"not_picked":["Shade:SpontaneousRitual","Shade:Premonition+1"],"picked":"Shade:FleshOffering","floor":32},{"not_picked":["Shade:GreaterAnimation","Shade:LastGasp"],"picked":"Shade:Coordination","floor":35},{"not_picked":["Shade:ExtraLimbs+1","Shade:WallOfFlesh","Shade:Trample"],"picked":"SKIP","floor":37},{"not_picked":["Shade:CoffinDance+1","Shade:CallOfTheGrave+1","Shade:PoundOfFlesh+1"],"picked":"SKIP","floor":39},{"not_picked":["Shade:SkeletonHug","Shade:Haruspicy+1","Shade:Premonition"],"picked":"SKIP","floor":41},{"not_picked":["Shade:FreshBones+1","Shade:FuneraryJewels+1","Shade:SoulToxin"],"picked":"SKIP","floor":46},{"not_picked":["Shade:SoulPierce","Shade:FeralStrike"],"picked":"Shade:BoneShards+1","floor":47},{"not_picked":["Shade:Premonition","Shade:FleshToFlesh+1"],"picked":"Shade:SensePrey+1","floor":49},{"not_picked":["Shade:Brains","Shade:PressTheAttack","Shade:FuneraryArmor+1"],"picked":"SKIP","floor":50},{"not_picked":["Shade:StitchTogether","Shade:RavenousHorde+1","Shade:CoffinDance+1"],"picked":"SKIP","floor":56}],"player_experience":987081,"relics_obtained":[{"floor":6.0,"key":"hubris:MobiusCoin"},{"floor":9.0,"key":"War Paint"},{"floor":24.0,"key":"PreservedInsect"},{"floor":28,"key":"FossilizedHelix"},{"floor":28,"key":"Gremlin Horn"},{"floor":29,"key":"Pocketwatch"},{"floor":33,"key":"Grinning Jar"},{"floor":45,"key":"hubris:PeanutButter"},{"floor":47,"key":"hubris:Metronome"},{"floor":49,"key":"Replay:Baseball"},{"floor":50,"key":"wanderingMiniBosses:AbyssPearl"},{"floor":56,"key":"hubris:ToyBattleship"}],"event_choices":[{"damage_healed":0.0,"max_hp_gain":0.0,"max_hp_loss":0.0,"gold_gain":0.0,"event_name":"Accursed Blacksmith","player_choice":"Rummage","floor":3.0,"gold_loss":0.0,"damage_taken":0.0,"relics_obtained":["WarpedTongs"],"cards_obtained":["Pain"]},{"cards_removed":["Pain"],"damage_healed":0.0,"max_hp_gain":0.0,"max_hp_loss":0.0,"gold_gain":0.0,"event_name":"Beggar","player_choice":"Gave Gold","floor":19.0,"gold_loss":75.0,"damage_taken":0.0},{"damage_healed":0.0,"max_hp_gain":0.0,"max_hp_loss":0.0,"gold_gain":0.0,"event_name":"Colosseum","player_choice":"Fight","floor":28.0,"gold_loss":0.0,"damage_taken":0.0},{"damage_healed":0.0,"max_hp_gain":0.0,"max_hp_loss":0.0,"gold_gain":0.0,"event_name":"Colosseum","player_choice":"Fought Nobs","floor":28.0,"gold_loss":0.0,"damage_taken":0.0},{"damage_healed":0,"gold_gain":0,"player_choice":"Memory 1","damage_taken":0,"max_hp_gain":0,"max_hp_loss":0,"event_name":"SensoryStone","floor":38,"gold_loss":0},{"damage_healed":0,"gold_gain":0,"player_choice":"Bought 0 Potions","damage_taken":0,"max_hp_gain":0,"max_hp_loss":0,"event_name":"The Woman in Blue","floor":40,"gold_loss":0},{"damage_healed":0,"gold_gain":0,"cards_transformed":["Shade:Strike_Shade"],"player_choice":"Transformed","damage_taken":0,"max_hp_gain":0,"max_hp_loss":0,"event_name":"Transmorgrifier","floor":43,"gold_loss":0,"cards_obtained":["Shade:PoundOfFlesh"]}],"is_beta":false,"boss_relics":[{"not_picked":["hubris:VirtuousBlindfold","hubris:Backtick"],"picked":"Ring of Chaos"},{"not_picked":["Snecko Eye","Replay:Wanted Poster"],"picked":"hubris:RunicObelisk"}],"items_purged_floors":[48,55],"is_endless":false,"potions_floor_spawned":[5,6,10,16,22,28,28,29,35,37,46,47,50,56],"killed_by":"The Heart","ascension_level":0}}