{"host":"iy58fyt9wsbv4cf1","time":1607565483,"event":{"gold_per_floor":[136,211,211,211,280,346,346,379,379,425,457,477,477,489,489,489,489],"floor_reached":16,"playtime":477,"items_purged":["Defend_R"],"score":193,"play_id":"aab6a6dd-1da6-49ad-b22e-d7d40e9ad615","local_time":"20201209205803","is_ascension_mode":false,"campfire_choices":[{"data":"Immolate","floor":7.0,"key":"SMITH"},{"floor":15.0,"key":"REST"}],"neow_cost":"","seed_source_timestamp":530797753493899,"circlet_count":0,"master_deck":["Strike_R","Strike_R","Strike_R","Strike_R","Strike_R","Defend_R","Defend_R","Defend_R","Bash","Immolate+1","Double Tap","True Grit+1","Rage+1","HandOfGreed","Dual Wield+1","Reaper"],"special_seed":0,"relics":["Burning Blood","Membership Card","Toxic Egg 2","conspire:TreasureMap","Singing Bowl","hubris:Towel","hubris:Icosahedron","Shuriken","hubris:SlimyHat","conspire:GiftBox","Pen Nib","Bottled Lightning"],"potions_floor_usage":[16],"damage_taken":[{"damage":0.0,"enemies":"Jaw Worm","floor":1.0,"turns":1.0},{"damage":9.0,"enemies":"3 Sentries","floor":6.0,"turns":6.0},{"damage":0.0,"enemies":"Gremlin Nob","floor":8.0,"turns":2.0},{"damage":24.0,"enemies":"Lagavulin","floor":10.0,"turns":6.0},{"damage":0.0,"enemies":"2 Louse","floor":11.0,"turns":1.0},{"damage":0.0,"enemies":"Small Slimes","floor":12.0,"turns":1.0},{"damage":0.0,"enemies":"Looter","floor":14.0,"turns":1.0},{"damage":67,"enemies":"The Guardian","floor":16,"turns":11}],"seed_played":"-1871385791375937776","potions_obtained":[{"floor":1.0,"key":"BlessingOfTheForge"},{"floor":8.0,"key":"PowerPotion"},{"floor":11.0,"key":"EssenceOfSteel"}],"is_trial":false,"path_per_floor":["M","?","?","?","T","E","R","E","T","E","M","M","$","M","R","B"],"character_chosen":"IRONCLAD","items_purchased":["Immolate","Double Tap","Membership Card","Toxic Egg 2","conspire:TreasureMap","True Grit+1","Rage+1","Singing Bowl","HandOfGreed","Bottled Lightning"],"campfire_rested":1,"item_purchase_floors":[0,0,0,0,0,0,0,0,0,13],"current_hp_per_floor":[40,29,29,29,29,26,26,34,34,23,31,39,22,30,57,0,0],"gold":489,"neow_bonus":"","is_prod":false,"is_daily":false,"chose_seed":false,"campfire_upgraded":1,"win_rate":0,"timestamp":1607565483,"path_taken":["M","?","?","?","?","E","R","E","T","E","M","?","?","?","R","BOSS"],"build_version":"2020-11-30","purchased_purges":1,"victory":false,"max_hp_per_floor":[82,82,82,82,82,82,82,84,84,86,88,90,90,92,92,92,92],"card_choices":[{"not_picked":["True Grit+1","Pummel","Clothesline"],"picked":"Singing Bowl","floor":1.0},{"not_picked":["True Grit+1","Havoc+1"],"picked":"Dual Wield+1","floor":6.0},{"not_picked":["Bludgeon","Fiend Fire"],"picked":"Reaper","floor":8.0},{"not_picked":["Second Wind+1","Flex+1","conspire:Charge"],"picked":"Singing Bowl","floor":8.0},{"not_picked":["Havoc+1","Rampage","Perfected Strike"],"picked":"Singing Bowl","floor":10.0},{"not_picked":["Rupture","Thunderclap","conspire:ExplosiveBarrier+1"],"picked":"Singing Bowl","floor":11.0},{"not_picked":["True Grit+1","Dark Embrace","Flex+1"],"picked":"Singing Bowl","floor":12.0},{"not_picked":["Pommel Strike","Heavy Blade","Rage+1"],"picked":"Singing Bowl","floor":14.0}],"player_experience":55523,"relics_obtained":[{"floor":5.0,"key":"Shuriken"},{"floor":6.0,"key":"hubris:SlimyHat"},{"floor":8.0,"key":"conspire:GiftBox"},{"floor":10.0,"key":"Pen Nib"}],"event_choices":[{"damage_healed":0.0,"max_hp_gain":0.0,"max_hp_loss":0.0,"gold_gain":75.0,"event_name":"betterThird:BetterGoop","player_choice":"Gold","floor":2.0,"gold_loss":0.0,"damage_taken":11.0}],"is_beta":false,"boss_relics":[],"items_purged_floors":[0],"is_endless":false,"potions_floor_spawned":[1,8,11],"killed_by":"The Guardian","ascension_level":0}}