{"host":"ormi09wwzv7sq47a","time":1607611495,"event":{"mods":["BaseMod","AchievementEnabler","Colored Map","Colored Powertips","DeckTracker","Highlight Path","Quick Restart","Shop Mod","StSLib","Minty Spire (QoL Compilation)","Permanent Neow","2.2 Compatiblity","Rare Cards Sparkle","The Jungle","Better Note","Better Vampires","The Servant 0.9.4","Downfall","Hermit","Jorbs\u0027s Wanderer Trilogy","The Hierophant","Relic Stats","The Cursed","Act Like it!"],"gold_per_floor":[118,134,144,144,2,2,29,40,63,76,90,90,90,106,106,206,206,225,243,260,92,92,92,119,119,119],"floor_reached":25,"playtime":1232,"items_purged":["Strike_B","Defend_B"],"score":250,"play_id":"560d29c7-c37b-4ca0-a652-53c3441785d4","local_time":"20201210114455","is_ascension_mode":false,"campfire_choices":[{"data":"Tempest","floor":6.0,"key":"SMITH"},{"data":"Loop","floor":15.0,"key":"SMITH"},{"data":"Creative AI","floor":23.0,"key":"SMITH"}],"circlet_count":0,"master_deck":["Defend_B","Defend_B","Defend_B","Zap","Dualcast","Heatsinks+1","Ball Lightning+1","Buffer+1","Tempest+1","Turbo","Capacitor","Loop+1","Capacitor","Auto Shields","Doom and Gloom","Steam","White Noise","Creative AI+1","Barrage+1","Static Discharge","Machine Learning"],"special_seed":0,"relics":["Astrolabe","Bag of Preparation","Art of War","SacredBark","FossilizedHelix","Boot"],"acts_visited":["Exordium","TheCity"],"potions_floor_usage":[25],"damage_taken":[{"damage":1.0,"enemies":"Jaw Worm","floor":1.0,"turns":3.0},{"damage":0.0,"enemies":"Cultist","floor":2.0,"turns":3.0},{"damage":0.0,"enemies":"2 Louse","floor":3.0,"turns":2.0},{"damage":0.0,"enemies":"Gremlin Nob","floor":7.0,"turns":4.0},{"damage":2.0,"enemies":"Blue Slaver","floor":8.0,"turns":3.0},{"damage":0.0,"enemies":"Large Slime","floor":10.0,"turns":4.0},{"damage":2.0,"enemies":"Red Slaver","floor":11.0,"turns":3.0},{"damage":0.0,"enemies":"Exordium Wildlife","floor":14.0,"turns":5.0},{"damage":8.0,"enemies":"The Guardian","floor":16.0,"turns":9.0},{"damage":13.0,"enemies":"2 Thieves","floor":18.0,"turns":4.0},{"damage":14.0,"enemies":"Spheric Guardian","floor":19.0,"turns":5.0},{"damage":25.0,"enemies":"Snake Plant","floor":20.0,"turns":5.0},{"damage":36.0,"enemies":"Book of Stabbing","floor":24.0,"turns":6.0},{"damage":8,"enemies":"Cultist and Chosen","floor":25,"turns":5}],"seed_played":"-7867361263488222152","potions_obtained":[{"floor":1.0,"key":"Explosive Potion"},{"floor":2.0,"key":"SkillPotion"},{"floor":4.0,"key":"Regen Potion"},{"floor":4.0,"key":"PowerPotion"},{"floor":7.0,"key":"SteroidPotion"},{"floor":11.0,"key":"Swift Potion"},{"floor":19.0,"key":"sneckomod:MuddlingPotion"},{"floor":24.0,"key":"BlessingOfTheForge"}],"is_trial":false,"path_per_floor":["M","M","M","?","$","R","E","M","T","M","M","?","$","M","R","B",null,"M","M","M","$","T","R","E","M"],"character_chosen":"DEFECT","items_purchased":["Loop","Static Discharge"],"campfire_rested":0,"item_purchase_floors":[5,21],"current_hp_per_floor":[74,74,74,74,74,74,74,72,72,72,70,70,70,70,70,62,75,62,68,43,43,43,43,7,0,0],"gold":119,"neow_bonus":"BOSS_RELIC","is_daily":false,"chose_seed":false,"campfire_upgraded":3,"win_rate":0,"timestamp":1607611495,"path_taken":["M","M","M","?","$","R","E","?","T","M","M","?","$","?","R","BOSS","M","?","M","$","?","R","E","M"],"build_version":"2020-11-30","purchased_purges":2,"victory":false,"max_hp_per_floor":[75,75,75,75,75,75,75,75,75,75,75,75,75,75,75,75,75,75,75,75,75,75,75,75,75,75],"relic_stats":{"counters":[14,61],"Astrolabe":["Heatsinks","Ball Lightning","Buffer"],"Bag of Preparation":[20],"Art of War":[20],"Boot":[0],"obtain_stats":[{"Astrolabe":0,"SacredBark":17,"Bag of Preparation":7,"Art of War":9,"Cracked Core":0,"Boot":24,"FossilizedHelix":22},{"Astrolabe":0,"SacredBark":9,"Bag of Preparation":4,"Art of War":5,"Cracked Core":0,"Boot":13,"FossilizedHelix":12},{"Astrolabe":0,"SacredBark":36,"Bag of Preparation":12,"Art of War":15,"Cracked Core":0,"Boot":56,"FossilizedHelix":50}]},"card_choices":[{"not_picked":["Coolheaded","Cold Snap"],"picked":"Tempest","floor":1.0},{"not_picked":["Melter","Redo"],"picked":"Turbo","floor":2.0},{"not_picked":["Steam Power","Coolheaded"],"picked":"Capacitor","floor":3.0},{"not_picked":["Coolheaded","Tempest"],"picked":"Capacitor","floor":7.0},{"not_picked":["Hello World","Ball Lightning"],"picked":"Auto Shields","floor":8.0},{"not_picked":["Coolheaded","Force Field"],"picked":"Doom and Gloom","floor":10.0},{"not_picked":["Cold Snap","Barrage"],"picked":"Steam","floor":11.0},{"not_picked":["Leap","Undo"],"picked":"White Noise","floor":14.0},{"not_picked":["Core Surge","Multi-Cast"],"picked":"Creative AI","floor":16.0},{"not_picked":["Leap","Cold Snap","Streamline"],"picked":"SKIP","floor":18.0},{"not_picked":["Self Repair","Blizzard"],"picked":"Barrage+1","floor":19.0},{"not_picked":["Darkness","Chill","Cold Snap"],"picked":"SKIP","floor":20.0},{"not_picked":["Chill+1","Streamline+1"],"picked":"Machine Learning","floor":24.0}],"player_experience":729906,"relics_obtained":[{"floor":7.0,"key":"Bag of Preparation"},{"floor":9.0,"key":"Art of War"},{"floor":22.0,"key":"FossilizedHelix"},{"floor":24.0,"key":"Boot"}],"event_choices":[{"damage_healed":0.0,"max_hp_gain":0.0,"max_hp_loss":0.0,"gold_gain":0.0,"event_name":"Lab","player_choice":"Got Potions","floor":4.0,"gold_loss":0.0,"damage_taken":0.0},{"damage_healed":0.0,"max_hp_gain":0.0,"max_hp_loss":0.0,"gold_gain":0.0,"event_name":"The Woman in Blue","player_choice":"Bought 0 Potions","floor":12.0,"gold_loss":0.0,"damage_taken":0.0}],"is_beta":false,"boss_relics":[{"not_picked":["Runic Dome","Runic Pyramid"],"picked":"SacredBark"}],"items_purged_floors":[5,21],"is_endless":false,"potions_floor_spawned":[1,2,7,11,14,19,24],"killed_by":"Cultist and Chosen","ascension_level":0}}