{"host":"pvrgpaf3ayyxxis3","time":1607566057,"event":{"gold_per_floor":[99,113,126,51,51,36,62,62,94,94,94,104,121,133,150,248,248,248,273,373,391,391,425,425,425,455,455,465,71,81,81,94,192,192,192,219,219,219,169,169,192,207,207,227,259,359,16,16,16,16],"floor_reached":49,"playtime":6016,"items_purged":[],"score":576,"play_id":"4467e64f-ebc7-4759-8137-8121984a6869","local_time":"20201210020737","is_ascension_mode":false,"campfire_choices":[{"data":"RobotSpaceExplorer:ScrapMissile","floor":1.0,"key":"SMITH"},{"data":"RobotSpaceExplorer:MiniLasers","floor":8.0,"key":"SMITH"},{"data":"RobotSpaceExplorer:PowerGlove","floor":10,"key":"SMITH"},{"data":"RobotSpaceExplorer:HighVoltage","floor":18,"key":"SMITH"},{"data":"RobotSpaceExplorer:HighVoltage","floor":22,"key":"SMITH"},{"floor":27,"key":"REST"},{"data":"RobotSpaceExplorer:HighVoltage","floor":35,"key":"SMITH"},{"floor":38,"key":"REST"},{"floor":43,"key":"REST"}],"neow_cost":"NONE","seed_source_timestamp":0,"circlet_count":0,"master_deck":["RobotSpaceExplorer:Strike","RobotSpaceExplorer:Strike","RobotSpaceExplorer:Strike","RobotSpaceExplorer:Strike","RobotSpaceExplorer:Defend","RobotSpaceExplorer:Defend","RobotSpaceExplorer:Defend","RobotSpaceExplorer:Defend","RobotSpaceExplorer:Scan+1","RobotSpaceExplorer:MiniLasers+1","RobotSpaceExplorer:ScrapMissile+1","RobotSpaceExplorer:DualCore","RobotSpaceExplorer:Pulsar+1","Hallownest:skillGreenpathMap","RobotSpaceExplorer:PowerGlove+1","RobotSpaceExplorer:GlueShot","RobotSpaceExplorer:ExhaustFan","RobotSpaceExplorer:StunGrenade","RobotSpaceExplorer:Probe","RobotSpaceExplorer:HighVoltage+1","RobotSpaceExplorer:Discharger+1","RobotSpaceExplorer:HighVoltage+1","RobotSpaceExplorer:GlueSpray","RobotSpaceExplorer:ImprovisedAttack","hubris:Compulsion","RobotSpaceExplorer:LuckyFind","expansioncontent:AwakenDeath","RobotSpaceExplorer:SurgingShield","RobotSpaceExplorer:ImprovisedAttack","RobotSpaceExplorer:HighVoltage+1","Overencumbered","Delirium","RobotSpaceExplorer:ScrapMissile","RobotSpaceExplorer:Calculate+1","RobotSpaceExplorer:Reload","RobotSpaceExplorer:FranticSearch","Secret Weapon","RobotSpaceExplorer:SurgingStrike+1","RobotSpaceExplorer:LaserBurst","RobotSpaceExplorer:MiniDrones","RobotSpaceExplorer:BigMissile+1","RobotSpaceExplorer:Comet+1","RobotSpaceExplorer:Pulsar","conspire:SpireCoStock","RobotSpaceExplorer:StarLightning","RobotSpaceExplorer:StunGrenade+1","RobotSpaceExplorer:DoubleBlock+1","RobotSpaceExplorer:ShovelStrike","RobotSpaceExplorer:Discharger","Panache","RobotSpaceExplorer:SwiftStep"],"special_seed":0,"relics":["RobotSpaceExplorer:RoboCore","Replay:Bottled Flurry","War Paint","Pantograph","Hallownest:DreamNailRelic","Cursed Key","Pet Ghost","downfall:GremlinSack","Matryoshka","infinitespire:PuzzleCube","hubris:64BitClover","MutagenicStrength","hubris:TinFlute","RobotSpaceExplorer:PlasmaHourglass","Replay:Fungal Core","Question Card","halation:EternalFortune","hubris:SlimyHat","Replay:Wax Seal"],"potions_floor_usage":[28,33,33],"damage_taken":[{"damage":0.0,"enemies":"Hallownest:2_Baldur","floor":2.0,"turns":3.0},{"damage":7.0,"enemies":"Hallownest:2_MossCreeps","floor":3.0,"turns":6.0},{"damage":5.0,"enemies":"downfall:FleeingMerchant","floor":6.0,"turns":4.0},{"damage":9,"enemies":"Hallownest:eliteVengeflyKing","floor":9,"turns":8},{"damage":0,"enemies":"2_ Uuma","floor":12,"turns":3},{"damage":1,"enemies":"Hallownest:2_Tiktiks_1_Baldur_1_Crawlid","floor":13,"turns":4},{"damage":5,"enemies":"Hallownest:1_Baldur_1_Crawlid_1_Warrior","floor":14,"turns":5},{"damage":0,"enemies":"Hallownest:Wandering_and_Horned","floor":15,"turns":5},{"damage":11,"enemies":"downfall:CharBossSilent","floor":16,"turns":7},{"damage":14,"enemies":"HollowMod:Nosk","floor":19,"turns":8},{"damage":5,"enemies":"HollowMod:Nosk","floor":20,"turns":3},{"damage":0,"enemies":"Chosen","floor":21,"turns":4},{"damage":15,"enemies":"Gremlin Leader","floor":23,"turns":4},{"damage":8,"enemies":"Cultist and Chosen","floor":26,"turns":5},{"damage":2,"enemies":"Cultist and Chosen","floor":28,"turns":4},{"damage":12,"enemies":"downfall:FleeingMerchant","floor":29,"turns":4},{"damage":25,"enemies":"Snake Plant","floor":30,"turns":5},{"damage":27,"enemies":"Snecko","floor":32,"turns":5},{"damage":6,"enemies":"downfall:CharBossWatcher","floor":33,"turns":6},{"damage":41,"enemies":"HollowMod:StalkingDevout","floor":36,"turns":6},{"damage":18,"enemies":"3 Darklings","floor":42,"turns":4},{"damage":0,"enemies":"3 Shapes","floor":44,"turns":3},{"damage":42,"enemies":"Maw","floor":45,"turns":7},{"damage":3,"enemies":"downfall:FleeingMerchant","floor":47,"turns":4},{"damage":30,"enemies":"Writhing Mass","floor":49,"turns":4}],"seed_played":"3855549331628383597","potions_obtained":[{"floor":3.0,"key":"DistilledChaos"},{"floor":12,"key":"sneckomod:MuddlingPotion"},{"floor":15,"key":"ColorlessPotion"},{"floor":21,"key":"Fruit Juice"},{"floor":28,"key":"RobotSpaceExplorer:PlasmaFlask"},{"floor":30,"key":"BlessingOfTheForge"},{"floor":33,"key":"Regen Potion"},{"floor":36,"key":"Strength Potion"}],"is_trial":false,"path_per_floor":["R","M","M","?","T","$","T","R","E","R","?","M","M","M","M","B",null,"R","E","?","M","R","E","T","?","MIM","R","M","$","M","?","M","B",null,"R_BF","E","?","R","?","?","T","M","R","M","M","?","$","?","M"],"character_chosen":"RobotSpaceExplorer","items_purchased":["RobotSpaceExplorer:Reload","RobotSpaceExplorer:FranticSearch","Secret Weapon","RobotSpaceExplorer:SurgingStrike","RobotSpaceExplorer:LaserBurst","RobotSpaceExplorer:ShovelStrike","RobotSpaceExplorer:Discharger","Panache","RobotSpaceExplorer:SwiftStep"],"campfire_rested":3,"item_purchase_floors":[29,29,29,29,29,47,47,47,47],"current_hp_per_floor":[75,75,68,68,68,63,63,63,54,54,54,54,53,48,48,62,75,75,61,56,56,56,41,41,41,33,55,58,46,21,21,10,29,80,80,39,42,66,66,66,66,48,72,72,30,30,27,27,0,0],"gold":16,"neow_bonus":"THREE_CARDS","is_prod":false,"is_daily":false,"chose_seed":false,"campfire_upgraded":6,"win_rate":0,"timestamp":1607566057,"path_taken":["R","M","M","?","?","$","T","R","E","R","?","M","?","M","M","BOSS","R","E","?","?","R","E","T","?","?","R","M","$","M","?","M","BOSS","R_BF","E","?","R","?","?","T","M","R","M","?","?","?","?","M"],"build_version":"2020-11-30","purchased_purges":0,"victory":false,"max_hp_per_floor":[75,75,75,75,75,75,75,75,75,75,75,75,75,75,75,75,75,75,75,75,75,75,75,75,75,75,75,80,80,80,80,80,80,80,80,80,83,83,83,83,83,83,83,83,83,83,83,83,83,83],"card_choices":[{"not_picked":["RobotSpaceExplorer:Discharger","RobotSpaceExplorer:FrostMissile"],"picked":"RobotSpaceExplorer:ScrapMissile","floor":0.0},{"not_picked":["RobotSpaceExplorer:FreezeRay","RobotSpaceExplorer:RigExplosive"],"picked":"RobotSpaceExplorer:DualCore","floor":2.0},{"not_picked":["RobotSpaceExplorer:SwiftStep","RobotSpaceExplorer:TurboDodge"],"picked":"RobotSpaceExplorer:Pulsar","floor":3.0},{"not_picked":["RobotSpaceExplorer:JunkDive","RobotSpaceExplorer:FrostMissile"],"picked":"RobotSpaceExplorer:PowerGlove","floor":9},{"not_picked":["RobotSpaceExplorer:Fix","RobotSpaceExplorer:Counterblock"],"picked":"RobotSpaceExplorer:GlueShot","floor":12},{"not_picked":["RobotSpaceExplorer:FranticSearch","RobotSpaceExplorer:Counterblock"],"picked":"RobotSpaceExplorer:ExhaustFan","floor":13},{"not_picked":["RobotSpaceExplorer:Discharger","RobotSpaceExplorer:FranticSearch"],"picked":"RobotSpaceExplorer:StunGrenade","floor":14},{"not_picked":["RobotSpaceExplorer:Jetpack","RobotSpaceExplorer:GlueShot"],"picked":"RobotSpaceExplorer:Probe","floor":15},{"not_picked":["RobotSpaceExplorer:Explosion","RobotSpaceExplorer:Exploration"],"picked":"RobotSpaceExplorer:HighVoltage","floor":16},{"not_picked":["RobotSpaceExplorer:SwiftStep","RobotSpaceExplorer:PowerGlove"],"picked":"RobotSpaceExplorer:Discharger+1","floor":19},{"not_picked":["RobotSpaceExplorer:SwiftStep","RobotSpaceExplorer:MetalStrike"],"picked":"RobotSpaceExplorer:SurgingShield","floor":20},{"not_picked":["RobotSpaceExplorer:Ammunition","RobotSpaceExplorer:GlueSpray+1"],"picked":"RobotSpaceExplorer:ImprovisedAttack","floor":21},{"not_picked":["RobotSpaceExplorer:DoubleBlock+1","RobotSpaceExplorer:ShovelStrike"],"picked":"RobotSpaceExplorer:HighVoltage","floor":23},{"not_picked":["RobotSpaceExplorer:RigExplosive","RobotSpaceExplorer:JunkDive+1"],"picked":"RobotSpaceExplorer:ScrapMissile","floor":26},{"not_picked":["RobotSpaceExplorer:Counterblock","RobotSpaceExplorer:SurgingShield+1"],"picked":"RobotSpaceExplorer:Calculate+1","floor":28},{"not_picked":["RobotSpaceExplorer:FrostMissile","RobotSpaceExplorer:SlimeMissile"],"picked":"RobotSpaceExplorer:MiniDrones","floor":30},{"not_picked":["RobotSpaceExplorer:Asteroid","RobotSpaceExplorer:SurgingStrike"],"picked":"RobotSpaceExplorer:BigMissile+1","floor":32},{"not_picked":["RobotSpaceExplorer:Asteroid","RobotSpaceExplorer:Exploration"],"picked":"RobotSpaceExplorer:Comet","floor":33},{"not_picked":["RobotSpaceExplorer:ShockKick","RobotSpaceExplorer:FreezingShield"],"picked":"RobotSpaceExplorer:Pulsar","floor":36},{"not_picked":["RobotSpaceExplorer:ScrapMissile","RobotSpaceExplorer:PlasmaMissile","RobotSpaceExplorer:ShockKick"],"picked":"RobotSpaceExplorer:StarLightning","floor":42},{"not_picked":["RobotSpaceExplorer:ShovelStrike","RobotSpaceExplorer:Discharger","RobotSpaceExplorer:Jetpack"],"picked":"RobotSpaceExplorer:StunGrenade+1","floor":44},{"not_picked":["RobotSpaceExplorer:FranticSearch","RobotSpaceExplorer:Probe+1","RobotSpaceExplorer:SelfCleaning"],"picked":"RobotSpaceExplorer:DoubleBlock+1","floor":45}],"player_experience":7891,"relics_obtained":[{"floor":5.0,"key":"Replay:Bottled Flurry"},{"floor":7.0,"key":"War Paint"},{"floor":9,"key":"Pantograph"},{"floor":19,"key":"Pet Ghost"},{"floor":20,"key":"downfall:GremlinSack"},{"floor":23,"key":"Matryoshka"},{"floor":24,"key":"infinitespire:PuzzleCube"},{"floor":24,"key":"hubris:64BitClover"},{"floor":26,"key":"hubris:TinFlute"},{"floor":26,"key":"RobotSpaceExplorer:PlasmaHourglass"},{"floor":36,"key":"Question Card"},{"floor":41,"key":"hubris:SlimyHat"},{"floor":45,"key":"Replay:Wax Seal"}],"event_choices":[{"damage_healed":0,"gold_gain":0,"player_choice":"Inject Mutagens","damage_taken":0,"relics_obtained":["MutagenicStrength"],"max_hp_gain":0,"max_hp_loss":0,"event_name":"Drug Dealer","floor":25,"gold_loss":0},{"damage_healed":0,"gold_gain":0,"player_choice":"Invest 1","damage_taken":0,"max_hp_gain":0,"max_hp_loss":0,"event_name":"conspire:Investor","floor":39,"gold_loss":0},{"damage_healed":0,"gold_gain":0,"player_choice":"Upgraded","damage_taken":0,"max_hp_gain":0,"max_hp_loss":0,"event_name":"Upgrade Shrine","floor":40,"gold_loss":0,"cards_upgraded":["RobotSpaceExplorer:Comet"]},{"cards_removed":["Overencumbered"],"damage_healed":0,"gold_gain":0,"player_choice":"Purged","damage_taken":0,"max_hp_gain":0,"max_hp_loss":0,"event_name":"Purifier","floor":48,"gold_loss":0}],"is_beta":false,"boss_relics":[{"not_picked":["Coffee Dripper","hubris:BlackHole"],"picked":"Cursed Key"},{"not_picked":["conspire:SpecialSausage","halation:Risk"],"picked":"Replay:Fungal Core"}],"items_purged_floors":[],"is_endless":false,"potions_floor_spawned":[3,12,15,16,21,28,30,32,33,36,44],"killed_by":"Writhing Mass","ascension_level":0}}