{"host":"dl5mjdlimopbuch5","time":1607631684,"event":{"mods":["BaseMod","Colored Powertips","Googly Eyes","Minty Spire (QoL Compilation)","Quick Restart","AchievementEnabler"],"gold_per_floor":[115,38,38,113,125,156,156,191,216,245,322,322,322,322],"floor_reached":13,"playtime":313,"items_purged":[],"score":125,"play_id":"7142f60a-7124-4b6e-8dae-7dc97ed61d58","local_time":"20201210202124","is_ascension_mode":true,"campfire_choices":[{"data":"Zap","floor":7,"key":"SMITH"},{"floor":12,"key":"REST"}],"circlet_count":0,"master_deck":["Strike_B","Strike_B","Strike_B","Strike_B","Defend_B","Defend_B","Defend_B","Defend_B","Zap+1","Dualcast","Capacitor","Hello World"],"relics":["Cracked Core","NeowsBlessing","MealTicket","Pen Nib","Ancient Tea Set","Odd Mushroom","Matryoshka"],"acts_visited":["Exordium"],"potions_floor_usage":[13],"damage_taken":[{"damage":0,"enemies":"Small Slimes","floor":1,"turns":1},{"damage":0,"enemies":"2 Louse","floor":5,"turns":1},{"damage":0,"enemies":"Lagavulin","floor":6,"turns":1},{"damage":23,"enemies":"3 Sentries","floor":8,"turns":7},{"damage":25,"enemies":"The Mushroom Lair","floor":10,"turns":4},{"damage":57,"enemies":"Gremlin Nob","floor":13,"turns":5}],"seed_played":"7828976971757296854","potions_obtained":[{"floor":5,"key":"SkillPotion"},{"floor":10,"key":"Energy Potion"}],"is_trial":false,"path_per_floor":["M","$","?","?","M","E","R","E","T","?","T","R","E"],"character_chosen":"DEFECT","items_purchased":["Capacitor"],"campfire_rested":1,"item_purchase_floors":[2],"current_hp_per_floor":[75,75,75,64,64,64,64,41,41,16,16,38,0,0],"gold":322,"neow_bonus":"THREE_ENEMY_KILL","is_daily":false,"chose_seed":false,"campfire_upgraded":1,"win_rate":0,"timestamp":1607631684,"path_taken":["M","$","?","?","M","E","R","E","T","?","?","R","E"],"build_version":"2020-11-30","purchased_purges":0,"victory":false,"max_hp_per_floor":[75,75,75,75,75,75,75,75,75,75,75,75,75,75],"card_choices":[{"not_picked":["Gash","Darkness","BootSequence"],"picked":"SKIP","floor":1},{"not_picked":["Barrage","Stack"],"picked":"Hello World","floor":5},{"not_picked":["Streamline","Undo","Hologram"],"picked":"SKIP","floor":6},{"not_picked":["Steam Power","Go for the Eyes","Hologram"],"picked":"SKIP","floor":8}],"player_experience":201079,"relics_obtained":[{"floor":6,"key":"MealTicket"},{"floor":8,"key":"Pen Nib"},{"floor":9,"key":"Ancient Tea Set"},{"floor":10,"key":"Odd Mushroom"},{"floor":11,"key":"Matryoshka"}],"event_choices":[{"damage_healed":0,"gold_gain":0,"player_choice":"Ignored","damage_taken":0,"max_hp_gain":0,"max_hp_loss":0,"event_name":"Golden Wing","floor":3,"gold_loss":0},{"damage_healed":0,"gold_gain":75,"player_choice":"Gather Gold","damage_taken":11,"max_hp_gain":0,"max_hp_loss":0,"event_name":"World of Goop","floor":4,"gold_loss":0},{"damage_healed":0,"gold_gain":0,"player_choice":"Fought Mushrooms","damage_taken":0,"max_hp_gain":0,"max_hp_loss":0,"event_name":"Mushrooms","floor":10,"gold_loss":0}],"is_beta":false,"boss_relics":[],"items_purged_floors":[],"is_endless":false,"potions_floor_spawned":[5,10],"killed_by":"Gremlin Nob","ascension_level":2}}