{"host":"ueef25wtkg2eer3h","time":1607605334,"event":{"gold_per_floor":[116,130,148,167,177,177,193,222,222,247,263,263,10,10,10,10,10],"floor_reached":16,"playtime":825,"items_purged":[],"score":160,"play_id":"404742c7-8441-45b3-a9cd-25d31cb8a89a","local_time":"20201210140214","is_ascension_mode":true,"campfire_choices":[{"data":"Double Energy","floor":6,"key":"SMITH"},{"floor":12,"key":"REST"},{"floor":15,"key":"REST"}],"neow_cost":"NONE","seed_source_timestamp":53018375254900,"circlet_count":0,"master_deck":["Strike_B","Strike_B","Strike_B","Strike_B","Defend_B","Defend_B","Defend_B","Defend_B","Zap","Dualcast","Compile Driver","Barrage","Double Energy+1","Glacier","Sweeping Beam","Coolheaded","Doom and Gloom","Chaos","Stack","Sweeping Beam"],"relics":["Cracked Core","NeowsBlessing","The Courier","Tiny Chest","CaptainsWheel","FossilizedHelix","Regal Pillow"],"potions_floor_usage":[8,10,10],"damage_taken":[{"damage":0,"enemies":"Cultist","floor":1,"turns":1},{"damage":0,"enemies":"Jaw Worm","floor":2,"turns":1},{"damage":0,"enemies":"Small Slimes","floor":3,"turns":1},{"damage":6,"enemies":"Blue Slaver","floor":4,"turns":3},{"damage":4,"enemies":"Exordium Thugs","floor":5,"turns":6},{"damage":9,"enemies":"Large Slime","floor":7,"turns":7},{"damage":21,"enemies":"Lagavulin","floor":8,"turns":7},{"damage":13,"enemies":"3 Sentries","floor":10,"turns":4},{"damage":0,"enemies":"Blue Slaver","floor":11,"turns":4},{"damage":69,"enemies":"Hexaghost","floor":16,"turns":9}],"seed_played":"-4076519328888814859","potions_obtained":[{"floor":1,"key":"Dexterity Potion"},{"floor":2,"key":"EssenceOfSteel"},{"floor":3,"key":"Energy Potion"},{"floor":8,"key":"BlessingOfTheForge"}],"is_trial":false,"path_per_floor":["M","M","M","M","M","R","M","E","T","E","M","R","$","?","R","B"],"character_chosen":"DEFECT","items_purchased":["FossilizedHelix","Sweeping Beam"],"campfire_rested":2,"item_purchase_floors":[13,13],"current_hp_per_floor":[68,68,68,62,58,58,49,28,28,15,15,37,37,30,67,0,0],"gold":10,"neow_bonus":"THREE_ENEMY_KILL","is_prod":false,"is_daily":false,"chose_seed":false,"campfire_upgraded":1,"win_rate":0,"timestamp":1607605334,"path_taken":["M","M","M","?","M","R","M","E","T","E","M","R","$","?","R","BOSS"],"build_version":"2020-11-30","purchased_purges":0,"victory":false,"max_hp_per_floor":[75,75,75,75,75,75,75,75,75,75,75,75,75,75,75,75,75],"card_choices":[{"not_picked":["Tempest","Turbo"],"picked":"Compile Driver","floor":1},{"not_picked":["Auto Shields","Storm"],"picked":"Barrage","floor":2},{"not_picked":["Ball Lightning","Chaos"],"picked":"Double Energy","floor":3},{"not_picked":["Barrage","Gash"],"picked":"Glacier","floor":4},{"not_picked":["Gash","Compile Driver"],"picked":"Sweeping Beam","floor":5},{"not_picked":["Compile Driver","Heatsinks"],"picked":"Coolheaded","floor":7},{"not_picked":["FTL","Gash"],"picked":"Doom and Gloom","floor":8},{"not_picked":["Buffer","Darkness"],"picked":"Chaos","floor":10},{"not_picked":["Coolheaded","Recycle"],"picked":"Stack","floor":11}],"player_experience":224663,"relics_obtained":[{"floor":8,"key":"The Courier"},{"floor":9,"key":"Tiny Chest"},{"floor":10,"key":"CaptainsWheel"}],"event_choices":[{"damage_healed":0,"gold_gain":0,"player_choice":"Success","damage_taken":7,"relics_obtained":["Regal Pillow"],"max_hp_gain":0,"max_hp_loss":0,"event_name":"Scrap Ooze","floor":14,"gold_loss":0}],"is_beta":false,"boss_relics":[],"items_purged_floors":[],"is_endless":false,"potions_floor_spawned":[1,2,3,7,8],"killed_by":"Hexaghost","ascension_level":8}}