{"host":"lgr0ufi017x11auv","time":1607634239,"event":{"mods":["BaseMod","StSLib","Colored Map","Colored Powertips","Downfall","Better Third Choice","Permanent Neow","Quick Restart","The Necromancer","Relic Stats","AchievementEnabler","Rare Cards Sparkle","Ascension Reborn","BetterRewards","Challenge The Spire","Custom Start","Hubris","Infinite Spire","Minty Spire (QoL Compilation)","Replay The Spire","Shop Mod","The Dragon Tamer","The Jungle","vexMod"],"gold_per_floor":[119,132,132,132,132,132,147,147,163,177,177,177,191,191,203,232,232,334,334,354,374,374,385,401,430,464,464,464,464,492,523,523,523,523,628,628,653,653],"floor_reached":37,"playtime":1839,"items_purged":["Strike_P"],"score":493,"play_id":"f5a63b1d-e5fe-4c50-adca-089118375b6f","local_time":"20201210220359","is_ascension_mode":false,"campfire_choices":[{"data":"PathToVictory","floor":8,"key":"SMITH"},{"floor":12,"key":"REST"},{"floor":17,"key":"REST"},{"data":"hubris:Fate","floor":27,"key":"SMITH"},{"data":"Blasphemy","floor":29,"key":"SMITH"},{"floor":34,"key":"REST"}],"circlet_count":0,"master_deck":["Strike_P","Strike_P","Strike_P","Defend_P","Defend_P","Defend_P","Defend_P","Eruption","Vigilance","Replay:SS_fish_2","PathToVictory+1","ForeignInfluence","Wish","Decay","Wish","Madness","hubris:Fate+1","Replay:GuardianBash","FlyingSleeves","FlyingSleeves","Blasphemy+1","BowlingBash","CommonCold","Wish+1","CurseOfTheBell"],"relics":["PureWater","vexMod:BarristanHead","Replay:Grab Bag","hubris:GrandSneckoEye","vexMod:CursedCompass","vexMod:MysteryBossChallenge","Sozu","ReplayTheSpireMod:SealedPack","hubris:VirtuousBlindfold","Replay:Bandana","Toxic Egg 2","ReplayTheSpireMod:Ring of Challenge","ReplayTheSpireMod:Ring of Collecting","Calling Bell","ReplayFunnel","HornCleat","StoneCalendar"],"acts_visited":["Exordium","TheCity","TheBeyond"],"potions_floor_usage":[9,14,16,18,23,26,31],"damage_taken":[{"damage":0,"enemies":"Small Slimes","floor":1,"turns":3},{"damage":0,"enemies":"Cultist","floor":2,"turns":3},{"damage":5,"enemies":"Jaw Worm","floor":7,"turns":4},{"damage":11,"enemies":"2 Fungi Beasts","floor":9,"turns":3},{"damage":24,"enemies":"Blue Slaver","floor":10,"turns":2},{"damage":0,"enemies":"Looter","floor":13,"turns":2},{"damage":9,"enemies":"2 Fungi Beasts","floor":15,"turns":4},{"damage":14,"enemies":"Gremlin Nob","floor":16,"turns":4},{"damage":50,"enemies":"Fading Forest","floor":18,"turns":11},{"damage":20,"enemies":"Shell Parasite","floor":20,"turns":2},{"damage":0,"enemies":"Chosen","floor":21,"turns":3},{"damage":0,"enemies":"Centurion and Healer","floor":23,"turns":2},{"damage":14,"enemies":"Snake Plant","floor":24,"turns":3},{"damage":0,"enemies":"Nightmare","floor":25,"turns":2},{"damage":22,"enemies":"Sentry and Sphere","floor":26,"turns":5},{"damage":0,"enemies":"Snecko","floor":30,"turns":2},{"damage":17,"enemies":"Shelled Parasite and Fungi","floor":31,"turns":2},{"damage":0,"enemies":"Collector","floor":35,"turns":2},{"damage":68,"enemies":"3 Darklings","floor":37,"turns":2}],"seed_played":"-7012631816687177207","potions_obtained":[{"floor":7,"key":"StancePotion"},{"floor":10,"key":"sneckomod:MuddlingPotion"},{"floor":13,"key":"Guardian:BlockOnCardUsePotion"},{"floor":14,"key":"Swift Potion"},{"floor":14,"key":"Fruit Juice"},{"floor":14,"key":"LiquidBronze"},{"floor":16,"key":"Adrenaline Potion"},{"floor":18,"key":"EssenceOfSteel"}],"is_trial":false,"path_per_floor":["M","M","?","$","PTL","PTL","M","R","M","M","T","R","M","?","M","E","R","B",null,"M","M","AVR","M","M","NM","M","R","T","R","M","M","?","?","R","B",null,"M"],"character_chosen":"WATCHER","items_purchased":[],"campfire_rested":3,"item_purchase_floors":[],"current_hp_per_floor":[72,72,72,72,72,72,67,67,61,37,37,58,58,63,62,48,71,37,77,57,57,57,57,43,51,52,52,52,52,52,35,21,21,45,45,82,14,14],"gold":653,"neow_bonus":"RANDOM_COLORLESS","is_daily":false,"chose_seed":false,"campfire_upgraded":3,"win_rate":0,"timestamp":1607634239,"path_taken":["M","M","?","$","PTL","PTL","?","R","M","M","T","R","M","?","M","E","R","BOSS","M","?","AVR","M","M","NM","M","R","T","R","M","M","?","?","R","BOSS","M"],"build_version":"2020-11-30","purchased_purges":1,"victory":false,"max_hp_per_floor":[72,72,72,72,72,72,72,72,72,72,72,72,72,77,77,77,77,77,77,77,77,77,77,77,77,77,77,77,77,77,77,82,82,82,82,82,82,82],"relic_stats":{"Sozu":3,"counters":[19,61],"StoneCalendar":[0],"obtain_stats":[{"ReplayFunnel":36,"Replay:Grab Bag":19,"vexMod:MysteryBossChallenge":19,"hubris:VirtuousBlindfold":22,"StoneCalendar":36,"ReplayTheSpireMod:SealedPack":19,"Sozu":19,"Calling Bell":36,"Replay:Bandana":25,"vexMod:BarristanHead":16,"HornCleat":36,"ReplayTheSpireMod:Ring of Collecting":33,"hubris:GrandSneckoEye":19,"vexMod:CursedCompass":19,"PureWater":0,"Toxic Egg 2":28,"ReplayTheSpireMod:Ring of Challenge":33},{"ReplayFunnel":18,"Replay:Grab Bag":9,"vexMod:MysteryBossChallenge":9,"hubris:VirtuousBlindfold":11,"StoneCalendar":18,"ReplayTheSpireMod:SealedPack":9,"Sozu":9,"Calling Bell":18,"Replay:Bandana":14,"vexMod:BarristanHead":8,"HornCleat":18,"ReplayTheSpireMod:Ring of Collecting":17,"hubris:GrandSneckoEye":9,"vexMod:CursedCompass":9,"PureWater":0,"Toxic Egg 2":15,"ReplayTheSpireMod:Ring of Challenge":17},{"ReplayFunnel":59,"Replay:Grab Bag":36,"vexMod:MysteryBossChallenge":36,"hubris:VirtuousBlindfold":41,"StoneCalendar":59,"ReplayTheSpireMod:SealedPack":36,"Sozu":36,"Calling Bell":59,"Replay:Bandana":48,"vexMod:BarristanHead":25,"HornCleat":59,"ReplayTheSpireMod:Ring of Collecting":57,"hubris:GrandSneckoEye":36,"vexMod:CursedCompass":36,"PureWater":0,"Toxic Egg 2":53,"ReplayTheSpireMod:Ring of Challenge":57}]},"card_choices":[{"not_picked":["PanicButton","Replay:SS_forest_6"],"picked":"Replay:SS_fish_2","floor":0},{"not_picked":["BowlingBash","Evaluate"],"picked":"PathToVictory","floor":1},{"not_picked":["Replay:AtTheReady","Protect","EmptyMind"],"picked":"SKIP","floor":2},{"not_picked":["Study","Replay:Hum","Nirvana"],"picked":"SKIP","floor":7},{"not_picked":["ThirdEye","Nirvana","CutThroughFate"],"picked":"SKIP","floor":9},{"not_picked":["Replay:ManipulateFuture","FollowUp"],"picked":"ForeignInfluence","floor":10},{"not_picked":["FollowUp","Vault","ThirdEye"],"picked":"SKIP","floor":13},{"not_picked":["MentalFortress","Replay:AtTheReady","WreathOfFlame"],"picked":"SKIP","floor":15},{"not_picked":["Brilliance","ReachHeaven","JustLucky"],"picked":"SKIP","floor":16},{"not_picked":["Brilliance","Establishment"],"picked":"Wish","floor":18},{"not_picked":["Scrawl","Omniscience"],"picked":"Wish","floor":19},{"not_picked":["expansioncontent:LastStand","expansioncontent:DonusPower"],"picked":"Madness","floor":19},{"not_picked":["ReplayTheSpireMod:Echoes of Time","infinitespire:Collect"],"picked":"hubris:Fate","floor":19},{"not_picked":["Vigilance","DTMod:DoubleHit"],"picked":"Replay:GuardianBash","floor":19},{"not_picked":["Prostrate","MentalFortress","TalkToTheHand"],"picked":"SKIP","floor":20},{"not_picked":["Replay:AllIn","BowlingBash"],"picked":"FlyingSleeves","floor":21},{"not_picked":["Replay:AtTheReady+1","ThirdEye","Halt+1"],"picked":"SKIP","floor":23},{"not_picked":["Crescendo+1","EmptyMind"],"picked":"FlyingSleeves","floor":24},{"not_picked":["Adaptation","Weave"],"picked":"Blasphemy","floor":25},{"not_picked":["Prostrate","Adaptation+1"],"picked":"BowlingBash","floor":26},{"not_picked":["CrushJoints","Evaluate+1","JustLucky"],"picked":"SKIP","floor":30},{"not_picked":["Halt+1","Replay:Hum+1","Crescendo+1"],"picked":"SKIP","floor":31},{"not_picked":["Omniscience+1","Blasphemy+1"],"picked":"Wish+1","floor":35}],"player_experience":226734,"relics_obtained":[{"floor":16,"key":"vexMod:BarristanHead"},{"floor":25,"key":"Replay:Bandana"},{"floor":28,"key":"Toxic Egg 2"},{"floor":33,"key":"ReplayTheSpireMod:Ring of Challenge"},{"floor":33,"key":"ReplayTheSpireMod:Ring of Collecting"},{"floor":36,"key":"ReplayFunnel"},{"floor":36,"key":"HornCleat"},{"floor":36,"key":"StoneCalendar"}],"event_choices":[{"damage_healed":0,"gold_gain":0,"player_choice":"Ignored","damage_taken":0,"max_hp_gain":0,"max_hp_loss":0,"event_name":"NoteForYourself","floor":3,"gold_loss":0},{"damage_healed":0,"gold_gain":0,"player_choice":"Got Potions","damage_taken":0,"max_hp_gain":0,"max_hp_loss":0,"event_name":"Lab","floor":14,"gold_loss":0},{"damage_healed":0,"gold_gain":0,"player_choice":"Shed Blood","damage_taken":19,"max_hp_gain":5,"max_hp_loss":0,"event_name":"Forgotten Altar","floor":32,"gold_loss":0}],"is_beta":false,"boss_relics":[{"not_picked":["SlaversCollar","Astrolabe"],"picked":"Replay:Grab Bag"},{"not_picked":["Philosopher\u0027s Stone","ChewingGum"],"picked":"hubris:GrandSneckoEye"},{"not_picked":["Replay:Wanted Poster","vexMod:FluxCapacitor"],"picked":"vexMod:CursedCompass"},{"not_picked":["hubris:BlackHole","VioletLotus"],"picked":"vexMod:MysteryBossChallenge"},{"not_picked":["hubris:ScarierMask","Empty Cage"],"picked":"ReplayTheSpireMod:SealedPack"},{"not_picked":["hubris:TerracottaHorce","hubris:HollowSoul"],"picked":"Calling Bell"}],"items_purged_floors":[22],"is_endless":true,"potions_floor_spawned":[7,10,13,16,18,24,25,31],"killed_by":"3 Darklings","ascension_level":0}}