{"host":"65bhxfoqsqjg61le","time":1607582171,"event":{"gold_per_floor":[118,118,43,60,60,87,87,120,120,153,4,4,35,35,35,138,138,167,177,177,195,244,277,294,294,294,294,144,157,173,202,202,347,347,390,1,51,51,51,87,87,120,145,145,188,36,36,36,36,139,89,96,96,100,100,120,146,146,189,189,189,219,262,262,262,262,364,364,413,413,441,441,441,515,515,566,593,722,722,820,820,905,905,1077,1077,1163,1010,1010,1101,1101,1101,1101,1225,1302,1302,1431,1088,1088,1198,1198,1374,1374,1487,1487,1594,1721,1346,1346,1445,1568,1568,1717,1747,1747,1892,2057,2057,2056,2056],"floor_reached":118,"playtime":5784,"items_purged":["Burning Pact","StuffTheSpire:BloodClot","Strike_R"],"score":3535,"play_id":"eba5a00e-de17-4aa2-a15a-ce675f521b6d","local_time":"20201210013611","is_ascension_mode":true,"campfire_choices":[{"data":"Shrug It Off","floor":7,"key":"SMITH"},{"floor":12,"key":"REST"},{"floor":15,"key":"REST"},{"floor":25,"key":"REST"},{"floor":32,"key":"REST"},{"floor":41,"key":"REST"},{"floor":44,"key":"REST"},{"floor":49,"key":"REST"},{"data":"Demon Form+1","floor":58,"key":"SMITH"},{"data":"Demon Form+2","floor":58,"key":"SMITH"},{"data":"Twin Strike","floor":61,"key":"SMITH"},{"data":"Twin Strike+1","floor":61,"key":"SMITH"},{"data":"Reaper+1","floor":66,"key":"SMITH"},{"data":"Demon Form+3","floor":66,"key":"SMITH"},{"floor":75,"key":"REST"},{"data":"Reaper+3","floor":79,"key":"SMITH"},{"data":"Thunderclap","floor":79,"key":"SMITH"},{"data":"Thunderclap+1","floor":81,"key":"SMITH"},{"data":"Thunderclap+2","floor":81,"key":"SMITH"},{"data":"Thunderclap+3","floor":83,"key":"SMITH"},{"data":"Thunderclap+4","floor":83,"key":"SMITH"},{"data":"ReplayTheSpireMod:Book of Names+1","floor":91,"key":"SMITH"},{"data":"Twin Strike+2","floor":91,"key":"SMITH"},{"data":"Twin Strike+3","floor":95,"key":"SMITH"},{"data":"Demon Form+4","floor":95,"key":"SMITH"},{"data":"Thunderclap+5","floor":98,"key":"SMITH"},{"data":"Demon Form+5","floor":98,"key":"SMITH"},{"data":"Reaper+4","floor":108,"key":"SMITH"},{"data":"Reaper+5","floor":108,"key":"SMITH"},{"floor":114,"key":"REST"}],"neow_cost":"NONE","seed_source_timestamp":986782028792500,"circlet_count":0,"master_deck":["Strike_R+1","Strike_R+2","Strike_R","Defend_R+2","Defend_R","Defend_R","Defend_R+1","Bash+3","Demon Form+6","Reaper+6","Defend_R+2","expansioncontent:Corrupt+1","wanderingMiniBosses:FinaleOfPromise+1","Twin Strike+4","Thunderclap+6","Barricade+1","conspire:HitWhereItHurts+1","ReplayTheSpireMod:Book of Names+2","Hemogenesis+1","Eclipse+1"],"relics":["Burning Blood","NeowsBlessing","PreservedInsect","Golden Egg","Gremlin Food","Gambling Chip","StuffTheSpire:Gunfinga","Art of War","FaceOfCleric","hubris:Backtick","thethorton:BrokenCalculator","Omamori","Replay:Baseball","StuffTheSpire:Wildfire","Bag of Preparation","Shuriken","infinitespire:EvilPickle","conspire:SpecialSausage","infinitespire:CheckeredPen","conspire:InfiniteJournal","wanderingMiniBosses:Blackblade","Replay:Arrowhead","Strawberry","Frozen Egg 2","StuffTheSpire:DullRazor","Vajra","energizedSpire:HugeHouse","Replay:Bandana","Pocketwatch","conspire:BottledYoYo","Replay:Rubber Ducky","Replay:Grab Bag","Sozu","energizedSpire:DeadBattery","thethorton:BottledFunds","thethorton:CrushedCigarette","Mummified Hand","Enchiridion","Anchor","Simple Rune","infinitespire:Beetle Shell","infinitespire:Lucky Rock","Replay:Multitool","Meat on the Bone","infinitespire:FocusingShard","Paper Frog","Replay:Kaleidoscope","hubris:Towel","conspire:RoyalGoblet","hubris:HollowSoul","StuffTheSpire:Tea","Ginger","Blue Doll","hubris:OldNail","StuffTheSpire:HeavyRock","Replay:Wax Seal"],"potions_floor_usage":[10,13,21,31,33,33,50,59,67,67,99,101],"damage_taken":[{"damage":0,"enemies":"2 Louse","floor":1,"turns":1},{"damage":0,"enemies":"Cultist","floor":4,"turns":1},{"damage":0,"enemies":"3 Sentries","floor":6,"turns":1},{"damage":37,"enemies":"Replay:BlueRogue","floor":8,"turns":5},{"damage":19,"enemies":"Lagavulin","floor":10,"turns":6},{"damage":40,"enemies":"3 Sentries","floor":13,"turns":7},{"damage":16,"enemies":"The Guardian","floor":16,"turns":9},{"damage":27,"enemies":"Spheric Guardian","floor":18,"turns":5},{"damage":41,"enemies":"3 Byrds","floor":19,"turns":7},{"damage":36,"enemies":"Snake Plant","floor":21,"turns":6},{"damage":50,"enemies":"Gremlin Leader","floor":23,"turns":8},{"damage":0,"enemies":"conspire:HollyBat","floor":24,"turns":7},{"damage":33,"enemies":"Sentry and Sphere","floor":29,"turns":5},{"damage":17,"enemies":"Snecko","floor":30,"turns":5},{"damage":17,"enemies":"Slavers","floor":31,"turns":6},{"damage":46,"enemies":"Pondfish","floor":33,"turns":12},{"damage":22,"enemies":"Orb Walker","floor":35,"turns":5},{"damage":34,"enemies":"Mind Bloom Boss Battle","floor":37,"turns":8},{"damage":61,"enemies":"Giant Head","floor":40,"turns":9},{"damage":41,"enemies":"R_Hoarder","floor":42,"turns":8},{"damage":111,"enemies":"Nightmare","floor":45,"turns":9},{"damage":130,"enemies":"conspire:OrnateMirror","floor":50,"turns":11},{"damage":0,"enemies":"Jaw Worm","floor":52,"turns":2},{"damage":2,"enemies":"2 Louse","floor":54,"turns":3},{"damage":0,"enemies":"conspire:RoseBush","floor":56,"turns":1},{"damage":3,"enemies":"3 Sentries","floor":57,"turns":4},{"damage":0,"enemies":"Gremlin Nob","floor":59,"turns":2},{"damage":8,"enemies":"3 Louse","floor":62,"turns":2},{"damage":6,"enemies":"Blue Slaver","floor":63,"turns":2},{"damage":18,"enemies":"Fading Forest","floor":67,"turns":9},{"damage":0,"enemies":"Chosen","floor":69,"turns":3},{"damage":42,"enemies":"Book of Stabbing","floor":74,"turns":3},{"damage":0,"enemies":"Spheric Guardian","floor":76,"turns":1},{"damage":0,"enemies":"Centurion and Healer","floor":78,"turns":2},{"damage":3,"enemies":"Slavers","floor":80,"turns":3},{"damage":0,"enemies":"Cultist and Chosen","floor":82,"turns":1},{"damage":50,"enemies":"Automaton","floor":84,"turns":5},{"damage":0,"enemies":"Orb Walker","floor":86,"turns":2},{"damage":0,"enemies":"3 Darklings","floor":89,"turns":2},{"damage":20,"enemies":"R_Hoarder","floor":93,"turns":3},{"damage":2,"enemies":"Reptomancer","floor":96,"turns":2},{"damage":60,"enemies":"Nightmare","floor":99,"turns":3},{"damage":17,"enemies":"infinitespire:MassOfShapes","floor":101,"turns":6},{"damage":0,"enemies":"Small Slimes","floor":103,"turns":1},{"damage":0,"enemies":"Jaw Worm","floor":105,"turns":1},{"damage":0,"enemies":"Cultist","floor":106,"turns":1},{"damage":0,"enemies":"Red Slaver","floor":109,"turns":1},{"damage":0,"enemies":"Lagavulin","floor":110,"turns":1},{"damage":0,"enemies":"Gremlin Nob","floor":112,"turns":1},{"damage":58,"enemies":"conspire:MimicChest","floor":113,"turns":3},{"damage":0,"enemies":"Lagavulin","floor":115,"turns":2},{"damage":0,"enemies":"Blue Slaver","floor":116,"turns":1},{"damage":27,"enemies":"The Guardian","floor":118,"turns":2}],"seed_played":"-7635959703493223472","potions_obtained":[{"floor":6,"key":"GamblersBrew"},{"floor":8,"key":"Regen Potion"},{"floor":18,"key":"Weak Potion"},{"floor":21,"key":"Strength Potion"},{"floor":30,"key":"Explosive Potion"},{"floor":31,"key":"Block Potion"},{"floor":35,"key":"Languid Potion"},{"floor":40,"key":"FairyPotion"},{"floor":50,"key":"Swift Potion"},{"floor":52,"key":"DuplicationPotion"},{"floor":54,"key":"FearPotion"},{"floor":59,"key":"Adrenaline Potion"},{"floor":67,"key":"Weak Potion"}],"is_trial":false,"path_per_floor":["M","?","$","M","$","E","R","E","T","E","$","R","E","?","R","B",null,"M","M","?","M","T","E","M","R","T","?","$","M","M","E","R","B",null,"M","$","?","?","$","E","R","E","T","R","NM","$","T","$","R","B",null,"M","?","M","$","M","E","R","E","T","R","M","M","?","?","R","B",null,"M","?","?","?","$","E","R","M","T","M","R","E","R","M","R","B",null,"M","$","?","M","?","R","?","E","T","R","E","$","R","NM","R","B",null,"M","AVR","M","M","$","R","M","E","T","E","?","R","E","M","R","B"],"character_chosen":"IRONCLAD","items_purchased":["StuffTheSpire:Gunfinga","Bag of Preparation","infinitespire:CheckeredPen","FairyPotion","PowerPotion","StuffTheSpire:DullRazor","infinitespire:Lucky Rock","Paper Frog","StuffTheSpire:Tea"],"campfire_rested":9,"item_purchase_floors":[11,28,36,36,36,46,87,97,107],"current_hp_per_floor":[78,78,78,80,80,80,80,49,49,51,51,75,41,41,65,56,75,55,42,42,33,33,20,47,72,72,72,72,46,57,73,89,62,83,68,68,92,92,92,71,93,66,66,96,16,16,16,16,46,16,78,97,97,100,100,101,102,102,103,103,103,102,103,103,103,103,106,106,107,107,65,49,49,35,67,74,74,110,110,111,111,112,112,81,105,114,114,111,115,115,115,115,102,102,102,107,107,107,88,88,86,111,118,118,121,122,122,122,123,124,124,125,74,111,127,128,128,0,0],"gold":2056,"neow_bonus":"THREE_ENEMY_KILL","is_prod":false,"is_daily":false,"chose_seed":false,"campfire_upgraded":21,"win_rate":0,"timestamp":1607582171,"path_taken":["M","?","?","M","$","E","R","E","T","E","$","R","E","?","R","BOSS","M","?","?","?","?","E","M","R","T","?","$","M","M","E","R","BOSS","M","?","?","?","?","E","R","E","T","R","NM","$","?","?","R","BOSS","M","?","M","$","?","E","R","E","T","R","M","M","?","?","R","BOSS","M","?","?","?","?","E","R","M","T","M","R","E","R","?","R","BOSS","M","$","?","?","?","R","?","E","T","R","E","?","R","NM","R","BOSS","M","AVR","M","M","?","R","M","E","T","E","?","R","E","M","R","BOSS"],"build_version":"2020-11-30","purchased_purges":3,"victory":false,"max_hp_per_floor":[80,80,80,80,80,80,80,80,80,80,80,80,80,80,80,81,81,82,83,83,84,84,85,86,86,86,86,86,87,88,89,89,90,90,91,91,92,92,92,93,93,101,101,101,102,102,102,102,102,103,98,99,99,100,100,101,102,102,103,103,103,104,105,105,105,105,106,106,107,107,107,107,107,108,108,109,109,110,110,111,111,112,112,113,113,114,114,114,115,115,115,115,116,116,116,117,117,117,118,118,119,119,120,120,121,122,122,122,123,124,124,125,126,126,127,128,128,128,128],"card_choices":[{"not_picked":["Anger","Clothesline"],"picked":"Shrug It Off","floor":1},{"not_picked":["True Grit","Spot Weakness","Fire Breathing"],"picked":"SKIP","floor":4},{"not_picked":["True Grit","Havoc","ReplayTheSpireMod:Corrosion Curse"],"picked":"SKIP","floor":6},{"not_picked":["Armaments","Carnage"],"picked":"Demon Form","floor":8},{"not_picked":["Sever Soul","Pommel Strike","Second Wind"],"picked":"SKIP","floor":10},{"not_picked":["Iron Wave","Hemokinesis","Uppercut"],"picked":"SKIP","floor":13},{"not_picked":["Impervious","Fiend Fire"],"picked":"Reaper","floor":16},{"not_picked":["Havoc","StuffTheSpire:RagingBull","Sword Boomerang"],"picked":"SKIP","floor":18},{"not_picked":["Anger","Iron Wave","Wild Strike"],"picked":"SKIP","floor":19},{"not_picked":["Havoc","Entrench","hubris:CleavingFinish"],"picked":"SKIP","floor":21},{"not_picked":["Armaments","StuffTheSpire:Incineration+1","Wild Strike"],"picked":"SKIP","floor":23},{"not_picked":["ReplayTheSpireMod:LeadingStrike","ReplayTheSpireMod:Limb From Limb+1","ReplayTheSpireMod:Strike From Hell+1"],"picked":"SKIP","floor":24},{"not_picked":["True Grit","Dual Wield","Abandon"],"picked":"SKIP","floor":29},{"not_picked":["True Grit","hubris:SharpeningStone","Clothesline"],"picked":"SKIP","floor":30},{"not_picked":["Slimebound:SelfFormingGoo","The Bomb"],"picked":"expansioncontent:Corrupt","floor":31},{"not_picked":["Perfected Strike","ReplayTheSpireMod:Stacked","Pommel Strike+1"],"picked":"SKIP","floor":35},{"not_picked":[],"picked":"wanderingMiniBosses:FinaleOfPromise","floor":37},{"not_picked":["ReplayTheSpireMod:Muscle Training+1","Abandon+1","Cleave+1"],"picked":"SKIP","floor":40},{"not_picked":["Havoc+1","Massacre","Run Through"],"picked":"SKIP","floor":42},{"not_picked":["Inflame+1","hubris:ReadiedAction+1","Infernal Blade+1"],"picked":"SKIP","floor":45},{"not_picked":["Sever Soul","StuffTheSpire:Slingshot","StuffTheSpire:Resist+1"],"picked":"SKIP","floor":52},{"not_picked":["StuffTheSpire:RockThrow","Rage"],"picked":"Twin Strike","floor":54},{"not_picked":["Body Slam","Clash","Cleave"],"picked":"SKIP","floor":56},{"not_picked":["Run Through","Whirlwind","Metallicize+1"],"picked":"SKIP","floor":57},{"not_picked":["Infernal Blade","Wild Strike","Rupture+1"],"picked":"SKIP","floor":59},{"not_picked":["Power Through","Iron Wave","Armaments"],"picked":"SKIP","floor":62},{"not_picked":["Replay:Undeath\u0027s Touch","Clothesline","Shockwave"],"picked":"SKIP","floor":63},{"not_picked":["Body Slam","Replay:Undeath\u0027s Touch+1","Twin Strike"],"picked":"SKIP","floor":69},{"not_picked":["rorgmod:Sentinel","Dropkick"],"picked":"Thunderclap","floor":74},{"not_picked":["Perfected Strike+1","ReplayTheSpireMod:Strike From Hell+1","ReplayReversal+1"],"picked":"SKIP","floor":76},{"not_picked":["hubris:StunningStrike","Rampage+1","Pummel+1"],"picked":"SKIP","floor":78},{"not_picked":["Body Slam+1","Pummel"],"picked":"Barricade+1","floor":80},{"not_picked":["Iron Wave","Havoc","Run Through"],"picked":"SKIP","floor":82},{"not_picked":["conspire:Purge","Reaper"],"picked":"conspire:HitWhereItHurts","floor":84},{"not_picked":["Heavy Blade+1","Iron Wave+1","Cleave"],"picked":"SKIP","floor":86},{"not_picked":["infinitespire:DeathsTouch","infinitespire:TheBestDefense"],"picked":"ReplayTheSpireMod:Book of Names","floor":87},{"not_picked":["True Grit+1","StuffTheSpire:BloodClot+1","Shrug It Off+1"],"picked":"SKIP","floor":89},{"not_picked":["Pummel","Iron Wave+1"],"picked":"Hemogenesis","floor":93},{"not_picked":["Brutality+1","Havoc+1","hubris:ReadiedAction"],"picked":"SKIP","floor":96},{"not_picked":["Wild Strike+1","Thunderclap","Shrug It Off+1"],"picked":"SKIP","floor":99},{"not_picked":["Demonic Infusion","Brutality+1"],"picked":"Eclipse","floor":101},{"not_picked":["Clash","Sword Boomerang","Carnage"],"picked":"SKIP","floor":103},{"not_picked":["Twin Strike","Sword Boomerang","Shockwave"],"picked":"SKIP","floor":105},{"not_picked":["Limit Break","Wild Strike","Armaments"],"picked":"SKIP","floor":106},{"not_picked":["Clash","StuffTheSpire:RockThrow","Twin Strike"],"picked":"SKIP","floor":109},{"not_picked":["Perfected Strike","Blood for Blood","Heavy Blade"],"picked":"SKIP","floor":110},{"not_picked":["Perfected Strike","Clash","Thunderclap"],"picked":"SKIP","floor":112},{"not_picked":["rorgmod:Searing Blow","StuffTheSpire:Incineration","Armaments"],"picked":"SKIP","floor":115},{"not_picked":["StuffTheSpire:Slingshot","Thunderclap","ReplayTheSpireMod:Strike From Hell"],"picked":"SKIP","floor":116}],"player_experience":992014,"relics_obtained":[{"floor":6,"key":"PreservedInsect"},{"floor":8,"key":"Golden Egg"},{"floor":9,"key":"Gremlin Food"},{"floor":10,"key":"Gambling Chip"},{"floor":13,"key":"Art of War"},{"floor":22,"key":"Omamori"},{"floor":23,"key":"Replay:Baseball"},{"floor":26,"key":"StuffTheSpire:Wildfire"},{"floor":31,"key":"Shuriken"},{"floor":37,"key":"conspire:InfiniteJournal"},{"floor":37,"key":"wanderingMiniBosses:Blackblade"},{"floor":40,"key":"Replay:Arrowhead"},{"floor":42,"key":"Strawberry"},{"floor":45,"key":"Frozen Egg 2"},{"floor":47,"key":"Vajra"},{"floor":57,"key":"Replay:Bandana"},{"floor":59,"key":"Pocketwatch"},{"floor":60,"key":"conspire:BottledYoYo"},{"floor":64,"key":"Replay:Rubber Ducky"},{"floor":71,"key":"Mummified Hand"},{"floor":72,"key":"Enchiridion"},{"floor":74,"key":"Anchor"},{"floor":77,"key":"Simple Rune"},{"floor":80,"key":"infinitespire:Beetle Shell"},{"floor":93,"key":"Replay:Multitool"},{"floor":94,"key":"Meat on the Bone"},{"floor":96,"key":"infinitespire:FocusingShard"},{"floor":99,"key":"Replay:Kaleidoscope"},{"floor":110,"key":"Ginger"},{"floor":111,"key":"Blue Doll"},{"floor":112,"key":"hubris:OldNail"},{"floor":113,"key":"StuffTheSpire:HeavyRock"},{"floor":115,"key":"Replay:Wax Seal"}],"event_choices":[{"damage_healed":0,"gold_gain":0,"cards_transformed":["Strike_R"],"player_choice":"Transformed","damage_taken":0,"max_hp_gain":0,"max_hp_loss":0,"event_name":"Transmorgrifier","floor":2,"gold_loss":0,"cards_obtained":["Burning Pact"]},{"damage_healed":0,"gold_gain":0,"player_choice":"Trade","damage_taken":0,"relics_obtained":["FaceOfCleric"],"max_hp_gain":0,"max_hp_loss":0,"event_name":"FaceTrader","floor":14,"gold_loss":0},{"damage_healed":0,"gold_gain":0,"player_choice":"Ignored","damage_taken":0,"max_hp_gain":0,"max_hp_loss":0,"event_name":"Duplicator","floor":20,"gold_loss":0},{"cards_removed":["Strike_R"],"damage_healed":0,"gold_gain":0,"player_choice":"Purged","damage_taken":0,"max_hp_gain":0,"max_hp_loss":0,"event_name":"Purifier","floor":27,"gold_loss":0},{"damage_healed":0,"gold_gain":0,"player_choice":"Fight","damage_taken":0,"max_hp_gain":0,"max_hp_loss":0,"event_name":"MindBloom","floor":37,"gold_loss":0},{"damage_healed":0,"gold_gain":0,"player_choice":"Upgraded","damage_taken":0,"max_hp_gain":0,"max_hp_loss":0,"event_name":"Upgrade Shrine","floor":53,"gold_loss":0,"cards_upgraded":["wanderingMiniBosses:FinaleOfPromise"]},{"damage_healed":0,"gold_gain":0,"player_choice":"Obtained Book","damage_taken":16,"max_hp_gain":0,"max_hp_loss":0,"event_name":"Cursed Tome","floor":72,"gold_loss":0},{"damage_healed":0,"gold_gain":0,"player_choice":"Punched","damage_taken":3,"max_hp_gain":0,"max_hp_loss":0,"event_name":"Designer","floor":88,"gold_loss":0},{"damage_healed":0,"gold_gain":0,"player_choice":"Ignored","damage_taken":0,"max_hp_gain":0,"max_hp_loss":0,"event_name":"Tomb of Lord Red Mask","floor":90,"gold_loss":0},{"damage_healed":0,"gold_gain":0,"player_choice":"Leave","damage_taken":0,"max_hp_gain":0,"max_hp_loss":0,"event_name":"conspire:Investor","floor":92,"gold_loss":0},{"damage_healed":128,"gold_gain":0,"player_choice":"Leave","damage_taken":0,"max_hp_gain":0,"max_hp_loss":128,"event_name":"betterThird:BetterShining","floor":117,"gold_loss":0}],"is_beta":false,"boss_relics":[{"not_picked":["StuffTheSpire:ModemDavis","energizedSpire:SpiderWeb"],"picked":"hubris:Backtick"},{"not_picked":["energizedSpire:StickyHand","Ooze Armor"],"picked":"conspire:SpecialSausage"},{"not_picked":["ChewingGum","hubris:BlackHole"],"picked":"energizedSpire:HugeHouse"},{"not_picked":["StuffTheSpire:RunicHypercube","Kintsugi"],"picked":"Replay:Grab Bag"},{"not_picked":["Painkiller Herb","ChewingGum"],"picked":"Sozu"},{"not_picked":["Replay:Wanted Poster","energizedSpire:SpiderWeb"],"picked":"energizedSpire:DeadBattery"},{"not_picked":["SlaversCollar","rorgmod:Black Star"],"picked":"thethorton:BottledFunds"},{"not_picked":["Astrolabe","hubris:Stopwatch"],"picked":"thethorton:CrushedCigarette"},{"not_picked":["Honey Jar","Cursed Key","Replay:Drink Me"]},{"not_picked":["ReplayTheSpireMod:DimensionalGlitch","Philosopher\u0027s Stone"],"picked":"conspire:RoyalGoblet"}],"items_purged_floors":[3,97,107],"is_endless":true,"potions_floor_spawned":[6,8,18,21,30,31,35,40,50,52,54,59,63,67,69,76,78,84,86,93,101,105,109,112,113,115],"killed_by":"The Guardian","ascension_level":6}}