{"host":"qm4rv4rkpk76sbxu","time":1607608590,"event":{"mods":["BaseMod","Bestiary","Block Reminder","Keyboard Shortcuts","Minty Spire (QoL Compilation)","MonsterHotkey","Quick Restart","Relic Stats","Slay-I","StSLib","ojb\u0027s Better Paths Mod","DeckTracker","Filter the Spire","Potion Indicator Mod","Random Character Button"],"gold_per_floor":[110,130,130,149,224,224,224],"floor_reached":6,"playtime":203,"items_purged":[],"score":72,"play_id":"b1f46e38-9f46-4df8-84ab-af72a9a404ba","local_time":"20201210145630","is_ascension_mode":true,"campfire_choices":[],"circlet_count":0,"master_deck":["AscendersBane","Strike_G","Strike_G","Strike_G","Strike_G","Strike_G","Defend_G","Defend_G","Defend_G","Defend_G","Defend_G","Survivor","Neutralize","Backflip","Heel Hook","Dagger Throw"],"special_seed":0,"relics":["Runic Dome"],"acts_visited":["Exordium"],"potions_floor_usage":[6],"damage_taken":[{"damage":1.0,"enemies":"Cultist","floor":1.0,"turns":5.0},{"damage":2.0,"enemies":"Jaw Worm","floor":2.0,"turns":5.0},{"damage":2.0,"enemies":"2 Louse","floor":4.0,"turns":2.0},{"damage":56,"enemies":"Gremlin Nob","floor":6,"turns":4}],"seed_played":"-1152038314846254595","potions_obtained":[{"floor":4.0,"key":"SteroidPotion"}],"is_trial":false,"path_per_floor":["M","M","?","M","?","E"],"character_chosen":"THE_SILENT","items_purchased":[],"campfire_rested":0,"item_purchase_floors":[],"current_hp_per_floor":[58,56,56,54,43,0,0],"gold":224,"neow_bonus":"BOSS_RELIC","is_daily":false,"chose_seed":false,"campfire_upgraded":0,"win_rate":0,"timestamp":1607608590,"path_taken":["M","?","?","?","?","E"],"build_version":"2020-11-30","purchased_purges":0,"victory":false,"max_hp_per_floor":[66,66,66,66,66,66,66],"relic_stats":{"counters":[4,16],"obtain_stats":[{"Runic Dome":0,"Ring of the Snake":0},{"Runic Dome":0,"Ring of the Snake":0},{"Runic Dome":0,"Ring of the Snake":0}]},"card_choices":[{"not_picked":["Deflect","Caltrops","Prepared"],"picked":"SKIP","floor":1.0},{"not_picked":["Dodge and Roll","Deflect"],"picked":"Backflip","floor":2.0},{"not_picked":["Deadly Poison","Outmaneuver"],"picked":"Dagger Throw","floor":4.0}],"player_experience":1028532,"relics_obtained":[],"event_choices":[{"damage_healed":0.0,"max_hp_gain":0.0,"max_hp_loss":0.0,"gold_gain":0.0,"event_name":"Match and Keep!","player_choice":"1 cards matched","floor":3.0,"gold_loss":0.0,"damage_taken":0.0,"cards_obtained":["Heel Hook"]},{"damage_healed":0.0,"max_hp_gain":0.0,"max_hp_loss":0.0,"gold_gain":75.0,"event_name":"World of Goop","player_choice":"Gather Gold","floor":5.0,"gold_loss":0.0,"damage_taken":11.0}],"is_beta":false,"boss_relics":[],"items_purged_floors":[],"is_endless":false,"potions_floor_spawned":[4],"killed_by":"Gremlin Nob","ascension_level":20}}