{"host":"u5hfrceatticevdm","time":1607569393,"event":{"gold_per_floor":[109,37,37,13,33,45,70,70,93,124,136,136,136,155,155,155,155],"floor_reached":16,"playtime":952,"items_purged":[],"score":110,"play_id":"8c00ea4c-8c29-4572-9f75-76926b1b609f","local_time":"20201209220313","is_ascension_mode":false,"campfire_choices":[{"floor":8.0,"key":"REST"},{"floor":15,"key":"REST"}],"neow_cost":"NONE","seed_source_timestamp":1130430401191000,"circlet_count":0,"master_deck":["Strike_B","Strike_B","Strike_B","Strike_B","Defend_B","Defend_B","Defend_B","Defend_B","Zap","Dualcast","Consume","Self Repair","Ball Lightning","Coolheaded","StuffTheSpire:Synthwave","Ball Lightning","Storm","Genetic Algorithm","Injury","Reboot+1"],"special_seed":0,"relics":["Cracked Core","aspiration:Nostalgia","magineer:PlaceholderRelic","Replay:WaspNest","DataDisk","Toxic Egg 2","hubris:SphereOfDissonance","Prayer Wheel"],"potions_floor_usage":[16],"damage_taken":[{"damage":0.0,"enemies":"Small Slimes","floor":1.0,"turns":3.0},{"damage":1.0,"enemies":"Cultist","floor":5.0,"turns":3.0},{"damage":5.0,"enemies":"Jaw Worm","floor":6.0,"turns":3.0},{"damage":53.0,"enemies":"Gremlin Nob","floor":7.0,"turns":6.0},{"damage":44,"enemies":"3 Sentries","floor":10,"turns":7},{"damage":5,"enemies":"Lots of Slimes","floor":11,"turns":3},{"damage":3,"enemies":"Exordium Wildlife","floor":14,"turns":2},{"damage":41,"enemies":"Slime Boss","floor":16,"turns":7}],"seed_played":"-7658351030351942300","potions_obtained":[{"floor":6.0,"key":"SpeedPotion"},{"floor":7.0,"key":"Ancient Potion"},{"floor":10,"key":"GamblersBrew"},{"floor":14,"key":"Elixir"}],"is_trial":false,"path_per_floor":["M","$","?","$","M","M","E","R","T","E","M","?","T","M","R","B"],"character_chosen":"DEFECT","items_purchased":["Consume","Ball Lightning"],"campfire_rested":2,"item_purchase_floors":[2,4],"current_hp_per_floor":[75,75,75,75,75,75,29,51,51,14,9,9,9,13,35,0,0],"gold":155,"neow_bonus":"NOSTALGIA","is_prod":false,"is_daily":false,"chose_seed":false,"campfire_upgraded":0,"win_rate":0,"timestamp":1607569393,"path_taken":["M","$","?","$","M","?","E","R","T","E","M","?","?","M","R","BOSS"],"build_version":"2020-11-30","purchased_purges":0,"victory":false,"max_hp_per_floor":[75,75,75,75,75,75,75,75,75,75,75,75,75,75,75,75,75],"card_choices":[{"not_picked":["StuffTheSpire:CleanHardDrive","Lockon"],"picked":"Beam Cell","floor":1.0},{"not_picked":["Streamline","Go for the Eyes"],"picked":"Coolheaded","floor":5.0},{"not_picked":["hubris:Ukulele","StuffTheSpire:Plugnplay"],"picked":"StuffTheSpire:Synthwave","floor":6.0},{"not_picked":["StuffTheSpire:LoadUp","hubris:Ukulele"],"picked":"Ball Lightning","floor":7.0},{"not_picked":["ReplayTheSpireMod:Repulse","Steam"],"picked":"Storm","floor":10},{"not_picked":["Panic Button","Compile Driver"],"picked":"Genetic Algorithm","floor":11},{"not_picked":["Barrage","Hologram+1"],"picked":"ReplayTheSpireMod:Fabricate Wheel+1","floor":14}],"player_experience":741149,"relics_obtained":[{"floor":7.0,"key":"Replay:WaspNest"},{"floor":10,"key":"DataDisk"},{"floor":13,"key":"hubris:SphereOfDissonance"}],"event_choices":[{"damage_healed":0.0,"max_hp_gain":0.0,"max_hp_loss":0.0,"gold_gain":0.0,"cards_transformed":["Beam Cell"],"event_name":"Transmorgrifier","player_choice":"Transformed","floor":3.0,"gold_loss":0.0,"damage_taken":0.0,"cards_obtained":["Self Repair"]}],"is_beta":false,"boss_relics":[],"items_purged_floors":[],"is_endless":false,"potions_floor_spawned":[6,7,10,14],"killed_by":"Slime Boss","ascension_level":0}}