{"host":"ci7ivtocgfxh0ueo","time":1607575896,"event":{"gold_per_floor":[217,217,237,35,54,54,17,33,82,102,117,28,58,23,23,101,101,119,12,12,12,31,31,31,31],"floor_reached":24,"playtime":432,"items_purged":["Pain"],"score":344,"play_id":"60119699-3064-4006-be52-3bbb95ffbd89","local_time":"20201210125136","is_ascension_mode":true,"campfire_choices":[{"data":"Blood for Blood","floor":6,"key":"SMITH"},{"data":"Enlightenment","floor":15,"key":"SMITH"},{"data":"Seeing Red","floor":23,"key":"SMITH"}],"neow_cost":"NONE","seed_source_timestamp":151538986179300,"circlet_count":0,"master_deck":["AscendersBane","Bash","Heavy Blade","Cleave","Blood for Blood+1","Inflame","Uppercut","Dropkick","Pummel","Whirlwind","Enlightenment+1","Corruption","Rampage","Ghostly Armor","Pummel","Seeing Red+1","Dropkick","Impervious","Heavy Blade","Sentinel","Armaments","Rage","Spot Weakness","Uppercut"],"relics":["Burning Blood","WarpedTongs","Smiling Mask","Pandora\u0027s Box"],"potions_floor_usage":[5,16,22,22],"damage_taken":[{"damage":17,"enemies":"Cultist","floor":1,"turns":4},{"damage":3,"enemies":"2 Louse","floor":3,"turns":3},{"damage":12,"enemies":"Small Slimes","floor":5,"turns":3},{"damage":16,"enemies":"2 Fungi Beasts","floor":8,"turns":3},{"damage":26,"enemies":"Blue Slaver","floor":10,"turns":3},{"damage":17,"enemies":"Large Slime","floor":11,"turns":4},{"damage":24,"enemies":"Hexaghost","floor":16,"turns":7},{"damage":33,"enemies":"Spheric Guardian","floor":18,"turns":4},{"damage":20,"enemies":"3 Byrds","floor":22,"turns":4},{"damage":22,"enemies":"Cultist and Chosen","floor":24,"turns":3}],"seed_played":"3821517108768863234","potions_obtained":[{"floor":1,"key":"Regen Potion"},{"floor":10,"key":"SteroidPotion"},{"floor":16,"key":"ColorlessPotion"},{"floor":18,"key":"ElixirPotion"}],"is_trial":false,"path_per_floor":["M","?","M","$","M","R","$","M","T","M","M","$","?","?","R","B",null,"M","$","?","?","M","R","M"],"character_chosen":"IRONCLAD","items_purchased":["Blood for Blood","Inflame","Uppercut","Enlightenment","Armaments","Strength Potion"],"campfire_rested":0,"item_purchase_floors":[4,4,7,12,19,19],"current_hp_per_floor":[57,57,60,60,63,63,63,53,53,33,22,22,22,40,40,22,62,35,35,35,35,21,21,0,0],"gold":31,"neow_bonus":"HUNDRED_GOLD","is_prod":false,"is_daily":false,"chose_seed":false,"campfire_upgraded":3,"win_rate":0,"timestamp":1607575896,"path_taken":["M","?","M","$","M","R","$","?","T","M","M","?","?","?","R","BOSS","M","$","?","?","M","R","M"],"build_version":"2020-11-30","purchased_purges":1,"victory":false,"max_hp_per_floor":[75,75,75,75,75,75,75,75,75,75,75,75,75,75,75,75,75,75,75,75,75,75,75,75,75],"card_choices":[{"not_picked":["Ghostly Armor","Twin Strike"],"picked":"Heavy Blade","floor":1},{"not_picked":["Body Slam","Twin Strike"],"picked":"Cleave","floor":3},{"not_picked":["Shrug It Off","Evolve","Body Slam"],"picked":"SKIP","floor":5},{"not_picked":["Flex","Clash"],"picked":"Dropkick","floor":8},{"not_picked":["Clothesline","Pommel Strike"],"picked":"Pummel","floor":10},{"not_picked":["Bloodletting","Feel No Pain"],"picked":"Whirlwind","floor":11},{"not_picked":["Exhume","Brutality"],"picked":"Corruption","floor":16},{"not_picked":["Heavy Blade","Body Slam"],"picked":"Sentinel","floor":18},{"not_picked":["Warcry","Wild Strike"],"picked":"Uppercut","floor":22}],"player_experience":1245746,"relics_obtained":[{"floor":9,"key":"Smiling Mask"}],"event_choices":[{"damage_healed":0,"gold_gain":0,"player_choice":"Rummage","damage_taken":0,"relics_obtained":["WarpedTongs"],"max_hp_gain":0,"max_hp_loss":0,"event_name":"Accursed Blacksmith","floor":2,"gold_loss":0,"cards_obtained":["Pain"]},{"damage_healed":0,"gold_gain":30,"player_choice":"Searched \u00271\u0027 times","damage_taken":0,"max_hp_gain":0,"max_hp_loss":0,"event_name":"Dead Adventurer","floor":13,"gold_loss":0},{"damage_healed":18,"gold_gain":0,"player_choice":"Healed","damage_taken":0,"max_hp_gain":0,"max_hp_loss":0,"event_name":"The Cleric","floor":14,"gold_loss":35},{"damage_healed":0,"gold_gain":0,"player_choice":"Ignored","damage_taken":0,"max_hp_gain":0,"max_hp_loss":0,"event_name":"Vampires","floor":20,"gold_loss":0},{"damage_healed":0,"gold_gain":0,"cards_transformed":["Bloodletting","Rupture"],"player_choice":"Became Test Subject","damage_taken":0,"max_hp_gain":0,"max_hp_loss":0,"event_name":"Drug Dealer","floor":21,"gold_loss":0,"cards_obtained":["Rage","Spot Weakness"]}],"is_beta":false,"boss_relics":[{"not_picked":["Ectoplasm","Snecko Eye"],"picked":"Pandora\u0027s Box"}],"items_purged_floors":[4],"is_endless":false,"potions_floor_spawned":[1,10,16,18],"killed_by":"Cultist and Chosen","ascension_level":17}}