{"host":"ashyt31t8hgheihd","time":1607634669,"event":{"mods":["BaseMod","StSLib","Duelist Mod","GifTheSpireLib","HololiveMod","Prisma Mod","Railgun Mod","The Animator","The Servant 0.9.4","Colored Map","Colored Powertips","Highlight Path","Minty Spire (QoL Compilation)","Rare Cards Sparkle","Replay The Spire","SuperFastMode","everything is the same but u backflip on backflip","Block Reminder","Small Relic Pack","TheHeartMod","Better Note","Act Like it!","Better Sensory Stone","Conspire","Gensokyo","Hubris","Random Character Button","TheHero"],"gold_per_floor":[116,116,132,234,234,234,276,276,276,98,117,137,177,222,222,340,340,366,466,496,542,542,581,623,672,726,366,366,366,398,398,398,531,531,571,571,571,621,659,699,52,107,107,137,137],"floor_reached":44,"playtime":2383,"items_purged":["PrismaMod:ChloeRitsuka","Parasite"],"score":714,"play_id":"10e0ea2a-2fd0-4cc4-999b-4bb4a63c8813","local_time":"20201210211109","is_ascension_mode":false,"campfire_choices":[{"floor":6,"key":"REST"},{"data":"PrismaMod:ChloeRhongomyniad","floor":8,"key":"SMITH"},{"data":"PrismaMod:ChloeEyeOfTheEuryale","floor":15,"key":"SMITH"},{"data":"PrismaMod:ChloeMordred","floor":29,"key":"SMITH"},{"floor":32,"key":"REST"}],"circlet_count":0,"master_deck":["PrismaMod:ChloeCheapAttack","PrismaMod:ChloeCheapDefend","PrismaMod:ChloeCheapDefend","PrismaMod:ChloeExcalibur","PrismaMod:ChloeExcalibur+1","PrismaMod:ChloeRhongomyniad+1","PrismaMod:ChloeRhongomyniad","PrismaMod:ChloeCommonAOEAttack","PrismaMod:ChloeEyeOfTheEuryale+1","PrismaMod:ChloeCheapAttack","PrismaMod:ChloeCheapAttackTwo","PrismaMod:ChloeCheapAttack","PrismaMod:ChloeAnyAttackTrace","PrismaMod:ChloeCommonAOEAttack","PrismaMod:ChloeMordred+1","PrismaMod:ChloeDevil","PrismaMod:ChloeExcalibur","PrismaMod:ChloeCarnivalAttack","PrismaMod:ChloeCaladbolg","PrismaMod:ChloeMaid","PrismaMod:ChloeCheapAttack","PrismaMod:ChloeCheapAttackTwo+1","PrismaMod:ChloeCheapDefend","Madness","PrismaMod:ChloeCheapAttack+1","PrismaMod:ChloeRuleBreaker+1","PrismaMod:ChloeEyeOfTheEuryale","PrismaMod:ChloeCheapDefend+1"],"relics":["PrismaMod:PrismaTraceOn","hubris:Icosahedron","Replay:Bandana","hubris:Towel","Meat on the Bone","Happy Flower","Whetstone","Odd Mushroom","Mercury Hourglass","Pandora\u0027s Box","Mirror","Juzu Bracelet","FossilizedHelix","Philosopher\u0027s Stone","Replay:Arrowhead","Smiling Mask","PreservedInsect","Replay:Kaleidoscope","Mango","conspire:DeflatedDodgeball"],"acts_visited":["Exordium","TheCity","TheBeyond"],"potions_floor_usage":[11,16,16,23,24,33,33,39,44,44],"damage_taken":[{"damage":0,"enemies":"Small Slimes","floor":1,"turns":3},{"damage":1,"enemies":"conspire:RoseBush","floor":3,"turns":5},{"damage":30,"enemies":"Replay:BlueRogue","floor":7,"turns":4},{"damage":12,"enemies":"2 Louse","floor":11,"turns":2},{"damage":0,"enemies":"Looter","floor":12,"turns":3},{"damage":0,"enemies":"The Mushroom Lair","floor":13,"turns":3},{"damage":0,"enemies":"Gremlin Nob","floor":14,"turns":2},{"damage":0,"enemies":"The Guardian","floor":16,"turns":5},{"damage":10,"enemies":"Chosen","floor":18,"turns":3},{"damage":0,"enemies":"Shell Parasite","floor":20,"turns":2},{"damage":0,"enemies":"Snecko","floor":21,"turns":2},{"damage":0,"enemies":"theDuelist:KaibaA2","floor":23,"turns":1},{"damage":14,"enemies":"Centurion and Healer","floor":24,"turns":6},{"damage":19,"enemies":"Replay:Snechameleon","floor":25,"turns":3},{"damage":0,"enemies":"Snake Plant","floor":30,"turns":2},{"damage":15,"enemies":"conspire:MysteriousRune","floor":33,"turns":6},{"damage":36,"enemies":"3 Darklings","floor":35,"turns":3},{"damage":0,"enemies":"Orb Walker","floor":38,"turns":2},{"damage":0,"enemies":"Writhing Mass","floor":39,"turns":4},{"damage":32,"enemies":"R_Hoarder","floor":40,"turns":6},{"damage":29,"enemies":"Nemesis","floor":42,"turns":3},{"damage":76,"enemies":"Transient","floor":44,"turns":9}],"seed_played":"-624900447550130879","potions_obtained":[{"floor":1,"key":"DuplicationPotion"},{"floor":12,"key":"Block Potion"},{"floor":18,"key":"DuplicationPotion"},{"floor":23,"key":"PowerPotion"},{"floor":30,"key":"Dexterity Potion"},{"floor":40,"key":"Ancient Potion"},{"floor":42,"key":"Adrenaline Potion"}],"is_trial":false,"path_per_floor":["M","?","M","?","?","R","E","R","T","$","M","M","?","E","R","B",null,"M","?","M","M","?","E","M","E","T","$","?","R","M","?","R","B",null,"M","?","?","M","M","E","$","E","T","M"],"character_chosen":"CHLOE","items_purchased":["PrismaMod:ChloeCommonAOEAttack","Whetstone","FossilizedHelix","PrismaMod:ChloeEyeOfTheEuryale","DuplicationPotion","PreservedInsect","Replay:Kaleidoscope"],"campfire_rested":2,"item_purchase_floors":[10,10,27,41,41,41,41],"current_hp_per_floor":[75,75,74,44,44,66,36,36,36,36,36,48,48,48,48,75,75,65,65,65,65,65,65,53,46,46,46,46,46,46,32,56,45,80,44,34,34,46,48,41,41,40,40,0,0],"gold":137,"neow_bonus":"REMOVE_CARD","is_daily":false,"chose_seed":false,"campfire_upgraded":3,"win_rate":0.0,"timestamp":1607634669,"path_taken":["M","?","M","?","?","R","E","R","T","$","M","?","?","E","R","BOSS","M","?","M","M","?","E","M","E","T","$","?","R","M","?","R","BOSS","M","?","?","M","M","E","$","E","T","M"],"build_version":"2020-11-30","purchased_purges":2,"victory":false,"max_hp_per_floor":[75,75,75,75,75,75,75,75,75,75,75,75,75,75,75,75,75,75,75,75,75,75,75,75,75,75,75,75,75,75,80,80,80,80,80,80,80,80,80,80,77,91,91,91,91],"card_choices":[{"not_picked":["PrismaMod:ChloeUncommonDefend","PrismaMod:ChloeCheapDefendTwo"],"picked":"PrismaMod:ChloeCheapDefend","floor":1},{"not_picked":["PrismaMod:ChloeDiscardRecovery","PrismaMod:ChloeCheapDefendTwo"],"picked":"PrismaMod:ChloeExcalibur","floor":3},{"not_picked":["PrismaMod:ChloeCheapAttack","PrismaMod:ChloeUncommonAOEAttack"],"picked":"PrismaMod:ChloeExcalibur","floor":4},{"not_picked":["PrismaMod:ChloeCheapDefendTwo","PrismaMod:ChloeCheapAttack"],"picked":"PrismaMod:ChloeRhongomyniad","floor":4},{"not_picked":["PrismaMod:ChloeAnyRareTrace","PrismaMod:ChloeCheapDefend"],"picked":"PrismaMod:ChloeRhongomyniad","floor":7},{"not_picked":["PrismaMod:ChloeCheapDefendTwo","PrismaMod:ChloeUncommonAOEAttack"],"picked":"PrismaMod:ChloeEyeOfTheEuryale","floor":11},{"not_picked":["PrismaMod:ChloeCheapAttackTwo","PrismaMod:ChloeExhaustOne"],"picked":"PrismaMod:ChloeCheapAttack","floor":12},{"not_picked":["PrismaMod:ChloeCaladbolg","PrismaMod:ChloeCheapDefendTwo"],"picked":"PrismaMod:ChloeCheapAttackTwo","floor":13},{"not_picked":["PrismaMod:ChloeUncommonAOEAttack","PrismaMod:ChloeCheapDefend"],"picked":"PrismaMod:ChloeCheapAttack","floor":14},{"not_picked":["PrismaMod:ChloeAnySkillTrace","PrismaMod:ChloeGreatTracePools"],"picked":"PrismaMod:ChloeAnyAttackTrace","floor":16},{"not_picked":["PrismaMod:ChloeCaladbolg","PrismaMod:ChloeCheapDefendTwo"],"picked":"PrismaMod:ChloeCheapAttackTwo+1","floor":18},{"not_picked":["PrismaMod:ChloeRhongomyniad","PrismaMod:ChloeCheapDefendTwo+1","PrismaMod:ChloeCommonAOEAttack"],"picked":"SKIP","floor":20},{"not_picked":["PrismaMod:ChloeAnyPowerTrace","PrismaMod:ChloeCheapDefendTwo+1"],"picked":"PrismaMod:ChloeCheapDefend","floor":21},{"not_picked":["PrismaMod:ChloeAnyPowerTrace","PrismaMod:ChloeCommonAOEAttack","PrismaMod:ChloeCheapAttackTwo"],"picked":"SKIP","floor":23},{"not_picked":["PrismaMod:ChloeRhongomyniad","PrismaMod:ChloeDiscardRecovery","PrismaMod:ChloeExhaustTwo"],"picked":"SKIP","floor":24},{"not_picked":["PrismaMod:ChloeCommonAOEAttack+1","PrismaMod:ChloeAnySkillTrace","PrismaMod:ChloeDiscardRecovery"],"picked":"SKIP","floor":25},{"not_picked":["PrismaMod:ChloeCommonAOEAttack+1","PrismaMod:ChloeCheapAttack","PrismaMod:ChloeBetterTracePools"],"picked":"SKIP","floor":30},{"not_picked":["PrismaMod:ChloeDiscardRecovery","PrismaMod:ChloeExhaustOne+1","PrismaMod:ChloeCheapDefendTwo"],"picked":"SKIP","floor":35},{"not_picked":["PrismaMod:ChloeUncommonAOEAttack+1","PrismaMod:ChloeMaid","PrismaMod:ChloeExhaustOne+1"],"picked":"SKIP","floor":38},{"not_picked":["PrismaMod:ChloeExhaustOne+1","PrismaMod:ChloeExcalibur"],"picked":"PrismaMod:ChloeCheapAttack+1","floor":39},{"not_picked":["PrismaMod:ChloeCarnivalAttack","PrismaMod:ChloeCaladbolg+1"],"picked":"PrismaMod:ChloeRuleBreaker+1","floor":40},{"not_picked":["PrismaMod:ChloeExhaustTwo+1","PrismaMod:ChloeAnySkillTrace"],"picked":"PrismaMod:ChloeCheapDefend+1","floor":42}],"player_experience":223792,"relics_obtained":[{"floor":4,"key":"Replay:Bandana"},{"floor":7,"key":"Meat on the Bone"},{"floor":9,"key":"Happy Flower"},{"floor":13,"key":"Odd Mushroom"},{"floor":14,"key":"Mercury Hourglass"},{"floor":23,"key":"Mirror"},{"floor":25,"key":"Juzu Bracelet"},{"floor":40,"key":"Smiling Mask"},{"floor":42,"key":"Mango"},{"floor":43,"key":"conspire:DeflatedDodgeball"}],"event_choices":[{"damage_healed":0,"gold_gain":0,"player_choice":"Fought Mushrooms","damage_taken":0,"max_hp_gain":0,"max_hp_loss":0,"event_name":"Mushrooms","floor":13,"gold_loss":0},{"damage_healed":0,"gold_gain":100,"player_choice":"Pray","damage_taken":0,"max_hp_gain":0,"max_hp_loss":0,"event_name":"Golden Shrine","floor":19,"gold_loss":0},{"cards_removed":["PrismaMod:ChloeMaid"],"damage_healed":0,"gold_gain":0,"player_choice":"Give","damage_taken":0,"max_hp_gain":0,"max_hp_loss":0,"event_name":"betterNote:BetterNote","floor":22,"gold_loss":0,"cards_obtained":["None"]},{"damage_healed":0,"gold_gain":0,"player_choice":"Ignored","damage_taken":0,"max_hp_gain":0,"max_hp_loss":0,"event_name":"Vampires","floor":28,"gold_loss":0},{"damage_healed":0,"gold_gain":0,"player_choice":"Shed Blood","damage_taken":19,"max_hp_gain":5,"max_hp_loss":0,"event_name":"Forgotten Altar","floor":31,"gold_loss":0},{"damage_healed":0,"gold_gain":0,"player_choice":"Embrace Madness","damage_taken":10,"max_hp_gain":0,"max_hp_loss":0,"event_name":"Winding Halls","floor":36,"gold_loss":0,"cards_obtained":["Madness","Madness"]},{"cards_removed":["Madness"],"damage_healed":0,"gold_gain":0,"player_choice":"Gave Card","damage_taken":0,"relics_obtained":["Replay:Arrowhead"],"max_hp_gain":0,"max_hp_loss":0,"event_name":"WeMeetAgain","floor":37,"gold_loss":0}],"is_beta":false,"boss_relics":[{"not_picked":["relicPack:StarArrow","SacredBark"],"picked":"Pandora\u0027s Box"},{"not_picked":["Runic Dome","hubris:BlackHole"],"picked":"Philosopher\u0027s Stone"}],"items_purged_floors":[27,41],"is_endless":false,"potions_floor_spawned":[1,12,13,14,18,23,30,35,40,42],"killed_by":"Transient","ascension_level":0}}