{"host":"qvzwftlm72dh2ckx","time":1607636363,"event":{"mods":["BaseMod","StSLib","Colored Map","Minty Spire (QoL Compilation)","Rare Cards Sparkle","AchievementEnabler","Better Altar","Better Match","Better Note","Better Sensory Stone","Better Skull","Better Third Choice","Spicy Shops","The Servant 0.9.4"],"gold_per_floor":[110,125,125,139,151,151,30,50,73,33,33,63,78,78,78,180,180,192,32,307,26,44,12,42,61,61,61,61,74,74,94,94,189,189,199,72,72,83,101,101,113,113,113],"floor_reached":42,"playtime":3353,"items_purged":["Regret"],"score":420,"play_id":"3e63c551-0aab-4955-b4f4-ee36e18af2e7","local_time":"20201210223923","is_ascension_mode":false,"campfire_choices":[{"data":"FanOfKnives","floor":6,"key":"SMITH"},{"floor":11,"key":"REST"},{"floor":15,"key":"REST"},{"floor":28,"key":"REST"},{"data":"BestPractice","floor":30,"key":"SMITH"},{"floor":32,"key":"REST"},{"floor":40,"key":"REST"}],"circlet_count":0,"master_deck":["Strike_S","Strike_S","Strike_S","Defend_S","Defend_S","Defend_S","KidneyShot","Exchange","Rewind","Potential","FanOfKnives+1","Misdirection","Moonlight","Luminosity","Shuttle","Solidify","Rearm","Sunlight","Revamp+1","Panacea","Foresight","Snipe","SilverBlades","Rearm","Rearm","Ricochet+1","BestPractice+1","KillingDoll","Defy","Spin","BestPractice","ForgedInTime","Barrier"],"relics":["SplendidAttire","Ancient Tea Set","Bag of Marbles","Membership Card","Art of War","Pen Nib","Runic Pyramid"],"acts_visited":["Exordium","TheCity","TheBeyond"],"potions_floor_usage":[12,12,16,16,24,33,33,39],"damage_taken":[{"damage":7,"enemies":"Small Slimes","floor":1,"turns":4},{"damage":0,"enemies":"Cultist","floor":2,"turns":4},{"damage":4,"enemies":"Jaw Worm","floor":4,"turns":4},{"damage":10,"enemies":"Exordium Thugs","floor":5,"turns":2},{"damage":7,"enemies":"Blue Slaver","floor":8,"turns":3},{"damage":19,"enemies":"3 Sentries","floor":12,"turns":11},{"damage":3,"enemies":"Looter","floor":13,"turns":3},{"damage":16,"enemies":"Slime Boss","floor":16,"turns":9},{"damage":9,"enemies":"Shell Parasite","floor":18,"turns":4},{"damage":5,"enemies":"3 Byrds","floor":22,"turns":3},{"damage":11,"enemies":"Book of Stabbing","floor":24,"turns":4},{"damage":30,"enemies":"Snake Plant","floor":25,"turns":4},{"damage":0,"enemies":"3 Cultists","floor":29,"turns":1},{"damage":0,"enemies":"Centurion and Healer","floor":31,"turns":3},{"damage":18,"enemies":"Collector","floor":33,"turns":4},{"damage":14,"enemies":"3 Darklings","floor":35,"turns":3},{"damage":0,"enemies":"Orb Walker","floor":38,"turns":2},{"damage":30,"enemies":"Transient","floor":39,"turns":5},{"damage":4,"enemies":"3 Darklings","floor":41,"turns":2},{"damage":46,"enemies":"4 Shapes","floor":42,"turns":2}],"seed_played":"-1012292110049754444","potions_obtained":[{"floor":1,"key":"DistilledChaos"},{"floor":5,"key":"Weak Potion"},{"floor":12,"key":"FearPotion"},{"floor":13,"key":"Weak Potion"},{"floor":18,"key":"FearPotion"},{"floor":24,"key":"LiquidMemories"},{"floor":29,"key":"Strength Potion"},{"floor":33,"key":"EssenceOfSteel"},{"floor":35,"key":"CultistPotion"},{"floor":37,"key":"DuplicationPotion"},{"floor":37,"key":"Explosive Potion"},{"floor":39,"key":"ColorlessPotion"},{"floor":41,"key":"Dexterity Potion"}],"is_trial":false,"path_per_floor":["M","M","?","M","M","R","$","M","T","$","R","E","M","?","R","B",null,"M","$","?","$","M","$","E","M","T","?","R","M","R","M","R","B",null,"M","$","?","M","M","R","M","M"],"character_chosen":"THE_SERVANT","items_purchased":["Moonlight","Luminosity","Shuttle","Panacea","Foresight","Membership Card","Snipe","SilverBlades","Rearm","Defy","Spin","BestPractice"],"campfire_rested":5,"item_purchase_floors":[7,7,10,19,19,21,21,21,23,36,36,36],"current_hp_per_floor":[64,64,64,60,50,50,50,43,43,43,64,45,42,42,63,47,71,62,62,62,62,57,57,46,16,16,16,37,37,37,37,58,40,71,57,57,57,57,27,48,44,0,0],"gold":113,"neow_bonus":"TEN_PERCENT_HP_BONUS","is_daily":false,"chose_seed":false,"campfire_upgraded":2,"win_rate":0.0,"timestamp":1607636363,"path_taken":["M","M","?","M","M","R","$","?","T","$","R","E","M","?","R","BOSS","M","$","?","$","M","?","E","M","T","?","R","M","R","M","R","BOSS","M","$","?","M","?","R","M","M"],"build_version":"2020-11-30","purchased_purges":1,"victory":false,"max_hp_per_floor":[71,71,71,71,71,71,71,71,71,71,71,71,71,71,71,71,71,71,71,71,71,71,71,71,71,71,71,71,71,71,71,71,71,71,71,71,71,71,71,71,71,71,71],"card_choices":[{"not_picked":["Advance","Spin"],"picked":"Rewind","floor":1},{"not_picked":["Advance","Revamp"],"picked":"Potential","floor":2},{"not_picked":["BottledTime","DoubleEdge"],"picked":"FanOfKnives","floor":4},{"not_picked":["ShatteredReality","Ricochet"],"picked":"Misdirection","floor":5},{"not_picked":["Misdirection","Revamp","DoubleEdge"],"picked":"SKIP","floor":8},{"not_picked":["FastForward","Read"],"picked":"Solidify","floor":12},{"not_picked":["Revamp","Alleviate"],"picked":"Rearm","floor":13},{"not_picked":["Dilation","Solidify"],"picked":"Sunlight","floor":16},{"not_picked":["Collapse","TimeWarp"],"picked":"Revamp+1","floor":18},{"not_picked":["SilverBlades","Replace"],"picked":"Rearm","floor":22},{"not_picked":["Starlight","Alleviate","Replace"],"picked":"SKIP","floor":24},{"not_picked":["Rewind","Alleviate"],"picked":"Ricochet+1","floor":25},{"not_picked":["Misdirection","Spin"],"picked":"BestPractice","floor":29},{"not_picked":["DoubleEdge","Deny","Luminosity"],"picked":"SKIP","floor":31},{"not_picked":["Duplication","LightFlow"],"picked":"KillingDoll","floor":33},{"not_picked":["Revamp","Rearm","ShatteredReality"],"picked":"SKIP","floor":35},{"not_picked":["Unruled","Advance","WasteNot"],"picked":"SKIP","floor":38},{"not_picked":["Rearm","ShatteredReality"],"picked":"ForgedInTime","floor":39},{"not_picked":["Replace+1","Potential"],"picked":"Barrier","floor":41}],"player_experience":87552,"relics_obtained":[{"floor":9,"key":"Ancient Tea Set"},{"floor":12,"key":"Bag of Marbles"},{"floor":24,"key":"Art of War"},{"floor":26,"key":"Pen Nib"}],"event_choices":[{"cards_removed":["Strike_S"],"damage_healed":0,"gold_gain":0,"player_choice":"Offered Basic","damage_taken":0,"max_hp_gain":0,"max_hp_loss":0,"event_name":"Bonfire Elementals","floor":3,"gold_loss":0},{"damage_healed":0,"gold_gain":0,"player_choice":"Ignored","damage_taken":0,"max_hp_gain":0,"max_hp_loss":0,"event_name":"betterNote:BetterNote","floor":14,"gold_loss":0,"cards_obtained":["Burst"]},{"damage_healed":0,"gold_gain":275,"player_choice":"Desecrate","damage_taken":0,"max_hp_gain":0,"max_hp_loss":0,"event_name":"Golden Shrine","floor":20,"gold_loss":0,"cards_obtained":["Regret"]},{"cards_removed":["Defend_S"],"damage_healed":0,"gold_gain":0,"player_choice":"Elegance","damage_taken":0,"max_hp_gain":0,"max_hp_loss":0,"event_name":"betterThird:BetterWriting","floor":27,"gold_loss":0},{"damage_healed":0,"gold_gain":0,"player_choice":"Got Potions","damage_taken":0,"max_hp_gain":0,"max_hp_loss":0,"event_name":"Lab","floor":37,"gold_loss":0}],"is_beta":false,"boss_relics":[{"not_picked":["MysterySword","Velvet Choker"],"picked":"SplendidAttire"},{"not_picked":["Calling Bell","Astrolabe"],"picked":"Runic Pyramid"}],"items_purged_floors":[21],"is_endless":false,"potions_floor_spawned":[1,5,12,13,18,24,29,33,35,39,41],"killed_by":"4 Shapes","ascension_level":0}}