{"host":"qljq6nt1bltq73k9","time":1607576110,"event":{"gold_per_floor":[111,111,111,99005,99025,99055,99066,99066,99146,99157,98268,98303,97249,97267,97267,97368,97368,97308,96292,96292,96303,96318,96318,95495,95495,95495,95509,95509,95523,94515,94515,94515,94515,94515,94619,94619,94635,94595,93650,93662,93677,93689,92499,92499,92523,92523,92535,92535,92535,91712,91712,91712,91712],"floor_reached":52,"playtime":3368,"items_purged":["Strike_G","Defend_G","Strike_G","Strike_G","Strike_G","Strike_G","Writhe","Survivor","Defend_G+2"],"score":585,"play_id":"88ce51fa-9fe5-4f20-9394-0ed0f622d034","local_time":"20201210125510","is_ascension_mode":false,"campfire_choices":[{"data":"Replay:SS_hec_1","floor":8,"key":"SMITH"},{"floor":15,"key":"DIG"},{"floor":23,"key":"DIG"},{"floor":25,"key":"DIG"},{"floor":34,"key":"DIG"},{"floor":48,"key":"DIG"},{"floor":51,"key":"DIG"}],"neow_cost":"","seed_source_timestamp":853995180646500,"circlet_count":0,"master_deck":["ReplayTheSpireMod:Speed Training+1","Infinite Blades+1","All Out Attack","Replay:SS_hec_1+1","Blade Dance","VoidDream","Caltrops","ReplayTheSpireMod:Shiv Toss","Noxious Fumes","Atom Bomb","Sneak Up","Poison Darts","Thinking Ahead","Mercenary","Noxious Fumes","Poisoned Strike","Magnetism","Magnetism","Replay:SS_forest_2","OSAHOGD","Storm of Steel","BigBadWolf","Adrenaline","RedShoes","Outmaneuver+1","Quick Slash+1","Cloak And Dagger+1","Envenom","Toxin Wave","FieryBird","Prepared","Fluid Movement","Fluid Movement","expansioncontent:Corrupt","Storm of Steel","GreedKing","Cloak And Dagger","Accuracy","Backflip+1","Blade Dance","ReplayTheSpireMod:Scrap Shanks","LongBird","Cloak And Dagger+1","Caltrops","Caltrops","expansioncontent:QuickStudy+1","PiercingWail","Madness","Madness"],"relics":["Ring of the Snake","CogitoBucket","RabbitCall","Ornamental Fan","Pet Ghost","Guide Book","Bag of Preparation","HornCleat","Shovel","BargainBundle","Ninja Scroll","Blue Doll","TungstenRod","Orichalcum","ReplayTheSpireMod:ShopPack","LuminousBracelet","ReplayTheSpireMod:TigerMarble","sneckomod:SneckoTalon","The Specimen","Eternal Feather","Toolbox","Happy Flower","Pantograph","PreservedInsect","ReplayTheSpireMod:Ninjato","Lantern","Garlic","TreeSap","Onion Ring","ReplayTheSpireMod:Lightbulb","Chemical X","sneckomod:BlankCard","Honey Jar","Bird Faced Urn","Simple Rune","Lee\u0027s Waffle","AtMidnight","Blood Vial","Calipers","Sling","Golden Egg","Bag of Marbles","Regal Pillow","Oddly Smooth Stone","Replay:Bottled Snecko","TheAbacus","Divine Protection"],"potions_floor_usage":[6,14,16,16,22,22,38,41,41,52,52,52,52],"damage_taken":[{"damage":7,"enemies":"Small Slimes","floor":1,"turns":6},{"damage":0,"enemies":"Jaw Worm","floor":5,"turns":4},{"damage":4,"enemies":"Replay:BlueRogue","floor":6,"turns":8},{"damage":0,"enemies":"Cultist","floor":7,"turns":3},{"damage":4,"enemies":"Red Slaver","floor":10,"turns":4},{"damage":33,"enemies":"Lagavulin","floor":12,"turns":6},{"damage":6,"enemies":"Exordium Thugs","floor":14,"turns":3},{"damage":23,"enemies":"The Guardian","floor":16,"turns":10},{"damage":13,"enemies":"2 Thieves","floor":18,"turns":4},{"damage":0,"enemies":"Shell Parasite","floor":21,"turns":3},{"damage":3,"enemies":"Shelled Parasite and Fungi","floor":22,"turns":5},{"damage":3,"enemies":"Snecko","floor":27,"turns":4},{"damage":2,"enemies":"Cultist and Chosen","floor":29,"turns":2},{"damage":21,"enemies":"Pondfish","floor":35,"turns":6},{"damage":2,"enemies":"3 Darklings","floor":37,"turns":3},{"damage":1,"enemies":"Orb Walker","floor":40,"turns":1},{"damage":37,"enemies":"Jaw Worm Horde","floor":41,"turns":4},{"damage":8,"enemies":"Writhing Mass","floor":42,"turns":2},{"damage":2,"enemies":"Sphere and 2 Shapes","floor":47,"turns":2},{"damage":145,"enemies":"Replay:Hell Engine","floor":52,"turns":7}],"seed_played":"-1166514185972347080","potions_obtained":[{"floor":6,"key":"BlessingOfTheForge"},{"floor":16,"key":"LiquidMemories"},{"floor":38,"key":"Fruit Juice"},{"floor":38,"key":"EssenceOfSteel"},{"floor":38,"key":"Strength Potion"},{"floor":40,"key":"Fire Potion"}],"is_trial":false,"path_per_floor":["M","?","?","$","M","E","M","R","T","M","$","E","$","M","R","B",null,"M","$","?","M","M","R","$","R","T","M","?","M","$","PTL","PTL","?","R","B",null,"M","?","$","M","M","M","$","T","T","?","M","R","?","$","R","B"],"character_chosen":"THE_SILENT","items_purchased":["Dexterity Potion","Ornamental Fan","Pet Ghost","Infinite Blades","All Out Attack","GhostInAJar","BlessingOfTheForge","Replay:SS_hec_1","Guide Book","Shovel","BargainBundle","Ninja Scroll","Noxious Fumes","Atom Bomb","Sneak Up","Poison Darts","Strength Potion","Thinking Ahead","TungstenRod","Orichalcum","Noxious Fumes","Flashbang","Poisoned Strike","ReplayTheSpireMod:ShopPack","The Specimen","Eternal Feather","Toolbox","DuplicationPotion","LifebloodPotion","Quick Slash+1","PreservedInsect","ReplayTheSpireMod:Ninjato","Envenom","Toxin Wave","Toxic Potion","Onion Ring","ReplayTheSpireMod:Lightbulb","Chemical X","Fluid Movement","expansioncontent:Corrupt","Bird Faced Urn","Accuracy","Simple Rune","Lee\u0027s Waffle","Backflip+1","Blood Vial","Calipers","Sling","Caltrops","expansioncontent:QuickStudy+1","Cursed Concoction","Ancient Potion","Oddly Smooth Stone","Replay:Bottled Snecko","TheAbacus"],"campfire_rested":0,"item_purchase_floors":[4,4,4,4,4,4,4,4,4,11,11,11,11,11,11,11,11,11,13,13,13,13,13,13,19,19,19,19,19,19,24,24,24,24,24,30,30,30,30,30,39,39,39,39,39,43,43,43,43,43,43,43,50,50,50],"current_hp_per_floor":[63,49,49,49,49,45,45,45,45,41,41,8,8,17,17,31,85,78,78,78,78,76,82,82,82,82,82,82,82,82,82,82,82,82,64,82,81,86,94,93,69,65,65,65,65,65,76,94,83,83,94,0,0],"gold":91712,"neow_bonus":"","is_prod":false,"is_daily":false,"chose_seed":false,"campfire_upgraded":1,"win_rate":0,"timestamp":1607576110,"path_taken":["M","?","?","$","?","E","M","R","T","M","$","E","$","M","R","BOSS","M","$","?","M","M","R","$","R","T","M","?","M","$","PTL","PTL","?","R","BOSS","M","?","$","?","M","M","$","?","T","?","M","R","?","?","R","BOSS"],"build_version":"2020-11-30","purchased_purges":9,"victory":false,"max_hp_per_floor":[70,70,70,70,70,70,70,70,70,70,70,70,70,85,85,85,85,82,82,82,82,82,82,82,82,82,82,82,82,82,82,82,82,82,82,82,82,87,94,94,94,94,94,94,94,94,94,94,94,94,94,94,94],"card_choices":[{"not_picked":["GreedKing","MeatLantern","CrumblingArmor"],"picked":"Singing Bowl","floor":1},{"not_picked":["Dagger Throw","Cloak And Dagger"],"picked":"ReplayTheSpireMod:Speed Training","floor":1},{"not_picked":["CrumblingArmor","DreamingCurrent","MHz"],"picked":"Singing Bowl","floor":5},{"not_picked":["Underhanded Strike","Prepared"],"picked":"Blade Dance","floor":5},{"not_picked":["GalaxyChild","CrumblingArmor","FairyFestival"],"picked":"Singing Bowl","floor":6},{"not_picked":["WallGazer","MHz"],"picked":"VoidDream","floor":6},{"not_picked":["Heel Hook","Acrobatics"],"picked":"Caltrops","floor":6},{"not_picked":["DreamingCurrent","Bloodbath"],"picked":"WallGazer","floor":7},{"not_picked":["Backstab","Slice"],"picked":"ReplayTheSpireMod:Shiv Toss","floor":7},{"not_picked":["MeatLantern","Woodsman","BigBird"],"picked":"Singing Bowl","floor":10},{"not_picked":["Slice","Deflect"],"picked":"Underhanded Strike","floor":10},{"not_picked":["ShyLook","HeroicMonk"],"picked":"Mercenary","floor":12},{"not_picked":["Setup","Calculated Gamble"],"picked":"Blade Dance","floor":12},{"not_picked":["The Bomb","ReplayUltimateDefense"],"picked":"Magnetism","floor":13},{"not_picked":["expansioncontent:HyperBeam","Replay:Sssssssssstrike"],"picked":"Magnetism","floor":13},{"not_picked":["Swift Strike","ReplayTheSpireMod:Uncanny Aura"],"picked":"Replay:SS_forest_2","floor":13},{"not_picked":["Wellcheers","Scorched","SpiderBud"],"picked":"Singing Bowl","floor":14},{"not_picked":["HeroicMonk","FairyFestival"],"picked":"OSAHOGD","floor":14},{"not_picked":["Backflip","Underhanded Strike"],"picked":"Storm of Steel","floor":14},{"not_picked":["MHz","OldLady"],"picked":"BigBadWolf","floor":16},{"not_picked":["Tools of the Trade","Grand Finale"],"picked":"Adrenaline","floor":16},{"not_picked":["MeatLantern","Wellcheers","MHz"],"picked":"Singing Bowl","floor":18},{"not_picked":["HappyTeddy","Funeral"],"picked":"RedShoes","floor":18},{"not_picked":["Endless Agony","Bane+1"],"picked":"Outmaneuver+1","floor":18},{"not_picked":["ShyLook","Scorched","HeroicMonk"],"picked":"Singing Bowl","floor":21},{"not_picked":["Draining Mist","Deflect+1"],"picked":"Cloak And Dagger+1","floor":21},{"not_picked":["Scorched","SpiderBud","CherryBlossoms"],"picked":"Singing Bowl","floor":22},{"not_picked":["Skewer","Escape Plan","Slice"],"picked":"SKIP","floor":22},{"not_picked":["QueenOfHatred","LaLuna","PunishingBird"],"picked":"Singing Bowl","floor":27},{"not_picked":["DreamingCurrent","Woodsman"],"picked":"FieryBird","floor":27},{"not_picked":["Slice","Infinite Blades"],"picked":"Prepared","floor":27},{"not_picked":["Scorched","MeatLantern","FairyFestival"],"picked":"Singing Bowl","floor":29},{"not_picked":["Draining Mist+1","Flying Knee","Deadly Poison"],"picked":"SKIP","floor":29},{"not_picked":["Laetitia","Rudolta","Alriune"],"picked":"Singing Bowl","floor":35},{"not_picked":["Night Terror","Burst"],"picked":"Storm of Steel","floor":35},{"not_picked":["LittleHelper","BigBird"],"picked":"GreedKing","floor":37},{"not_picked":["Tactician","Deflect","Sucker Punch"],"picked":"Cloak And Dagger","floor":37},{"not_picked":["CENSORED","DespairKnight","LittleHelper"],"picked":"Singing Bowl","floor":40},{"not_picked":["Bouncing Flask","Prepared","Reflex+1"],"picked":"Blade Dance","floor":40},{"not_picked":["Bloodbath","Laetitia","GalaxyChild"],"picked":"Singing Bowl","floor":41},{"not_picked":["Slice","Underhanded Strike+1","ReplayTheSpireMod:Tripwire+1"],"picked":"ReplayTheSpireMod:Scrap Shanks","floor":41},{"not_picked":["FairyFestival","Scorched"],"picked":"LongBird","floor":42},{"not_picked":["ReplayTheSpireMod:Exploit Weakness","Fluid Movement","Prepared"],"picked":"Cloak And Dagger+1","floor":42},{"not_picked":["Woodsman","BigBird","BodiesMountain"],"picked":"Singing Bowl","floor":47},{"not_picked":["Concentrate+1","Deflect+1","Replay:Poison Smokescreen"],"picked":"PiercingWail","floor":47}],"player_experience":348399,"relics_obtained":[{"floor":6,"key":"Bag of Preparation"},{"floor":9,"key":"HornCleat"},{"floor":12,"key":"Blue Doll"},{"floor":15,"key":"ReplayTheSpireMod:TigerMarble"},{"floor":23,"key":"Pantograph"},{"floor":25,"key":"Lantern"},{"floor":26,"key":"Garlic"},{"floor":34,"key":"sneckomod:BlankCard"},{"floor":41,"key":"AtMidnight"},{"floor":44,"key":"Golden Egg"},{"floor":45,"key":"Bag of Marbles"},{"floor":48,"key":"Regal Pillow"},{"floor":51,"key":"Divine Protection"}],"event_choices":[{"damage_healed":0,"gold_gain":0,"player_choice":"Entered Light","damage_taken":14,"max_hp_gain":0,"max_hp_loss":0,"event_name":"Shining Light","floor":2,"gold_loss":0,"cards_upgraded":["Defend_G","Defend_G"]},{"cards_removed":["Defend_G"],"damage_healed":0,"gold_gain":0,"player_choice":"Purged","damage_taken":0,"max_hp_gain":0,"max_hp_loss":0,"event_name":"Purifier","floor":3,"gold_loss":0},{"damage_healed":0,"gold_gain":0,"player_choice":"Opened","damage_taken":0,"relics_obtained":["Happy Flower"],"max_hp_gain":0,"max_hp_loss":0,"event_name":"The Mausoleum","floor":20,"gold_loss":0,"cards_obtained":["Writhe"]},{"cards_removed":["Defend_G"],"damage_healed":0,"gold_gain":0,"player_choice":"Elegance","damage_taken":0,"max_hp_gain":0,"max_hp_loss":0,"event_name":"Back to Basics","floor":28,"gold_loss":0},{"damage_healed":0,"gold_gain":0,"player_choice":"Ignored","damage_taken":0,"max_hp_gain":0,"max_hp_loss":0,"event_name":"Vampires","floor":33,"gold_loss":0},{"damage_healed":0,"gold_gain":0,"player_choice":"Bought 3 Potions","damage_taken":0,"max_hp_gain":0,"max_hp_loss":0,"event_name":"The Woman in Blue","floor":38,"gold_loss":0},{"cards_removed":["Neutralize"],"damage_healed":0,"gold_gain":0,"player_choice":"Removed Attack","damage_taken":0,"max_hp_gain":0,"max_hp_loss":0,"event_name":"Falling","floor":46,"gold_loss":0},{"damage_healed":0,"gold_gain":0,"player_choice":"Embrace Madness","damage_taken":12,"max_hp_gain":0,"max_hp_loss":0,"event_name":"Winding Halls","floor":49,"gold_loss":0,"cards_obtained":["Madness","Madness"]}],"is_beta":false,"boss_relics":[{"not_picked":["Snecko Scales","Sozu"],"picked":"sneckomod:SneckoTalon"},{"not_picked":["Tiny House","Busted Crown"],"picked":"Honey Jar"}],"items_purged_floors":[4,11,13,19,24,30,39,43,50],"is_endless":false,"potions_floor_spawned":[6,10,12,16,22,29,40],"killed_by":"Replay:Hell Engine","ascension_level":0}}