{"host":"6dq5cacqmvs00yuc","time":1607578285,"event":{"gold_per_floor":[109,109,125,145,145,173,192,209,209,241,241,55,55,19,19,19,19],"floor_reached":16,"playtime":643,"items_purged":["Hallucinations"],"score":189,"play_id":"403c26e1-de52-490d-a165-c9286c59396e","local_time":"20201209233125","is_ascension_mode":true,"campfire_choices":[{"data":"Zap","floor":13.0,"key":"SMITH"},{"data":"Dualcast","floor":15.0,"key":"SMITH"}],"neow_cost":"TEN_PERCENT_HP_LOSS","seed_source_timestamp":468537265500700,"circlet_count":0,"master_deck":["Strike_B","Strike_B","Defend_B","Defend_B","Defend_B","Defend_B","Zap+1","Dualcast+1","Stack","Time Bomb","Doom and Gloom","Reboot","Buffer+1","Hologram","ReplayTheSpireMod:Calculation Training","Barrage","Conserve Battery","Fission+1","ReplayTheSpireMod:Calculation Training"],"special_seed":0,"relics":["Cracked Core","Ring of Peace","ReplayTheSpireMod:Ring of Challenge","Peace Pipe","Vajra","Centennial Puzzle","Golden Idol"],"potions_floor_usage":[],"damage_taken":[{"damage":4.0,"enemies":"Cultist","floor":1.0,"turns":5.0},{"damage":2.0,"enemies":"Jaw Worm","floor":3.0,"turns":5.0},{"damage":0.0,"enemies":"Small Slimes","floor":4.0,"turns":3.0},{"damage":0.0,"enemies":"Lagavulin","floor":6.0,"turns":4.0},{"damage":0.0,"enemies":"Blue Slaver","floor":7.0,"turns":3.0},{"damage":10.0,"enemies":"Gremlin Gang","floor":8.0,"turns":3.0},{"damage":15.0,"enemies":"3 Sentries","floor":10.0,"turns":6.0},{"damage":0,"enemies":"Hexaghost","floor":16,"turns":1}],"seed_played":"1490206917995602103","potions_obtained":[{"floor":1.0,"key":"DuplicationPotion"},{"floor":6.0,"key":"PotionOfCapacity"},{"floor":8.0,"key":"PowerPotion"}],"is_trial":false,"path_per_floor":["M","?","M","M","?","E","M","M","T","E","?","$","R","$","R","B"],"character_chosen":"DEFECT","items_purchased":["Fission+1","ReplayTheSpireMod:Calculation Training"],"campfire_rested":0,"item_purchase_floors":[12,14],"current_hp_per_floor":[64,64,62,68,68,68,68,58,58,43,43,43,43,43,43,43,43],"gold":19,"neow_bonus":"TRANSFORM_TWO_CARDS","is_prod":false,"is_daily":false,"chose_seed":false,"campfire_upgraded":2,"win_rate":0,"timestamp":1607578285,"path_taken":["M","?","M","M","?","E","M","M","T","E","?","$","R","?","R","BOSS"],"build_version":"2020-11-30","purchased_purges":1,"victory":false,"max_hp_per_floor":[68,68,68,68,68,68,68,68,68,68,63,63,63,63,63,63,63],"card_choices":[{"not_picked":["Conserve Battery","Stack"],"picked":"Doom and Gloom","floor":1.0},{"not_picked":["Stack","Gash"],"picked":"Double Energy","floor":3.0},{"not_picked":["Go for the Eyes","FIFO Queue"],"picked":"Reboot","floor":4.0},{"not_picked":["Gash","ReplaySort"],"picked":"Hologram","floor":6.0},{"not_picked":["ReplayTheSpireMod:GoodbyeWorld","Darkness"],"picked":"ReplayTheSpireMod:Calculation Training","floor":7.0},{"not_picked":["Force Field","Turbo"],"picked":"Barrage","floor":8.0},{"not_picked":["BasicCrystalCard","ReplayGash"],"picked":"Conserve Battery","floor":10.0}],"player_experience":717557,"relics_obtained":[{"floor":2.0,"key":"Ring of Peace"},{"floor":2.0,"key":"ReplayTheSpireMod:Ring of Challenge"},{"floor":6.0,"key":"Peace Pipe"},{"floor":9.0,"key":"Vajra"},{"floor":10.0,"key":"Centennial Puzzle"}],"event_choices":[{"damage_healed":0.0,"max_hp_gain":0.0,"max_hp_loss":5.0,"gold_gain":0.0,"event_name":"Golden Idol","player_choice":"Lose Max HP","floor":11.0,"gold_loss":0.0,"damage_taken":0.0,"relics_obtained":["Golden Idol"]}],"is_beta":false,"boss_relics":[],"items_purged_floors":[12],"is_endless":false,"potions_floor_spawned":[1,6,8],"killed_by":"Hexaghost","ascension_level":8}}