{"host":"t9ey1ebdrj6sa9fi","time":1607603604,"event":{"mods":["BaseMod","Colored Map","Highlight Path","Permanent Neow","Act Like it!","StSLib","Gensokyo","Koishi","SuperFastMode","Better Silent Start","Random Character Button","The IronCluck","everything is the same but u backflip on backflip","Better Vampires","Aspiration","Colored Powertips","Minty Spire (QoL Compilation)"],"gold_per_floor":[115,131,131,231,231,242,167,167,167,167],"floor_reached":9,"playtime":80,"items_purged":[],"score":132,"play_id":"9834d99f-0ad3-4bca-927a-89ae29711f41","local_time":"20201210133324","is_ascension_mode":true,"campfire_choices":[{"floor":3.0,"key":"RECALL"}],"circlet_count":0,"master_deck":["Koishi:BasicStrike","Koishi:BasicStrike","Koishi:BasicStrike","Koishi:BasicDefend","Koishi:BasicDefend","Koishi:BasicDefend","Koishi:BasicDefend","Koishi:Provoke","Koishi:HauntingSlash","Koishi:BloodcurdlingScream","Koishi:BloodcurdlingScream","Koishi:Ego","Koishi:GeneticsOfTheUnconscious"],"special_seed":0,"relics":["Snecko Eye","aspiration:SecretTechniqueScroll","Toxic Egg 2"],"acts_visited":["Exordium","Gensokyo:Gensokyo","TheCity"],"potions_floor_usage":[],"damage_taken":[{"damage":0.0,"enemies":"Gensokyo:Gryphon","floor":1.0,"turns":1.0},{"damage":0.0,"enemies":"Gensokyo:Python","floor":2.0,"turns":1.0},{"damage":0.0,"enemies":"Gensokyo:Reimu","floor":4.0,"turns":1.0},{"damage":0.0,"enemies":"3 Byrds","floor":6.0,"turns":1.0},{"damage":347,"enemies":"3 Byrds","floor":9,"turns":1}],"seed_played":"-1754723933951500055","potions_obtained":[{"floor":1.0,"key":"Energy Potion"},{"floor":4.0,"key":"DuplicationPotion"},{"floor":6.0,"key":"Swift Potion"}],"is_trial":false,"path_per_floor":["M","M","R","B",null,"M","?","?","M"],"character_chosen":"KOISHI","items_purchased":[],"campfire_rested":0,"item_purchase_floors":[],"current_hp_per_floor":[60,60,60,60,60,60,60,60,0,0],"gold":167,"neow_bonus":"BOSS_RELIC","is_daily":false,"chose_seed":false,"campfire_upgraded":0,"win_rate":0,"timestamp":1607603604,"path_taken":["M","M","R","BOSS","M","?","?","M"],"build_version":"2020-11-30","purchased_purges":0,"victory":false,"max_hp_per_floor":[60,60,60,60,60,60,60,60,60,60],"card_choices":[{"not_picked":["Koishi:Catatonia","Koishi:Jaunt"],"picked":"Koishi:BloodcurdlingScream","floor":1.0},{"not_picked":["Koishi:Jaunt","Koishi:YoukaiPolygraph"],"picked":"Koishi:BloodcurdlingScream","floor":2.0},{"not_picked":["Koishi:FormlessExistence","Koishi:GrowingPain"],"picked":"Koishi:Ego","floor":4.0},{"not_picked":["Koishi:HeartfeltFancy","Koishi:SubconsciousSweep"],"picked":"Koishi:GeneticsOfTheUnconscious","floor":6.0}],"player_experience":60810,"relics_obtained":[],"event_choices":[{"cards_removed":["Koishi:BasicStrike"],"damage_healed":0.0,"max_hp_gain":0.0,"max_hp_loss":0.0,"gold_gain":0.0,"event_name":"Beggar","player_choice":"Gave Gold","floor":7.0,"gold_loss":75.0,"damage_taken":0.0},{"damage_healed":0,"gold_gain":0,"player_choice":"Opened","damage_taken":0,"relics_obtained":["Toxic Egg 2"],"max_hp_gain":0,"max_hp_loss":0,"event_name":"The Mausoleum","floor":8,"gold_loss":0}],"is_beta":false,"boss_relics":[{"not_picked":["SacredBark","Tiny House"],"picked":"aspiration:SecretTechniqueScroll"}],"items_purged_floors":[],"is_endless":false,"potions_floor_spawned":[1,4,6],"killed_by":"3 Byrds","ascension_level":1}}