{"host":"9373kjg5yrouhim6","time":1607632379,"event":{"mods":["2.2 Compatiblity","BaseMod","AchievementEnabler","StSLib","Aspiration","Better Altar","Better Match","Better Note","Better Sensory Stone","Better Skull","Better Third Choice","Colored Map","Colored Powertips","Conspire","Highlight Path","Hubris","Infinite Spire","Mimic Mod","Minty Spire (QoL Compilation)","Replay The Spire","Shop Mod","Spicy Shops","vexMod"],"gold_per_floor":[112,131,64,64,64,64,77,77,117,117,137,62,88,88,88,193,193,204,204,216,230,105,105,105],"floor_reached":23,"playtime":731,"items_purged":["Dualcast"],"score":258,"play_id":"f05af29c-e871-44e7-aaae-c1bb03d4f147","local_time":"20201210153259","is_ascension_mode":true,"campfire_choices":[{"data":"Zap","floor":6,"key":"SMITH"},{"floor":8,"key":"RECALL"},{"data":"FTL","floor":10,"key":"SMITH"},{"floor":15,"key":"REST"}],"circlet_count":0,"master_deck":["Strike_B","Strike_B","Strike_B","Strike_B","Defend_B","Defend_B","Defend_B","Defend_B","Zap+1","Scrape+1","FTL+1","Gash","Beam Cell"],"relics":["Cracked Core","aspiration:Nostalgia","infinitespire:DarkRift","Vajra","StoneCalendar","vexMod:BigBerry"],"acts_visited":["Exordium","TheCity"],"potions_floor_usage":[9,13,16,20,21],"damage_taken":[{"damage":0,"enemies":"2 Louse","floor":1,"turns":2},{"damage":2,"enemies":"Jaw Worm","floor":2,"turns":3},{"damage":6,"enemies":"Cultist","floor":7,"turns":3},{"damage":0,"enemies":"2 Fungi Beasts","floor":9,"turns":3},{"damage":7,"enemies":"2 Fungi Beasts","floor":11,"turns":2},{"damage":27,"enemies":"Lagavulin","floor":13,"turns":4},{"damage":13,"enemies":"The Guardian","floor":16,"turns":8},{"damage":46,"enemies":"Shell Parasite","floor":18,"turns":5},{"damage":11,"enemies":"Spheric Guardian","floor":20,"turns":3},{"damage":25,"enemies":"Chosen and Byrds","floor":21,"turns":6},{"damage":32,"enemies":"Gremlin Leader","floor":23,"turns":4}],"seed_played":"-5937723893949346790","potions_obtained":[{"floor":1,"key":"Strength Potion"},{"floor":7,"key":"Adrenaline Potion"},{"floor":11,"key":"SpeedPotion"},{"floor":13,"key":"LifebloodPotion"},{"floor":18,"key":"Fire Potion"},{"floor":20,"key":"Milkshake"}],"is_trial":false,"path_per_floor":["M","M","$","?","?","R","M","R","MIM","R","M","?","E","?","R","B",null,"M","?","M","M","$","E"],"character_chosen":"DEFECT","items_purchased":["Scrape","Beam Cell"],"campfire_rested":1,"item_purchase_floors":[3,22],"current_hp_per_floor":[75,73,73,75,75,75,69,69,69,69,62,62,35,35,57,44,105,59,59,48,23,23,0,0],"gold":105,"neow_bonus":"NOSTALGIA","is_daily":false,"chose_seed":false,"campfire_upgraded":2,"win_rate":0,"timestamp":1607632379,"path_taken":["M","M","$","?","?","R","?","R","MIM","R","?","?","E","?","R","BOSS","M","?","M","M","$","E"],"build_version":"2020-11-30","purchased_purges":1,"victory":false,"max_hp_per_floor":[75,75,75,75,75,75,75,75,75,75,75,75,75,75,75,75,105,105,105,105,105,105,105,105],"card_choices":[{"not_picked":["Rebound","Sweeping Beam","Coolheaded"],"picked":"SKIP","floor":1},{"not_picked":["hubris:PowerSurge","Skim","Heatsinks"],"picked":"SKIP","floor":2},{"not_picked":["Steam Power","Leap","Steam"],"picked":"SKIP","floor":7},{"not_picked":["Glacier","Self Repair"],"picked":"FTL","floor":9},{"not_picked":["Panic Button","Sunder","Sweeping Beam"],"picked":"SKIP","floor":11},{"not_picked":["Skim","Steam","Conserve Battery"],"picked":"SKIP","floor":13},{"not_picked":["Stack","Darkness+1","FIFO Queue"],"picked":"SKIP","floor":18},{"not_picked":["hubris:Ukulele+1","Redo","Hologram+1"],"picked":"SKIP","floor":20},{"not_picked":["Compile Driver","Streamline+1","Aggregate"],"picked":"SKIP","floor":21}],"player_experience":232702,"relics_obtained":[{"floor":9,"key":"Vajra"},{"floor":13,"key":"StoneCalendar"}],"event_choices":[{"damage_healed":0,"gold_gain":0,"player_choice":"Upgraded","damage_taken":0,"max_hp_gain":0,"max_hp_loss":0,"event_name":"Upgrade Shrine","floor":5,"gold_loss":0,"cards_upgraded":["Scrape"]},{"damage_healed":0,"gold_gain":0,"player_choice":"3","damage_taken":0,"max_hp_gain":0,"max_hp_loss":0,"event_name":"betterMatch:BetterMatch","floor":12,"gold_loss":0,"cards_obtained":[]},{"damage_healed":0,"gold_gain":0,"player_choice":"Bought 0 Potions","damage_taken":0,"max_hp_gain":0,"max_hp_loss":0,"event_name":"The Woman in Blue","floor":14,"gold_loss":0},{"damage_healed":0,"gold_gain":0,"player_choice":"Read","damage_taken":0,"max_hp_gain":0,"max_hp_loss":0,"event_name":"The Library","floor":19,"gold_loss":0,"cards_obtained":["Gash"]}],"is_beta":false,"boss_relics":[{"not_picked":["hubris:Stopwatch","Cursed Key"],"picked":"vexMod:BigBerry"}],"items_purged_floors":[22],"is_endless":false,"potions_floor_spawned":[1,7,11,13,18,20],"killed_by":"Gremlin Leader","ascension_level":2}}