{"host":"md0dejzd6k70gl1f","time":1607613683,"event":{"mods":["BaseMod","Quick Restart","Minty Spire (QoL Compilation)"],"gold_per_floor":[117,167,183,14,79,109,109,123,123,157,176,206,206,223,223,296,296,306,318,334,334,334],"floor_reached":21,"playtime":816,"items_purged":[],"score":441,"play_id":"a56f4f0c-0f05-42d6-81b8-c06bb5de0c20","local_time":"20201210162123","is_ascension_mode":true,"campfire_choices":[{"data":"Blade Dance","floor":7.0,"key":"SMITH"},{"data":"Accuracy","floor":15,"key":"SMITH"}],"circlet_count":0,"master_deck":["AscendersBane","Strike_G","Strike_G","Strike_G","Strike_G","Strike_G","Defend_G","Defend_G","Defend_G","Defend_G","Defend_G","Survivor","Neutralize","Infinite Blades","Blade Dance+1","Terror","Dash","Accuracy+1","Footwork","Escape Plan","Backflip","Cloak And Dagger","A Thousand Cuts","PiercingWail","Sucker Punch","Backstab"],"special_seed":0,"relics":["Ring of the Snake","NeowsBlessing","Bottled Lightning","Oddly Smooth Stone","Smiling Mask","SacredBark"],"acts_visited":["Exordium","TheCity"],"potions_floor_usage":[10,19,21],"damage_taken":[{"damage":0.0,"enemies":"Cultist","floor":1.0,"turns":1.0},{"damage":0.0,"enemies":"Jaw Worm","floor":3.0,"turns":1.0},{"damage":0.0,"enemies":"Lagavulin","floor":6.0,"turns":1.0},{"damage":0,"enemies":"2 Louse","floor":8,"turns":3},{"damage":6,"enemies":"3 Sentries","floor":10,"turns":6},{"damage":9,"enemies":"Blue Slaver","floor":11,"turns":4},{"damage":1,"enemies":"Lagavulin","floor":12,"turns":5},{"damage":5,"enemies":"Exordium Wildlife","floor":14,"turns":3},{"damage":21,"enemies":"The Guardian","floor":16,"turns":9},{"damage":10,"enemies":"Shell Parasite","floor":18,"turns":7},{"damage":0,"enemies":"3 Byrds","floor":19,"turns":6},{"damage":33,"enemies":"Snake Plant","floor":20,"turns":5},{"damage":4,"enemies":"Snecko","floor":21,"turns":3}],"seed_played":"-7535610223754760072","potions_obtained":[{"floor":8,"key":"EssenceOfSteel"},{"floor":10,"key":"FearPotion"},{"floor":13,"key":"CunningPotion"},{"floor":16,"key":"GhostInAJar"},{"floor":18,"key":"DistilledChaos"}],"is_trial":false,"path_per_floor":["M","?","M","$","?","E","R","M","T","E","M","E","?","M","R","B",null,"M","M","M","M"],"character_chosen":"THE_SILENT","items_purchased":["Terror","Dash","SteroidPotion"],"campfire_rested":0,"item_purchase_floors":[4,4,4],"current_hp_per_floor":[59,53,53,53,53,53,53,53,53,47,38,37,37,32,32,11,52,42,42,9,5,5],"gold":334,"neow_bonus":"THREE_ENEMY_KILL","is_daily":false,"chose_seed":false,"campfire_upgraded":2,"win_rate":0,"timestamp":1607613683,"path_taken":["M","?","?","$","?","E","R","M","T","E","M","E","?","M","R","BOSS","M","M","M","?"],"build_version":"2020-11-30","purchased_purges":0,"victory":false,"max_hp_per_floor":[66,66,66,66,66,66,66,66,66,66,66,66,66,66,66,66,66,66,66,66,66,66],"card_choices":[{"not_picked":["Dodge and Roll","Flechettes"],"picked":"Infinite Blades","floor":1.0},{"not_picked":["Deadly Poison","Poisoned Stab"],"picked":"Blade Dance","floor":3.0},{"not_picked":["Outmaneuver","Choke"],"picked":"Accuracy","floor":6.0},{"not_picked":["Predator","Catalyst"],"picked":"Footwork","floor":8},{"not_picked":["Dodge and Roll","Storm of Steel"],"picked":"Escape Plan","floor":10},{"not_picked":["Sucker Punch","Predator"],"picked":"Backflip","floor":11},{"not_picked":["Finisher","Masterful Stab","Night Terror"],"picked":"SKIP","floor":12},{"not_picked":["Slice","Acrobatics"],"picked":"Cloak And Dagger","floor":14},{"not_picked":["Die Die Die","Storm of Steel"],"picked":"A Thousand Cuts","floor":16},{"not_picked":["Bouncing Flask+1","Concentrate+1"],"picked":"PiercingWail","floor":18},{"not_picked":["Slice","Noxious Fumes"],"picked":"Sucker Punch","floor":19},{"not_picked":["Flying Knee+1","Dodge and Roll"],"picked":"Backstab","floor":20}],"player_experience":417601,"relics_obtained":[{"floor":6.0,"key":"Bottled Lightning"},{"floor":10,"key":"Oddly Smooth Stone"},{"floor":12,"key":"Smiling Mask"}],"event_choices":[{"damage_healed":0.0,"max_hp_gain":0.0,"max_hp_loss":0.0,"gold_gain":50.0,"event_name":"FaceTrader","player_choice":"Touch","floor":2.0,"gold_loss":0.0,"damage_taken":6.0},{"damage_healed":0.0,"max_hp_gain":0.0,"max_hp_loss":0.0,"gold_gain":65.0,"event_name":"Golden Wing","player_choice":"Gained Gold","floor":5.0,"gold_loss":0.0,"damage_taken":0.0},{"damage_healed":0,"gold_gain":0,"player_choice":"Got Potions","damage_taken":0,"max_hp_gain":0,"max_hp_loss":0,"event_name":"Lab","floor":13,"gold_loss":0}],"is_beta":false,"boss_relics":[{"not_picked":["Calling Bell","Pandora\u0027s Box"],"picked":"SacredBark"}],"items_purged_floors":[],"is_endless":false,"potions_floor_spawned":[8,10,11,14,16,18],"killed_by":"Snecko","ascension_level":19}}