{"host":"63rwe7p34ct1i0qu","time":1607577565,"event":{"gold_per_floor":[116,116,134,154,165,165,197,212,235,235,245,262,215,243,243,342,342,354,370,370,223,223,223,241,241,268,268,278,278,278,298,298,298,298],"floor_reached":33,"playtime":1206,"items_purged":["Writhe"],"score":337,"play_id":"74128420-783c-4859-aa2b-c968ee3af79c","local_time":"20201210141925","is_ascension_mode":true,"campfire_choices":[{"data":"Double Energy","floor":6,"key":"SMITH"},{"data":"Genetic Algorithm","floor":10,"key":"SMITH"},{"floor":15,"key":"REST"},{"data":"1","floor":23,"key":"LIFT"},{"floor":25,"key":"REST"},{"data":"2","floor":27,"key":"LIFT"},{"floor":30,"key":"REST"},{"data":"Glacier","floor":32,"key":"SMITH"}],"neow_cost":"NONE","seed_source_timestamp":21474460813300,"circlet_count":0,"master_deck":["Strike_B+1","Strike_B+1","Defend_B","Defend_B","Defend_B+1","Zap+1","Dualcast","Doom and Gloom+1","Lockon+1","Sunder+1","Compile Driver+1","Double Energy+1","Genetic Algorithm+1","Cold Snap","Hyperbeam","Steam","Rainbow","CurseOfTheBell","Self Repair","Genetic Algorithm+1","Glacier+1"],"relics":["Astrolabe","Whetstone","Vajra","Regal Pillow","Calling Bell","Strawberry","Darkstone Periapt","Girya","Orichalcum","War Paint"],"potions_floor_usage":[14,16,18,24,31,33,33],"damage_taken":[{"damage":0,"enemies":"Small Slimes","floor":1,"turns":1},{"damage":0,"enemies":"Cultist","floor":3,"turns":2},{"damage":0,"enemies":"Jaw Worm","floor":4,"turns":1},{"damage":0,"enemies":"3 Louse","floor":5,"turns":1},{"damage":10,"enemies":"3 Sentries","floor":7,"turns":3},{"damage":8,"enemies":"Red Slaver","floor":8,"turns":3},{"damage":0,"enemies":"2 Fungi Beasts","floor":11,"turns":1},{"damage":7,"enemies":"Exordium Wildlife","floor":12,"turns":2},{"damage":7,"enemies":"Gremlin Nob","floor":14,"turns":3},{"damage":47,"enemies":"The Guardian","floor":16,"turns":8},{"damage":9,"enemies":"3 Byrds","floor":18,"turns":5},{"damage":24,"enemies":"Spheric Guardian","floor":19,"turns":4},{"damage":30,"enemies":"Snecko","floor":24,"turns":6},{"damage":13,"enemies":"Sentry and Sphere","floor":28,"turns":5},{"damage":29,"enemies":"Centurion and Healer","floor":31,"turns":7},{"damage":98,"enemies":"Automaton","floor":33,"turns":12}],"seed_played":"6566374200570824640","potions_obtained":[{"floor":4,"key":"DistilledChaos"},{"floor":5,"key":"BlessingOfTheForge"},{"floor":11,"key":"FairyPotion"},{"floor":12,"key":"EntropicBrew"},{"floor":14,"key":"Energy Potion"},{"floor":16,"key":"Dexterity Potion"},{"floor":19,"key":"SteroidPotion"},{"floor":28,"key":"SpeedPotion"}],"is_trial":false,"path_per_floor":["M","?","M","M","M","R","E","M","T","R","M","M","?","E","R","B",null,"M","M","?","$","?","R","M","R","T","R","M","?","R","M","R","B"],"character_chosen":"DEFECT","items_purchased":["Self Repair"],"campfire_rested":3,"item_purchase_floors":[21],"current_hp_per_floor":[68,68,68,68,68,68,58,50,50,50,50,43,43,36,73,26,70,61,37,43,43,43,43,20,61,61,61,55,47,88,66,66,7,7],"gold":298,"neow_bonus":"BOSS_RELIC","is_prod":false,"is_daily":false,"chose_seed":false,"campfire_upgraded":3,"win_rate":0,"timestamp":1607577565,"path_taken":["M","?","?","M","M","R","E","M","T","R","M","?","?","E","R","BOSS","M","M","?","$","?","R","?","R","T","R","M","?","R","M","R","BOSS"],"build_version":"2020-11-30","purchased_purges":1,"victory":false,"max_hp_per_floor":[75,75,75,75,75,75,75,75,75,75,75,75,75,75,75,75,82,82,82,88,88,88,88,88,88,88,88,88,88,88,88,88,88,88],"card_choices":[{"not_picked":["Go for the Eyes","Barrage"],"picked":"Compile Driver","floor":1},{"not_picked":["Conserve Battery","Skim"],"picked":"Double Energy","floor":3},{"not_picked":["Sweeping Beam","Reprogram","Compile Driver"],"picked":"SKIP","floor":4},{"not_picked":["Double Energy","Turbo","Go for the Eyes"],"picked":"SKIP","floor":5},{"not_picked":["Stack","Biased Cognition"],"picked":"Genetic Algorithm","floor":7},{"not_picked":["Undo","Gash"],"picked":"Cold Snap","floor":8},{"not_picked":["Compile Driver","Steam"],"picked":"Hyperbeam","floor":11},{"not_picked":["Sweeping Beam","Cold Snap"],"picked":"Steam","floor":12},{"not_picked":["Sweeping Beam","Gash","Beam Cell"],"picked":"SKIP","floor":14},{"not_picked":["Amplify","Fission"],"picked":"Rainbow","floor":16},{"not_picked":["Redo","Steam","Chaos"],"picked":"SKIP","floor":18},{"not_picked":["Leap","Cold Snap","Lockon+1"],"picked":"SKIP","floor":19},{"not_picked":["Hello World+1","Melter","Rebound"],"picked":"SKIP","floor":24},{"not_picked":["Cold Snap","Sweeping Beam","Scrape"],"picked":"SKIP","floor":28},{"not_picked":["Redo","Lockon"],"picked":"Glacier","floor":31}],"player_experience":1263405,"relics_obtained":[{"floor":7,"key":"Whetstone"},{"floor":9,"key":"Vajra"},{"floor":14,"key":"Regal Pillow"},{"floor":17,"key":"Strawberry"},{"floor":17,"key":"Darkstone Periapt"},{"floor":17,"key":"Girya"},{"floor":26,"key":"War Paint"}],"event_choices":[{"damage_healed":0,"gold_gain":0,"player_choice":"Upgraded","damage_taken":0,"max_hp_gain":0,"max_hp_loss":0,"event_name":"Upgrade Shrine","floor":2,"gold_loss":0,"cards_upgraded":["Compile Driver"]},{"damage_healed":0,"gold_gain":0,"player_choice":"Left Gold","damage_taken":0,"max_hp_gain":0,"max_hp_loss":0,"event_name":"World of Goop","floor":13,"gold_loss":47},{"damage_healed":0,"gold_gain":0,"player_choice":"Opened","damage_taken":0,"relics_obtained":["Orichalcum"],"max_hp_gain":0,"max_hp_loss":0,"event_name":"The Mausoleum","floor":20,"gold_loss":0,"cards_obtained":["Writhe"]},{"damage_healed":0,"gold_gain":0,"player_choice":"Copied","damage_taken":0,"max_hp_gain":0,"max_hp_loss":0,"event_name":"Duplicator","floor":22,"gold_loss":0,"cards_obtained":["Genetic Algorithm"]},{"damage_healed":0,"gold_gain":0,"player_choice":"Damaged","damage_taken":8,"max_hp_gain":0,"max_hp_loss":0,"event_name":"Wheel of Change","floor":29,"gold_loss":0}],"is_beta":false,"boss_relics":[{"not_picked":["Black Star","SlaversCollar"],"picked":"Calling Bell"}],"items_purged_floors":[21],"is_endless":false,"potions_floor_spawned":[4,5,11,12,14,16,19,28],"killed_by":"Automaton","ascension_level":6}}