{"host":"krw8blyxua7at9ak","time":1607633627,"event":{"mods":["BaseMod","Highlight Path","Minty Spire (QoL Compilation)","ojb\u0027s Info Mod"],"gold_per_floor":[118,268,287,46,46,79,96,129,152,171,171,171],"floor_reached":11,"playtime":245,"items_purged":["Doubt"],"score":216,"play_id":"79e8e0bc-94cf-46f2-b844-04f8267cd982","local_time":"20201210215347","is_ascension_mode":true,"campfire_choices":[],"circlet_count":0,"master_deck":["AscendersBane","Strike_G","Strike_G","Strike_G","Strike_G","Defend_G","Defend_G","Defend_G","Defend_G","Defend_G","Survivor","Neutralize","Deadly Poison","Backflip","Deflect","Leg Sweep","Footwork"],"relics":["Ring of the Snake","NeowsBlessing","TwistedFunnel","MealTicket","Bag of Marbles","Happy Flower"],"acts_visited":["Exordium"],"potions_floor_usage":[8,11],"damage_taken":[{"damage":0,"enemies":"Cultist","floor":1,"turns":1},{"damage":0,"enemies":"Jaw Worm","floor":3,"turns":1},{"damage":0,"enemies":"Gremlin Nob","floor":6,"turns":1},{"damage":1,"enemies":"2 Louse","floor":7,"turns":2},{"damage":25,"enemies":"Lagavulin","floor":8,"turns":9},{"damage":1,"enemies":"Red Slaver","floor":10,"turns":3},{"damage":70,"enemies":"Gremlin Nob","floor":11,"turns":4}],"seed_played":"-7336507154096365788","potions_obtained":[{"floor":6,"key":"SpeedPotion"},{"floor":7,"key":"FairyPotion"},{"floor":8,"key":"Dexterity Potion"}],"is_trial":false,"path_per_floor":["M","?","M","$","?","E","M","E","T","M","E"],"character_chosen":"THE_SILENT","items_purchased":["TwistedFunnel"],"campfire_rested":0,"item_purchase_floors":[4],"current_hp_per_floor":[59,59,59,59,59,59,58,33,33,32,0,0],"gold":171,"neow_bonus":"THREE_ENEMY_KILL","is_daily":false,"chose_seed":false,"campfire_upgraded":0,"win_rate":0,"timestamp":1607633627,"path_taken":["M","?","M","$","?","E","M","E","T","?","E"],"build_version":"2020-11-30","purchased_purges":1,"victory":false,"max_hp_per_floor":[66,66,66,66,66,66,66,66,66,66,66,66],"card_choices":[{"not_picked":["Bane","Acrobatics","Finisher"],"picked":"SKIP","floor":1},{"not_picked":["Masterful Stab","Underhanded Strike"],"picked":"Deadly Poison","floor":3},{"not_picked":["Deadly Poison","Slice"],"picked":"Backflip","floor":6},{"not_picked":["Masterful Stab","Slice"],"picked":"Deflect","floor":7},{"not_picked":["Terror","Backstab"],"picked":"Leg Sweep","floor":8},{"not_picked":["Flying Knee","Bane"],"picked":"Footwork","floor":10}],"player_experience":327303,"relics_obtained":[{"floor":6,"key":"MealTicket"},{"floor":8,"key":"Bag of Marbles"},{"floor":9,"key":"Happy Flower"}],"event_choices":[{"damage_healed":0,"gold_gain":150,"player_choice":"AGREE","damage_taken":0,"max_hp_gain":0,"max_hp_loss":0,"event_name":"Liars Game","floor":2,"gold_loss":0,"cards_obtained":["Doubt"]},{"cards_removed":["Strike_G"],"damage_healed":0,"gold_gain":0,"player_choice":"Offered Basic","damage_taken":0,"max_hp_gain":0,"max_hp_loss":0,"event_name":"Bonfire Elementals","floor":5,"gold_loss":0}],"is_beta":false,"boss_relics":[],"items_purged_floors":[4],"is_endless":false,"potions_floor_spawned":[6,7,8],"killed_by":"Gremlin Nob","ascension_level":20}}