{"host":"wbdly04l9mkn9nrc","time":1607609758,"event":{"gold_per_floor":[114,114,189,364,379,409,409,409,434,384,399,11,26,41,41,141,141,156,231,231,231,246,246,246,261,336,336,8,8,38,53,53,153,153,168,37,37,52,67,67,67,67,142,0,0,0,0,30,30,30],"floor_reached":51,"playtime":2592,"items_purged":["Doubt"],"score":889,"play_id":"77446b74-d197-4de4-ad80-30239ee9e706","local_time":"20201210221558","daily_mods":["Allstar","Vintage","Night Terrors"],"is_ascension_mode":false,"campfire_choices":[{"floor":8.0,"key":"REST"},{"data":"Enlightenment","floor":15.0,"key":"SMITH"},{"data":"MasterReality","floor":23.0,"key":"SMITH"},{"floor":27.0,"key":"REST"},{"data":"Secret Technique","floor":29.0,"key":"SMITH"},{"data":"Scrawl","floor":32.0,"key":"SMITH"},{"data":"SashWhip","floor":40.0,"key":"SMITH"},{"data":"BloodyBrimstone","floor":42.0,"key":"SMITH"},{"data":"Mind Blast","floor":47.0,"key":"SMITH"},{"data":"DevaForm","floor":49.0,"key":"SMITH"}],"neow_cost":"","seed_source_timestamp":283395468991200,"circlet_count":0,"master_deck":["Strike_P","Defend_P","Eruption","Vigilance","BloodyBrimstone+1","Master of Strategy","Swift Strike","Secret Technique+1","Enlightenment+1","Conclude","EmptyFist+1","Protect","Scrawl+1","Conclude+1","WaveOfTheHand+1","Judgement+1","MasterReality+1","FearNoEvil+1","PathToVictory+1","DevaForm+1","Halt+1","SashWhip+1","ForeignInfluence+1","ClearTheMind+1","Evaluate+1","EmptyMind+1","Mind Blast+1","SashWhip+1"],"special_seed":18606,"relics":["PureWater","HushsDoor","Mango","SatanicBible","Tiny Chest","PunchingBag","AnarchistCookbook","UnicornStump","Omamori","BlankCard","Membership Card","Sundial","BookOfRevelations","Darkstone Periapt","Astrolabe","GuppysTail","HowToJump","White Beast Statue","TuHaoJin","Orichalcum","The Courier","Vajra","Oddly Smooth Stone","Damaru","BelialBook","MealTicket","Toxic Egg 2","DeadEye","Snecko Eye","Pantograph","Eternal Feather","BookofShadows","Leech","Whetstone","Bottled Flame","Frozen Eye","ForgetMeNow","Dead Branch"],"potions_floor_usage":[],"damage_taken":[{"damage":0.0,"enemies":"Cultist","floor":1.0,"turns":2.0},{"damage":0.0,"enemies":"2 Louse","floor":5.0,"turns":3.0},{"damage":15.0,"enemies":"Lagavulin","floor":6.0,"turns":7.0},{"damage":17.0,"enemies":"Jaw Worm","floor":11.0,"turns":2.0},{"damage":16.0,"enemies":"Blue Slaver","floor":13.0,"turns":3.0},{"damage":0.0,"enemies":"Large Slime","floor":14.0,"turns":3.0},{"damage":0.0,"enemies":"The Guardian","floor":16.0,"turns":6.0},{"damage":0.0,"enemies":"Chosen","floor":18.0,"turns":3.0},{"damage":12.0,"enemies":"Shell Parasite","floor":22.0,"turns":2.0},{"damage":30.0,"enemies":"Shelled Parasite and Fungi","floor":25.0,"turns":5.0},{"damage":15.0,"enemies":"Slavers","floor":30.0,"turns":3.0},{"damage":0.0,"enemies":"Snake Plant","floor":31.0,"turns":3.0},{"damage":0.0,"enemies":"Automaton","floor":33.0,"turns":3.0},{"damage":0.0,"enemies":"Orb Walker","floor":35.0,"turns":1.0},{"damage":0.0,"enemies":"3 Darklings","floor":38.0,"turns":3.0},{"damage":25.0,"enemies":"Maw","floor":39.0,"turns":6.0},{"damage":13.0,"enemies":"Giant Head","floor":48.0,"turns":6.0},{"damage":13,"enemies":"Time Eater","floor":50,"turns":5}],"seed_played":"8996604888150855735","potions_obtained":[{"floor":1.0,"key":"EssenceOfSteel"},{"floor":5.0,"key":"StancePotion"},{"floor":13.0,"key":"Ambrosia"},{"floor":22.0,"key":"Energy Potion"},{"floor":38.0,"key":"FairyPotion"}],"is_trial":false,"path_per_floor":["M","?","?","?","M","E","T","R","T","?","M","$","M","M","R","B",null,"M","T","?","?","M","R","?","M","T","R","$","R","E","M","R","B",null,"M","$","T","M","M","R","?","R","T","$","?","T","R","E","R","B",null],"character_chosen":"WATCHER","items_purchased":["Membership Card","EmptyFist","Protect","Sundial","GuppysTail","Vajra","FearNoEvil","Oddly Smooth Stone","Damaru","BelialBook","MealTicket","Halt+1","SashWhip","Eternal Feather","ForeignInfluence+1","ClearTheMind+1","Evaluate+1","EmptyMind+1","Frozen Eye"],"campfire_rested":2,"item_purchase_floors":[12,12,12,12,17,28,28,28,28,28,28,36,36,36,44,44,44,44,44],"current_hp_per_floor":[86,79,68,68,68,53,53,81,81,81,64,64,48,48,48,48,71,71,71,71,71,59,59,59,29,29,66,66,66,51,51,51,51,66,66,66,66,63,41,53,53,60,60,60,60,60,60,51,60,50],"gold":30,"neow_bonus":"","is_prod":false,"is_daily":true,"chose_seed":false,"campfire_upgraded":8,"win_rate":0.0,"timestamp":1607609758,"path_taken":["M","?","?","?","M","E","?","R","T","?","M","?","?","M","R","BOSS","M","?","?","?","M","R","?","M","T","R","$","R","E","M","R","BOSS","M","$","?","?","M","R","?","R","T","$","?","?","R","E","R","BOSS"],"build_version":"2020-11-30","purchased_purges":1,"victory":true,"max_hp_per_floor":[86,86,86,86,86,86,86,81,81,81,81,81,81,81,81,81,71,71,71,71,71,71,71,71,71,71,66,66,66,66,66,66,66,66,66,66,66,63,63,63,60,60,60,60,60,60,60,60,60,57],"card_choices":[{"not_picked":[],"picked":"BloodyBrimstone","floor":0.0},{"not_picked":["WheelKick","Perseverance"],"picked":"Conclude","floor":6.0},{"not_picked":["MasterReality","Brilliance"],"picked":"Scrawl","floor":16.0},{"not_picked":["Consecrate","Adaptation"],"picked":"PathToVictory+1","floor":30.0},{"not_picked":["MasterReality","Judgement+1"],"picked":"DevaForm","floor":33.0},{"not_picked":["Enlightenment+1","Master of Strategy+1"],"picked":"Mind Blast","floor":45.0},{"not_picked":["PathToVictory+1","WaveOfTheHand+1"],"picked":"SashWhip+1","floor":48.0}],"player_experience":54174,"relics_obtained":[{"floor":1.0,"key":"Tiny Chest"},{"floor":5.0,"key":"PunchingBag"},{"floor":6.0,"key":"AnarchistCookbook"},{"floor":7.0,"key":"UnicornStump"},{"floor":9.0,"key":"Omamori"},{"floor":11.0,"key":"BlankCard"},{"floor":13.0,"key":"BookOfRevelations"},{"floor":14.0,"key":"Darkstone Periapt"},{"floor":18.0,"key":"HowToJump"},{"floor":19.0,"key":"White Beast Statue"},{"floor":22.0,"key":"TuHaoJin"},{"floor":25.0,"key":"Orichalcum"},{"floor":26.0,"key":"The Courier"},{"floor":30.0,"key":"Toxic Egg 2"},{"floor":31.0,"key":"DeadEye"},{"floor":35.0,"key":"Pantograph"},{"floor":37.0,"key":"BookofShadows"},{"floor":38.0,"key":"Leech"},{"floor":39.0,"key":"Whetstone"},{"floor":43.0,"key":"Bottled Flame"},{"floor":46.0,"key":"ForgetMeNow"},{"floor":48.0,"key":"Dead Branch"}],"event_choices":[{"cards_removed":["Defend_P"],"damage_healed":0.0,"max_hp_gain":0.0,"max_hp_loss":0.0,"gold_gain":0.0,"event_name":"Golden Wing","player_choice":"Card Removal","floor":2.0,"gold_loss":0.0,"damage_taken":7.0},{"damage_healed":0.0,"max_hp_gain":0.0,"max_hp_loss":0.0,"gold_gain":75.0,"event_name":"World of Goop","player_choice":"Gather Gold","floor":3.0,"gold_loss":0.0,"damage_taken":11.0},{"damage_healed":0.0,"max_hp_gain":0.0,"max_hp_loss":0.0,"gold_gain":175.0,"event_name":"Liars Game","player_choice":"AGREE","floor":4.0,"gold_loss":0.0,"damage_taken":0.0,"cards_obtained":["Doubt"]},{"cards_removed":["Strike_P"],"damage_healed":0.0,"max_hp_gain":0.0,"max_hp_loss":0.0,"gold_gain":0.0,"event_name":"The Cleric","player_choice":"Card Removal","floor":10.0,"gold_loss":50.0,"damage_taken":0.0},{"damage_healed":0.0,"max_hp_gain":0.0,"max_hp_loss":0.0,"gold_gain":0.0,"cards_transformed":["Defend_P"],"event_name":"Transmorgrifier","player_choice":"Transformed","floor":21.0,"gold_loss":0.0,"damage_taken":0.0,"cards_obtained":["MasterReality"]},{"damage_healed":0.0,"max_hp_gain":0.0,"max_hp_loss":3.0,"gold_gain":0.0,"event_name":"Winding Halls","player_choice":"Max HP","floor":41.0,"gold_loss":0.0,"damage_taken":0.0},{"damage_healed":0.0,"max_hp_gain":0.0,"max_hp_loss":0.0,"gold_gain":0.0,"event_name":"SensoryStone","player_choice":"Memory 1","floor":45.0,"gold_loss":0.0,"damage_taken":0.0}],"is_beta":false,"boss_relics":[{"not_picked":["Coffee Dripper","SlaversCollar"],"picked":"Astrolabe"},{"not_picked":[]},{"not_picked":["Fusion Hammer","Black Star"],"picked":"Snecko Eye"},{"not_picked":[]}],"items_purged_floors":[12],"is_endless":false,"potions_floor_spawned":[1,5,13,14,22,25,30,31,33,35,38,39,48],"ascension_level":0}}