{"host":"ci7ivtocgfxh0ueo","time":1607575396,"event":{"gold_per_floor":[109,109,123,123,123,149,74,224,224,242,242,272,272,288,288,361,361,375,20,20,39,58,58,86,136,160,172,172,186,212,45,45,118,118,137,137,154,40,40,40,58,58,58,58,70,85,85,85,85,85],"floor_reached":51,"playtime":1538,"items_purged":["Pain","Doubt"],"score":1297,"play_id":"004663f2-8022-41a5-833a-9ca2b6e0ca30","local_time":"20201210124316","is_ascension_mode":true,"campfire_choices":[{"data":"Electrodynamics","floor":11,"key":"SMITH"},{"floor":13,"key":"REST"},{"floor":15,"key":"REST"},{"floor":23,"key":"REST"},{"floor":28,"key":"REST"},{"floor":32,"key":"REST"},{"data":"White Noise","floor":40,"key":"SMITH"},{"data":"Chaos","floor":42,"key":"SMITH"},{"data":"BootSequence","floor":44,"key":"SMITH"},{"data":"Glacier","floor":49,"key":"SMITH"}],"neow_cost":"NONE","seed_source_timestamp":149924913853000,"circlet_count":0,"master_deck":["AscendersBane","Zap","Dualcast","Cold Snap","Coolheaded+1","Electrodynamics+1","Buffer+1","Chaos+1","Core Surge","BootSequence+1","Go for the Eyes","Conserve Battery+1","White Noise+1","Melter","Fission+1","Thunder Strike","Darkness","Darkness","Consume","Rebound","Go for the Eyes","Core Surge","Hologram","Chill+1","Mayhem+1","Undo","Ball Lightning","Glacier+1"],"relics":["Cracked Core","NeowsBlessing","WarpedTongs","Mummified Hand","Letter Opener","Frozen Egg 2","Cables","Nuclear Battery","Omamori","Pantograph","Bag of Marbles","Blood Vial","Vajra","Pandora\u0027s Box","Bottled Lightning"],"potions_floor_usage":[16,16,18,24,27,33,33,46,46,50,50],"damage_taken":[{"damage":0,"enemies":"Jaw Worm","floor":1,"turns":1},{"damage":0,"enemies":"Cultist","floor":3,"turns":1},{"damage":0,"enemies":"Gremlin Nob","floor":6,"turns":1},{"damage":0,"enemies":"2 Louse","floor":10,"turns":1},{"damage":21,"enemies":"Lagavulin","floor":12,"turns":7},{"damage":1,"enemies":"Looter","floor":14,"turns":3},{"damage":1,"enemies":"Slime Boss","floor":16,"turns":8},{"damage":0,"enemies":"Chosen","floor":18,"turns":4},{"damage":0,"enemies":"Shell Parasite","floor":21,"turns":3},{"damage":27,"enemies":"Shelled Parasite and Fungi","floor":22,"turns":6},{"damage":17,"enemies":"Slavers","floor":24,"turns":6},{"damage":18,"enemies":"Snake Plant","floor":27,"turns":3},{"damage":0,"enemies":"Snecko","floor":29,"turns":5},{"damage":0,"enemies":"Gremlin Leader","floor":30,"turns":9},{"damage":24,"enemies":"Champ","floor":33,"turns":14},{"damage":13,"enemies":"3 Darklings","floor":35,"turns":5},{"damage":0,"enemies":"3 Shapes","floor":37,"turns":4},{"damage":0,"enemies":"Sphere and 2 Shapes","floor":41,"turns":3},{"damage":0,"enemies":"Transient","floor":45,"turns":5},{"damage":18,"enemies":"Writhing Mass","floor":46,"turns":4},{"damage":45,"enemies":"Awakened One","floor":50,"turns":19}],"seed_played":"-1242424834422826474","potions_obtained":[{"floor":1,"key":"EssenceOfSteel"},{"floor":14,"key":"Weak Potion"},{"floor":16,"key":"FearPotion"},{"floor":21,"key":"LiquidBronze"},{"floor":22,"key":"SpeedPotion"},{"floor":29,"key":"SpeedPotion"},{"floor":30,"key":"DuplicationPotion"},{"floor":37,"key":"Regen Potion"},{"floor":41,"key":"SpeedPotion"},{"floor":45,"key":"EntropicBrew"},{"floor":46,"key":"AttackPotion"}],"is_trial":false,"path_per_floor":["M","?","M","?","?","E","$","?","T","M","R","E","R","M","R","B",null,"M","$","?","M","M","R","E","?","T","M","R","M","E","$","R","B",null,"M","?","M","$","?","R","M","R","T","R","M","M","?","?","R","B",null],"character_chosen":"DEFECT","items_purchased":["Omamori","Core Surge","Vajra","FairyPotion"],"campfire_rested":5,"item_purchase_floors":[19,19,31,38],"current_hp_per_floor":[64,64,64,43,32,32,32,32,32,32,32,11,32,31,52,51,66,66,66,46,46,19,41,24,24,24,6,28,28,28,28,50,52,70,59,59,61,61,61,61,63,63,63,63,65,49,49,49,49,31],"gold":85,"neow_bonus":"THREE_ENEMY_KILL","is_prod":false,"is_daily":false,"chose_seed":false,"campfire_upgraded":5,"win_rate":0,"timestamp":1607575396,"path_taken":["M","?","?","?","?","E","$","?","T","M","R","E","R","?","R","BOSS","M","$","?","M","M","R","E","?","T","?","R","M","E","$","R","BOSS","M","?","?","$","?","R","M","R","T","R","M","M","?","?","R","BOSS"],"build_version":"2020-11-30","purchased_purges":2,"victory":true,"max_hp_per_floor":[71,71,71,71,71,71,71,71,71,71,71,71,71,71,71,71,71,71,71,76,76,76,76,76,76,76,76,76,76,76,76,76,76,76,76,76,76,76,76,76,76,76,76,76,76,76,76,76,76,76],"card_choices":[{"not_picked":["Rebound","Stack"],"picked":"Cold Snap","floor":1},{"not_picked":["Redo","Beam Cell"],"picked":"Coolheaded","floor":3},{"not_picked":["Buffer","Beam Cell"],"picked":"Electrodynamics","floor":6},{"not_picked":["Rip and Tear","Capacitor+1","Rebound"],"picked":"SKIP","floor":10},{"not_picked":["Hologram","Gash"],"picked":"Auto Shields","floor":12},{"not_picked":["Coolheaded","Stack","Lockon"],"picked":"SKIP","floor":14},{"not_picked":["Biased Cognition+1","Seek"],"picked":"Buffer+1","floor":16},{"not_picked":["Ball Lightning","Beam Cell"],"picked":"Chaos","floor":18},{"not_picked":["Genetic Algorithm","Stack"],"picked":"BootSequence","floor":21},{"not_picked":["Scrape","Streamline"],"picked":"Go for the Eyes","floor":22},{"not_picked":["Coolheaded","Conserve Battery","Cold Snap"],"picked":"SKIP","floor":24},{"not_picked":["Coolheaded","Skim"],"picked":"Conserve Battery+1","floor":27},{"not_picked":["Thunder Strike","Barrage"],"picked":"White Noise","floor":29},{"not_picked":["Electrodynamics+1","Heatsinks+1"],"picked":"Melter","floor":30},{"not_picked":["Thunder Strike","Machine Learning+1"],"picked":"Fission","floor":33},{"not_picked":["Chaos","Streamline+1"],"picked":"Chill+1","floor":35},{"not_picked":["Steam","Sweeping Beam","Stack"],"picked":"SKIP","floor":37},{"not_picked":["Dramatic Entrance","Master of Strategy"],"picked":"Mayhem+1","floor":39},{"not_picked":["FTL","Compile Driver"],"picked":"Undo","floor":41},{"not_picked":["Darkness","Beam Cell"],"picked":"Ball Lightning","floor":45},{"not_picked":["Gash","Sweeping Beam"],"picked":"Glacier","floor":46}],"player_experience":1244208,"relics_obtained":[{"floor":6,"key":"Letter Opener"},{"floor":9,"key":"Frozen Egg 2"},{"floor":12,"key":"Cables"},{"floor":24,"key":"Pantograph"},{"floor":26,"key":"Bag of Marbles"},{"floor":30,"key":"Blood Vial"},{"floor":43,"key":"Bottled Lightning"}],"event_choices":[{"damage_healed":0,"gold_gain":0,"player_choice":"Rummage","damage_taken":0,"relics_obtained":["WarpedTongs"],"max_hp_gain":0,"max_hp_loss":0,"event_name":"Accursed Blacksmith","floor":2,"gold_loss":0,"cards_obtained":["Pain"]},{"damage_healed":0,"gold_gain":0,"player_choice":"Entered Light","damage_taken":21,"max_hp_gain":0,"max_hp_loss":0,"event_name":"Shining Light","floor":4,"gold_loss":0,"cards_upgraded":["Defend_B","Coolheaded"]},{"damage_healed":0,"gold_gain":0,"player_choice":"Success","damage_taken":11,"relics_obtained":["Mummified Hand"],"max_hp_gain":0,"max_hp_loss":0,"event_name":"Scrap Ooze","floor":5,"gold_loss":0},{"damage_healed":0,"gold_gain":150,"player_choice":"AGREE","damage_taken":0,"max_hp_gain":0,"max_hp_loss":0,"event_name":"Liars Game","floor":8,"gold_loss":0,"cards_obtained":["Doubt"]},{"damage_healed":0,"gold_gain":0,"player_choice":"Shed Blood","damage_taken":25,"max_hp_gain":5,"max_hp_loss":0,"event_name":"Forgotten Altar","floor":20,"gold_loss":0},{"damage_healed":0,"gold_gain":50,"player_choice":"Pray","damage_taken":0,"max_hp_gain":0,"max_hp_loss":0,"event_name":"Golden Shrine","floor":25,"gold_loss":0},{"damage_healed":0,"gold_gain":0,"player_choice":"Upgraded","damage_taken":0,"max_hp_gain":0,"max_hp_loss":0,"event_name":"Upgrade Shrine","floor":36,"gold_loss":0,"cards_upgraded":["Fission"]},{"damage_healed":0,"gold_gain":0,"player_choice":"Memory 1","damage_taken":0,"max_hp_gain":0,"max_hp_loss":0,"event_name":"SensoryStone","floor":39,"gold_loss":0},{"cards_removed":["Auto Shields"],"damage_healed":0,"gold_gain":0,"player_choice":"Removed Skill","damage_taken":0,"max_hp_gain":0,"max_hp_loss":0,"event_name":"Falling","floor":47,"gold_loss":0},{"damage_healed":0,"gold_gain":0,"player_choice":"Got Potions","damage_taken":0,"max_hp_gain":0,"max_hp_loss":0,"event_name":"Lab","floor":48,"gold_loss":0}],"is_beta":false,"boss_relics":[{"not_picked":["Ectoplasm","Busted Crown"],"picked":"Nuclear Battery"},{"not_picked":["Velvet Choker","Black Star"],"picked":"Pandora\u0027s Box"}],"items_purged_floors":[7,19],"is_endless":false,"potions_floor_spawned":[1,14,16,21,22,29,30,37,41,45,46],"ascension_level":16}}