{"host":"2se5dq1do2gp0x9k","time":1607613862,"event":{"mods":["BaseMod","AchievementEnabler","Colored Map","Colored Powertips","StSLib","SuperFastMode","Block Reminder","Minty Spire (QoL Compilation)","Relic Stats"],"gold_per_floor":[112,124,124,139,214,214,214],"floor_reached":6,"playtime":80,"items_purged":[],"score":72,"play_id":"50fc5281-56d3-4c77-a945-eb9fa18babdd","local_time":"20201210072422","is_ascension_mode":true,"campfire_choices":[],"circlet_count":0,"master_deck":["AscendersBane","Strike_G","Strike_G","Strike_G","Strike_G","Strike_G","Defend_G","Defend_G","Defend_G","Defend_G","Defend_G","Survivor","Neutralize","Dagger Throw","Backflip"],"relics":["Ring of the Snake","NeowsBlessing","Question Card"],"acts_visited":["Exordium"],"potions_floor_usage":[],"damage_taken":[{"damage":0,"enemies":"Cultist","floor":1,"turns":1},{"damage":0,"enemies":"Small Slimes","floor":2,"turns":1},{"damage":0,"enemies":"Jaw Worm","floor":4,"turns":1},{"damage":8,"enemies":"Gremlin Nob","floor":6,"turns":3}],"seed_played":"-8060516003259061430","potions_obtained":[],"is_trial":false,"path_per_floor":["M","M","?","M","?","E"],"character_chosen":"THE_SILENT","items_purchased":[],"campfire_rested":0,"item_purchase_floors":[],"current_hp_per_floor":[59,59,48,48,37,29,29],"gold":214,"neow_bonus":"THREE_ENEMY_KILL","is_daily":false,"chose_seed":false,"campfire_upgraded":0,"win_rate":0,"timestamp":1607613862,"path_taken":["M","?","?","M","?","E"],"build_version":"2020-11-30","purchased_purges":0,"victory":false,"max_hp_per_floor":[66,66,66,66,66,66,66],"relic_stats":{"counters":[4,6],"Question Card":1,"obtain_stats":[{"NeowsBlessing":0,"Question Card":3,"Ring of the Snake":0},{"NeowsBlessing":0,"Question Card":2,"Ring of the Snake":0},{"NeowsBlessing":0,"Question Card":2,"Ring of the Snake":0}],"Ring of the Snake":[8]},"card_choices":[{"not_picked":["Quick Slash","All Out Attack"],"picked":"Dagger Throw","floor":1},{"not_picked":["Escape Plan","Poisoned Stab"],"picked":"Backflip","floor":2},{"not_picked":["Masterful Stab","Expertise","Outmaneuver","Heel Hook"],"picked":"SKIP","floor":4}],"player_experience":3593518,"relics_obtained":[],"event_choices":[{"damage_healed":0,"gold_gain":0,"player_choice":"Success","damage_taken":11,"relics_obtained":["Question Card"],"max_hp_gain":0,"max_hp_loss":0,"event_name":"Scrap Ooze","floor":3,"gold_loss":0},{"damage_healed":0,"gold_gain":75,"player_choice":"Gather Gold","damage_taken":11,"max_hp_gain":0,"max_hp_loss":0,"event_name":"World of Goop","floor":5,"gold_loss":0}],"is_beta":false,"boss_relics":[],"items_purged_floors":[],"is_endless":false,"potions_floor_spawned":[],"killed_by":"Gremlin Nob","ascension_level":20}}