{"host":"jx3f6ezc0g3s9edc","time":1607568438,"event":{"gold_per_floor":[169,181,181,28,28,28,44,76,100,100,4,4,24,57,57,153,153,166,178,268,268,268],"floor_reached":21,"playtime":1736,"items_purged":["Zap"],"score":234,"play_id":"35699e5e-01fe-4ad8-bbe7-94ac6194f9f5","local_time":"20201209214718","is_ascension_mode":true,"campfire_choices":[{"data":"Rebound","floor":6.0,"key":"SMITH"},{"data":"Blizzard","floor":10.0,"key":"SMITH"},{"floor":12.0,"key":"REST"},{"data":"Barrage","floor":15,"key":"SMITH"}],"neow_cost":"NONE","seed_source_timestamp":184436550242785,"circlet_count":0,"master_deck":["Dualcast+1","Rebound+1","Cold Snap","Hologram","Gash","Coolheaded","Blizzard+1","Barrage+1","Streamline","Conserve Battery","Machine Learning","Streamline","Self Repair","Steam","Reprogram","Consume","Gash","Gash","Capacitor+1"],"special_seed":0,"relics":["Tiny House","Smiling Mask","Potion Belt","Ornamental Fan","Pandora\u0027s Box"],"potions_floor_usage":[13,14,16,19],"damage_taken":[{"damage":6.0,"enemies":"2 Louse","floor":1.0,"turns":3.0},{"damage":10.0,"enemies":"Small Slimes","floor":2.0,"turns":3.0},{"damage":0.0,"enemies":"Jaw Worm","floor":7.0,"turns":5.0},{"damage":19.0,"enemies":"Lagavulin","floor":8.0,"turns":11.0},{"damage":0,"enemies":"Lots of Slimes","floor":13,"turns":2},{"damage":17,"enemies":"3 Sentries","floor":14,"turns":7},{"damage":33,"enemies":"The Guardian","floor":16,"turns":15},{"damage":16,"enemies":"Shell Parasite","floor":18,"turns":7},{"damage":32,"enemies":"2 Thieves","floor":19,"turns":4},{"damage":24,"enemies":"Snake Plant","floor":21,"turns":2}],"seed_played":"-5801470660859339425","potions_obtained":[{"floor":0.0,"key":"Explosive Potion"},{"floor":1.0,"key":"Explosive Potion"},{"floor":8.0,"key":"Regen Potion"},{"floor":13,"key":"PowerPotion"}],"is_trial":false,"path_per_floor":["M","M","?","$","?","R","M","E","T","R","$","R","M","E","R","B",null,"M","M","?","M"],"character_chosen":"DEFECT","items_purchased":["Gash","Coolheaded","Blizzard","Streamline"],"campfire_rested":1,"item_purchase_floors":[4,4,4,11],"current_hp_per_floor":[74,64,64,64,57,57,57,38,38,38,38,62,62,60,60,27,67,58,33,21,0,0],"gold":268,"neow_bonus":"BOSS_RELIC","is_prod":false,"is_daily":false,"chose_seed":false,"campfire_upgraded":3,"win_rate":0,"timestamp":1607568438,"path_taken":["M","M","?","$","?","R","?","E","T","R","?","R","M","E","R","BOSS","M","M","?","M"],"build_version":"2020-11-30","purchased_purges":1,"victory":false,"max_hp_per_floor":[80,80,80,80,80,80,80,80,80,80,80,80,80,80,80,80,80,80,80,80,80,80],"card_choices":[{"not_picked":["Recycle","Force Field"],"picked":"Rebound","floor":0.0},{"not_picked":["Ball Lightning","Compile Driver"],"picked":"Cold Snap","floor":1.0},{"not_picked":["White Noise","Rip and Tear"],"picked":"Hologram","floor":2.0},{"not_picked":["Rip and Tear","Hello World","Heatsinks"],"picked":"SKIP","floor":7.0},{"not_picked":["Streamline","White Noise"],"picked":"Barrage","floor":8.0},{"not_picked":["Skim","Steam"],"picked":"Conserve Battery","floor":13},{"not_picked":["Thunder Strike","Sweeping Beam","Force Field"],"picked":"SKIP","floor":14},{"not_picked":["Biased Cognition","Meteor Strike"],"picked":"Machine Learning","floor":16},{"not_picked":["Consume","Go for the Eyes"],"picked":"Gash","floor":18},{"not_picked":["Hologram","Loop"],"picked":"Capacitor+1","floor":19}],"player_experience":650286,"relics_obtained":[{"floor":8.0,"key":"Smiling Mask"},{"floor":9.0,"key":"Potion Belt"},{"floor":14,"key":"Ornamental Fan"}],"event_choices":[{"cards_removed":["Strike_B"],"damage_healed":0.0,"max_hp_gain":0.0,"max_hp_loss":0.0,"gold_gain":0.0,"event_name":"Living Wall","player_choice":"Forget","floor":3.0,"gold_loss":0.0,"damage_taken":0.0},{"cards_removed":["Strike_B"],"damage_healed":0.0,"max_hp_gain":0.0,"max_hp_loss":0.0,"gold_gain":0.0,"event_name":"Golden Wing","player_choice":"Card Removal","floor":5.0,"gold_loss":0.0,"damage_taken":7.0},{"damage_healed":0,"gold_gain":90,"player_choice":"GOLD ","damage_taken":12,"max_hp_gain":0,"max_hp_loss":0,"event_name":"Knowing Skull","floor":20,"potions_obtained":[],"gold_loss":0,"cards_obtained":[]}],"is_beta":false,"boss_relics":[{"not_picked":["SacredBark","Busted Crown"],"picked":"Pandora\u0027s Box"}],"items_purged_floors":[11],"is_endless":false,"potions_floor_spawned":[1,8,13],"killed_by":"Snake Plant","ascension_level":5}}