{"host":"ctqfwlng7h8v2vsz","time":1607559068,"event":{"gold_per_floor":[9014,9024,9044,8277,7124,7124,6435,6435,6459,6485,6485,6510,6510,6538,6538,6613,6613,6624,6089,6103,5535,5535,5535,5535,5535,5535,5535,4920,4936,4936,4936,4936,5013,5013,5031,5031,5031,4613,4613,4613,4613,4613,4613,4632,4632,3893,3170,3204,3204,3204,3204,3204,3204,2533,2563,2563],"floor_reached":57,"playtime":2879,"items_purged":["Wraith Form v2","Distraction","Neutralize","Venomology","Cloak And Dagger","Doppelganger","Unload","Bullet Time","Reboot+1","All For One"],"score":3347,"play_id":"d89b746e-a3b4-44f4-b382-926fba14a970","local_time":"20201210091108","is_ascension_mode":true,"campfire_choices":[{"data":"After Image","floor":6.0,"key":"SMITH"},{"data":"Omniscience","floor":8.0,"key":"SMITH"},{"data":"Terror","floor":11.0,"key":"PURGE"},{"data":"Omniscience","floor":13.0,"key":"SMITH"},{"data":"Reboot","floor":15.0,"key":"SMITH"},{"data":"Footwork","floor":23.0,"key":"SMITH"},{"data":"Night Terror","floor":24.0,"key":"SMITH"},{"data":"Demon Form","floor":25.0,"key":"SMITH"},{"data":"MasterReality","floor":27.0,"key":"SMITH"},{"data":"Survivor+1","floor":30.0,"key":"PURGE"},{"data":"Secret Technique+1","floor":32.0,"key":"PURGE"},{"floor":40.0,"key":"RECALL"},{"data":"Gash+1","floor":41.0,"key":"PURGE"},{"data":"Juggernaut","floor":42.0,"key":"SMITH"},{"data":"Calculated Gamble","floor":45.0,"key":"PURGE"},{"data":"Backflip","floor":49.0,"key":"PURGE"},{"data":"Grand Finale+1","floor":53.0,"key":"PURGE"}],"neow_cost":"NONE","seed_source_timestamp":1385596436000,"circlet_count":0,"master_deck":["AscendersBane","Night Terror+1","After Image","Secret Technique","MasterReality+1","After Image+1","Deep Breath+1","Footwork+1","Omniscience+1","Demon Form+1","Panacea+1","ConjureBlade+1","Juggernaut+1","Acrobatics+1","Adrenaline+1","Adrenaline+1","Master of Strategy+1","Madness+1","Madness+1","Exhume+1","Burst+1","Night Terror+1","Seek+1"],"special_seed":0,"relics":["Ring of the Snake","Pandora\u0027s Box","Prayer Wheel","Prayer Wheel","Question Card","Question Card","Nloth\u0027s Gift","Nloth\u0027s Gift","Nloth\u0027s Gift","Nloth\u0027s Gift","Coffee Dripper","Coffee Dripper","Peace Pipe","PrismaticShard","Omamori","Happy Flower","Orrery","HandDrill","Ancient Tea Set","Meat on the Bone","Strawberry","Membership Card","Medical Kit","War Paint","Whetstone","PreservedInsect","Shovel","Calipers","Matryoshka","Bottled Lightning","Runic Pyramid","Toxic Egg 2","OrangePellets","Eternal Feather","TheAbacus","Sling","Bag of Marbles","Art of War","Pear","Regal Pillow","Mummified Hand","Chemical X","Toy Ornithopter","Shuriken","Philosopher\u0027s Stone","Frozen Egg 2","Frozen Eye","Lee\u0027s Waffle","WingedGreaves","Vajra","Torii","Singing Bowl","Bag of Preparation","ClockworkSouvenir","Pocketwatch","Pen Nib","DollysMirror","Paper Crane","White Beast Statue","Dream Catcher","Mercury Hourglass","Incense Burner","Kunai","Orichalcum","Letter Opener","HornCleat","Blood Vial","Akabeko"],"potions_floor_usage":[56,56,56,56],"damage_taken":[{"damage":0.0,"enemies":"Cultist","floor":1.0,"turns":2.0},{"damage":0.0,"enemies":"Jaw Worm","floor":2.0,"turns":2.0},{"damage":0.0,"enemies":"2 Louse","floor":3.0,"turns":3.0},{"damage":0.0,"enemies":"Lagavulin","floor":10.0,"turns":3.0},{"damage":0.0,"enemies":"3 Sentries","floor":12.0,"turns":3.0},{"damage":0.0,"enemies":"Gremlin Nob","floor":14.0,"turns":2.0},{"damage":0.0,"enemies":"The Guardian","floor":16.0,"turns":6.0},{"damage":0.0,"enemies":"3 Byrds","floor":18.0,"turns":3.0},{"damage":0.0,"enemies":"2 Thieves","floor":20.0,"turns":3.0},{"damage":0.0,"enemies":"Snake Plant","floor":29.0,"turns":2.0},{"damage":0.0,"enemies":"Champ","floor":33.0,"turns":2.0},{"damage":0.0,"enemies":"Orb Walker","floor":35.0,"turns":2.0},{"damage":0.0,"enemies":"3 Darklings","floor":44.0,"turns":1.0},{"damage":0.0,"enemies":"Reptomancer","floor":48.0,"turns":2.0},{"damage":0.0,"enemies":"Donu and Deca","floor":50.0,"turns":3.0},{"damage":0.0,"enemies":"Time Eater","floor":51.0,"turns":4.0},{"damage":0.0,"enemies":"Shield and Spear","floor":55.0,"turns":1.0},{"damage":3,"enemies":"The Heart","floor":56,"turns":5}],"seed_played":"-3192457518881819498","potions_obtained":[{"floor":10.0,"key":"DistilledChaos"},{"floor":14.0,"key":"ColorlessPotion"},{"floor":20.0,"key":"Ancient Potion"}],"is_trial":false,"path_per_floor":["M","M","M","$","$","R","$","R","T","E","R","E","R","E","R","B",null,"M","$","M","$","?","R","R","R","T","R","$","M","R","?","R","B",null,"M","?","?","$","?","R","R","R","T","M","R","$","$","E","R","B","B",null,"R","$","E","B",null],"character_chosen":"THE_SILENT","items_purchased":["Omamori","Happy Flower","Deep Breath","Orrery","Calculated Gamble","Footwork","HandDrill","Ancient Tea Set","Meat on the Bone","Strawberry","Question Card","Membership Card","Acrobatics","Medical Kit","War Paint","Whetstone","PowerPotion","Regen Potion","Impatience","Toxic Egg 2","OrangePellets","Eternal Feather","Panacea+1","TheAbacus","Sling","Bag of Marbles","Art of War","Pear","Mummified Hand","Chemical X","Toy Ornithopter","Acrobatics+1","Shuriken","Frozen Egg 2","Frozen Eye","Lee\u0027s Waffle","Singing Bowl","Bag of Preparation","ClockworkSouvenir","Pocketwatch","Pen Nib","DollysMirror","Paper Crane","White Beast Statue","Dream Catcher","Mercury Hourglass","Ancient Potion","Kunai","Orichalcum","Letter Opener","HornCleat","Blood Vial","Akabeko"],"campfire_rested":0,"item_purchase_floors":[4,4,4,4,5,5,5,5,5,5,5,7,7,7,7,7,7,7,7,19,19,19,19,21,21,21,21,21,28,28,28,28,28,38,38,38,46,46,46,46,46,46,47,47,47,47,47,54,54,54,54,54,54],"current_hp_per_floor":[59,59,59,59,66,66,66,66,66,71,71,71,71,71,71,71,73,73,73,73,83,83,83,83,83,83,83,83,83,83,83,83,83,83,83,68,68,90,90,90,90,90,90,90,90,90,90,90,90,90,90,90,90,90,92,91],"gold":2563,"neow_bonus":"ONE_RANDOM_RARE_CARD","is_prod":false,"is_daily":false,"chose_seed":false,"campfire_upgraded":9,"win_rate":0,"timestamp":1607559068,"path_taken":["M","M","M","$","$","R","$","R","T","E","R","E","R","E","R","BOSS","M","$","?","$","?","R","R","R","T","R","$","?","R","?","R","BOSS","M","?","?","$","?","R","R","R","T","?","R","$","$","E","R","BOSS","BOSS","R","$","E","BOSS"],"build_version":"2020-11-30","purchased_purges":10,"victory":true,"max_hp_per_floor":[66,66,66,66,73,73,73,73,73,73,73,73,73,73,73,73,73,73,73,73,83,83,83,83,83,83,83,83,83,83,83,83,83,83,83,83,83,90,90,90,90,90,90,90,90,90,90,90,90,90,90,90,90,90,92,92],"relic_stats":{"Regal Pillow":0,"Torii":0,"Singing Bowl":2,"Bag of Preparation":[10],"Whetstone":["Gash","Grand Finale"],"Blood Vial":0,"Dream Catcher":0,"Shovel":0,"TheAbacus":[162],"Mummified Hand":[97],"Prayer Wheel":8,"HandDrill":[14],"Chemical X":[10],"Kunai":[0],"Ring of the Snake":[36],"Lee\u0027s Waffle":22,"Happy Flower":[14],"counters":[18,49],"Eternal Feather":0,"PreservedInsect":229,"Pen Nib":[0],"Letter Opener":[110],"War Paint":["Deep Breath","Survivor"],"Orichalcum":[6],"Question Card":56,"Medical Kit":[10],"Mercury Hourglass":[60],"Peace Pipe":9,"OrangePellets":[3],"Shuriken":[2],"Pandora\u0027s Box":["Night Terror","Venomology","After Image","Wraith Form v2","Doppelganger","Cloak And Dagger","Unload","Distraction","Bullet Time","Terror"],"Nloth\u0027s Gift":412,"Art of War":[8],"obtain_stats":[{"Calipers":10,"Vajra":43,"Whetstone":7,"Sling":21,"Blood Vial":54,"HornCleat":54,"DollysMirror":46,"Strawberry":5,"Prayer Wheel":0,"Philosopher\u0027s Stone":34,"HandDrill":5,"Kunai":54,"Toxic Egg 2":19,"Pear":21,"Happy Flower":4,"Eternal Feather":19,"Pen Nib":46,"Letter Opener":54,"War Paint":7,"Paper Crane":47,"Question Card":0,"Akabeko":54,"OrangePellets":19,"Shuriken":28,"Pandora\u0027s Box":0,"Nloth\u0027s Gift":0,"Meat on the Bone":5,"Pocketwatch":46,"Regal Pillow":26,"Torii":43,"Singing Bowl":46,"Bag of Preparation":46,"Incense Burner":48,"PrismaticShard":0,"Ancient Tea Set":5,"ClockworkSouvenir":46,"Frozen Eye":38,"Dream Catcher":47,"Shovel":10,"Matryoshka":12,"TheAbacus":21,"Mummified Hand":28,"WingedGreaves":0,"Chemical X":28,"Ring of the Snake":0,"Runic Pyramid":17,"Lee\u0027s Waffle":38,"PreservedInsect":9,"Omamori":4,"Frozen Egg 2":38,"Orichalcum":54,"Medical Kit":7,"White Beast Statue":47,"Mercury Hourglass":47,"Peace Pipe":0,"Orrery":4,"Coffee Dripper":0,"Bag of Marbles":21,"Art of War":21,"Membership Card":7,"Bottled Lightning":14,"Toy Ornithopter":28},{"Calipers":4,"Vajra":12,"Whetstone":3,"Sling":9,"Blood Vial":16,"HornCleat":16,"DollysMirror":13,"Strawberry":3,"Prayer Wheel":0,"Philosopher\u0027s Stone":11,"HandDrill":3,"Kunai":16,"Toxic Egg 2":8,"Pear":9,"Happy Flower":3,"Eternal Feather":8,"Pen Nib":13,"Letter Opener":16,"War Paint":3,"Paper Crane":13,"Question Card":0,"Akabeko":16,"OrangePellets":8,"Shuriken":9,"Pandora\u0027s Box":0,"Nloth\u0027s Gift":0,"Meat on the Bone":3,"Pocketwatch":13,"Regal Pillow":9,"Torii":12,"Singing Bowl":13,"Bag of Preparation":13,"Incense Burner":14,"PrismaticShard":0,"Ancient Tea Set":3,"ClockworkSouvenir":13,"Frozen Eye":12,"Dream Catcher":13,"Shovel":4,"Matryoshka":5,"TheAbacus":9,"Mummified Hand":9,"WingedGreaves":0,"Chemical X":9,"Ring of the Snake":0,"Runic Pyramid":7,"Lee\u0027s Waffle":12,"PreservedInsect":3,"Omamori":3,"Frozen Egg 2":12,"Orichalcum":16,"Medical Kit":3,"White Beast Statue":13,"Mercury Hourglass":13,"Peace Pipe":0,"Orrery":3,"Coffee Dripper":0,"Bag of Marbles":9,"Art of War":9,"Membership Card":3,"Bottled Lightning":6,"Toy Ornithopter":9},{"Calipers":10,"Vajra":33,"Whetstone":7,"Sling":27,"Blood Vial":43,"HornCleat":43,"DollysMirror":34,"Strawberry":7,"Prayer Wheel":0,"Philosopher\u0027s Stone":31,"HandDrill":7,"Kunai":43,"Toxic Egg 2":24,"Pear":27,"Happy Flower":7,"Eternal Feather":24,"Pen Nib":34,"Letter Opener":43,"War Paint":7,"Paper Crane":34,"Question Card":0,"Akabeko":43,"OrangePellets":24,"Shuriken":27,"Pandora\u0027s Box":0,"Nloth\u0027s Gift":0,"Meat on the Bone":7,"Pocketwatch":34,"Regal Pillow":27,"Torii":33,"Singing Bowl":34,"Bag of Preparation":34,"Incense Burner":36,"PrismaticShard":0,"Ancient Tea Set":7,"ClockworkSouvenir":34,"Frozen Eye":33,"Dream Catcher":34,"Shovel":10,"Matryoshka":13,"TheAbacus":27,"Mummified Hand":27,"WingedGreaves":0,"Chemical X":27,"Ring of the Snake":0,"Runic Pyramid":21,"Lee\u0027s Waffle":33,"PreservedInsect":7,"Omamori":7,"Frozen Egg 2":33,"Orichalcum":43,"Medical Kit":7,"White Beast Statue":34,"Mercury Hourglass":34,"Peace Pipe":0,"Orrery":7,"Coffee Dripper":0,"Bag of Marbles":27,"Art of War":27,"Membership Card":7,"Bottled Lightning":15,"Toy Ornithopter":27}],"Toy Ornithopter":2,"Meat on the Bone":0,"Pocketwatch":[0]},"card_choices":[{"not_picked":["BlazingStar","Thinking Ahead","HandOfGreed","Electrodynamics"],"picked":"Secret Technique","floor":1.0},{"not_picked":["Unload","Violence","BigCrunch","BinaryStars","MaximisePower"],"picked":"SKIP","floor":1.0},{"not_picked":["Echo Form","Vault","Grand Finale","Fiend Fire"],"picked":"Omniscience","floor":2.0},{"not_picked":["DeusExMachina","CollectingQuirk","Glass Knife","Multi-Cast"],"picked":"MasterReality","floor":2.0},{"not_picked":["Secret Technique","Thunder Strike","Fission","Meteor Strike"],"picked":"After Image","floor":3.0},{"not_picked":["Bludgeon","Sadistic Nature","Hyperbeam","Wraith Form v2","Brilliance"],"picked":"SKIP","floor":3.0},{"not_picked":["NonDirectionalLaser","ThirdEye","Scrape","Bane"],"picked":"Backflip","floor":4.0},{"not_picked":["FlurryOfBlows","Power Through","Wild Strike","UnstableBomb"],"picked":"Gash","floor":4.0},{"not_picked":["Barricade","Omniscience","Thunder Strike","Rainbow","AbsoluteMagnitude"],"picked":"SKIP","floor":10.0},{"not_picked":["SatelliteIllusion","Creative AI","A Thousand Cuts","Night Terror"],"picked":"Omniscience","floor":12.0},{"not_picked":["TreasureHunter","Envenom","Violence","Establishment"],"picked":"Reboot","floor":14.0},{"not_picked":["Feed","CollectingQuirk","Chrysalis","FinalSpark"],"picked":"All For One","floor":16.0},{"not_picked":["Wraith Form v2","EscapeVelocity","Brilliance","Rainbow"],"picked":"Demon Form","floor":18.0},{"not_picked":["Double Tap","Unload","Devotion","Feed","EscapeVelocity"],"picked":"SKIP","floor":18.0},{"not_picked":["Fiend Fire","Core Surge","Envenom","Amplify+1"],"picked":"ConjureBlade+1","floor":20.0},{"not_picked":["Reboot+1","Juggernaut","ConjureBlade+1","DeusExMachina+1","Meteor Strike"],"picked":"SKIP","floor":20.0},{"not_picked":["Reboot+1","ConjureBlade+1","DeusExMachina+1","Meteor Strike"],"picked":"Juggernaut","floor":20.0},{"not_picked":["JA","Secret Weapon+1","Blasphemy+1","Demon Form"],"picked":"Adrenaline+1","floor":29.0},{"not_picked":["SuperNova","DeusExMachina+1","Mayhem","MillisecondPulsars","BigCrunch+1"],"picked":"SKIP","floor":29.0},{"not_picked":["Secret Technique+1","Die Die Die","Corpse Explosion+1","Core Surge"],"picked":"Master of Strategy+1","floor":33.0},{"not_picked":["CollectingQuirk","Magnetism","Ragnarok","JA","Mayhem"],"picked":"SKIP","floor":35.0},{"not_picked":["DeusExMachina+1","Envenom","BigCrunch+1","Wish+1","Apotheosis+1"],"picked":"SKIP","floor":35.0},{"not_picked":["AbsoluteMagnitude","Omniscience+1","MasterReality+1","ConjureBlade+1"],"picked":"Exhume+1","floor":44.0},{"not_picked":["TreasureHunter","Phantasmal Killer+1","All For One","Creative AI+1"],"picked":"Burst+1","floor":44.0},{"not_picked":["Omniscience+1","Juggernaut+1","Vault+1","Wraith Form v2+1"],"picked":"Seek+1","floor":48.0},{"not_picked":["Biased Cognition+1","Limit Break+1","Malaise+1","BinaryStars+1","Envenom+1"],"picked":"Singing Bowl","floor":55.0}],"player_experience":333280,"relics_obtained":[{"floor":9.0,"key":"PreservedInsect"},{"floor":10.0,"key":"Shovel"},{"floor":12.0,"key":"Matryoshka"},{"floor":14.0,"key":"Bottled Lightning"},{"floor":26.0,"key":"Regal Pillow"},{"floor":43.0,"key":"Vajra"},{"floor":43.0,"key":"Torii"},{"floor":48.0,"key":"Incense Burner"}],"event_choices":[{"damage_healed":0.0,"max_hp_gain":0.0,"max_hp_loss":0.0,"gold_gain":0.0,"event_name":"N\u0027loth","player_choice":"Ignored","floor":22.0,"gold_loss":0.0,"damage_taken":0.0},{"damage_healed":0.0,"max_hp_gain":0.0,"max_hp_loss":0.0,"gold_gain":0.0,"cards_transformed":["Acrobatics","Impatience"],"event_name":"Drug Dealer","player_choice":"Became Test Subject","floor":31.0,"gold_loss":0.0,"damage_taken":0.0,"cards_obtained":["Adrenaline","Secret Technique"]},{"damage_healed":0.0,"max_hp_gain":0.0,"max_hp_loss":0.0,"gold_gain":0.0,"event_name":"Winding Halls","player_choice":"Embrace Madness","floor":36.0,"gold_loss":0.0,"damage_taken":15.0,"cards_obtained":["Madness","Madness"]},{"damage_healed":0.0,"max_hp_gain":0.0,"max_hp_loss":0.0,"gold_gain":0.0,"event_name":"Tomb of Lord Red Mask","player_choice":"Ignored","floor":37.0,"gold_loss":0.0,"damage_taken":0.0},{"cards_removed":["Omniscience"],"damage_healed":0.0,"max_hp_gain":0.0,"max_hp_loss":0.0,"gold_gain":0.0,"event_name":"Falling","player_choice":"Removed Skill","floor":39.0,"gold_loss":0.0,"damage_taken":0.0}],"is_beta":false,"boss_relics":[{"not_picked":["Sozu","Ectoplasm"],"picked":"Runic Pyramid"},{"not_picked":["Astrolabe","Cursed Key"],"picked":"Philosopher\u0027s Stone"}],"items_purged_floors":[4,4,5,7,19,21,28,38,46,47],"is_endless":false,"potions_floor_spawned":[2,10,14,20,35,48,55],"ascension_level":20}}