{"host":"x7u3amoxy3d4heu5","time":1607573398,"event":{"gold_per_floor":[114,114,134,134,134,159,159,188,240,267,277,277,277,295,310,321,321,424,424,439,439,452,452,452,452,481,481,481,507,518,530,540,480,480,583,583,595,595,645,664,682,682,709,720,720,751,751,765,765,784,784,784],"floor_reached":53,"playtime":6292,"items_purged":[],"score":969,"play_id":"6bf40ce4-d1d4-4e3f-8230-c74cefce19e3","local_time":"20201209210958","is_ascension_mode":true,"campfire_choices":[{"data":"Sanctity","floor":7.0,"key":"SMITH"},{"data":"Replay:Hum","floor":17.0,"key":"SMITH"},{"data":"Eruption","floor":25.0,"key":"SMITH"},{"floor":34,"key":"REST"},{"floor":42,"key":"REST"},{"floor":51,"key":"DIG"}],"neow_cost":"NONE","seed_source_timestamp":51756746562800,"circlet_count":0,"master_deck":["Defend_P","Defend_P","Defend_P","Defend_P","Eruption+1","Sanctity+1","FlurryOfBlows","FearNoEvil","CutThroughFate","Scrawl","Nirvana","EmptyBody+1","Replay:Hum+1","FlyingSleeves","Brilliance","FlyingSleeves+1","ThirdEye","Bite","Bite","Bite","Bite","Bite","RitualDagger","Adaptation+1","ClearTheMind","SandsOfTime","JustLucky","Devotion+1","Replay:Anticipation+1","DeceiveReality+1","BowlingBash","Halt+1","DevaForm+1","Replay:ManipulateFuture+1","Halt+1","Madness","Madness+1","ThirdEye+1"],"special_seed":0,"relics":["Ring of the Snake","Bag of Marbles","Ring of Fury","Ring of Peace","infinitespire:Cubic Diamond","Replay:Baseball","infinitespire:FocusingShard","hubris:FunFungus","Replay:Mystery Machine","Replay:Ringing Soul","Runic Pyramid","Darkstone Periapt","Golden Egg","hubris:ToyBattleship","Fusion Hammer","Ice Cream","Lantern","hubris:GlazedTorus","infinitespire:Joker Card","Toy Ornithopter","War Paint"],"potions_floor_usage":[26,29,31,40,40,52],"damage_taken":[{"damage":1.0,"enemies":"Jaw Worm","floor":1.0,"turns":4.0},{"damage":0.0,"enemies":"Small Slimes","floor":3.0,"turns":1.0},{"damage":21.0,"enemies":"Gremlin Nob","floor":6.0,"turns":4.0},{"damage":2.0,"enemies":"3 Sentries","floor":8.0,"turns":6.0},{"damage":0.0,"enemies":"Replay:BlueRogue","floor":10.0,"turns":3.0},{"damage":0.0,"enemies":"Cultist","floor":11.0,"turns":2.0},{"damage":0.0,"enemies":"Looter","floor":14.0,"turns":2.0},{"damage":0.0,"enemies":"Exordium Wildlife","floor":15.0,"turns":3.0},{"damage":0.0,"enemies":"Large Slime","floor":16.0,"turns":3.0},{"damage":12.0,"enemies":"Hexaghost","floor":18.0,"turns":7.0},{"damage":3.0,"enemies":"Chosen","floor":20.0,"turns":3.0},{"damage":0.0,"enemies":"Shell Parasite","floor":22.0,"turns":2.0},{"damage":13,"enemies":"Replay:Snechameleon","floor":26,"turns":3},{"damage":23,"enemies":"Book of Stabbing","floor":29,"turns":5},{"damage":12,"enemies":"Cultist and Chosen","floor":30,"turns":5},{"damage":0,"enemies":"Snake Plant","floor":31,"turns":2},{"damage":17,"enemies":"Shelled Parasite and Fungi","floor":32,"turns":3},{"damage":14,"enemies":"Champ","floor":35,"turns":7},{"damage":0,"enemies":"3 Shapes","floor":37,"turns":4},{"damage":18,"enemies":"Mind Bloom Boss Battle","floor":39,"turns":4},{"damage":0,"enemies":"3 Darklings","floor":40,"turns":2},{"damage":0,"enemies":"Maw","floor":41,"turns":5},{"damage":0,"enemies":"Giant Head","floor":43,"turns":6},{"damage":24,"enemies":"Spire Growth","floor":44,"turns":4},{"damage":25,"enemies":"R_Hoarder","floor":46,"turns":8},{"damage":93,"enemies":"Transient","floor":48,"turns":5},{"damage":0,"enemies":"Maw","floor":50,"turns":5},{"damage":27,"enemies":"infinitespire:MassOfShapes","floor":52,"turns":6}],"seed_played":"-1432906830877610397","potions_obtained":[{"floor":1.0,"key":"Elixir"},{"floor":8.0,"key":"BottledMiracle"},{"floor":11.0,"key":"CultistPotion"},{"floor":14.0,"key":"Explosive Potion"},{"floor":15.0,"key":"Energy Potion"},{"floor":22.0,"key":"Energy Potion"},{"floor":26,"key":"Strength Potion"},{"floor":30,"key":"Fire Potion"},{"floor":35,"key":"Adrenaline Potion"},{"floor":43,"key":"Regen Potion"},{"floor":44,"key":"DuplicationPotion"},{"floor":50,"key":"BlessingOfTheForge"}],"is_trial":false,"path_per_floor":["M","?","M","?","?","E","R","E","T","E","M","PTL","PTL","M","M","M","R","B",null,"M","?","M","?","?","R","E","?","T","E","M","M","M","?","R","B",null,"M","?","?","M","M","R","E","M","T","E","?","M","?","M","R_BF","B",null],"character_chosen":"WATCHER","items_purchased":[],"campfire_rested":2,"item_purchase_floors":[],"current_hp_per_floor":[71,71,71,71,71,50,50,48,48,51,54,54,54,57,60,63,63,54,90,90,72,75,73,70,70,66,66,66,50,49,52,40,40,66,65,91,94,94,81,94,103,103,106,90,90,97,86,13,13,30,30,32],"gold":784,"neow_bonus":"RANDOM_COMMON_RELIC","is_prod":false,"is_daily":false,"chose_seed":false,"campfire_upgraded":3,"win_rate":1,"timestamp":1607573398,"path_taken":["M","?","M","?","?","E","R","E","T","E","M","PTL","PTL","M","?","M","R","BOSS","M","?","M","?","?","R","E","?","T","E","M","?","M","?","R","BOSS","M","?","?","M","M","R","E","M","T","E","?","M","?","?","R_BF","BOSS"],"build_version":"2020-11-30","purchased_purges":0,"victory":true,"max_hp_per_floor":[72,72,72,72,72,72,72,72,72,75,78,78,78,81,84,87,87,90,90,93,98,101,73,76,76,79,79,79,82,82,85,88,88,88,91,91,94,94,97,100,103,103,106,109,109,112,115,115,115,118,118,118],"card_choices":[{"not_picked":["Replay:AtTheReady","Replay:BluntJabs"],"picked":"Sanctity","floor":1.0},{"not_picked":["WreathOfFlame","FlyingSleeves"],"picked":"FlurryOfBlows","floor":3.0},{"not_picked":["FollowUp","SashWhip"],"picked":"FearNoEvil","floor":6.0},{"not_picked":["CrushJoints","Evaluate"],"picked":"CutThroughFate","floor":8.0},{"not_picked":["Blasphemy","SashWhip"],"picked":"Scrawl","floor":10.0},{"not_picked":["Collect","Worship"],"picked":"Nirvana","floor":11.0},{"not_picked":["ReachHeaven","Replay:BluntJabs"],"picked":"EmptyBody","floor":14.0},{"not_picked":["Replay:BluntJabs","Evaluate"],"picked":"Replay:Hum","floor":15.0},{"not_picked":["Halt","Replay:DivineShield"],"picked":"FlyingSleeves","floor":16.0},{"not_picked":["Omniscience","Replay:AllIn"],"picked":"Brilliance","floor":18.0},{"not_picked":["Evaluate+1","Replay:AtTheReady"],"picked":"FlyingSleeves+1","floor":20.0},{"not_picked":["WindmillStrike+1","ReachHeaven"],"picked":"ThirdEye","floor":22.0},{"not_picked":["Weave","InnerPeace"],"picked":"Adaptation","floor":26},{"not_picked":["FlurryOfBlows","Replay:BluntJabs"],"picked":"ClearTheMind","floor":29},{"not_picked":["Meditate","Judgement","CrushJoints"],"picked":"SKIP","floor":30},{"not_picked":["ClearTheMind","Replay:BluntJabs+1"],"picked":"SandsOfTime","floor":31},{"not_picked":["Crescendo+1","CrushJoints"],"picked":"JustLucky","floor":32},{"not_picked":["Establishment","Brilliance"],"picked":"Devotion","floor":35},{"not_picked":["ReachHeaven","SashWhip+1"],"picked":"Replay:Anticipation+1","floor":37},{"not_picked":["SandsOfTime","Fasting2+1"],"picked":"DeceiveReality+1","floor":39},{"not_picked":["EmptyFist+1","ThirdEye"],"picked":"BowlingBash","floor":40},{"not_picked":["Wallop","Nirvana+1"],"picked":"Halt+1","floor":41},{"not_picked":["SashWhip","Pray"],"picked":"DevaForm","floor":43},{"not_picked":["Replay:Battleflow+1","Consecrate+1"],"picked":"Replay:ManipulateFuture+1","floor":44},{"not_picked":["Ragnarok","CutThroughFate"],"picked":"Halt+1","floor":46},{"not_picked":["Replay:BluntJabs+1","ClearTheMind","BowlingBash+1"],"picked":"SKIP","floor":48},{"not_picked":["Collect","Protect"],"picked":"ThirdEye+1","floor":50}],"player_experience":508803,"relics_obtained":[{"floor":2.0,"key":"Ring of Fury"},{"floor":2.0,"key":"Ring of Peace"},{"floor":6.0,"key":"infinitespire:FocusingShard"},{"floor":8.0,"key":"hubris:FunFungus"},{"floor":9.0,"key":"Replay:Mystery Machine"},{"floor":10.0,"key":"Replay:Ringing Soul"},{"floor":26,"key":"Darkstone Periapt"},{"floor":28,"key":"Golden Egg"},{"floor":29,"key":"hubris:ToyBattleship"},{"floor":39,"key":"Ice Cream"},{"floor":43,"key":"Lantern"},{"floor":45,"key":"hubris:GlazedTorus"},{"floor":46,"key":"infinitespire:Joker Card"},{"floor":49,"key":"Toy Ornithopter"},{"floor":51,"key":"War Paint"}],"event_choices":[{"damage_healed":0.0,"max_hp_gain":0.0,"max_hp_loss":0.0,"gold_gain":0.0,"event_name":"WeMeetAgain","player_choice":"Gave Potion","floor":5.0,"gold_loss":0.0,"damage_taken":0.0,"relics_obtained":["Replay:Baseball"]},{"damage_healed":0.0,"max_hp_gain":5.0,"max_hp_loss":0.0,"gold_gain":0.0,"event_name":"Forgotten Altar","player_choice":"Shed Blood","floor":21.0,"gold_loss":0.0,"damage_taken":23.0},{"damage_healed":0.0,"max_hp_gain":0.0,"max_hp_loss":31.0,"gold_gain":0.0,"event_name":"Vampires","player_choice":"Became a vampire","floor":23.0,"gold_loss":0.0,"damage_taken":0.0,"cards_obtained":["Bite","Bite","Bite","Bite","Bite"]},{"damage_healed":0.0,"max_hp_gain":0.0,"max_hp_loss":0.0,"gold_gain":0.0,"event_name":"Nest","player_choice":"Joined the Cult","floor":24.0,"gold_loss":0.0,"damage_taken":6.0,"cards_obtained":["RitualDagger"]},{"cards_removed":["Vigilance"],"damage_healed":0,"gold_gain":0,"player_choice":"Purged","damage_taken":0,"max_hp_gain":0,"max_hp_loss":0,"event_name":"Purifier","floor":27,"gold_loss":0},{"damage_healed":0,"gold_gain":0,"player_choice":"Fight","damage_taken":0,"max_hp_gain":0,"max_hp_loss":0,"event_name":"MindBloom","floor":39,"gold_loss":0},{"damage_healed":0,"gold_gain":0,"player_choice":"Embrace Madness","damage_taken":14,"max_hp_gain":0,"max_hp_loss":0,"event_name":"Winding Halls","floor":47,"gold_loss":0,"cards_obtained":["Madness","Madness"]},{"damage_healed":0,"gold_gain":0,"player_choice":"Relic","damage_taken":0,"max_hp_gain":0,"max_hp_loss":0,"event_name":"Wheel of Change","floor":49,"gold_loss":0}],"is_beta":false,"boss_relics":[{"not_picked":["Astrolabe","Snecko Eye"],"picked":"Runic Pyramid"},{"not_picked":["Tiny House","hubris:RunicObelisk"],"picked":"Fusion Hammer"}],"items_purged_floors":[],"is_endless":false,"potions_floor_spawned":[1,8,11,14,15,22,26,30,35,43,44,48,50],"ascension_level":1}}