{"host":"udzsrhbqdxqtlypj","time":1607613044,"event":{"mods":["BaseMod","Minty Spire (QoL Compilation)","Relic Stats"],"gold_per_floor":[16,30,130,145,160,186,186,214,238,254,270,299,318,328,328,424,424,438,453,453,91,166,166,441,441,441],"floor_reached":25,"playtime":1843,"items_purged":["Strike_G"],"score":350,"play_id":"0aa4e341-f8cb-44c2-ba9d-b9bb31f02c44","local_time":"20201210091044","is_ascension_mode":true,"campfire_choices":[{"data":"Adrenaline","floor":7,"key":"SMITH"},{"floor":15,"key":"REST"},{"data":"Malaise","floor":23,"key":"SMITH"}],"circlet_count":0,"master_deck":["Strike_G","Strike_G","Strike_G","Defend_G","Defend_G","Defend_G","Defend_G","Survivor","Neutralize","Flying Knee","Poisoned Stab","Acrobatics","All Out Attack","Adrenaline+1","Bouncing Flask","Underhanded Strike","Blur","Malaise+1","CurseOfTheBell","Backstab+1","Flechettes+1","Catalyst","Regret"],"relics":["Ring of the Snake","Ancient Tea Set","Snake Skull","Bag of Marbles","Juzu Bracelet","Calling Bell","Boot","Frozen Egg 2","Torii","Dead Branch"],"acts_visited":["Exordium","TheCity"],"potions_floor_usage":[5,6,16,18,25],"damage_taken":[{"damage":0,"enemies":"Small Slimes","floor":1,"turns":4},{"damage":1,"enemies":"Cultist","floor":2,"turns":4},{"damage":2,"enemies":"Jaw Worm","floor":4,"turns":4},{"damage":6,"enemies":"Looter","floor":5,"turns":5},{"damage":17,"enemies":"Gremlin Nob","floor":6,"turns":4},{"damage":10,"enemies":"3 Sentries","floor":8,"turns":7},{"damage":6,"enemies":"Lots of Slimes","floor":10,"turns":4},{"damage":5,"enemies":"Red Slaver","floor":11,"turns":2},{"damage":0,"enemies":"Gremlin Nob","floor":12,"turns":2},{"damage":10,"enemies":"Large Slime","floor":13,"turns":5},{"damage":0,"enemies":"Looter","floor":14,"turns":1},{"damage":12,"enemies":"The Guardian","floor":16,"turns":8},{"damage":4,"enemies":"3 Byrds","floor":18,"turns":4},{"damage":0,"enemies":"Chosen","floor":19,"turns":3},{"damage":45,"enemies":"Gremlin Leader","floor":25,"turns":9}],"seed_played":"3592732564514072329","potions_obtained":[{"floor":2,"key":"SteroidPotion"},{"floor":4,"key":"BlessingOfTheForge"},{"floor":6,"key":"LiquidMemories"},{"floor":11,"key":"Block Potion"},{"floor":14,"key":"Ancient Potion"},{"floor":16,"key":"SkillPotion"}],"is_trial":false,"path_per_floor":["M","M","?","M","M","E","R","E","T","M","M","E","M","M","R","B",null,"M","M","?","$","?","R","?","E"],"character_chosen":"THE_SILENT","items_purchased":["Dead Branch"],"campfire_rested":1,"item_purchase_floors":[21],"current_hp_per_floor":[63,62,62,60,54,37,37,27,27,21,16,16,6,6,27,15,56,52,52,52,52,45,45,45,0,0],"gold":441,"neow_bonus":"REMOVE_TWO","is_daily":false,"chose_seed":false,"campfire_upgraded":2,"win_rate":0,"timestamp":1607613044,"path_taken":["M","M","?","M","M","E","R","E","T","M","?","E","M","M","R","BOSS","M","M","?","$","?","R","?","E"],"build_version":"2020-11-30","purchased_purges":1,"victory":false,"max_hp_per_floor":[70,70,70,70,70,70,70,70,70,70,70,70,70,70,70,70,70,70,70,70,70,70,70,70,70,70],"relic_stats":{"Torii":0,"counters":[15,66],"Dead Branch":[3],"Snake Skull":[66],"Juzu Bracelet":1,"Boot":[26],"obtain_stats":[{"Calling Bell":17,"Torii":17,"Dead Branch":21,"Snake Skull":8,"Bag of Marbles":9,"Juzu Bracelet":12,"Frozen Egg 2":17,"Ancient Tea Set":6,"Boot":17,"Ring of the Snake":0},{"Calling Bell":12,"Torii":12,"Dead Branch":14,"Snake Skull":6,"Bag of Marbles":6,"Juzu Bracelet":9,"Frozen Egg 2":12,"Ancient Tea Set":5,"Boot":12,"Ring of the Snake":0},{"Calling Bell":50,"Torii":50,"Dead Branch":57,"Snake Skull":28,"Bag of Marbles":28,"Juzu Bracelet":36,"Frozen Egg 2":50,"Ancient Tea Set":21,"Boot":50,"Ring of the Snake":0}],"Ring of the Snake":[30]},"card_choices":[{"not_picked":["Dodge and Roll","Concentrate"],"picked":"Flying Knee","floor":1},{"not_picked":["Heel Hook","Reflex"],"picked":"Poisoned Stab","floor":2},{"not_picked":["Outmaneuver","Choke"],"picked":"Acrobatics","floor":4},{"not_picked":["Setup","Outmaneuver"],"picked":"All Out Attack","floor":5},{"not_picked":["Dash","Calculated Gamble"],"picked":"Adrenaline","floor":6},{"not_picked":["Dodge and Roll","Choke"],"picked":"Bouncing Flask","floor":8},{"not_picked":["Bane","Accuracy","Outmaneuver"],"picked":"SKIP","floor":10},{"not_picked":["Infinite Blades","Caltrops"],"picked":"Underhanded Strike","floor":11},{"not_picked":["Deflect","Riddle With Holes","Sucker Punch"],"picked":"SKIP","floor":12},{"not_picked":["Deflect","Riddle With Holes","Sucker Punch"],"picked":"SKIP","floor":12},{"not_picked":["Distraction","Choke"],"picked":"Blur","floor":13},{"not_picked":["Heel Hook","Underhanded Strike","Bane"],"picked":"SKIP","floor":14},{"not_picked":["Storm of Steel","Adrenaline"],"picked":"Malaise","floor":16},{"not_picked":["Deflect","Dodge and Roll+1"],"picked":"Backstab+1","floor":18},{"not_picked":["Heel Hook+1","Dagger Throw"],"picked":"Flechettes+1","floor":19}],"player_experience":2564170,"relics_obtained":[{"floor":6,"key":"Ancient Tea Set"},{"floor":8,"key":"Snake Skull"},{"floor":9,"key":"Bag of Marbles"},{"floor":12,"key":"Juzu Bracelet"},{"floor":17,"key":"Boot"},{"floor":17,"key":"Frozen Egg 2"},{"floor":17,"key":"Torii"}],"event_choices":[{"damage_healed":0,"gold_gain":100,"player_choice":"Pray","damage_taken":0,"max_hp_gain":0,"max_hp_loss":0,"event_name":"Golden Shrine","floor":3,"gold_loss":0},{"damage_healed":0,"gold_gain":0,"player_choice":"Read","damage_taken":0,"max_hp_gain":0,"max_hp_loss":0,"event_name":"The Library","floor":20,"gold_loss":0,"cards_obtained":["Catalyst"]},{"damage_healed":0,"gold_gain":75,"player_choice":"Touch","damage_taken":7,"max_hp_gain":0,"max_hp_loss":0,"event_name":"FaceTrader","floor":22,"gold_loss":0},{"damage_healed":0,"gold_gain":275,"player_choice":"Desecrate","damage_taken":0,"max_hp_gain":0,"max_hp_loss":0,"event_name":"Golden Shrine","floor":24,"gold_loss":0,"cards_obtained":["Regret"]}],"is_beta":false,"boss_relics":[{"not_picked":["SacredBark","Busted Crown"],"picked":"Calling Bell"}],"items_purged_floors":[21],"is_endless":false,"potions_floor_spawned":[2,4,6,11,14,16],"killed_by":"Gremlin Leader","ascension_level":8}}