{"host":"qtjyrnym4cekytpy","time":1607625219,"event":{"mods":["BaseMod","StSLib","Hermit","Minty Spire (QoL Compilation)"],"gold_per_floor":[215,227,240,223,223,223,47,47,47,57,86,86,105,121,121,221,221,232,232,280,105,79,110,110,110,110,129,129,93,108,70,70,171,171,188,188,36,36,86,86,106,106,106,119,129,129,129,103,103,103,103],"floor_reached":50,"playtime":2984,"items_purged":[],"score":508,"play_id":"37d4338d-c8ba-43ed-88be-39610ee2aa96","local_time":"20201210163339","is_ascension_mode":false,"campfire_choices":[{"floor":6,"key":"RECALL"},{"floor":8,"key":"REST"},{"floor":15,"key":"REST"},{"floor":24,"key":"REST"},{"floor":28,"key":"REST"},{"floor":32,"key":"REST"},{"floor":40,"key":"REST"},{"floor":47,"key":"REST"},{"floor":49,"key":"REST"}],"circlet_count":0,"master_deck":["hermit:Strike_Hermit","hermit:Strike_Hermit","hermit:Strike_Hermit","hermit:Strike_Hermit","hermit:Defend_Hermit","hermit:Defend_Hermit","hermit:Snapshot","hermit:Covet","hermit:Vantage","hermit:Glare","hermit:CalledShot","hermit:Glare","hermit:Quickdraw","hermit:Desperado","hermit:RoundhouseKick","hermit:Headshot","hermit:WideOpen","hermit:RoundhouseKick","CurseOfTheBell","hermit:Feint+1","hermit:Headshot","hermit:Headshot","hermit:Snipe+1","hermit:TrackingShot","hermit:CursedWeapon","hermit:Snipe","hermit:Malice","hermit:Quickdraw+1","Dramatic Entrance","Iron Wave","hermit:SprayPray+1","hermit:Headshot+1","hermit:HighCaliber+1","hermit:TrackingShot+1","hermit:Headshot"],"relics":["hermit:Momento","White Beast Statue","Nunchaku","StrikeDummy","Anchor","Calling Bell","PreservedInsect","hermit:Horseshoe","Peace Pipe","Nilry\u0027s Codex","Bronze Scales","HandDrill","Juzu Bracelet","StoneCalendar","SacredBark","Sling","hermit:RedScarf","InkBottle"],"acts_visited":["Exordium","TheCity","TheBeyond"],"potions_floor_usage":[11,16,16,33,33,39,44,45,50,50],"damage_taken":[{"damage":0,"enemies":"2 Louse","floor":1,"turns":3},{"damage":5,"enemies":"Small Slimes","floor":2,"turns":4},{"damage":0,"enemies":"Jaw Worm","floor":3,"turns":3},{"damage":8,"enemies":"Exordium Thugs","floor":4,"turns":5},{"damage":4,"enemies":"Blue Slaver","floor":10,"turns":3},{"damage":21,"enemies":"3 Sentries","floor":11,"turns":6},{"damage":0,"enemies":"Looter","floor":13,"turns":2},{"damage":0,"enemies":"Exordium Wildlife","floor":14,"turns":2},{"damage":36,"enemies":"Hexaghost","floor":16,"turns":7},{"damage":27,"enemies":"Shell Parasite","floor":18,"turns":4},{"damage":1,"enemies":"Slavers","floor":23,"turns":3},{"damage":0,"enemies":"3 Byrds","floor":27,"turns":3},{"damage":0,"enemies":"Snake Plant","floor":30,"turns":3},{"damage":72,"enemies":"Automaton","floor":33,"turns":8},{"damage":10,"enemies":"3 Shapes","floor":35,"turns":5},{"damage":12,"enemies":"Mind Bloom Boss Battle","floor":39,"turns":7},{"damage":12,"enemies":"3 Darklings","floor":41,"turns":5},{"damage":43,"enemies":"Maw","floor":44,"turns":7},{"damage":26,"enemies":"Writhing Mass","floor":45,"turns":4},{"damage":210,"enemies":"Donu and Deca","floor":50,"turns":10}],"seed_played":"6648997343935027070","potions_obtained":[{"floor":2,"key":"Explosive Potion"},{"floor":10,"key":"FairyPotion"},{"floor":11,"key":"GamblersBrew"},{"floor":13,"key":"ColorlessPotion"},{"floor":16,"key":"Explosive Potion"},{"floor":18,"key":"PowerPotion"},{"floor":33,"key":"SneckoOil"},{"floor":35,"key":"LiquidMemories"},{"floor":39,"key":"Regen Potion"},{"floor":41,"key":"FearPotion"},{"floor":44,"key":"Explosive Potion"},{"floor":45,"key":"Regen Potion"}],"is_trial":false,"path_per_floor":["M","M","M","M","?","R","$","R","T","M","E","?","M","M","R","B",null,"M","?","T","$","$","E","R","?","T","M","R","$","M","$","R","B",null,"M","?","$","?","?","R","M","?","T","M","M","?","R","$","R","B"],"character_chosen":"HERMIT","items_purchased":["Nunchaku","hermit:Quickdraw","HandDrill","hermit:Headshot","hermit:Headshot","hermit:CursedWeapon","hermit:Malice","Sling","hermit:Headshot"],"campfire_rested":8,"item_purchase_floors":[7,7,21,21,22,29,31,37,48],"current_hp_per_floor":[75,70,70,62,55,55,55,75,75,71,50,50,50,50,72,36,75,48,32,32,32,32,31,53,39,39,39,63,63,63,63,80,8,80,70,70,70,70,58,80,68,68,68,59,33,33,57,57,80,0,0],"gold":103,"neow_bonus":"HUNDRED_GOLD","is_daily":false,"chose_seed":false,"campfire_upgraded":0,"win_rate":0.0,"timestamp":1607625219,"path_taken":["M","M","M","M","?","R","$","R","T","M","E","?","M","M","R","BOSS","M","?","?","?","$","E","R","?","T","M","R","$","M","$","R","BOSS","M","?","$","?","?","R","M","?","T","M","M","?","R","?","R","BOSS"],"build_version":"2020-11-30","purchased_purges":0,"victory":false,"max_hp_per_floor":[75,75,75,75,75,75,75,75,75,75,75,75,75,75,75,75,75,75,75,75,75,75,75,75,80,80,80,80,80,80,80,80,80,80,80,80,80,80,80,80,80,80,80,80,80,80,80,80,80,80,80],"card_choices":[{"not_picked":["hermit:Malice","hermit:ItchyTrigger"],"picked":"hermit:Vantage","floor":1},{"not_picked":["hermit:Roulette","hermit:HoleUp"],"picked":"hermit:Glare","floor":2},{"not_picked":["hermit:Misfire","hermit:Manifest"],"picked":"hermit:CalledShot","floor":3},{"not_picked":["hermit:EyeOfTheStorm","hermit:WideOpen"],"picked":"hermit:Glare","floor":4},{"not_picked":["hermit:ShadowCloak","hermit:Feint"],"picked":"hermit:Desperado","floor":10},{"not_picked":["hermit:GhostlyPresence","hermit:LoneWolf"],"picked":"hermit:RoundhouseKick","floor":11},{"not_picked":["hermit:LowProfile","hermit:Feint"],"picked":"hermit:Headshot","floor":13},{"not_picked":["hermit:Roulette","hermit:DeadMansHand"],"picked":"hermit:WideOpen","floor":14},{"not_picked":["hermit:Roughhouse","hermit:Magnum"],"picked":"hermit:RoundhouseKick","floor":16},{"not_picked":["hermit:WideOpen","hermit:Glare+1"],"picked":"hermit:Feint+1","floor":18},{"not_picked":["hermit:OverwhelmingPower","hermit:Vantage"],"picked":"hermit:Snipe+1","floor":23},{"not_picked":["hermit:Glare","hermit:BigShot"],"picked":"hermit:TrackingShot","floor":27},{"not_picked":["hermit:Determination","hermit:NoHoldsBarred"],"picked":"hermit:Snipe","floor":30},{"not_picked":["hermit:GhostlyPresence+1","hermit:Misfire+1"],"picked":"hermit:Quickdraw+1","floor":35},{"not_picked":["Panache","Swift Strike"],"picked":"Dramatic Entrance","floor":36},{"not_picked":["hermit:Manifest","hermit:Scavenge+1"],"picked":"hermit:SprayPray+1","floor":39},{"not_picked":["hermit:Midnight+1","hermit:Snipe"],"picked":"hermit:Headshot+1","floor":41},{"not_picked":["hermit:Spite","hermit:TrackingShot+1"],"picked":"hermit:HighCaliber+1","floor":44},{"not_picked":["hermit:EyeOfTheStorm+1","hermit:Malice+1"],"picked":"hermit:TrackingShot+1","floor":45}],"player_experience":164530,"relics_obtained":[{"floor":11,"key":"StrikeDummy"},{"floor":17,"key":"PreservedInsect"},{"floor":17,"key":"hermit:Horseshoe"},{"floor":17,"key":"Peace Pipe"},{"floor":19,"key":"Nilry\u0027s Codex"},{"floor":20,"key":"Bronze Scales"},{"floor":23,"key":"Juzu Bracelet"},{"floor":26,"key":"StoneCalendar"},{"floor":39,"key":"hermit:RedScarf"},{"floor":43,"key":"InkBottle"}],"event_choices":[{"damage_healed":0,"gold_gain":0,"player_choice":"Success","damage_taken":7,"relics_obtained":["White Beast Statue"],"max_hp_gain":0,"max_hp_loss":0,"event_name":"Scrap Ooze","floor":5,"gold_loss":0},{"damage_healed":0,"gold_gain":0,"player_choice":"Searched \u00271\u0027 times","damage_taken":0,"relics_obtained":["Anchor"],"max_hp_gain":0,"max_hp_loss":0,"event_name":"Dead Adventurer","floor":12,"gold_loss":0},{"damage_healed":0,"gold_gain":0,"player_choice":"Obtained Book","damage_taken":16,"max_hp_gain":0,"max_hp_loss":0,"event_name":"Cursed Tome","floor":19,"gold_loss":0},{"damage_healed":0,"gold_gain":0,"player_choice":"Shed Blood","damage_taken":19,"max_hp_gain":5,"max_hp_loss":0,"event_name":"Forgotten Altar","floor":25,"gold_loss":0},{"damage_healed":0,"gold_gain":0,"player_choice":"Memory 1","damage_taken":0,"max_hp_gain":0,"max_hp_loss":0,"event_name":"SensoryStone","floor":36,"gold_loss":0},{"cards_removed":["hermit:Defend_Hermit"],"damage_healed":0,"gold_gain":0,"player_choice":"Took Card","damage_taken":0,"max_hp_gain":0,"max_hp_loss":0,"event_name":"NoteForYourself","floor":38,"gold_loss":0,"cards_obtained":["Iron Wave"]},{"damage_healed":0,"gold_gain":0,"player_choice":"Fight","damage_taken":0,"max_hp_gain":0,"max_hp_loss":0,"event_name":"MindBloom","floor":39,"gold_loss":0},{"cards_removed":["hermit:Defend_Hermit"],"damage_healed":0,"gold_gain":0,"player_choice":"Removed Skill","damage_taken":0,"max_hp_gain":0,"max_hp_loss":0,"event_name":"Falling","floor":42,"gold_loss":0},{"damage_healed":0,"gold_gain":0,"player_choice":"Ignored","damage_taken":0,"max_hp_gain":0,"max_hp_loss":0,"event_name":"Mysterious Sphere","floor":46,"gold_loss":0}],"is_beta":false,"boss_relics":[{"not_picked":["Runic Dome","Velvet Choker"],"picked":"Calling Bell"},{"not_picked":["Empty Cage","Cursed Key"],"picked":"SacredBark"}],"items_purged_floors":[],"is_endless":false,"potions_floor_spawned":[2,10,11,13,14,16,18,23,27,30,33,35,39,41,44,45],"killed_by":"Donu and Deca","ascension_level":0}}