{"host":"zkqorkqsr6o67e8b","time":1607592071,"event":{"gold_per_floor":[110,110,35,45,120,120,152,152,152,163,174,174,192,212,212,289,289,306,306,306,318,331,331,95,106,178,7,7,7,7],"floor_reached":29,"playtime":1038,"items_purged":["alterego_mod:BigMeatyClaws","alterego_mod:BrynhildrsRune"],"score":475,"play_id":"840431e2-755c-459f-9f11-958ba766fece","local_time":"20201210172111","is_ascension_mode":true,"campfire_choices":[{"data":"alterego_mod:TrashNCrash","floor":6,"key":"SMITH"},{"data":"alterego_mod:Nekomimi","floor":15,"key":"SMITH"},{"data":"alterego_mod:BrynhildrRomantia","floor":23,"key":"SMITH"},{"data":"alterego_mod:Table","floor":28,"key":"SMITH"}],"neow_cost":"NONE","seed_source_timestamp":30819051699700,"circlet_count":0,"master_deck":["AscendersBane","alterego_mod:Strike","alterego_mod:Strike","alterego_mod:Defend","alterego_mod:Defend","alterego_mod:Defend","Die Die Die","alterego_mod:TrashNCrash+1","alterego_mod:Birthday","alterego_mod:Birthday","alterego_mod:Nekomimi+1","alterego_mod:BrynhildrRomantia+1","alterego_mod:Support","alterego_mod:GachaTicket","alterego_mod:Cushion","Deep Breath","alterego_mod:Table+1"],"special_seed":0,"relics":["alterego_mod:MasochisticConstitution","REME_ComplimentaryCards","NeowsBlessing","StrikeDummy","Bronze Scales","HoshigumaDish","Bag of Preparation","SlaversCollar","Anchor"],"potions_floor_usage":[25],"damage_taken":[{"damage":6,"enemies":"Cultist","floor":1,"turns":3},{"damage":1,"enemies":"Small Slimes","floor":4,"turns":2},{"damage":2,"enemies":"3 Sentries","floor":7,"turns":2},{"damage":0,"enemies":"2 Louse","floor":10,"turns":2},{"damage":8,"enemies":"Lots of Slimes","floor":11,"turns":2},{"damage":8,"enemies":"Exordium Thugs","floor":13,"turns":4},{"damage":4,"enemies":"Large Slime","floor":14,"turns":4},{"damage":65,"enemies":"Slime Boss","floor":16,"turns":15},{"damage":22,"enemies":"Spheric Guardian","floor":18,"turns":4},{"damage":28,"enemies":"Shell Parasite","floor":21,"turns":9},{"damage":44,"enemies":"Chosen and Byrds","floor":22,"turns":6},{"damage":23,"enemies":"Centurion and Healer","floor":25,"turns":8},{"damage":28,"enemies":"Book of Stabbing","floor":29,"turns":4}],"seed_played":"-1745952110908096699","potions_obtained":[{"floor":4,"key":"Explosive Potion"},{"floor":10,"key":"SteroidPotion"},{"floor":25,"key":"Weak Potion"}],"is_trial":false,"path_per_floor":["M","T","$","M","?","R","E","?","T","M","M","T","M","M","R","B",null,"M","?","?","M","M","R","$","M","T","$","R","E"],"character_chosen":"The_Alterego","items_purchased":["alterego_mod:Cushion","Deep Breath","Anchor"],"campfire_rested":0,"item_purchase_floors":[24,24,27],"current_hp_per_floor":[61,61,61,61,50,50,68,68,68,68,63,63,67,71,71,56,68,61,61,61,48,19,19,19,23,23,23,23,0,0],"gold":7,"neow_bonus":"THREE_ENEMY_KILL","is_prod":false,"is_daily":false,"chose_seed":false,"campfire_upgraded":4,"win_rate":0,"timestamp":1607592071,"path_taken":["M","?","$","M","?","R","E","?","T","?","M","?","M","M","R","BOSS","M","?","?","?","M","R","$","M","T","$","R","E"],"build_version":"2020-11-30","purchased_purges":2,"victory":false,"max_hp_per_floor":[66,66,66,67,67,67,68,68,68,68,69,69,70,71,71,72,72,76,76,76,80,84,84,84,93,93,93,93,93,93],"card_choices":[{"not_picked":["alterego_mod:Rip","alterego_mod:Mirror"],"picked":"alterego_mod:TrashNCrash","floor":1},{"not_picked":["alterego_mod:IndependentAction","alterego_mod:Mirror"],"picked":"alterego_mod:Birthday","floor":4},{"not_picked":["alterego_mod:Santa","alterego_mod:Skirt","alterego_mod:Exercise"],"picked":"SKIP","floor":7},{"not_picked":["alterego_mod:Jiggle","alterego_mod:Smother","alterego_mod:Clap"],"picked":"SKIP","floor":10},{"not_picked":["alterego_mod:HighServant","alterego_mod:BeGentle"],"picked":"alterego_mod:Birthday","floor":11},{"not_picked":["alterego_mod:Lingerie","alterego_mod:Bloomers"],"picked":"alterego_mod:Nekomimi","floor":13},{"not_picked":["alterego_mod:Complex","alterego_mod:GachaTicket","alterego_mod:Punishment"],"picked":"SKIP","floor":14},{"not_picked":["alterego_mod:IdEs","alterego_mod:AlterEgo"],"picked":"alterego_mod:BrynhildrRomantia","floor":16},{"not_picked":["alterego_mod:BreastValley","alterego_mod:DiscoLights+1","alterego_mod:GoddessCore"],"picked":"SKIP","floor":18},{"not_picked":["alterego_mod:Complex","alterego_mod:MaintainEyeContact","alterego_mod:BreastValley"],"picked":"SKIP","floor":21},{"not_picked":["alterego_mod:Undulate+1","alterego_mod:HighServant","alterego_mod:Complex"],"picked":"SKIP","floor":22},{"not_picked":["alterego_mod:Complex","alterego_mod:Cycle"],"picked":"alterego_mod:Table","floor":25}],"player_experience":664284,"relics_obtained":[{"floor":2,"key":"StrikeDummy"},{"floor":7,"key":"Bronze Scales"},{"floor":9,"key":"HoshigumaDish"},{"floor":12,"key":"Bag of Preparation"}],"event_choices":[{"damage_healed":0,"gold_gain":75,"player_choice":"Gather Gold","damage_taken":11,"max_hp_gain":0,"max_hp_loss":0,"event_name":"World of Goop","floor":5,"gold_loss":0},{"cards_removed":["alterego_mod:Impale"],"damage_healed":0,"gold_gain":0,"player_choice":"Purged","damage_taken":0,"max_hp_gain":0,"max_hp_loss":0,"event_name":"Purifier","floor":8,"gold_loss":0},{"damage_healed":0,"gold_gain":0,"cards_transformed":["alterego_mod:Strike","alterego_mod:Defend"],"player_choice":"Became Test Subject","damage_taken":0,"max_hp_gain":0,"max_hp_loss":0,"event_name":"Drug Dealer","floor":19,"gold_loss":0,"cards_obtained":["alterego_mod:Support","alterego_mod:GachaTicket"]},{"cards_removed":["alterego_mod:Strike"],"damage_healed":0,"gold_gain":0,"player_choice":"Purged","damage_taken":0,"max_hp_gain":0,"max_hp_loss":0,"event_name":"Purifier","floor":20,"gold_loss":0}],"is_beta":false,"boss_relics":[{"not_picked":["Runic Dome","Tiny House"],"picked":"SlaversCollar"}],"items_purged_floors":[3,24],"is_endless":false,"potions_floor_spawned":[4,10,14,16,25],"killed_by":"Book of Stabbing","ascension_level":20}}