{"host":"Chintan","time":1607564371,"event":{"gold_per_floor":[114,126,73,93,109,140,140,140,140,153,66,76,106,106,106,183,183,194,119,44,44,54,81,81,108,133,133,33,64,64,81,81,160,160,177,190,22,22,35,35,35,35,35,35,85,100,112,122,122,122],"floor_reached":51,"playtime":1873,"items_purged":["Thunder Strike","Fission"],"score":1401,"play_id":"63a881bd-4a13-453b-86b4-efff27b075fc","local_time":"20201209193931","is_ascension_mode":true,"campfire_choices":[{"data":"Glacier","floor":7.0,"key":"SMITH"},{"data":"Electrodynamics","floor":15,"key":"SMITH"},{"data":"Self Repair","floor":24,"key":"SMITH"},{"data":"Self Repair","floor":27,"key":"SMITH"},{"data":"Biased Cognition","floor":32,"key":"SMITH"},{"data":"Glacier","floor":40,"key":"SMITH"},{"data":"Coolheaded","floor":42,"key":"SMITH"},{"data":"Coolheaded","floor":44,"key":"SMITH"},{"data":"Loop","floor":49,"key":"SMITH"}],"neow_cost":"NONE","seed_source_timestamp":2191800089453700,"circlet_count":0,"master_deck":["AscendersBane","Zap","Conserve Battery","Cold Snap","Ball Lightning","Coolheaded+1","Glacier+1","Electrodynamics+1","Self Repair+1","Core Surge","Cold Snap","Biased Cognition+1","FTL","Ball Lightning","Capacitor","Cold Snap","Rebound","Glacier+1","Self Repair+1","Coolheaded+1","Electrodynamics","Barrage+1","Glacier+1","Loop+1"],"special_seed":0,"relics":["Coffee Dripper","Letter Opener","Mummified Hand","Pandora\u0027s Box","Regal Pillow","Vajra","Bag of Marbles","Oddly Smooth Stone","Inserter","Lee\u0027s Waffle","White Beast Statue"],"potions_floor_usage":[16,16,23,29,29,29,39,46,50,50],"damage_taken":[{"damage":0.0,"enemies":"Cultist","floor":1.0,"turns":4.0},{"damage":7.0,"enemies":"Jaw Worm","floor":2.0,"turns":5.0},{"damage":7.0,"enemies":"Small Slimes","floor":4.0,"turns":3.0},{"damage":4.0,"enemies":"Looter","floor":5.0,"turns":3.0},{"damage":15.0,"enemies":"3 Sentries","floor":6.0,"turns":9.0},{"damage":0.0,"enemies":"Large Slime","floor":10.0,"turns":6.0},{"damage":0.0,"enemies":"3 Louse","floor":12.0,"turns":2.0},{"damage":8,"enemies":"Slime Boss","floor":16,"turns":8},{"damage":7,"enemies":"Spheric Guardian","floor":18,"turns":4},{"damage":23,"enemies":"Chosen","floor":22,"turns":4},{"damage":17,"enemies":"Gremlin Leader","floor":23,"turns":4},{"damage":0,"enemies":"Book of Stabbing","floor":25,"turns":5},{"damage":21,"enemies":"Slavers","floor":29,"turns":3},{"damage":16,"enemies":"Snake Plant","floor":31,"turns":3},{"damage":0,"enemies":"Collector","floor":33,"turns":8},{"damage":8,"enemies":"Orb Walker","floor":35,"turns":4},{"damage":7,"enemies":"3 Shapes","floor":36,"turns":4},{"damage":5,"enemies":"Transient","floor":39,"turns":6},{"damage":23,"enemies":"Jaw Worm Horde","floor":46,"turns":3},{"damage":0,"enemies":"3 Darklings","floor":47,"turns":3},{"damage":4,"enemies":"Sphere and 2 Shapes","floor":48,"turns":3},{"damage":62,"enemies":"Time Eater","floor":50,"turns":9}],"seed_played":"-3505379600683429750","potions_obtained":[{"floor":2.0,"key":"Explosive Potion"},{"floor":5.0,"key":"SkillPotion"},{"floor":10.0,"key":"BlessingOfTheForge"},{"floor":12,"key":"Fire Potion"},{"floor":16,"key":"PotionOfCapacity"},{"floor":22,"key":"Ancient Potion"},{"floor":23,"key":"EntropicBrew"},{"floor":36,"key":"Fire Potion"},{"floor":39,"key":"ColorlessPotion"},{"floor":46,"key":"Strength Potion"},{"floor":47,"key":"Strength Potion"}],"is_trial":false,"path_per_floor":["M","M","$","M","M","E","R","?","T","M","$","M","?","?","R","B",null,"M","$","?","?","M","E","R","E","T","R","$","E","?","M","R","B",null,"M","M","$","?","M","R","?","R","T","R","?","M","M","M","R","B",null],"character_chosen":"DEFECT","items_purchased":["Ball Lightning","Self Repair","Lee\u0027s Waffle"],"campfire_rested":0,"item_purchase_floors":[3,11,37],"current_hp_per_floor":[64,57,57,50,46,31,31,31,31,31,31,31,31,31,31,30,61,61,61,61,61,45,35,35,45,45,45,45,44,44,48,48,68,70,71,71,78,78,78,78,78,78,78,78,78,75,78,78,78,26],"gold":122,"neow_bonus":"BOSS_RELIC","is_prod":false,"is_daily":false,"chose_seed":false,"campfire_upgraded":9,"win_rate":0,"timestamp":1607564371,"path_taken":["M","M","?","M","M","E","R","?","T","M","$","M","?","?","R","BOSS","M","$","?","?","M","E","R","E","T","R","$","E","?","M","R","BOSS","M","M","$","?","?","R","?","R","T","R","?","M","M","?","R","BOSS"],"build_version":"2020-12-07","purchased_purges":2,"victory":true,"max_hp_per_floor":[71,71,71,71,71,71,71,71,71,71,71,71,71,71,71,71,71,71,71,71,71,71,71,71,71,71,71,71,71,71,71,71,71,71,71,71,78,78,78,78,78,78,78,78,78,78,78,78,78,78],"card_choices":[{"not_picked":["Compile Driver","Reinforced Body"],"picked":"Conserve Battery","floor":1.0},{"not_picked":["Barrage","Hologram"],"picked":"Cold Snap","floor":2.0},{"not_picked":["BootSequence","Capacitor"],"picked":"Static Discharge","floor":4.0},{"not_picked":["Hologram","Static Discharge"],"picked":"Coolheaded","floor":5.0},{"not_picked":["Chaos","FTL"],"picked":"Glacier","floor":6.0},{"not_picked":["Rebound","Consume"],"picked":"Electrodynamics","floor":10.0},{"not_picked":["Undo","Lockon","Skim"],"picked":"SKIP","floor":12},{"not_picked":["All For One","Amplify"],"picked":"Core Surge","floor":16},{"not_picked":["Reinforced Body+1","Turbo"],"picked":"Cold Snap","floor":18},{"not_picked":["Rip and Tear","Reprogram","Hologram"],"picked":"SKIP","floor":22},{"not_picked":["BootSequence","Redo"],"picked":"Glacier","floor":23},{"not_picked":["Darkness","Storm"],"picked":"Self Repair","floor":25},{"not_picked":["Doom and Gloom","Auto Shields","Aggregate"],"picked":"SKIP","floor":29},{"not_picked":["Steam","Sweeping Beam"],"picked":"Coolheaded","floor":31},{"not_picked":["Buffer","Creative AI"],"picked":"Electrodynamics","floor":33},{"not_picked":["Coolheaded","Leap+1","Skim+1"],"picked":"SKIP","floor":35},{"not_picked":["Undo","Static Discharge","Leap"],"picked":"SKIP","floor":36},{"not_picked":["Sweeping Beam+1","Compile Driver"],"picked":"Barrage+1","floor":39},{"not_picked":["Thunder Strike","Hologram"],"picked":"Glacier+1","floor":46},{"not_picked":["Hologram","Barrage","Stack"],"picked":"SKIP","floor":47},{"not_picked":["White Noise","Cold Snap"],"picked":"Loop","floor":48}],"player_experience":741195,"relics_obtained":[{"floor":6.0,"key":"Letter Opener"},{"floor":9.0,"key":"Mummified Hand"},{"floor":23,"key":"Regal Pillow"},{"floor":25,"key":"Vajra"},{"floor":26,"key":"Bag of Marbles"},{"floor":29,"key":"Oddly Smooth Stone"},{"floor":43,"key":"White Beast Statue"}],"event_choices":[{"damage_healed":0.0,"max_hp_gain":0.0,"max_hp_loss":0.0,"gold_gain":0.0,"event_name":"Liars Game","player_choice":"Ignored","floor":8.0,"gold_loss":0.0,"damage_taken":0.0},{"damage_healed":0,"gold_gain":30,"player_choice":"Searched \u00271\u0027 times","damage_taken":0,"max_hp_gain":0,"max_hp_loss":0,"event_name":"Dead Adventurer","floor":13,"gold_loss":0},{"damage_healed":0,"gold_gain":0,"player_choice":"Ignored","damage_taken":0,"max_hp_gain":0,"max_hp_loss":0,"event_name":"Golden Wing","floor":14,"gold_loss":0},{"cards_removed":["Hyperbeam"],"damage_healed":0,"gold_gain":0,"player_choice":"Gave Gold","damage_taken":0,"max_hp_gain":0,"max_hp_loss":0,"event_name":"Beggar","floor":20,"gold_loss":75},{"damage_healed":0,"gold_gain":0,"cards_transformed":["Lockon","Static Discharge"],"player_choice":"Became Test Subject","damage_taken":0,"max_hp_gain":0,"max_hp_loss":0,"event_name":"Drug Dealer","floor":21,"gold_loss":0,"cards_obtained":["Rebound","Fission"]},{"cards_removed":["Dualcast"],"damage_healed":0,"gold_gain":0,"player_choice":"Offered Basic","damage_taken":0,"max_hp_gain":0,"max_hp_loss":0,"event_name":"Bonfire Elementals","floor":38,"gold_loss":0},{"damage_healed":0,"gold_gain":0,"player_choice":"Memory 1","damage_taken":0,"max_hp_gain":0,"max_hp_loss":0,"event_name":"SensoryStone","floor":41,"gold_loss":0},{"damage_healed":0,"gold_gain":50,"player_choice":"Pray","damage_taken":0,"max_hp_gain":0,"max_hp_loss":0,"event_name":"Golden Shrine","floor":45,"gold_loss":0}],"is_beta":true,"boss_relics":[{"not_picked":["Cursed Key","Nuclear Battery"],"picked":"Pandora\u0027s Box"},{"not_picked":["Fusion Hammer","Snecko Eye"],"picked":"Inserter"}],"items_purged_floors":[19,28],"is_endless":false,"potions_floor_spawned":[2,5,10,12,16,22,23,36,39,46,47,48],"ascension_level":17}}