{"host":"6w8aqtnmxc00db5e","time":1607589197,"event":{"gold_per_floor":[157,169,188,200,217,251,251,277,330,330,357,364,406,446,446,556,556,575,619,735,735,758,814,814,863,863,401,437,469,519,544,556,663,675,704,746,808,880,911,954,966,1009,1056,1104,1116,414,0,32,32,32],"floor_reached":51,"playtime":2789,"items_purged":["Injury","DemoMod:Evolver"],"score":1085,"play_id":"90b52553-3a05-4ba5-8a90-1950a2d33709","local_time":"20201210033317","daily_mods":["SealedDeck","Vintage","Heirloom","Time Dilation","DeadlyEvents","Elite Swarm","Uncertain Future"],"is_ascension_mode":false,"campfire_choices":[{"data":"DemoMod:Slinger","floor":7,"key":"SMITH"},{"data":"DemoMod:BlankBullets","floor":10,"key":"SMITH"},{"data":"DemoMod:HardPowerCard","floor":15,"key":"SMITH"},{"data":"DemoMod:BlankBullets","floor":24,"key":"SMITH"},{"data":"DemoMod:CursedBullets","floor":32,"key":"SMITH"},{"data":"DemoMod:HungryBullets","floor":41,"key":"SMITH"},{"floor":45,"key":"DIG"},{"data":"DemoMod:EasyReloadBullets","floor":49,"key":"SMITH"}],"neow_cost":"","seed_source_timestamp":0,"circlet_count":0,"master_deck":["DemoMod:JK47+1","DemoMod:Casey","DemoMod:TripleGun+1","DemoMod:FastSwitch","DemoMod:HardPowerCard+1","DemoMod:HardPowerCard+1","DemoMod:PotionOfGunFriendShip+1","DemoMod:LifeOrb","DemoMod:HighKaliber+1","DemoMod:HuntsMan","DemoMod:Slinger+1","DemoMod:BlankBullets+1","DemoMod:AbyssalTentacle","DemoMod:BalloonGun","DemoMod:TeaPot","DemoMod:SAA","DemoMod:FightSabre","DemoMod:BulletBore","DemoMod:Elimentaler","Infernal Blade+1","DemoMod:BlankBullets+1","DemoMod:DarkMarker+1","DemoMod:HungryBullets+1","DemoMod:CursedBullets+1","DemoMod:DoubleVision+1","DemoMod:TableSutra+1","DemoMod:EasyReloadBullets+1"],"relics":["DemoMod:Dog","replay:Trail_Library","DemoMod:Orange","MealTicket","Meat on the Bone","Replay:Ringing Soul","Mummified Hand","War Paint","Vajra","White Beast Statue","Turnip","Pen Nib","Nunchaku","ReplayTheSpireMod:CursedCoin","Potion Belt","Toy Ornithopter","Blood Vial","SacredBark","DemoMod:GlassGuonStoneRelic","Molten Egg 2","Replay:Bottled Steam","ReplayTheSpireMod:TigerMarble","Replay:Wax Seal","Thread and Needle","Shovel","DemoMod:ClearGuonStone","Anchor","Whetstone","Sling","MawBank","Boot","Toxic Egg 2","DemoMod:Wolf","Strawberry","ReplayFunnel","DemoMod:Antibody","Ancient Tea Set","Golden Egg","Divine Protection","Bottled Lightning","Replay:Kaleidoscope","DemoMod:SuperHotWatch","Onion Ring","DemoMod:CrisisStone","PrismaticShard","Eternal Feather","Red Mask","TungstenRod"],"potions_floor_usage":[5,6,13,14,16,16,16,28,29,31,33,33,33,36,37,38,42,44,50,50,50],"damage_taken":[{"damage":0,"enemies":"Cultist","floor":1,"turns":2},{"damage":0,"enemies":"Small Slimes","floor":2,"turns":1},{"damage":0,"enemies":"2 Louse","floor":3,"turns":1},{"damage":0,"enemies":"Large Slime","floor":4,"turns":2},{"damage":0,"enemies":"Exordium Thugs","floor":5,"turns":2},{"damage":0,"enemies":"Lagavulin","floor":6,"turns":2},{"damage":10,"enemies":"Gremlin Nob","floor":8,"turns":3},{"damage":0,"enemies":"Lagavulin","floor":11,"turns":2},{"damage":0,"enemies":"3 Sentries","floor":13,"turns":4},{"damage":0,"enemies":"Replay:BlueRogue","floor":14,"turns":1},{"damage":17,"enemies":"The Guardian","floor":16,"turns":6},{"damage":0,"enemies":"Spheric Guardian","floor":18,"turns":2},{"damage":0,"enemies":"2 Thieves","floor":19,"turns":3},{"damage":0,"enemies":"Centurion and Healer","floor":22,"turns":1},{"damage":0,"enemies":"Replay:Snechameleon","floor":23,"turns":2},{"damage":0,"enemies":"Gremlin Leader","floor":25,"turns":2},{"damage":0,"enemies":"Chosen and Byrds","floor":28,"turns":2},{"damage":0,"enemies":"Snecko","floor":29,"turns":3},{"damage":0,"enemies":"Slavers","floor":30,"turns":3},{"damage":0,"enemies":"Centurion and Healer","floor":31,"turns":2},{"damage":0,"enemies":"Pondfish","floor":33,"turns":4},{"damage":0,"enemies":"Orb Walker","floor":35,"turns":1},{"damage":0,"enemies":"3 Darklings","floor":36,"turns":1},{"damage":0,"enemies":"Mind Bloom Boss Battle","floor":37,"turns":1},{"damage":10,"enemies":"4 Shapes","floor":38,"turns":2},{"damage":0,"enemies":"Maw","floor":39,"turns":3},{"damage":0,"enemies":"R_Hoarder","floor":40,"turns":2},{"damage":0,"enemies":"Nemesis","floor":42,"turns":3},{"damage":0,"enemies":"Sphere and 2 Shapes","floor":43,"turns":3},{"damage":0,"enemies":"Giant Head","floor":44,"turns":4},{"damage":0,"enemies":"Sphere and 2 Shapes","floor":48,"turns":3},{"damage":0,"enemies":"Replay:Hell Engine","floor":50,"turns":5}],"seed_played":"-477065073282816867","potions_obtained":[{"floor":1,"key":"Swift Potion"},{"floor":3,"key":"Adrenaline Potion"},{"floor":4,"key":"PowerPotion"},{"floor":8,"key":"DemoMod:BlankPotion"},{"floor":11,"key":"SkillPotion"},{"floor":13,"key":"Energy Potion"},{"floor":14,"key":"SkillPotion"},{"floor":16,"key":"SpeedPotion"},{"floor":18,"key":"LiquidBronze"},{"floor":19,"key":"Reflective Coating"},{"floor":23,"key":"Swift Potion"},{"floor":25,"key":"FearPotion"},{"floor":28,"key":"SteroidPotion"},{"floor":30,"key":"SkillPotion"},{"floor":33,"key":"ColorlessPotion"},{"floor":35,"key":"Strength Potion"},{"floor":36,"key":"ColorlessPotion"},{"floor":39,"key":"FearPotion"},{"floor":40,"key":"Fire Potion"},{"floor":42,"key":"Swift Potion"},{"floor":44,"key":"Fire Potion"}],"is_trial":true,"path_per_floor":["M","M","M","M","M","E","R","E","T","R","E","$","E","E","R","B",null,"M","M","?","?","M","E","R","E","T","$","M","M","E","M","R","B",null,"M","M","?","M","M","E","R","E","T","E","R","$","?","?","R","B",null],"character_chosen":"HUNTRESS","items_purchased":["ReplayTheSpireMod:CursedCoin","DemoMod:TeaPot","DemoMod:SAA","DemoMod:HungryBullets","Whetstone","Sling","DemoMod:CrisisStone","PrismaticShard","Eternal Feather","DemoMod:TableSutra"],"campfire_rested":0,"item_purchase_floors":[12,12,12,27,27,27,46,46,46,46],"current_hp_per_floor":[82,82,82,82,82,85,85,78,78,81,84,97,100,103,103,94,106,106,106,30,33,47,64,64,69,69,87,94,104,106,113,113,121,121,128,128,128,118,122,130,130,131,131,131,131,134,134,134,137,137],"gold":32,"neow_bonus":"","is_prod":false,"is_daily":false,"chose_seed":false,"campfire_upgraded":7,"win_rate":0,"timestamp":1607589197,"path_taken":["M","M","M","M","?","E","R","E","T","R","E","$","?","?","R","BOSS","M","M","?","?","M","E","R","E","T","$","M","?","E","M","R","BOSS","M","M","?","M","M","E","R","E","T","E","R","$","?","?","R","BOSS"],"build_version":"2020-11-30","purchased_purges":2,"victory":true,"max_hp_per_floor":[82,82,82,82,82,85,85,88,88,91,94,97,100,103,103,106,106,106,106,106,109,109,112,112,115,115,118,118,121,121,121,121,121,121,128,128,128,128,128,131,131,131,131,131,131,134,134,134,137,137],"card_choices":[{"not_picked":["DemoMod:FinishedGun","DemoMod:SuppressiveFire"],"picked":"DemoMod:Slinger","floor":6},{"not_picked":["DemoMod:Eureka","DemoMod:ThirdPartyController"],"picked":"DemoMod:BlankBullets","floor":8},{"not_picked":["DemoMod:Eureka","DemoMod:Elimentaler"],"picked":"DemoMod:BalloonGun","floor":11},{"not_picked":["DemoMod:BSG","DemoMod:Elimentaler"],"picked":"DemoMod:FightSabre","floor":13},{"not_picked":["DemoMod:BSG","DemoMod:FightSabre"],"picked":"DemoMod:BulletBore","floor":14},{"not_picked":["DemoMod:Desperate","DemoMod:FullFirepower"],"picked":"DemoMod:Elimentaler","floor":16},{"not_picked":["DemoMod:Elimentaler+1","DemoMod:SuppressiveFire"],"picked":"DemoMod:BlankBullets","floor":23},{"not_picked":["DemoMod:Eureka","DemoMod:BSG+1"],"picked":"DemoMod:DarkMarker+1","floor":25},{"not_picked":["DemoMod:AbyssalTentacle+1","DemoMod:PotionOfGunFriendShip"],"picked":"DemoMod:CursedBullets","floor":29},{"not_picked":["DemoMod:DoubleVision+1","DemoMod:BulletBore+1","DemoMod:FinishedGun+1"],"picked":"SKIP","floor":30},{"not_picked":["DemoMod:SuppressiveFire+1","DemoMod:Slinger"],"picked":"DemoMod:DoubleVision+1","floor":40},{"not_picked":["DemoMod:Desperate+1","DemoMod:BSG+1","DemoMod:ThirdPartyController+1"],"picked":"SKIP","floor":42},{"not_picked":["DemoMod:CursedBullets+1","DemoMod:SniperShot+1","DemoMod:AC15+1"],"picked":"SKIP","floor":43},{"not_picked":["DemoMod:DarkMarker+1","DemoMod:Elimentaler+1","DemoMod:Slinger"],"picked":"SKIP","floor":44},{"not_picked":["DemoMod:TeaPot+1","Stack+1","ReplaySort+1"],"picked":"SKIP","floor":48}],"player_experience":521186,"relics_obtained":[{"floor":1,"key":"MealTicket"},{"floor":2,"key":"Meat on the Bone"},{"floor":3,"key":"Replay:Ringing Soul"},{"floor":4,"key":"Mummified Hand"},{"floor":4,"key":"War Paint"},{"floor":5,"key":"Vajra"},{"floor":6,"key":"White Beast Statue"},{"floor":8,"key":"Turnip"},{"floor":9,"key":"Pen Nib"},{"floor":11,"key":"Nunchaku"},{"floor":13,"key":"Potion Belt"},{"floor":14,"key":"Toy Ornithopter"},{"floor":16,"key":"Blood Vial"},{"floor":18,"key":"Molten Egg 2"},{"floor":19,"key":"Replay:Bottled Steam"},{"floor":22,"key":"Thread and Needle"},{"floor":23,"key":"Shovel"},{"floor":25,"key":"DemoMod:ClearGuonStone"},{"floor":26,"key":"Anchor"},{"floor":28,"key":"MawBank"},{"floor":29,"key":"Boot"},{"floor":30,"key":"Toxic Egg 2"},{"floor":35,"key":"Strawberry"},{"floor":36,"key":"ReplayFunnel"},{"floor":37,"key":"DemoMod:Antibody"},{"floor":38,"key":"Ancient Tea Set"},{"floor":39,"key":"Golden Egg"},{"floor":40,"key":"Divine Protection"},{"floor":42,"key":"Bottled Lightning"},{"floor":43,"key":"Replay:Kaleidoscope"},{"floor":44,"key":"DemoMod:SuperHotWatch"},{"floor":45,"key":"Onion Ring"},{"floor":48,"key":"TungstenRod"}],"event_choices":[{"damage_healed":0,"gold_gain":116,"player_choice":"GO RE UP RE ","damage_taken":83,"relics_obtained":["ReplayTheSpireMod:TigerMarble","Replay:Wax Seal"],"max_hp_gain":0,"max_hp_loss":0,"event_name":"betterSkull:BetterSkull","floor":20,"gold_loss":0,"cards_upgraded":["DemoMod:TripleGun"]},{"cards_removed":["DemoMod:HardPowerCard"],"damage_healed":0,"gold_gain":0,"player_choice":"Take \u0026 Give","damage_taken":0,"max_hp_gain":0,"max_hp_loss":0,"event_name":"betterNote:BetterNote","floor":21,"gold_loss":0,"cards_obtained":["Infernal Blade"]},{"damage_healed":0,"gold_gain":0,"player_choice":"Fight","damage_taken":0,"max_hp_gain":0,"max_hp_loss":0,"event_name":"MindBloom","floor":37,"gold_loss":0},{"damage_healed":0,"gold_gain":0,"player_choice":"Paid","damage_taken":0,"relics_obtained":["Red Mask"],"max_hp_gain":0,"max_hp_loss":0,"event_name":"Tomb of Lord Red Mask","floor":47,"gold_loss":414}],"is_beta":false,"boss_relics":[{"not_picked":["Fusion Hammer","Abe\u0027s Treasure"],"picked":"SacredBark"},{"not_picked":["DemoMod:RiddleOfLead","Runic Dome"],"picked":"DemoMod:Wolf"}],"items_purged_floors":[12,27],"is_endless":false,"potions_floor_spawned":[1,3,4,8,11,13,14,16,18,19,23,25,28,30,31,33,35,36,37,38,39,40,42,43,44],"ascension_level":0}}