{"host":"rylkjufw9dlhr07b","time":1607561827,"event":{"gold_per_floor":[111,122,122,122,136,136,167,167,167,167,181,281,281,77,77,172,172,186,186,186,186,199,216,236,236,236,236,236,271,271,285,296,334,334,432,432,448,184,202,73,88,88,88,119,119,119,119,119],"floor_reached":47,"playtime":3431,"items_purged":["Defend_B"],"score":1068,"play_id":"08f2890b-80bc-44f8-ab9b-6e101affd87b","local_time":"20201210015707","is_ascension_mode":true,"campfire_choices":[{"floor":8.0,"key":"REST"},{"data":"Sunder","floor":10.0,"key":"SMITH"},{"floor":13.0,"key":"REST"},{"data":"ReplayTheSpireMod:Brewmster","floor":25.0,"key":"SMITH"},{"data":"ReplayTheSpireMod:Calculation Training","floor":27.0,"key":"SMITH"},{"floor":30.0,"key":"REST"},{"floor":34.0,"key":"REST"},{"data":"Creative AI","floor":42.0,"key":"SMITH"}],"neow_cost":"","seed_source_timestamp":688004829557200,"circlet_count":0,"master_deck":["AscendersBane","Strike_B","Strike_B","Strike_B","Strike_B","Defend_B","Defend_B","Dualcast","Melter","ReplayTheSpireMod:Brewmster+1","Cold Snap","Loop","ReplayTheSpireMod:Calculation Training+1","Sunder+1","ReplayGash","Streamline","Leap","Beam Cell","Chill","Chill","Core Surge","FIFO Queue","Finesse","Ball Lightning","Auto Shields","Storm+1","FTL","Stack+1","ReplaySolidLightProjector+1","Defragment","Creative AI+1","Redo","ReplayUltimateDefense","Time Bomb+1","Self Repair","Stack","ReplayTheSpireMod:Reroute Power+1","White Noise","White Noise"],"special_seed":0,"relics":["Cracked Core","Ice Cream","Eternal Feather","Blood Vial","Bag of Preparation","Runic Capacitor","WarpedTongs","Honey Jar","Bottled Tornado","Strawberry","Empty Cage","hubris:Icosahedron","hubris:BottledRain"],"potions_floor_usage":[47,47,47],"damage_taken":[{"damage":8.0,"enemies":"Small Slimes","floor":1.0,"turns":5.0},{"damage":12.0,"enemies":"Jaw Worm","floor":2.0,"turns":4.0},{"damage":0.0,"enemies":"2 Louse","floor":5.0,"turns":1.0},{"damage":13.0,"enemies":"Replay:BlueRogue","floor":7.0,"turns":4.0},{"damage":42.0,"enemies":"Exordium Thugs","floor":11.0,"turns":6.0},{"damage":41.0,"enemies":"Hexaghost","floor":16.0,"turns":8.0},{"damage":4.0,"enemies":"Chosen","floor":18.0,"turns":4.0},{"damage":0.0,"enemies":"Spheric Guardian","floor":22.0,"turns":2.0},{"damage":4.0,"enemies":"Snecko","floor":23.0,"turns":4.0},{"damage":9.0,"enemies":"Chosen and Byrds","floor":24.0,"turns":7.0},{"damage":61.0,"enemies":"Slavers","floor":29.0,"turns":5.0},{"damage":23.0,"enemies":"Centurion and Healer","floor":31.0,"turns":7.0},{"damage":4.0,"enemies":"Snake Plant","floor":32.0,"turns":5.0},{"damage":16.0,"enemies":"Cultist and Chosen","floor":33.0,"turns":6.0},{"damage":2.0,"enemies":"Automaton","floor":35.0,"turns":10.0},{"damage":9.0,"enemies":"3 Shapes","floor":37.0,"turns":6.0},{"damage":9.0,"enemies":"Orb Walker","floor":39.0,"turns":6.0},{"damage":48.0,"enemies":"4 Shapes","floor":41.0,"turns":5.0},{"damage":41.0,"enemies":"Reptomancer","floor":44.0,"turns":32.0},{"damage":41,"enemies":"Spire Growth","floor":47,"turns":4}],"seed_played":"4677059856062816391","potions_obtained":[{"floor":5.0,"key":"Energy Potion"},{"floor":16.0,"key":"Dexterity Potion"},{"floor":22.0,"key":"LiquidMemories"},{"floor":24.0,"key":"Elixir"},{"floor":31.0,"key":"DistilledChaos"},{"floor":32.0,"key":"Flashbang"},{"floor":37.0,"key":"Regen Potion"},{"floor":44.0,"key":"ColorlessPotion"}],"is_trial":false,"path_per_floor":["M","M","?","?","M","?","E","R","T","R","M","?","R","$","R","B",null,"M","?","PTL","PTL","M","M","M","R","?","R","T","E","R","M","M","M","R","B",null,"M","$","M","$","M","R","?","E","T","?","M"],"character_chosen":"DEFECT","items_purchased":["Eternal Feather","Cold Snap","Loop","Runic Capacitor","Chill","ReplayUltimateDefense","Self Repair","Stack"],"campfire_rested":4,"item_purchase_floors":[0,0,0,14,14,38,40,40],"current_hp_per_floor":[38,26,26,29,29,29,16,48,48,57,17,17,52,52,64,25,65,63,63,63,63,65,63,56,71,71,78,78,24,67,46,44,30,73,73,82,75,75,68,68,32,53,53,39,39,39,0,0],"gold":119,"neow_bonus":"","is_prod":false,"is_daily":false,"chose_seed":false,"campfire_upgraded":4,"win_rate":0,"timestamp":1607561827,"path_taken":["M","M","?","?","M","?","E","R","T","R","?","?","R","$","R","BOSS","M","?","PTL","PTL","M","?","?","R","?","R","T","E","R","M","M","M","R","BOSS","M","$","?","?","M","R","?","E","T","?","?"],"build_version":"2020-11-30","purchased_purges":1,"victory":false,"max_hp_per_floor":[75,75,75,78,78,78,78,78,78,78,78,78,78,78,78,78,78,78,78,78,78,78,78,78,78,78,78,78,85,85,85,85,85,85,85,85,85,85,85,85,85,85,85,85,85,85,85,85],"card_choices":[{"not_picked":["Doom and Gloom","Hologram"],"picked":"ReplayTheSpireMod:Calculation Training","floor":1.0},{"not_picked":["Sweeping Beam","Leap"],"picked":"Sunder","floor":2.0},{"not_picked":["ReplayTheSpireMod:GoodbyeWorld","Rebound"],"picked":"ReplayGash","floor":5.0},{"not_picked":["Seek","ReplayTheSpireMod:Omega Cannon"],"picked":"Leap","floor":7.0},{"not_picked":["Rebound","Hologram"],"picked":"Beam Cell","floor":11.0},{"not_picked":["Fission","Amplify"],"picked":"Core Surge","floor":16.0},{"not_picked":["Stack+1","ReplaySolidLightProjector","Steam+1"],"picked":"FIFO Queue","floor":18.0},{"not_picked":["ReplayTheSpireMod:Repulse","Turbo+1","ReplayTheSpireMod:GoodbyeWorld"],"picked":"Ball Lightning","floor":22.0},{"not_picked":["Undo","ReplayTheSpireMod:GoodbyeWorld","Capacitor"],"picked":"Auto Shields","floor":23.0},{"not_picked":["Hologram","Conserve Battery","Genetic Algorithm"],"picked":"Storm+1","floor":24.0},{"not_picked":["Scrape","Sweeping Beam","Coolheaded"],"picked":"FTL","floor":29.0},{"not_picked":["BasicCrystalCard","Heatsinks","Conserve Battery"],"picked":"Stack+1","floor":31.0},{"not_picked":["Cold Snap","Gash","Streamline"],"picked":"ReplaySolidLightProjector+1","floor":32.0},{"not_picked":["Force Field+1","Beam Cell","Stack+1"],"picked":"Defragment","floor":33.0},{"not_picked":["Fission","Reboot","hubris:SpecializedCircuitry"],"picked":"Creative AI","floor":35.0},{"not_picked":["Compile Driver","Rebound","Beam Cell+1"],"picked":"Redo","floor":37.0},{"not_picked":["Turbo+1","Compile Driver","Leap+1"],"picked":"Time Bomb+1","floor":39.0},{"not_picked":["Stack","Beam Cell","Darkness+1"],"picked":"ReplayTheSpireMod:Reroute Power+1","floor":41.0},{"not_picked":["Ball Lightning","Steam","Force Field"],"picked":"White Noise","floor":44.0}],"player_experience":458222,"relics_obtained":[{"floor":7.0,"key":"Blood Vial"},{"floor":9.0,"key":"Bag of Preparation"},{"floor":28.0,"key":"Bottled Tornado"},{"floor":29.0,"key":"Strawberry"},{"floor":45.0,"key":"hubris:BottledRain"}],"event_choices":[{"damage_healed":0.0,"max_hp_gain":0.0,"max_hp_loss":0.0,"gold_gain":0.0,"event_name":"Shining Light","player_choice":"Ignored","floor":3.0,"gold_loss":0.0,"damage_taken":0.0},{"damage_healed":0.0,"max_hp_gain":0.0,"max_hp_loss":0.0,"gold_gain":0.0,"event_name":"Match and Keep!","player_choice":"1 cards matched","floor":6.0,"gold_loss":0.0,"damage_taken":0.0,"cards_obtained":["Streamline"]},{"damage_healed":0.0,"max_hp_gain":0.0,"max_hp_loss":0.0,"gold_gain":100.0,"event_name":"Wheel of Change","player_choice":"Gold","floor":12.0,"gold_loss":0.0,"damage_taken":0.0},{"damage_healed":0.0,"max_hp_gain":0.0,"max_hp_loss":0.0,"gold_gain":0.0,"event_name":"Accursed Blacksmith","player_choice":"Rummage","floor":15.0,"gold_loss":0.0,"damage_taken":0.0,"relics_obtained":["WarpedTongs"],"cards_obtained":["Pain"]},{"cards_removed":["Core Surge"],"damage_healed":0.0,"max_hp_gain":0.0,"max_hp_loss":0.0,"gold_gain":0.0,"event_name":"betterNote:BetterNote","player_choice":"Take \u0026 Give","floor":19.0,"gold_loss":0.0,"damage_taken":0.0,"cards_obtained":["Finesse"]},{"damage_healed":0.0,"max_hp_gain":0.0,"max_hp_loss":0.0,"gold_gain":0.0,"event_name":"N\u0027loth","player_choice":"Ignored","floor":26.0,"gold_loss":0.0,"damage_taken":0.0},{"damage_healed":0.0,"max_hp_gain":0.0,"max_hp_loss":0.0,"gold_gain":0.0,"event_name":"Duplicator","player_choice":"Copied","floor":46.0,"gold_loss":0.0,"damage_taken":0.0,"cards_obtained":["White Noise"]}],"is_beta":false,"boss_relics":[{"not_picked":["Fusion Hammer","Busted Crown"],"picked":"Honey Jar"},{"not_picked":["hubris:BlackHole","Tiny House"],"picked":"Empty Cage"}],"items_purged_floors":[38],"is_endless":false,"potions_floor_spawned":[5,11,16,22,24,31,32,37,44],"killed_by":"Spire Growth","ascension_level":11}}