{"host":"hf83sijwe64ts2lm","time":1607567605,"event":{"gold_per_floor":[119,136,136,136,154,154,186,26,50,61,61,61,18,18,18,114,114,125,84,84,84],"floor_reached":20,"playtime":245,"items_purged":[],"score":213,"play_id":"ed0b9782-a59d-428a-b7f2-a954e1598e81","local_time":"20201209213325","is_ascension_mode":true,"campfire_choices":[{"data":"Zap","floor":6,"key":"SMITH"},{"floor":15,"key":"REST"}],"neow_cost":"NONE","seed_source_timestamp":1958468527400,"circlet_count":0,"master_deck":["Strike_B","Strike_B","Strike_B","Strike_B","Defend_B","Defend_B","Defend_B","Defend_B","Zap+1","Dualcast","Loop","Burn","Hyperbeam+1","White Noise","ReplayTheSpireMod:Fabricate Wheel","Defragment","ReplayGash","Go for the Eyes","Parasite","Reflex","Defragment+1","Electrodynamics","Doom and Gloom+1","Defragment+1"],"relics":["Cracked Core","NeowsBlessing","MawBank","Blue Doll","Inserter"],"potions_floor_usage":[7,18],"damage_taken":[{"damage":0,"enemies":"Cultist","floor":1,"turns":1},{"damage":0,"enemies":"Small Slimes","floor":2,"turns":1},{"damage":0,"enemies":"Jaw Worm","floor":5,"turns":1},{"damage":32,"enemies":"Lagavulin","floor":7,"turns":4},{"damage":0,"enemies":"Gremlin Gang","floor":10,"turns":1},{"damage":59,"enemies":"Hexaghost","floor":16,"turns":9},{"damage":25,"enemies":"Spheric Guardian","floor":18,"turns":4},{"damage":45,"enemies":"Chosen","floor":20,"turns":4}],"seed_played":"-498590636434513940","potions_obtained":[{"floor":1,"key":"GamblersBrew"},{"floor":5,"key":"blueLaboratory:BiasPotion"},{"floor":7,"key":"SpeedPotion"},{"floor":10,"key":"Fire Potion"},{"floor":18,"key":"blueLaboratory:BubblePotion"}],"is_trial":false,"path_per_floor":["M","M","?","?","M","R","E","$","T","M","?","?","$","?","R","B",null,"M","$","M"],"character_chosen":"DEFECT","items_purchased":["Defragment","ReplayGash","Defragment+1","Defragment+1"],"campfire_rested":1,"item_purchase_floors":[8,8,13,19],"current_hp_per_floor":[75,75,75,75,75,75,43,43,43,43,61,31,31,53,75,16,60,35,35,0,0],"gold":84,"neow_bonus":"THREE_ENEMY_KILL","is_prod":false,"is_daily":false,"chose_seed":false,"campfire_upgraded":1,"win_rate":0,"timestamp":1607567605,"path_taken":["M","?","?","?","M","R","E","$","T","M","?","?","$","?","R","BOSS","M","$","?"],"build_version":"2020-11-30","purchased_purges":0,"victory":false,"max_hp_per_floor":[75,75,75,75,75,75,75,75,75,75,75,75,75,75,75,75,75,75,75,75,75],"relic_stats":{"Inserter":[4],"counters":[8,25],"MawBank":12,"obtain_stats":[{"Inserter":17,"NeowsBlessing":0,"Blue Doll":12,"Cracked Core":0,"MawBank":7},{"Inserter":6,"NeowsBlessing":0,"Blue Doll":5,"Cracked Core":0,"MawBank":4},{"Inserter":17,"NeowsBlessing":0,"Blue Doll":8,"Cracked Core":0,"MawBank":7}]},"card_choices":[{"not_picked":["Reinforced Body","BasicCrystalCard"],"picked":"Undo","floor":1},{"not_picked":["Barrage","Redo"],"picked":"Loop","floor":2},{"not_picked":["Coolheaded","Ball Lightning"],"picked":"White Noise","floor":5},{"not_picked":["Reinforced Body","Leap"],"picked":"ReplayTheSpireMod:Fabricate Wheel","floor":7},{"not_picked":["Redo","Cold Snap"],"picked":"Go for the Eyes","floor":10},{"not_picked":["ReplayRNGCard","Amplify"],"picked":"Electrodynamics","floor":16},{"not_picked":["Rebound","Scrape"],"picked":"Doom and Gloom+1","floor":18}],"player_experience":120257,"relics_obtained":[{"floor":7,"key":"MawBank"}],"event_choices":[{"damage_healed":75,"gold_gain":0,"player_choice":"Embrace Burn","damage_taken":0,"max_hp_gain":0,"max_hp_loss":75,"event_name":"betterThird:BetterShining","floor":3,"gold_loss":0},{"damage_healed":18,"gold_gain":0,"player_choice":"Healed and dodged fight","damage_taken":0,"max_hp_gain":0,"max_hp_loss":0,"event_name":"Mushrooms","floor":11,"gold_loss":0,"cards_obtained":["Parasite"]}],"is_beta":false,"boss_relics":[{"not_picked":["hubris:BlackHole","Honey Jar"],"picked":"Inserter"}],"items_purged_floors":[],"is_endless":false,"potions_floor_spawned":[1,5,7,10,18],"killed_by":"Chosen","ascension_level":5}}