{"host":"zekcc3vicrep0och","time":1607599972,"event":{"gold_per_floor":[118,118,2,177,189,223,239,269,295,295,18,18,49,65,65,138,138,149,166,166,180,180,209,209,209],"floor_reached":24,"playtime":913,"items_purged":["Strike_P","Doubt"],"score":525,"play_id":"52b6fc0c-ccb7-4817-994f-d8aedf0a7253","local_time":"20201210143252","is_ascension_mode":true,"campfire_choices":[{"data":"Protect","floor":12.0,"key":"SMITH"},{"data":"CrushJoints","floor":15.0,"key":"SMITH"}],"neow_cost":"NONE","seed_source_timestamp":0,"circlet_count":0,"master_deck":["AscendersBane","Strike_P","Strike_P","Strike_P","Defend_P","Defend_P","Defend_P","Defend_P","Eruption+1","Vigilance","TalkToTheHand","ReachHeaven","Protect+1","Tantrum+1","EmptyMind","LessonLearned+1","Evaluate","CrushJoints+1","DevaForm","CurseOfTheBell","ClearTheMind","EmptyFist","RitualDagger","LikeWater"],"special_seed":0,"relics":["PureWater","NeowsBlessing","Centennial Puzzle","Smiling Mask","Ancient Tea Set","Unceasing Top","Question Card","Calling Bell","Anchor","The Courier","Mango","Shuriken","Pocketwatch"],"potions_floor_usage":[],"damage_taken":[{"damage":0.0,"enemies":"Jaw Worm","floor":1.0,"turns":1.0},{"damage":0.0,"enemies":"Small Slimes","floor":5.0,"turns":1.0},{"damage":0.0,"enemies":"Gremlin Nob","floor":6.0,"turns":1.0},{"damage":3.0,"enemies":"2 Louse","floor":7.0,"turns":4.0},{"damage":0.0,"enemies":"Lagavulin","floor":8.0,"turns":2.0},{"damage":0.0,"enemies":"Gremlin Nob","floor":13.0,"turns":2.0},{"damage":6.0,"enemies":"Large Slime","floor":14.0,"turns":6.0},{"damage":12.0,"enemies":"Slime Boss","floor":16.0,"turns":6.0},{"damage":0.0,"enemies":"Spheric Guardian","floor":18.0,"turns":2.0},{"damage":0.0,"enemies":"Shell Parasite","floor":19.0,"turns":1.0},{"damage":0.0,"enemies":"Sentry and Sphere","floor":21.0,"turns":3.0},{"damage":58.0,"enemies":"Gremlin Leader","floor":23.0,"turns":5.0},{"damage":15,"enemies":"3 Cultists","floor":24,"turns":3}],"seed_played":"434724954417089015","potions_obtained":[{"floor":7.0,"key":"AttackPotion"},{"floor":13.0,"key":"Strength Potion"},{"floor":14.0,"key":"SpeedPotion"},{"floor":18.0,"key":"AttackPotion"}],"is_trial":false,"path_per_floor":["M","?","$","?","M","E","M","E","T","T","$","R","E","M","R","B",null,"M","M","?","M","?","E","M"],"character_chosen":"WATCHER","items_purchased":["ReachHeaven","EmptyMind","LessonLearned","Fire Potion"],"campfire_rested":0,"item_purchase_floors":[3,11,11,11],"current_hp_per_floor":[61,61,61,61,61,61,58,58,58,58,58,58,58,52,52,40,75,75,75,69,69,69,11,0,0],"gold":209,"neow_bonus":"THREE_ENEMY_KILL","is_prod":false,"is_daily":false,"chose_seed":false,"campfire_upgraded":2,"win_rate":0,"timestamp":1607599972,"path_taken":["M","?","$","?","M","E","M","E","T","?","$","R","E","M","R","BOSS","M","M","?","M","?","E","M"],"build_version":"2020-11-30","purchased_purges":2,"victory":false,"max_hp_per_floor":[68,68,68,68,68,68,68,68,68,68,68,68,68,68,68,68,82,82,82,82,82,82,82,82,82],"relic_stats":{"Centennial Puzzle":[15],"counters":[13,37],"Shuriken":[3],"Smiling Mask":50,"Question Card":7,"obtain_stats":[{"NeowsBlessing":0,"Mango":17,"The Courier":17,"Smiling Mask":8,"Ancient Tea Set":9,"Question Card":13,"Calling Bell":17,"Centennial Puzzle":6,"Anchor":17,"Shuriken":22,"PureWater":0,"Unceasing Top":10,"Pocketwatch":23},{"NeowsBlessing":0,"Mango":8,"The Courier":8,"Smiling Mask":5,"Ancient Tea Set":5,"Question Card":6,"Calling Bell":8,"Centennial Puzzle":3,"Anchor":8,"Shuriken":11,"PureWater":0,"Unceasing Top":5,"Pocketwatch":12},{"NeowsBlessing":0,"Mango":23,"The Courier":23,"Smiling Mask":9,"Ancient Tea Set":9,"Question Card":11,"Calling Bell":23,"Centennial Puzzle":3,"Anchor":23,"Shuriken":29,"PureWater":0,"Unceasing Top":9,"Pocketwatch":34}],"Unceasing Top":[0],"Pocketwatch":[6]},"card_choices":[{"not_picked":["Prostrate","Crescendo"],"picked":"TalkToTheHand","floor":1.0},{"not_picked":["BowlingBash","ThirdEye","SignatureMove"],"picked":"SKIP","floor":5.0},{"not_picked":["SashWhip","Weave"],"picked":"Protect","floor":6.0},{"not_picked":["Protect","BowlingBash","Prostrate"],"picked":"SKIP","floor":7.0},{"not_picked":["EmptyBody","DevaForm"],"picked":"Tantrum","floor":8.0},{"not_picked":["ThirdEye","Halt"],"picked":"Evaluate","floor":13.0},{"not_picked":["JustLucky","FlyingSleeves","Halt"],"picked":"CrushJoints","floor":14.0},{"not_picked":["Vault","Alpha","Brilliance"],"picked":"DevaForm","floor":16.0},{"not_picked":["Meditate","Halt","ThirdEye+1"],"picked":"ClearTheMind","floor":18.0},{"not_picked":["Halt","PathToVictory+1","Nirvana"],"picked":"EmptyFist","floor":19.0},{"not_picked":["FlurryOfBlows","Vengeance","EmptyFist"],"picked":"LikeWater","floor":21.0},{"not_picked":["Weave","ConjureBlade","Omniscience","FollowUp"],"picked":"SKIP","floor":23.0}],"player_experience":391815,"relics_obtained":[{"floor":6.0,"key":"Centennial Puzzle"},{"floor":8.0,"key":"Smiling Mask"},{"floor":9.0,"key":"Ancient Tea Set"},{"floor":10.0,"key":"Unceasing Top"},{"floor":13.0,"key":"Question Card"},{"floor":17.0,"key":"Anchor"},{"floor":17.0,"key":"The Courier"},{"floor":17.0,"key":"Mango"},{"floor":23.0,"key":"Pocketwatch"}],"event_choices":[{"damage_healed":0.0,"max_hp_gain":0.0,"max_hp_loss":0.0,"gold_gain":0.0,"event_name":"Living Wall","player_choice":"Grow","floor":2.0,"gold_loss":0.0,"damage_taken":0.0,"cards_upgraded":["Eruption"]},{"damage_healed":0.0,"max_hp_gain":0.0,"max_hp_loss":0.0,"gold_gain":175.0,"event_name":"Liars Game","player_choice":"AGREE","floor":4.0,"gold_loss":0.0,"damage_taken":0.0,"cards_obtained":["Doubt"]},{"damage_healed":0.0,"max_hp_gain":0.0,"max_hp_loss":0.0,"gold_gain":0.0,"event_name":"Nest","player_choice":"Joined the Cult","floor":20.0,"gold_loss":0.0,"damage_taken":6.0,"cards_obtained":["RitualDagger"]},{"damage_healed":0.0,"max_hp_gain":0.0,"max_hp_loss":0.0,"gold_gain":0.0,"event_name":"The Mausoleum","player_choice":"Opened","floor":22.0,"gold_loss":0.0,"damage_taken":0.0,"relics_obtained":["Shuriken"]}],"is_beta":false,"boss_relics":[{"not_picked":["Cursed Key","Pandora\u0027s Box"],"picked":"Calling Bell"}],"items_purged_floors":[3,11],"is_endless":false,"potions_floor_spawned":[7,13,14,18],"killed_by":"3 Cultists","ascension_level":14}}