{"host":"0jor5hi4rp0tpy7j","time":1607610231,"event":{"gold_per_floor":[118,193,204,379,99,99,99,134,134,134,144,176,196,216,216,317,317,333,432,357,370,387,420,154,154,181,181,215,243,260,278,278,278,278],"floor_reached":33,"playtime":1182,"items_purged":["Doubt"],"score":367,"play_id":"a78f7e40-212d-4684-93d1-26737866cf7f","local_time":"20201210152351","is_ascension_mode":true,"campfire_choices":[{"data":"Well Laid Plans","floor":6,"key":"SMITH"},{"data":"Dagger Throw","floor":10,"key":"SMITH"},{"floor":15,"key":"REST"},{"floor":25,"key":"REST"},{"floor":27,"key":"REST"},{"floor":32,"key":"REST"}],"neow_cost":"NONE","seed_source_timestamp":80543354595200,"circlet_count":0,"master_deck":["Strike_G","Strike_G","Strike_G","Defend_G","Defend_G","Defend_G","Defend_G","Survivor","Neutralize","Underhanded Strike","Well Laid Plans+1","Underhanded Strike","Dagger Throw+1","Dagger Throw","Terror","Eviscerate","Corpse Explosion","Acrobatics+1","Underhanded Strike","Caltrops","Backstab","Dagger Throw","Acrobatics","Underhanded Strike"],"relics":["SlaversCollar","Pen Nib","Kunai","Singing Bowl","HornCleat","Empty Cage","Orichalcum","Dream Catcher","Art of War","CeramicFish"],"potions_floor_usage":[12,22,23,29,29,31,33],"damage_taken":[{"damage":0,"enemies":"Small Slimes","floor":1,"turns":4},{"damage":2,"enemies":"2 Louse","floor":3,"turns":3},{"damage":16,"enemies":"Gremlin Nob","floor":8,"turns":4},{"damage":7,"enemies":"Cultist","floor":11,"turns":5},{"damage":10,"enemies":"3 Sentries","floor":12,"turns":4},{"damage":4,"enemies":"3 Louse","floor":13,"turns":4},{"damage":0,"enemies":"Blue Slaver","floor":14,"turns":2},{"damage":15,"enemies":"The Guardian","floor":16,"turns":8},{"damage":25,"enemies":"2 Thieves","floor":18,"turns":5},{"damage":12,"enemies":"Chosen","floor":21,"turns":3},{"damage":17,"enemies":"3 Cultists","floor":22,"turns":5},{"damage":18,"enemies":"Book of Stabbing","floor":23,"turns":3},{"damage":28,"enemies":"Slavers","floor":28,"turns":2},{"damage":2,"enemies":"Snake Plant","floor":29,"turns":3},{"damage":0,"enemies":"Snecko","floor":30,"turns":4},{"damage":25,"enemies":"Sentry and Sphere","floor":31,"turns":4},{"damage":61,"enemies":"Champ","floor":33,"turns":10}],"seed_played":"8924605067905988517","potions_obtained":[{"floor":11,"key":"Explosive Potion"},{"floor":13,"key":"SpeedPotion"},{"floor":14,"key":"Poison Potion"},{"floor":21,"key":"GamblersBrew"},{"floor":22,"key":"Swift Potion"},{"floor":28,"key":"LiquidBronze"},{"floor":30,"key":"Regen Potion"}],"is_trial":false,"path_per_floor":["M","?","M","?","$","R","?","E","T","R","M","E","M","M","R","B",null,"M","?","?","M","M","E","$","R","T","R","E","M","M","M","R","B"],"character_chosen":"THE_SILENT","items_purchased":["Underhanded Strike","Pen Nib","Caltrops","Dream Catcher","Backstab"],"campfire_rested":4,"item_purchase_floors":[5,5,24,24,24],"current_hp_per_floor":[70,59,57,57,57,57,50,34,34,34,29,19,15,15,36,21,72,47,47,47,37,20,4,4,26,26,50,22,20,22,11,37,0,0],"gold":278,"neow_bonus":"BOSS_RELIC","is_prod":false,"is_daily":false,"chose_seed":false,"campfire_upgraded":2,"win_rate":0,"timestamp":1607610231,"path_taken":["M","?","M","?","$","R","?","E","T","R","M","E","M","?","R","BOSS","M","?","?","M","M","E","$","R","T","R","E","M","M","M","R","BOSS"],"build_version":"2020-11-30","purchased_purges":1,"victory":false,"max_hp_per_floor":[70,70,70,70,70,70,70,70,70,70,72,72,72,72,72,72,72,72,72,72,74,74,76,76,76,76,78,78,78,80,82,84,84,84],"card_choices":[{"not_picked":["PiercingWail","Deadly Poison"],"picked":"Underhanded Strike","floor":1},{"not_picked":["Eviscerate","Concentrate"],"picked":"Well Laid Plans","floor":3},{"not_picked":["Die Die Die","Cloak And Dagger"],"picked":"Dagger Throw","floor":8},{"not_picked":["Crippling Poison","Leg Sweep","Flying Knee"],"picked":"Singing Bowl","floor":11},{"not_picked":["Deadly Poison","Leg Sweep"],"picked":"Dagger Throw","floor":12},{"not_picked":["Malaise","Heel Hook"],"picked":"Terror","floor":13},{"not_picked":["Blur","Quick Slash"],"picked":"Eviscerate","floor":14},{"not_picked":["Storm of Steel","Grand Finale"],"picked":"Corpse Explosion","floor":16},{"not_picked":["Terror+1","Poisoned Stab"],"picked":"Acrobatics+1","floor":18},{"not_picked":["Poisoned Stab","Blur+1","Deadly Poison"],"picked":"Singing Bowl","floor":21},{"not_picked":["Caltrops","Crippling Poison"],"picked":"Underhanded Strike","floor":22},{"not_picked":["Outmaneuver+1","Heel Hook","Leg Sweep"],"picked":"Singing Bowl","floor":23},{"not_picked":["Skewer","Prepared"],"picked":"Dagger Throw","floor":25},{"not_picked":["Deflect","Leg Sweep+1","Blade Dance"],"picked":"Singing Bowl","floor":27},{"not_picked":["Backflip+1","Glass Knife"],"picked":"Acrobatics","floor":28},{"not_picked":["Choke+1","Dagger Throw"],"picked":"Underhanded Strike","floor":29},{"not_picked":["Cloak And Dagger","Backflip","Dagger Spray"],"picked":"Singing Bowl","floor":30},{"not_picked":["Quick Slash+1","Deadly Poison+1","Finisher"],"picked":"Singing Bowl","floor":31},{"not_picked":["Deadly Poison","Backflip","Outmaneuver"],"picked":"Singing Bowl","floor":32}],"player_experience":347552,"relics_obtained":[{"floor":8,"key":"Kunai"},{"floor":9,"key":"Singing Bowl"},{"floor":12,"key":"HornCleat"},{"floor":23,"key":"Orichalcum"},{"floor":26,"key":"Art of War"},{"floor":28,"key":"CeramicFish"}],"event_choices":[{"damage_healed":0,"gold_gain":75,"player_choice":"Gather Gold","damage_taken":11,"max_hp_gain":0,"max_hp_loss":0,"event_name":"World of Goop","floor":2,"gold_loss":0},{"damage_healed":0,"gold_gain":175,"player_choice":"AGREE","damage_taken":0,"max_hp_gain":0,"max_hp_loss":0,"event_name":"Liars Game","floor":4,"gold_loss":0,"cards_obtained":["Doubt"]},{"damage_healed":0,"gold_gain":0,"player_choice":"Damaged","damage_taken":7,"max_hp_gain":0,"max_hp_loss":0,"event_name":"Wheel of Change","floor":7,"gold_loss":0},{"damage_healed":0,"gold_gain":99,"player_choice":"Stole From Cult","damage_taken":0,"max_hp_gain":0,"max_hp_loss":0,"event_name":"Nest","floor":19,"gold_loss":0},{"cards_removed":["Strike_G"],"damage_healed":0,"gold_gain":0,"player_choice":"Gave Gold","damage_taken":0,"max_hp_gain":0,"max_hp_loss":0,"event_name":"Beggar","floor":20,"gold_loss":75}],"is_beta":false,"boss_relics":[{"not_picked":["SacredBark","WristBlade"],"picked":"Empty Cage"}],"items_purged_floors":[5],"is_endless":false,"potions_floor_spawned":[11,13,14,21,22,28,30],"killed_by":"Champ","ascension_level":3}}