{"host":"nk1hwk2qadwaubm5","time":1607617977,"event":{"mods":["BaseMod","StSLib","Hermit","Minty Spire (QoL Compilation)","Replay The Spire","The Cursed","The Servant 0.9.4","Infinite Spire","Lobotomy","Shop Mod","The Jungle"],"gold_per_floor":[112,112,123,143,160,185,185,185,185],"floor_reached":8,"playtime":640,"items_purged":[],"score":58,"play_id":"348d85f5-32a9-4115-9fb1-6015e62c1848","local_time":"20201210173257","is_ascension_mode":false,"campfire_choices":[{"data":"TheCursedMod:CursedBlade","floor":7,"key":"SMITH"}],"circlet_count":0,"master_deck":["TheCursedMod:Strike_TheCursed","TheCursedMod:Strike_TheCursed","TheCursedMod:Strike_TheCursed","TheCursedMod:Strike_TheCursed","TheCursedMod:Defend_TheCursed","TheCursedMod:Defend_TheCursed","TheCursedMod:Defend_TheCursed","TheCursedMod:Defend_TheCursed","TheCursedMod:CursedWand","TheCursedMod:CleanUpWorkshop","TheCursedMod:Dregs","Wellcheers","TheCursedMod:SurpriseAttack","FairyFestival","TheCursedMod:SpitefulStrike","Scorched","TheCursedMod:CursedBlade+1"],"relics":["TheCursedMod:BlackMagic101","CogitoBucket","Mummified Hand"],"acts_visited":["Exordium"],"potions_floor_usage":[5],"damage_taken":[{"damage":3,"enemies":"Small Slimes","floor":1,"turns":4},{"damage":5,"enemies":"Cultist","floor":3,"turns":4},{"damage":0,"enemies":"2 Louse","floor":4,"turns":2},{"damage":19,"enemies":"Large Slime","floor":5,"turns":10},{"damage":25,"enemies":"3 Sentries","floor":6,"turns":3},{"damage":44,"enemies":"Gremlin Nob","floor":8,"turns":3}],"seed_played":"-2947186196564802356","potions_obtained":[{"floor":1,"key":"EntropicBrew"},{"floor":5,"key":"Cursed Concoction"}],"is_trial":false,"path_per_floor":["M","?","M","M","M","E","R","E"],"character_chosen":"THE_CURSED","items_purchased":[],"campfire_rested":0,"item_purchase_floors":[],"current_hp_per_floor":[72,75,73,75,63,41,41,0,0],"gold":185,"neow_bonus":"","is_daily":false,"chose_seed":false,"campfire_upgraded":1,"win_rate":0,"timestamp":1607617977,"path_taken":["M","?","M","?","M","E","R","E"],"build_version":"2020-11-30","purchased_purges":0,"victory":false,"max_hp_per_floor":[75,75,75,75,75,75,75,75,75],"card_choices":[{"not_picked":["VoidDream","PunishingBird"],"picked":"Wellcheers","floor":1},{"not_picked":["TheCursedMod:CircleOfBlood","TheCursedMod:BloodBarrier"],"picked":"TheCursedMod:SurpriseAttack","floor":1},{"not_picked":["Woodsman","BeautyBeast"],"picked":"FairyFestival","floor":3},{"not_picked":["TheCursedMod:FuryStrike","TheCursedMod:HellsGateOpen","TheCursedMod:Stigma"],"picked":"SKIP","floor":3},{"not_picked":["TheCursedMod:Stigma","TheCursedMod:PrepareRite"],"picked":"TheCursedMod:SpitefulStrike","floor":4},{"not_picked":["CherryBlossoms","LittlePrince"],"picked":"Scorched","floor":5},{"not_picked":["TheCursedMod:Stretching","TheCursedMod:RapidMovement"],"picked":"TheCursedMod:CursedBlade","floor":5},{"not_picked":["TheCursedMod:Evocation","TheCursedMod:VitalStrike","TheCursedMod:Torture"],"picked":"SKIP","floor":6}],"player_experience":107201,"relics_obtained":[{"floor":6,"key":"Mummified Hand"}],"event_choices":[{"damage_healed":3,"gold_gain":0,"player_choice":"Full Heal","damage_taken":0,"max_hp_gain":0,"max_hp_loss":0,"event_name":"Wheel of Change","floor":2,"gold_loss":0}],"is_beta":false,"boss_relics":[],"items_purged_floors":[],"is_endless":false,"potions_floor_spawned":[1,5,6],"killed_by":"Gremlin Nob","ascension_level":0}}