{"host":"42cupnu8eddj962x","time":1607580490,"event":{"gold_per_floor":[114,114,114,114,131,165,185,214,240,271,283,295,325,369,381,494,506,528,560,572,584,596,633,663,702,766,807,832,844,887,911,923,1036,1048,1074,1140,1152,1180,316,343,343,377,377,377,377,404,423,436,436,436],"floor_reached":51,"playtime":2201,"items_purged":["Defend_RM"],"score":1216,"play_id":"db74ae33-a395-410d-993f-fa368a6ab1d2","local_time":"20201210140810","is_ascension_mode":true,"campfire_choices":[{"data":"NightLord","floor":12.0,"key":"SMITH"},{"data":"ScarletMeister","floor":15.0,"key":"SMITH"},{"data":"ChainGang","floor":32,"key":"SMITH"},{"data":"1","floor":45,"key":"LIFT"},{"data":"2","floor":49,"key":"LIFT"}],"neow_cost":"NONE","seed_source_timestamp":20535233614800,"circlet_count":0,"master_deck":["Strike_RM","Strike_RM","Strike_RM","ScarletShoot","ChainGang+1","Regret","NightDance","ScarletMeister+1","BloodHunter","EndlessAdversity","NightLord+1","MiserableFate","CeilingFear","EquivalentExchange","GlobalNightmare+1","BloodAndWine+1","NightLord","BatForm","LeisurelyOfLord","EternalNight+1","ForecastOfChange+1","EndlessAdversity+1","MillenniumVampire+1","RedMagic","TricksterDevil","RedRainbow+1","Thinking Ahead","Thinking Ahead","Forethought","EndlessAdversity+1","Sadistic Nature","BloodRain","ScarletDevil+1","UnderTheZenith+1"],"special_seed":0,"relics":["ScarletHat","NeowsBlessing","Oddly Smooth Stone","Ancient Tea Set","Meat on the Bone","Anchor","MawBank","Matryoshka","Pantograph","APieceOfRedMist","Molten Egg 2","Bottled Flame","Vajra","Strawberry","Bag of Preparation","Red Mask","Shuriken","ScarletEmblem","Girya","Blood Vial","OrangePellets","Ornamental Fan","Toy Ornithopter","Gremlin Horn","Lantern","Unceasing Top","Mummified Hand"],"potions_floor_usage":[],"damage_taken":[{"damage":0.0,"enemies":"Cultist","floor":1.0,"turns":1.0},{"damage":0.0,"enemies":"2 Louse","floor":5.0,"turns":1.0},{"damage":0.0,"enemies":"Lagavulin","floor":6.0,"turns":1.0},{"damage":2.0,"enemies":"Small Slimes","floor":7.0,"turns":2.0},{"damage":41.0,"enemies":"3 Sentries","floor":8.0,"turns":9.0},{"damage":5.0,"enemies":"Exordium Wildlife","floor":10.0,"turns":3.0},{"damage":6.0,"enemies":"Exordium Thugs","floor":13.0,"turns":3.0},{"damage":26.0,"enemies":"Lagavulin","floor":14.0,"turns":5.0},{"damage":47.0,"enemies":"Hexaghost","floor":16.0,"turns":8.0},{"damage":2.0,"enemies":"Spheric Guardian","floor":18.0,"turns":3.0},{"damage":24.0,"enemies":"Shell Parasite","floor":19.0,"turns":6.0},{"damage":21,"enemies":"Book of Stabbing","floor":23,"turns":4},{"damage":6,"enemies":"Snecko","floor":24,"turns":5},{"damage":0,"enemies":"Gremlin Leader","floor":25,"turns":4},{"damage":3,"enemies":"Masked Bandits","floor":27,"turns":2},{"damage":10,"enemies":"Centurion and Healer","floor":28,"turns":4},{"damage":0,"enemies":"Slavers","floor":30,"turns":2},{"damage":0,"enemies":"Snake Plant","floor":31,"turns":3},{"damage":9,"enemies":"Collector","floor":33,"turns":5},{"damage":9,"enemies":"3 Darklings","floor":35,"turns":5},{"damage":16,"enemies":"2 Orb Walkers","floor":36,"turns":3},{"damage":2,"enemies":"3 Shapes","floor":38,"turns":1},{"damage":0,"enemies":"Reptomancer","floor":40,"turns":3},{"damage":9,"enemies":"Nemesis","floor":42,"turns":5},{"damage":0,"enemies":"Giant Head","floor":46,"turns":4},{"damage":0,"enemies":"3 Darklings","floor":47,"turns":1},{"damage":24,"enemies":"Maw","floor":48,"turns":3},{"damage":6,"enemies":"Time Eater","floor":50,"turns":6}],"seed_played":"-4370852404036762605","potions_obtained":[{"floor":6.0,"key":"SmokeBomb"},{"floor":8.0,"key":"Regen Potion"},{"floor":10.0,"key":"DestinyDice"},{"floor":13.0,"key":"FairyPotion"}],"is_trial":false,"path_per_floor":["M","?","?","?","M","E","M","E","T","M","T","R","M","E","R","B",null,"M","M","?","?","?","E","M","E","T","?","M","?","E","M","R","B",null,"M","?","?","M","$","E","?","E","T","?","R","E","M","M","R","B",null],"character_chosen":"REMILIA","items_purchased":["Blood Vial","OrangePellets","Ornamental Fan","EndlessAdversity+1","Sadistic Nature"],"campfire_rested":0,"item_purchase_floors":[39,39,39,39,39],"current_hp_per_floor":[75,68,61,61,61,61,60,33,33,40,40,40,47,38,38,37,75,73,57,57,57,57,56,65,75,82,82,78,62,66,73,73,87,87,85,72,62,60,60,70,70,87,87,87,87,87,87,72,72,87],"gold":436,"neow_bonus":"THREE_ENEMY_KILL","is_prod":false,"is_daily":false,"chose_seed":false,"campfire_upgraded":3,"win_rate":0,"timestamp":1607580490,"path_taken":["M","?","?","?","?","E","M","E","T","M","?","R","M","E","R","BOSS","M","M","?","?","?","E","M","E","T","?","?","?","E","M","R","BOSS","M","?","?","M","$","E","?","E","T","?","R","E","?","M","R","BOSS"],"build_version":"2020-11-30","purchased_purges":1,"victory":true,"max_hp_per_floor":[75,75,75,75,75,75,75,75,75,75,75,75,75,75,75,75,75,75,75,75,75,75,75,75,75,82,82,82,87,87,87,87,87,87,87,87,87,87,87,87,87,87,87,87,87,87,87,87,87,87],"card_choices":[{"not_picked":["FavorOfDestiny","MastersStateliness"],"picked":"ChainGang","floor":1.0},{"not_picked":["ScarletImprint","UnderTheZenith"],"picked":"NightDance","floor":5.0},{"not_picked":["BloodHunter","FavorOfDestiny"],"picked":"ScarletMeister","floor":6.0},{"not_picked":["StarOfDavid","ScarletDevil"],"picked":"BloodHunter","floor":7.0},{"not_picked":["MastersStateliness","TwelveNightmare"],"picked":"EndlessAdversity","floor":8.0},{"not_picked":["Stigmanizer","TwelveNightmare"],"picked":"NightLord","floor":10.0},{"not_picked":["BadLadyScramble","DiffusionOfMisfortune"],"picked":"MiserableFate","floor":13.0},{"not_picked":["ScarletImprint","DevilSight"],"picked":"CeilingFear","floor":14.0},{"not_picked":["BatForm","QueenOfMidnight"],"picked":"EquivalentExchange","floor":16.0},{"not_picked":["UnderTheZenith","MillenniumVampire"],"picked":"GlobalNightmare+1","floor":18.0},{"not_picked":["BlasphemousPunishment","MillenniumVampire+1"],"picked":"BloodAndWine+1","floor":19.0},{"not_picked":["ReincarnationDial","BombardNight+1"],"picked":"EternalNight+1","floor":23},{"not_picked":["BombardNight+1","UltimateOffering+1","DiffusionOfMisfortune+1"],"picked":"SKIP","floor":24},{"not_picked":["BlasphemousPunishment","DevilSight"],"picked":"ForecastOfChange+1","floor":25},{"not_picked":["HunterOfTheNight+1","NightDance+1"],"picked":"EndlessAdversity+1","floor":27},{"not_picked":["Stigmanizer+1","VampireKiss+1"],"picked":"MillenniumVampire+1","floor":28},{"not_picked":["BadLadyScramble+1","NightDance+1","DiffusionOfMisfortune+1"],"picked":"SKIP","floor":30},{"not_picked":["UnstableMagic","FavorOfDestiny"],"picked":"RedMagic","floor":31},{"not_picked":["HeartBreak+1","BatForm"],"picked":"TricksterDevil","floor":33},{"not_picked":["UnderTheZenith","BloodyMagicSquare"],"picked":"RedRainbow+1","floor":35},{"not_picked":["Trip","PanicButton"],"picked":"Thinking Ahead","floor":37},{"not_picked":["Purity","Enlightenment"],"picked":"Thinking Ahead","floor":37},{"not_picked":["Blind","HandOfGreed+1"],"picked":"Forethought","floor":37},{"not_picked":["UltimateOffering+1","UnstableMagic","NightDance+1"],"picked":"SKIP","floor":38},{"not_picked":["ScarletDevilSign+1","VampireFantasy"],"picked":"BloodRain","floor":40},{"not_picked":["ScarletImprint+1","BombardNight+1","Stigmanizer+1"],"picked":"SKIP","floor":42},{"not_picked":["SuperhumanBloodyKnife+1","Ultimatum+1","LeisurelyOfLord+1"],"picked":"SKIP","floor":46},{"not_picked":["UnstableMagic","LeisurelyOfLord+1","VampireKiss+1"],"picked":"SKIP","floor":47},{"not_picked":["CharismaGuard+1","ScarletDevil+1"],"picked":"UnderTheZenith+1","floor":48}],"player_experience":36801,"relics_obtained":[{"floor":6.0,"key":"Meat on the Bone"},{"floor":8.0,"key":"Anchor"},{"floor":9.0,"key":"MawBank"},{"floor":11.0,"key":"Matryoshka"},{"floor":14.0,"key":"Pantograph"},{"floor":23,"key":"Bottled Flame"},{"floor":25,"key":"Vajra"},{"floor":26,"key":"Strawberry"},{"floor":26,"key":"Bag of Preparation"},{"floor":27,"key":"Red Mask"},{"floor":30,"key":"Shuriken"},{"floor":36,"key":"Girya"},{"floor":40,"key":"Toy Ornithopter"},{"floor":42,"key":"Gremlin Horn"},{"floor":43,"key":"Lantern"},{"floor":43,"key":"Unceasing Top"},{"floor":46,"key":"Mummified Hand"}],"event_choices":[{"cards_removed":["Defend_RM"],"damage_healed":0.0,"max_hp_gain":0.0,"max_hp_loss":0.0,"gold_gain":0.0,"event_name":"Golden Wing","player_choice":"Card Removal","floor":2.0,"gold_loss":0.0,"damage_taken":7.0},{"damage_healed":0.0,"max_hp_gain":0.0,"max_hp_loss":0.0,"gold_gain":0.0,"event_name":"Scrap Ooze","player_choice":"Success","floor":3.0,"gold_loss":0.0,"damage_taken":7.0,"relics_obtained":["Oddly Smooth Stone"]},{"damage_healed":0.0,"max_hp_gain":0.0,"max_hp_loss":0.0,"gold_gain":0.0,"event_name":"Big Fish","player_choice":"Box","floor":4.0,"gold_loss":0.0,"damage_taken":0.0,"relics_obtained":["Ancient Tea Set"],"cards_obtained":["Regret"]},{"damage_healed":0,"gold_gain":0,"player_choice":"Read","damage_taken":0,"max_hp_gain":0,"max_hp_loss":0,"event_name":"The Library","floor":20,"gold_loss":0,"cards_obtained":["NightLord"]},{"damage_healed":0,"gold_gain":0,"cards_transformed":["Defend_RM","Defend_RM"],"player_choice":"Became Test Subject","damage_taken":0,"max_hp_gain":0,"max_hp_loss":0,"event_name":"Drug Dealer","floor":21,"gold_loss":0,"cards_obtained":["BatForm","LeisurelyOfLord"]},{"damage_healed":0,"gold_gain":0,"player_choice":"Fought Bandits","damage_taken":0,"max_hp_gain":0,"max_hp_loss":0,"event_name":"Masked Bandits","floor":27,"gold_loss":0},{"damage_healed":0,"gold_gain":0,"player_choice":"Shed Blood","damage_taken":21,"max_hp_gain":5,"max_hp_loss":0,"event_name":"Forgotten Altar","floor":29,"gold_loss":0},{"damage_healed":0,"gold_gain":0,"player_choice":"Fight","damage_taken":0,"max_hp_gain":0,"max_hp_loss":0,"event_name":"Mysterious Sphere","floor":36,"gold_loss":0},{"damage_healed":0,"gold_gain":0,"player_choice":"Memory 3","damage_taken":10,"max_hp_gain":0,"max_hp_loss":0,"event_name":"SensoryStone","floor":37,"gold_loss":0},{"cards_removed":["RedMoon"],"damage_healed":0,"gold_gain":0,"player_choice":"Removed Skill","damage_taken":0,"max_hp_gain":0,"max_hp_loss":0,"event_name":"Falling","floor":41,"gold_loss":0},{"damage_healed":0,"gold_gain":0,"cards_transformed":["Strike_RM"],"player_choice":"Transformed","damage_taken":0,"max_hp_gain":0,"max_hp_loss":0,"event_name":"Transmorgrifier","floor":44,"gold_loss":0,"cards_obtained":["ScarletDevil"]}],"is_beta":false,"boss_relics":[{"not_picked":["Black Star","Cursed Key"],"picked":"APieceOfRedMist"},{"not_picked":["Runic Dome","Sozu"],"picked":"ScarletEmblem"}],"items_purged_floors":[39],"is_endless":false,"potions_floor_spawned":[6,7,8,10,13,24,25,30,33,36,40,42,47,48],"ascension_level":4}}