{"host":"wshh0nphwn6jv7vj","time":1607642958,"event":{"mods":["BaseMod","Bestiary","Minty Spire (QoL Compilation)"],"gold_per_floor":[119,119,137,137,151,151,185,260,284,314,328,357,357,382,382,382,382],"floor_reached":16,"playtime":439,"items_purged":[],"score":224,"play_id":"4bc5a665-7cea-43e8-9117-8021e3fdbba3","local_time":"20201210182918","is_ascension_mode":true,"campfire_choices":[{"data":"Shrug It Off","floor":6,"key":"SMITH"},{"floor":13,"key":"REST"},{"floor":15,"key":"REST"}],"circlet_count":0,"master_deck":["AscendersBane","Strike_R","Strike_R","Strike_R","Strike_R","Defend_R","Defend_R+1","Defend_R","Defend_R","Bash","Rampage","Cleave","Shrug It Off+1","Thunderclap","Offering+1","Double Tap","True Grit"],"relics":["Burning Blood","NeowsBlessing","Anchor","Smiling Mask","War Paint","Torii","Turnip"],"acts_visited":["Exordium"],"potions_floor_usage":[7,10,14,14],"damage_taken":[{"damage":0,"enemies":"Jaw Worm","floor":1,"turns":1},{"damage":0,"enemies":"Small Slimes","floor":3,"turns":1},{"damage":0,"enemies":"2 Louse","floor":5,"turns":1},{"damage":25,"enemies":"Lagavulin","floor":7,"turns":7},{"damage":32,"enemies":"Gremlin Nob","floor":10,"turns":4},{"damage":6,"enemies":"Blue Slaver","floor":11,"turns":3},{"damage":20,"enemies":"3 Sentries","floor":12,"turns":6},{"damage":26,"enemies":"Gremlin Nob","floor":14,"turns":3},{"damage":39,"enemies":"Hexaghost","floor":16,"turns":12}],"seed_played":"800567694104359486","potions_obtained":[{"floor":1,"key":"CultistPotion"},{"floor":7,"key":"SteroidPotion"},{"floor":10,"key":"BlessingOfTheForge"},{"floor":11,"key":"Strength Potion"}],"is_trial":false,"path_per_floor":["M","?","M","?","M","R","E","?","T","E","M","E","R","E","R","B"],"character_chosen":"IRONCLAD","items_purchased":[],"campfire_rested":2,"item_purchase_floors":[],"current_hp_per_floor":[74,79,80,73,79,79,60,49,49,23,23,9,33,13,37,0,0],"gold":382,"neow_bonus":"THREE_ENEMY_KILL","is_daily":false,"chose_seed":false,"campfire_upgraded":1,"win_rate":0.0,"timestamp":1607642958,"path_taken":["M","?","M","?","M","R","E","?","T","E","?","E","R","E","R","BOSS"],"items_purchased_type":[],"build_version":"2020-11-30","purchased_purges":0,"victory":false,"max_hp_per_floor":[75,80,80,80,80,80,80,80,80,80,80,80,80,80,80,80,80],"card_choices":[{"not_picked":["Power Through","Clash"],"picked":"Rampage","floor":1},{"not_picked":["Heavy Blade","Rupture"],"picked":"Cleave","floor":3},{"not_picked":["Bloodletting","Wild Strike"],"picked":"Shrug It Off","floor":5},{"not_picked":["Flex","Shrug It Off"],"picked":"Thunderclap","floor":7},{"not_picked":["Pommel Strike","Bloodletting"],"picked":"Offering","floor":10},{"not_picked":["Dual Wield","Headbutt","Clash"],"picked":"SKIP","floor":11},{"not_picked":["Second Wind","Seeing Red"],"picked":"Double Tap","floor":12},{"not_picked":["Clash","Thunderclap"],"picked":"True Grit","floor":14}],"player_experience":1365150,"relics_obtained":[{"floor":7,"key":"Anchor"},{"floor":9,"key":"Smiling Mask"},{"floor":10,"key":"War Paint"},{"floor":12,"key":"Torii"},{"floor":14,"key":"Turnip"}],"event_choices":[{"damage_healed":0,"gold_gain":0,"player_choice":"Donut","damage_taken":0,"max_hp_gain":5,"max_hp_loss":0,"event_name":"Big Fish","floor":2,"gold_loss":0},{"cards_removed":["Strike_R"],"damage_healed":0,"gold_gain":0,"player_choice":"Card Removal","damage_taken":7,"max_hp_gain":0,"max_hp_loss":0,"event_name":"Golden Wing","floor":4,"gold_loss":0},{"damage_healed":0,"gold_gain":75,"player_choice":"Gather Gold","damage_taken":11,"max_hp_gain":0,"max_hp_loss":0,"event_name":"World of Goop","floor":8,"gold_loss":0}],"is_beta":false,"boss_relics":[],"items_purged_floors":[],"is_endless":false,"potions_floor_spawned":[1,7,10,11],"killed_by":"Hexaghost","ascension_level":15}}