{"host":"u0m9wcerzdqt9t83","time":1607559614,"event":{"gold_per_floor":[112,112,112,124,135,135,135,165,165,13,13,33,33,60,60,161,161,178,178,26,45,45,74,74,100,100,115,135,146,159,169,169,272,272,294,386,448,479,503,549,561,585,597,609,0,27,51,51,51,51,51],"floor_reached":50,"playtime":5770,"items_purged":[],"score":649,"play_id":"ba1188dd-f958-4be5-8fe5-a61db4dc268a","local_time":"20201209192014","is_ascension_mode":false,"campfire_choices":[{"data":"hermit:CursedWeapon","floor":6.0,"key":"SMITH"},{"data":"hermit:GoldenBullet","floor":11.0,"key":"SMITH"},{"floor":13,"key":"REST"},{"floor":15,"key":"REST"},{"floor":24,"key":"REST"},{"floor":32,"key":"REST"},{"data":"hermit:HighNoon","floor":41,"key":"SMITH"},{"data":"hermit:TakeAim","floor":49,"key":"SMITH"}],"neow_cost":"","seed_source_timestamp":0,"circlet_count":0,"master_deck":["hermit:Strike_Hermit","hermit:Strike_Hermit+1","hermit:Strike_Hermit","hermit:Strike_Hermit+1","hermit:Defend_Hermit","hermit:Defend_Hermit","hermit:Defend_Hermit","hermit:Defend_Hermit","hermit:Snapshot","hermit:Covet","hermit:Quickdraw","hermit:Headshot","hermit:TrackingShot","hermit:GoldenBullet+1","hermit:CursedWeapon+1","hermit:Determination","hermit:TrackingShot","hermit:TakeAim+1","hermit:HighNoon+1","hermit:CursedWeapon","hermit:Horror","hermit:EyeOfTheStorm+1","hermit:Deadeye","hermit:Combo+1","hermit:BodyArmor+1","hermit:PistolWhip+1","hermit:Deadeye","hermit:Snipe+1","hermit:RoundhouseKick","CurseOfTheBell","hermit:GhostlyPresence+1","hermit:Combo+1","hermit:Headshot+1","hermit:ShadowCloak+1","hermit:DeadOrAlive+1","hermit:GoldenBullet+1","hermit:Deadeye+1","hermit:HighCaliber+1","hermit:Vantage+1"],"special_seed":0,"relics":["hermit:Momento","hermit:RedScarf","Lee\u0027s Waffle","Incense Burner","Shuriken","NlothsMask","White Beast Statue","Tiny Chest","Gremlin Horn","Black Star","Lizard Tail","Strawberry","hermit:Spyglass","PreservedInsect","Pocketwatch","Question Card","Pantograph","Calling Bell","MawBank","The Courier","StoneCalendar","Toxic Egg 2","Unceasing Top","Bottled Tornado","Molten Egg 2","CeramicFish","Membership Card","HornCleat","Juzu Bracelet","Meat on the Bone","Ginger","Potion Belt","Orichalcum"],"potions_floor_usage":[16,16,21,25,27,27,28,28,33,33,33,42,46,50,50,50,50],"damage_taken":[{"damage":0.0,"enemies":"Small Slimes","floor":1.0,"turns":2.0},{"damage":0.0,"enemies":"Cultist","floor":4.0,"turns":2.0},{"damage":0.0,"enemies":"2 Louse","floor":5.0,"turns":2.0},{"damage":18.0,"enemies":"Gremlin Nob","floor":8.0,"turns":3.0},{"damage":11,"enemies":"Exordium Wildlife","floor":12,"turns":3},{"damage":38,"enemies":"Lagavulin","floor":14,"turns":5},{"damage":40,"enemies":"Hexaghost","floor":16,"turns":9},{"damage":8,"enemies":"Chosen","floor":18,"turns":5},{"damage":24,"enemies":"3 Byrds","floor":21,"turns":5},{"damage":42,"enemies":"Slavers","floor":23,"turns":3},{"damage":23,"enemies":"Book of Stabbing","floor":25,"turns":3},{"damage":4,"enemies":"Snake Plant","floor":27,"turns":2},{"damage":4,"enemies":"Cultist and Chosen","floor":28,"turns":3},{"damage":11,"enemies":"Snecko","floor":29,"turns":4},{"damage":26,"enemies":"Centurion and Healer","floor":30,"turns":4},{"damage":17,"enemies":"Snake Plant","floor":31,"turns":2},{"damage":57,"enemies":"Automaton","floor":33,"turns":7},{"damage":23,"enemies":"3 Darklings","floor":35,"turns":4},{"damage":4,"enemies":"Mind Bloom Boss Battle","floor":37,"turns":3},{"damage":17,"enemies":"3 Shapes","floor":38,"turns":2},{"damage":23,"enemies":"Jaw Worm Horde","floor":39,"turns":3},{"damage":2,"enemies":"Nemesis","floor":40,"turns":3},{"damage":2,"enemies":"4 Shapes","floor":42,"turns":2},{"damage":11,"enemies":"Sphere and 2 Shapes","floor":46,"turns":4},{"damage":7,"enemies":"Transient","floor":47,"turns":5},{"damage":89,"enemies":"Time Eater","floor":50,"turns":7}],"seed_played":"-1458068986711574598","potions_obtained":[{"floor":8.0,"key":"EssenceOfSteel"},{"floor":12,"key":"FairyPotion"},{"floor":14,"key":"Strength Potion"},{"floor":16,"key":"DuplicationPotion"},{"floor":18,"key":"BlessingOfTheForge"},{"floor":21,"key":"PowerPotion"},{"floor":23,"key":"BlessingOfTheForge"},{"floor":25,"key":"Strength Potion"},{"floor":27,"key":"AttackPotion"},{"floor":28,"key":"Fruit Juice"},{"floor":29,"key":"GamblersBrew"},{"floor":30,"key":"SteroidPotion"},{"floor":33,"key":"BlessingOfTheForge"},{"floor":35,"key":"FearPotion"},{"floor":37,"key":"Dexterity Potion"},{"floor":38,"key":"Block Potion"},{"floor":39,"key":"LiquidBronze"},{"floor":42,"key":"hermit:BlackBile"},{"floor":46,"key":"hermit:BlackBile"},{"floor":47,"key":"SteroidPotion"}],"is_trial":false,"path_per_floor":["M","?","?","M","M","R","?","E","T","$","R","M","R","E","R","B",null,"M","?","$","M","$","E","R","E","T","M","M","M","M","M","R","B",null,"M","T","?","M","M","E","R","M","T","?","$","M","M","$","R","B"],"character_chosen":"HERMIT","items_purchased":["Lee\u0027s Waffle","hermit:Quickdraw","hermit:Headshot","Incense Burner","Tiny Chest","Strawberry","Membership Card","HornCleat","Juzu Bracelet","Meat on the Bone","Ginger","Potion Belt","Orichalcum","hermit:Vantage+1"],"campfire_rested":4,"item_purchase_floors":[0,0,0,0,10,20,45,45,45,45,45,45,45,48],"current_hp_per_floor":[82,75,75,75,75,75,59,41,41,41,41,30,54,16,40,24,82,74,74,81,57,57,15,41,18,18,14,15,4,25,8,36,4,94,71,71,90,73,50,48,48,46,46,46,46,47,52,52,52,0,0],"gold":51,"neow_bonus":"","is_prod":false,"is_daily":false,"chose_seed":false,"campfire_upgraded":4,"win_rate":0.0,"timestamp":1607559614,"path_taken":["M","?","?","M","?","R","?","E","T","$","R","M","R","E","R","BOSS","M","?","$","M","?","E","R","E","T","M","M","?","M","M","R","BOSS","M","?","?","?","M","E","R","M","T","?","$","M","M","$","R","BOSS"],"build_version":"2020-11-30","purchased_purges":0,"victory":false,"max_hp_per_floor":[82,82,82,82,82,82,82,82,82,82,82,82,82,82,82,82,82,82,82,89,89,89,89,89,89,89,89,94,94,94,94,94,94,94,94,94,94,94,94,94,94,94,94,94,94,94,94,94,94,94,94],"card_choices":[{"not_picked":["hermit:Headshot","hermit:Coalescence"],"picked":"hermit:TrackingShot","floor":1.0},{"not_picked":["hermit:HighCaliber","hermit:TrackingShot"],"picked":"hermit:GoldenBullet","floor":4.0},{"not_picked":["hermit:TrackingShot","hermit:FullyLoaded"],"picked":"hermit:CursedWeapon","floor":5.0},{"not_picked":["hermit:Feint","hermit:Dive"],"picked":"hermit:Determination","floor":8.0},{"not_picked":["hermit:Desperado","hermit:TakeCover"],"picked":"hermit:TrackingShot","floor":12},{"not_picked":["hermit:HoleUp","hermit:EyeOfTheStorm"],"picked":"hermit:TakeAim","floor":14},{"not_picked":["hermit:Dissolve","hermit:Purgatory"],"picked":"hermit:HighNoon","floor":16},{"not_picked":["hermit:GhostlyPresence","hermit:Determination"],"picked":"hermit:CursedWeapon","floor":18},{"not_picked":["hermit:Gestalt","hermit:Grudge"],"picked":"hermit:Horror","floor":21},{"not_picked":["hermit:Cheat+1","hermit:TrackingShot"],"picked":"hermit:EyeOfTheStorm+1","floor":23},{"not_picked":["hermit:LowProfile","hermit:Enervate"],"picked":"hermit:Deadeye","floor":25},{"not_picked":["hermit:ItchyTrigger","hermit:FullyLoaded","hermit:Maintenance"],"picked":"hermit:Combo+1","floor":27},{"not_picked":["hermit:Feint","hermit:Manifest","hermit:Snipe"],"picked":"hermit:BodyArmor+1","floor":28},{"not_picked":["hermit:Headshot","hermit:Malice","hermit:HeroicBravado"],"picked":"hermit:PistolWhip+1","floor":29},{"not_picked":["hermit:Desperado","hermit:Manifest","hermit:Roulette"],"picked":"hermit:Deadeye","floor":30},{"not_picked":["hermit:TrackingShot+1","hermit:Cheat","hermit:LowProfile"],"picked":"hermit:Snipe+1","floor":31},{"not_picked":["hermit:Magnum","hermit:HighNoon","hermit:Gambit"],"picked":"hermit:RoundhouseKick","floor":33},{"not_picked":["hermit:Feint+1","hermit:Glare+1","hermit:HoleUp"],"picked":"hermit:GhostlyPresence+1","floor":35},{"not_picked":["hermit:TakeAim","hermit:Maintenance+1","hermit:CalledShot+1"],"picked":"hermit:Combo+1","floor":37},{"not_picked":["hermit:Desperado+1","hermit:TrackingShot+1","hermit:GhostlyPresence+1"],"picked":"hermit:Headshot+1","floor":38},{"not_picked":["hermit:TrackingShot","hermit:ItchyTrigger","hermit:Snipe+1"],"picked":"hermit:ShadowCloak+1","floor":39},{"not_picked":["hermit:HoleUp+1","hermit:ItchyTrigger+1","hermit:Cheat+1"],"picked":"hermit:DeadOrAlive+1","floor":40},{"not_picked":["hermit:BodyArmor+1","hermit:Vantage+1","hermit:LuckOfTheDraw+1"],"picked":"hermit:GoldenBullet+1","floor":42},{"not_picked":["hermit:Manifest+1","hermit:SprayPray+1","hermit:Headshot+1"],"picked":"hermit:Deadeye+1","floor":46},{"not_picked":["hermit:Vantage+1","hermit:Deadeye+1","hermit:GhostlyPresence+1"],"picked":"hermit:HighCaliber+1","floor":47}],"player_experience":335184,"relics_obtained":[{"floor":8.0,"key":"White Beast Statue"},{"floor":14,"key":"Gremlin Horn"},{"floor":23,"key":"hermit:Spyglass"},{"floor":23,"key":"PreservedInsect"},{"floor":25,"key":"Pocketwatch"},{"floor":25,"key":"Question Card"},{"floor":26,"key":"Pantograph"},{"floor":34,"key":"MawBank"},{"floor":34,"key":"The Courier"},{"floor":34,"key":"StoneCalendar"},{"floor":36,"key":"Toxic Egg 2"},{"floor":37,"key":"Unceasing Top"},{"floor":40,"key":"Bottled Tornado"},{"floor":40,"key":"Molten Egg 2"},{"floor":43,"key":"CeramicFish"}],"event_choices":[{"damage_healed":0.0,"max_hp_gain":0.0,"max_hp_loss":0.0,"gold_gain":0.0,"event_name":"Scrap Ooze","player_choice":"Success","floor":2.0,"gold_loss":0.0,"damage_taken":7.0,"relics_obtained":["Shuriken"]},{"damage_healed":0.0,"max_hp_gain":0.0,"max_hp_loss":0.0,"gold_gain":0.0,"event_name":"FaceTrader","player_choice":"Trade","floor":3.0,"gold_loss":0.0,"damage_taken":0.0,"relics_obtained":["NlothsMask"]},{"damage_healed":0.0,"max_hp_gain":0.0,"max_hp_loss":0.0,"gold_gain":0.0,"event_name":"Shining Light","player_choice":"Entered Light","floor":7.0,"gold_loss":0.0,"damage_taken":16.0,"cards_upgraded":["hermit:Strike_Hermit","hermit:Strike_Hermit"]},{"damage_healed":0,"gold_gain":0,"player_choice":"Opened","damage_taken":0,"relics_obtained":["Lizard Tail"],"max_hp_gain":0,"max_hp_loss":0,"event_name":"The Mausoleum","floor":19,"gold_loss":0},{"damage_healed":0,"gold_gain":0,"player_choice":"Fight","damage_taken":0,"max_hp_gain":0,"max_hp_loss":0,"event_name":"MindBloom","floor":37,"gold_loss":0},{"damage_healed":0,"gold_gain":0,"player_choice":"Ignored","damage_taken":0,"max_hp_gain":0,"max_hp_loss":0,"event_name":"Tomb of Lord Red Mask","floor":44,"gold_loss":0}],"is_beta":false,"boss_relics":[{"not_picked":["Pandora\u0027s Box","SlaversCollar"],"picked":"Black Star"},{"not_picked":["Runic Pyramid","Runic Dome"],"picked":"Calling Bell"}],"items_purged_floors":[],"is_endless":false,"potions_floor_spawned":[8,12,14,16,18,21,23,25,27,28,29,30,31,33,35,37,38,39,40,42,46,47],"killed_by":"Time Eater","ascension_level":0}}