{"host":"m7puq4mk16tgc6yn","time":1607592263,"event":{"gold_per_floor":[114,134,154,154,1,1,34,109,109,109,109,144,144,176,176,276,276,290,308,308,308,407,407,441,411,437,453,465,465,478,66,66,166,166,184,199,199,219,219,247,247,265,312,74,74,101,155,155,155,155,155,155,6,36,36],"floor_reached":56,"playtime":2171,"items_purged":["Strike_B","Strike_B"],"score":1487,"play_id":"20b141c9-c7bc-44ef-ac32-ee075faae3ea","local_time":"20201210012423","is_ascension_mode":true,"campfire_choices":[{"data":"Echo Form","floor":6,"key":"SMITH"},{"data":"Zap","floor":11,"key":"SMITH"},{"data":"Hologram","floor":13,"key":"SMITH"},{"data":"FTL","floor":15,"key":"SMITH"},{"data":"Leap","floor":23,"key":"SMITH"},{"data":"Chaos","floor":29,"key":"SMITH"},{"data":"Defragment","floor":32,"key":"SMITH"},{"data":"Consume","floor":41,"key":"SMITH"},{"data":"Biased Cognition","floor":45,"key":"SMITH"},{"floor":49,"key":"RECALL"},{"data":"Capacitor","floor":52,"key":"SMITH"}],"neow_cost":"NONE","seed_source_timestamp":10329789778700,"circlet_count":0,"master_deck":["Strike_B+1","Strike_B+1","Defend_B","Defend_B","Defend_B","Zap+1","Dualcast+1","Compile Driver+1","Hologram+1","Echo Form+1","Cold Snap","FTL+1","Ball Lightning","Amplify","Cold Snap+1","Leap+1","Chaos+1","Capacitor+1","Cold Snap","Defragment+1","Biased Cognition+1","Ball Lightning+1","Sweeping Beam+1","Finesse","Secret Technique","Bandage Up","Consume+1","Aggregate+1","Chill","Glacier","Capacitor"],"relics":["Cracked Core","Bag of Marbles","Bag of Preparation","Shuriken","Eternal Feather","Incense Burner","Anchor","Nuclear Battery","Unceasing Top","Whetstone","Potion Belt","SlaversCollar","Lizard Tail","Pear","Centennial Puzzle","Calipers","Pen Nib"],"potions_floor_usage":[14,19,28,30,50,55,55,55,55,55],"damage_taken":[{"damage":0,"enemies":"Cultist","floor":1,"turns":3},{"damage":0,"enemies":"Small Slimes","floor":2,"turns":2},{"damage":0,"enemies":"2 Louse","floor":3,"turns":1},{"damage":21,"enemies":"Lagavulin","floor":7,"turns":6},{"damage":16,"enemies":"Gremlin Nob","floor":12,"turns":3},{"damage":8,"enemies":"Lagavulin","floor":14,"turns":6},{"damage":7,"enemies":"The Guardian","floor":16,"turns":9},{"damage":0,"enemies":"Spheric Guardian","floor":18,"turns":3},{"damage":2,"enemies":"Shell Parasite","floor":19,"turns":3},{"damage":28,"enemies":"Book of Stabbing","floor":24,"turns":5},{"damage":0,"enemies":"Chosen and Byrds","floor":27,"turns":6},{"damage":10,"enemies":"Snecko","floor":28,"turns":5},{"damage":9,"enemies":"Centurion and Healer","floor":30,"turns":5},{"damage":4,"enemies":"Champ","floor":33,"turns":7},{"damage":3,"enemies":"3 Shapes","floor":35,"turns":3},{"damage":0,"enemies":"Orb Walker","floor":36,"turns":3},{"damage":0,"enemies":"4 Shapes","floor":38,"turns":3},{"damage":0,"enemies":"Nemesis","floor":40,"turns":5},{"damage":32,"enemies":"Jaw Worm Horde","floor":42,"turns":3},{"damage":34,"enemies":"Reptomancer","floor":46,"turns":4},{"damage":0,"enemies":"2 Orb Walkers","floor":47,"turns":2},{"damage":41,"enemies":"Donu and Deca","floor":50,"turns":13},{"damage":0,"enemies":"Shield and Spear","floor":54,"turns":9},{"damage":15,"enemies":"The Heart","floor":55,"turns":9}],"seed_played":"6005786605518330801","potions_obtained":[{"floor":2,"key":"Strength Potion"},{"floor":12,"key":"Block Potion"},{"floor":18,"key":"SkillPotion"},{"floor":25,"key":"EssenceOfSteel"},{"floor":25,"key":"Energy Potion"},{"floor":28,"key":"LiquidBronze"},{"floor":30,"key":"Ancient Potion"},{"floor":35,"key":"EssenceOfSteel"},{"floor":40,"key":"Regen Potion"}],"is_trial":false,"path_per_floor":["M","M","M","?","$","R","E","?","T","?","R","E","R","E","R","B",null,"M","M","?","?","?","R","E","?","T","M","M","R","M","$","R","B",null,"M","M","?","M","?","E","R","M","T","$","R","E","?","?","R","B",null,"R","$","E","B",null],"character_chosen":"DEFECT","items_purchased":["Bag of Preparation","Defragment","LiquidMemories","Potion Belt","PotionOfCapacity","Pear","AttackPotion"],"campfire_rested":0,"item_purchase_floors":[5,31,31,31,31,44,53],"current_hp_per_floor":[75,75,75,60,60,60,39,28,28,28,34,18,27,19,28,21,75,75,73,73,73,73,75,47,47,47,47,37,49,40,40,52,48,75,72,72,62,62,62,70,75,47,47,57,72,42,46,46,64,27,85,85,85,85,84],"gold":36,"neow_bonus":"RANDOM_COMMON_RELIC","is_prod":false,"is_daily":false,"chose_seed":false,"campfire_upgraded":10,"win_rate":0,"timestamp":1607592263,"path_taken":["M","M","M","?","$","R","E","?","T","?","R","E","R","E","R","BOSS","M","M","?","?","?","R","E","?","T","M","M","R","?","$","R","BOSS","M","M","?","M","?","E","R","M","T","?","R","E","?","?","R","BOSS","R","$","E","BOSS"],"build_version":"2020-11-30","purchased_purges":2,"victory":true,"max_hp_per_floor":[75,75,75,75,75,75,75,75,75,75,75,75,75,75,75,75,75,75,75,75,75,75,75,75,75,75,75,75,75,75,75,75,75,75,75,75,75,75,75,75,75,75,75,85,85,85,85,85,85,85,85,85,85,85,85],"relic_stats":{"Lizard Tail":0,"Centennial Puzzle":[6],"counters":[24,118],"Shuriken":[57],"Eternal Feather":88,"Pen Nib":[2],"Bag of Preparation":[42],"Whetstone":["Strike_B","Strike_B"],"obtain_stats":[{"Potion Belt":31,"Pear":44,"Calipers":47,"Eternal Feather":9,"Pen Nib":54,"Bag of Preparation":5,"Incense Burner":12,"Whetstone":26,"Nuclear Battery":17,"SlaversCollar":34,"Anchor":14,"Lizard Tail":40,"Centennial Puzzle":46,"Shuriken":7,"Bag of Marbles":0,"Cracked Core":0,"Unceasing Top":24},{"Potion Belt":13,"Pear":19,"Calipers":21,"Eternal Feather":4,"Pen Nib":23,"Bag of Preparation":3,"Incense Burner":5,"Whetstone":10,"Nuclear Battery":7,"SlaversCollar":14,"Anchor":6,"Lizard Tail":18,"Centennial Puzzle":20,"Shuriken":4,"Bag of Marbles":0,"Cracked Core":0,"Unceasing Top":10},{"Potion Belt":57,"Pear":81,"Calipers":87,"Eternal Feather":12,"Pen Nib":109,"Bag of Preparation":6,"Incense Burner":15,"Whetstone":41,"Nuclear Battery":30,"SlaversCollar":64,"Anchor":21,"Lizard Tail":78,"Centennial Puzzle":85,"Shuriken":12,"Bag of Marbles":0,"Cracked Core":0,"Unceasing Top":41}],"Unceasing Top":[47]},"card_choices":[{"not_picked":["Turbo","Conserve Battery"],"picked":"Compile Driver","floor":1},{"not_picked":["Coolheaded","Hello World"],"picked":"Hologram","floor":2},{"not_picked":["Conserve Battery","Leap"],"picked":"Echo Form","floor":3},{"not_picked":["Multi-Cast","Sweeping Beam"],"picked":"Cold Snap","floor":7},{"not_picked":["Redo","Beam Cell"],"picked":"FTL","floor":12},{"not_picked":["Compile Driver","Rip and Tear"],"picked":"Ball Lightning","floor":14},{"not_picked":["Machine Learning","Creative AI"],"picked":"Amplify","floor":16},{"not_picked":["Melter","Leap"],"picked":"Cold Snap+1","floor":18},{"not_picked":["Sunder","Go for the Eyes"],"picked":"Leap","floor":19},{"not_picked":["Heatsinks","Force Field"],"picked":"Chaos","floor":24},{"not_picked":["Conserve Battery","Coolheaded"],"picked":"Capacitor","floor":27},{"not_picked":["Barrage","Beam Cell","Scrape"],"picked":"SKIP","floor":28},{"not_picked":["Gash","Go for the Eyes"],"picked":"Cold Snap","floor":30},{"not_picked":["Core Surge","Rainbow"],"picked":"Biased Cognition","floor":33},{"not_picked":["Hologram+1","Gash+1"],"picked":"Ball Lightning+1","floor":35},{"not_picked":["Gash+1","BootSequence+1"],"picked":"Sweeping Beam+1","floor":36},{"not_picked":["HandOfGreed","Enlightenment"],"picked":"Finesse","floor":37},{"not_picked":["Trip","Jack Of All Trades"],"picked":"Secret Technique","floor":37},{"not_picked":["Dramatic Entrance","Trip"],"picked":"Bandage Up","floor":37},{"not_picked":["Redo","Go for the Eyes","Streamline+1"],"picked":"SKIP","floor":38},{"not_picked":["Leap+1","Hologram"],"picked":"Consume","floor":40},{"not_picked":["Beam Cell","Reprogram+1"],"picked":"Aggregate+1","floor":42},{"not_picked":["Melter","Cold Snap+1"],"picked":"Chill","floor":46},{"not_picked":["BootSequence+1","Hologram"],"picked":"Glacier","floor":47},{"not_picked":["Steam+1","Streamline"],"picked":"Capacitor","floor":54}],"player_experience":48242,"relics_obtained":[{"floor":7,"key":"Shuriken"},{"floor":9,"key":"Eternal Feather"},{"floor":12,"key":"Incense Burner"},{"floor":14,"key":"Anchor"},{"floor":24,"key":"Unceasing Top"},{"floor":26,"key":"Whetstone"},{"floor":40,"key":"Lizard Tail"},{"floor":46,"key":"Centennial Puzzle"},{"floor":47,"key":"Calipers"},{"floor":54,"key":"Pen Nib"}],"event_choices":[{"damage_healed":0,"gold_gain":0,"player_choice":"Entered Light","damage_taken":15,"max_hp_gain":0,"max_hp_loss":0,"event_name":"Shining Light","floor":4,"gold_loss":0,"cards_upgraded":["Dualcast","Compile Driver"]},{"damage_healed":0,"gold_gain":75,"player_choice":"Gather Gold","damage_taken":11,"max_hp_gain":0,"max_hp_loss":0,"event_name":"World of Goop","floor":8,"gold_loss":0},{"damage_healed":0,"gold_gain":0,"player_choice":"Ignored","damage_taken":0,"max_hp_gain":0,"max_hp_loss":0,"event_name":"Liars Game","floor":10,"gold_loss":0},{"damage_healed":0,"gold_gain":0,"player_choice":"Ignored","damage_taken":0,"max_hp_gain":0,"max_hp_loss":0,"event_name":"Ghosts","floor":20,"gold_loss":0},{"damage_healed":0,"gold_gain":0,"player_choice":"Ignored","damage_taken":0,"max_hp_gain":0,"max_hp_loss":0,"event_name":"Vampires","floor":21,"gold_loss":0},{"damage_healed":0,"gold_gain":99,"player_choice":"Stole From Cult","damage_taken":0,"max_hp_gain":0,"max_hp_loss":0,"event_name":"Nest","floor":22,"gold_loss":0},{"damage_healed":0,"gold_gain":0,"player_choice":"Bought 2 Potions","damage_taken":0,"max_hp_gain":0,"max_hp_loss":0,"event_name":"The Woman in Blue","floor":25,"gold_loss":0},{"damage_healed":0,"gold_gain":0,"player_choice":"Memory 3","damage_taken":10,"max_hp_gain":0,"max_hp_loss":0,"event_name":"SensoryStone","floor":37,"gold_loss":0},{"cards_removed":["Defend_B"],"damage_healed":0,"gold_gain":0,"player_choice":"Removed Skill","damage_taken":0,"max_hp_gain":0,"max_hp_loss":0,"event_name":"Falling","floor":39,"gold_loss":0},{"damage_healed":0,"gold_gain":0,"player_choice":"Fight","damage_taken":0,"max_hp_gain":0,"max_hp_loss":0,"event_name":"Mysterious Sphere","floor":47,"gold_loss":0},{"damage_healed":0,"gold_gain":0,"player_choice":"Ignored","damage_taken":0,"max_hp_gain":0,"max_hp_loss":0,"event_name":"Tomb of Lord Red Mask","floor":48,"gold_loss":0}],"is_beta":false,"boss_relics":[{"not_picked":["Pandora\u0027s Box","FrozenCore"],"picked":"Nuclear Battery"},{"not_picked":["Calling Bell","Astrolabe"],"picked":"SlaversCollar"}],"items_purged_floors":[31,53],"is_endless":false,"potions_floor_spawned":[2,12,18,28,30,35,40,47,54],"ascension_level":4}}