{"host":"pg2biz4zy3df4ctj","time":1607561796,"event":{"gold_per_floor":[118,118,131,131,131,166,166,202,202,202,216,184,204,223,223,351,351,369,369,284,298,298,298,338,338,386,430,445,463,503,28,28,28,28],"floor_reached":33,"playtime":1093,"items_purged":["Strike_G"],"score":584,"play_id":"4645f5d7-d0a0-420a-b6c2-06dc0f81f56e","local_time":"20201209165636","is_ascension_mode":true,"campfire_choices":[{"data":"Neutralize","floor":7,"key":"SMITH"},{"floor":10,"key":"REST"},{"data":"Noxious Fumes","floor":15,"key":"SMITH"},{"floor":23,"key":"REST"},{"data":"Catalyst","floor":25,"key":"SMITH"},{"floor":32,"key":"REST"}],"neow_cost":"NONE","seed_source_timestamp":0,"circlet_count":0,"master_deck":["AscendersBane","Strike_G","Strike_G","Strike_G","Strike_G","Defend_G","Defend_G","Defend_G","Defend_G","Defend_G","Survivor","Neutralize+1","Poisoned Stab","Footwork","Dash","Catalyst+1","Dodge and Roll","Cloak And Dagger","Cloak And Dagger","Noxious Fumes+1","Venomology","Distraction","Writhe","Backstab","Blade Dance","All Out Attack","Blur","Sadistic Nature"],"special_seed":0,"relics":["Ring of the Snake","NeowsBlessing","Shuriken","Golden Idol","Question Card","The Specimen","Blood Vial","Busted Crown","PreservedInsect","CaptainsWheel","InkBottle","Snake Skull","Anchor","Centennial Puzzle","Membership Card","Art of War","Singing Bowl"],"potions_floor_usage":[18,21,24,29,30,30,30,33,33],"damage_taken":[{"damage":0,"enemies":"2 Louse","floor":1,"turns":1},{"damage":0,"enemies":"Jaw Worm","floor":3,"turns":1},{"damage":0,"enemies":"Lagavulin","floor":6,"turns":2},{"damage":26,"enemies":"3 Sentries","floor":8,"turns":13},{"damage":0,"enemies":"Cultist","floor":11,"turns":3},{"damage":7,"enemies":"Exordium Thugs","floor":12,"turns":5},{"damage":2,"enemies":"2 Fungi Beasts","floor":13,"turns":5},{"damage":8,"enemies":"Blue Slaver","floor":14,"turns":5},{"damage":26,"enemies":"Slime Boss","floor":16,"turns":9},{"damage":25,"enemies":"2 Thieves","floor":18,"turns":4},{"damage":1,"enemies":"Spheric Guardian","floor":21,"turns":6},{"damage":12,"enemies":"Gremlin Leader","floor":24,"turns":5},{"damage":4,"enemies":"Book of Stabbing","floor":27,"turns":4},{"damage":9,"enemies":"Snake Plant","floor":28,"turns":4},{"damage":5,"enemies":"Snecko","floor":29,"turns":5},{"damage":31,"enemies":"Gremlin Leader","floor":30,"turns":6},{"damage":41,"enemies":"Automaton","floor":33,"turns":6}],"seed_played":"-8594853970305880940","potions_obtained":[{"floor":3,"key":"Dexterity Potion"},{"floor":11,"key":"EssenceOfSteel"},{"floor":18,"key":"FearPotion"},{"floor":27,"key":"LiquidMemories"},{"floor":28,"key":"CunningPotion"},{"floor":30,"key":"DuplicationPotion"}],"is_trial":false,"path_per_floor":["M","?","M","?","?","E","R","E","T","R","M","M","M","M","R","B",null,"M","?","?","M","?","R","E","R","T","E","M","M","E","$","R","B"],"character_chosen":"THE_SILENT","items_purchased":["Membership Card","Art of War","Singing Bowl","Sadistic Nature"],"campfire_rested":3,"item_purchase_floors":[31,31,31,31],"current_hp_per_floor":[63,63,63,46,46,46,46,20,20,41,43,38,38,32,32,8,55,32,32,32,33,27,48,38,38,38,36,29,26,12,12,33,0,0],"gold":28,"neow_bonus":"THREE_ENEMY_KILL","is_prod":false,"is_daily":false,"chose_seed":false,"campfire_upgraded":3,"win_rate":0,"timestamp":1607561796,"path_taken":["M","?","M","?","?","E","R","E","T","R","M","M","?","M","R","BOSS","M","?","?","M","?","R","E","R","T","E","M","M","E","$","R","BOSS"],"build_version":"2020-11-30","purchased_purges":1,"victory":false,"max_hp_per_floor":[70,70,70,70,70,70,70,70,70,70,70,70,70,70,70,70,70,70,70,70,70,70,70,70,70,70,70,70,70,70,70,70,70,70],"card_choices":[{"not_picked":["Slice","Blade Dance"],"picked":"Poisoned Stab","floor":1},{"not_picked":["Blade Dance","Sucker Punch"],"picked":"Footwork","floor":3},{"not_picked":["Prepared","Escape Plan"],"picked":"Dash","floor":6},{"not_picked":["Quick Slash","Underhanded Strike","Skewer"],"picked":"Catalyst","floor":8},{"not_picked":["Dagger Throw","PiercingWail","Underhanded Strike"],"picked":"Dodge and Roll","floor":11},{"not_picked":["A Thousand Cuts","Flying Knee","Quick Slash"],"picked":"Cloak And Dagger","floor":12},{"not_picked":["Dagger Throw","Sucker Punch","Eviscerate"],"picked":"Cloak And Dagger","floor":13},{"not_picked":["Caltrops","Flying Knee","Expertise"],"picked":"Noxious Fumes","floor":14},{"not_picked":["Night Terror","Doppelganger","A Thousand Cuts"],"picked":"Venomology","floor":16},{"not_picked":["Poisoned Stab"],"picked":"Distraction","floor":18},{"not_picked":["Cloak And Dagger"],"picked":"Backstab","floor":21},{"not_picked":["Backstab","Prepared"],"picked":"SKIP","floor":24},{"not_picked":["Venomology"],"picked":"Blade Dance","floor":27},{"not_picked":["Flying Knee","Bane"],"picked":"SKIP","floor":28},{"not_picked":["Predator"],"picked":"All Out Attack","floor":29},{"not_picked":["Backstab+1"],"picked":"Blur","floor":30}],"player_experience":552276,"relics_obtained":[{"floor":6,"key":"Question Card"},{"floor":8,"key":"The Specimen"},{"floor":9,"key":"Blood Vial"},{"floor":24,"key":"InkBottle"},{"floor":26,"key":"Snake Skull"},{"floor":27,"key":"Anchor"},{"floor":30,"key":"Centennial Puzzle"}],"event_choices":[{"damage_healed":0,"gold_gain":0,"player_choice":"Box","damage_taken":0,"relics_obtained":["Shuriken"],"max_hp_gain":0,"max_hp_loss":0,"event_name":"Big Fish","floor":2,"gold_loss":0,"cards_obtained":["Regret"]},{"damage_healed":0,"gold_gain":0,"player_choice":"Take Damage","damage_taken":17,"relics_obtained":["Golden Idol"],"max_hp_gain":0,"max_hp_loss":0,"event_name":"Golden Idol","floor":4,"gold_loss":0},{"cards_removed":["Regret"],"damage_healed":0,"gold_gain":0,"player_choice":"Removed Curses","damage_taken":0,"max_hp_gain":0,"max_hp_loss":0,"event_name":"Fountain of Cleansing","floor":5,"gold_loss":0},{"damage_healed":0,"gold_gain":0,"player_choice":"Opened","damage_taken":0,"relics_obtained":["PreservedInsect"],"max_hp_gain":0,"max_hp_loss":0,"event_name":"The Mausoleum","floor":19,"gold_loss":0,"cards_obtained":["Writhe"]},{"damage_healed":0,"gold_gain":0,"player_choice":"Obtained Relic","damage_taken":0,"relics_obtained":["CaptainsWheel"],"max_hp_gain":0,"max_hp_loss":0,"event_name":"Addict","floor":20,"gold_loss":85},{"damage_healed":0,"gold_gain":0,"player_choice":"","damage_taken":6,"max_hp_gain":0,"max_hp_loss":0,"event_name":"Knowing Skull","floor":22,"potions_obtained":[],"gold_loss":0,"cards_obtained":[]}],"is_beta":false,"boss_relics":[{"not_picked":["Ring of the Serpent","Velvet Choker"],"picked":"Busted Crown"}],"items_purged_floors":[31],"is_endless":false,"potions_floor_spawned":[3,11,12,18,27,28,30],"killed_by":"Automaton","ascension_level":12}}