{"host":"vvp4eihuvtuugjfx","time":1607572209,"event":{"gold_per_floor":[116,127,127,147,72,103,25,58,58,78,109,119,153,165,177,284,296,326,352,274,303,327,364,376,376],"floor_reached":24,"playtime":2591,"items_purged":[],"score":349,"play_id":"62fa4b59-affe-4dd3-9fa0-7b6d5e86c3af","local_time":"20201210045009","is_ascension_mode":true,"campfire_choices":[],"neow_cost":"NONE","seed_source_timestamp":2422219468779800,"circlet_count":1,"master_deck":["HollowMod:NailStrikeStart","HollowMod:NailStrikeStart","HollowMod:NailStrikeStart","HollowMod:NailStrikeStart","HollowMod:QuickDashStart","HollowMod:QuickDashStart","HollowMod:QuickDashStart","HollowMod:FocusHealStart","HollowMod:PogoStrike","HollowMod:AwokenDreamNail","HollowMod:BaldurShell","HollowMod:HowlingWraiths","HollowMod:PureNailStrike","Hallownest:skillGreenpathMap","HollowMod:CornifersMapStart","HollowMod:Grubsong","HollowMod:SlysStrikes","HollowMod:CornifersMapStart","HollowMod:VengefulSpirit","HollowMod:MonarchWings","HollowMod:Weaversong+1","HollowMod:DesolateDive","HollowMod:NewLittleFool+1","HollowMod:GoodIntentions","HollowMod:BaldurShell","HollowMod:Grubsong"],"relics":["HollowMod:VesselMask","Hallownest:DreamNailRelic","TungstenRod","Pear","Gremlin Horn","Golden Egg","MawBank","Circlet","Replay:Bronze Core","Hallownest:StagBellRelic1","Dead Branch"],"potions_floor_usage":[6,13,13,19,24],"damage_taken":[{"damage":0,"enemies":"Hallownest:2_MossCreeps","floor":1,"turns":5},{"damage":8,"enemies":"Hallownest:monsterHuskGuard","floor":2,"turns":6},{"damage":4,"enemies":"Hallownest:2_Baldur","floor":4,"turns":3},{"damage":0,"enemies":"Hallownest:eliteVengeflyKing","floor":6,"turns":6},{"damage":0,"enemies":"Hallownest:eliteMossKnight","floor":8,"turns":4},{"damage":13,"enemies":"Hallownest:Guard_and_Warrior","floor":10,"turns":5},{"damage":3,"enemies":"Hallownest:eliteVengeflyKing","floor":11,"turns":5},{"damage":10,"enemies":"Hallownest:2_Tiktiks_1_Baldur_1_Crawlid","floor":12,"turns":4},{"damage":25,"enemies":"Hallownest:eliteCrystalGuardian","floor":13,"turns":7},{"damage":30,"enemies":"Hallownest:BossBrokenVessel","floor":16,"turns":9},{"damage":7,"enemies":"Hallownest:Flukemon_and_Top","floor":18,"turns":6},{"damage":22,"enemies":"Hallownest:3_Youths","floor":19,"turns":6},{"damage":23,"enemies":"Hallownest:monsterShrumalOgre","floor":21,"turns":6},{"damage":30,"enemies":"Hallownest:Master_and_Novice","floor":22,"turns":7},{"damage":0,"enemies":"Hallownest:Nosk","floor":23,"turns":8},{"damage":34,"enemies":"Hallownest:2_Flukemon","floor":24,"turns":4}],"seed_played":"-576104383354682794","potions_obtained":[{"floor":4,"key":"FearPotion"},{"floor":11,"key":"SteroidPotion"},{"floor":12,"key":"Languid Potion"},{"floor":16,"key":"AttackPotion"},{"floor":21,"key":"Ancient Potion"},{"floor":22,"key":"BlessingOfTheForge"},{"floor":23,"key":"Adrenaline Potion"}],"is_trial":false,"path_per_floor":["M","M","?","M","?","E","$","E","T","M","E","M","E","?","R_BF","B",null,"M","M","?","M","M","E","M"],"character_chosen":"THE_BUGKNIGHT","items_purchased":["HollowMod:Grubsong"],"campfire_rested":0,"item_purchase_floors":[7],"current_hp_per_floor":[75,75,75,71,71,75,75,85,85,72,75,65,46,46,46,28,85,84,62,62,45,27,33,0,0],"gold":376,"neow_bonus":"ONE_RANDOM_RARE_CARD","is_prod":false,"is_daily":false,"chose_seed":false,"campfire_upgraded":0,"win_rate":0,"timestamp":1607572209,"path_taken":["M","M","?","M","?","E","?","E","T","M","E","?","E","?","R_BF","BOSS","M","M","?","M","M","E","M"],"build_version":"2020-11-30","purchased_purges":0,"victory":false,"max_hp_per_floor":[75,75,75,75,75,75,75,85,85,85,85,85,85,85,85,85,85,85,85,85,85,85,85,85,85],"card_choices":[{"not_picked":["HollowMod:DoubleDash","HollowMod:InfectionAssault"],"picked":"HollowMod:BaldurShell","floor":1},{"not_picked":["HollowMod:GoodIntentions","HollowMod:ShapeofUnn"],"picked":"HollowMod:HowlingWraiths","floor":2},{"not_picked":["HollowMod:DungDefenderAura","HollowMod:MonarchWings"],"picked":"HollowMod:PureNailStrike","floor":4},{"not_picked":["HollowMod:TaintedHusks","HollowMod:ChannelNail"],"picked":"HollowMod:CornifersMapStart","floor":6},{"not_picked":["HollowMod:SoulShaman","HollowMod:DesolateDive"],"picked":"HollowMod:SlysStrikes","floor":8},{"not_picked":["HollowMod:CycloneSlash","HollowMod:SharpenedShadows","HollowMod:WraithStrike"],"picked":"SKIP","floor":10},{"not_picked":["HollowMod:MothsMistake","HollowMod:InfectedAttack"],"picked":"HollowMod:CornifersMapStart","floor":11},{"not_picked":["HollowMod:DesolateDive","HollowMod:FastStrike"],"picked":"HollowMod:VengefulSpirit","floor":12},{"not_picked":["HollowMod:CornifersMapStart","HollowMod:DungDefenderAura","HollowMod:HeavyBlow"],"picked":"SKIP","floor":13},{"not_picked":["HollowMod:ElderbugsWisdom","HollowMod:LifebloodCore"],"picked":"HollowMod:Weaversong","floor":16},{"not_picked":["HollowMod:GreatSlash","HollowMod:DescendingDark"],"picked":"HollowMod:DesolateDive","floor":18},{"not_picked":["HollowMod:TaintedHusks","HollowMod:SharpenedShadows"],"picked":"HollowMod:NewLittleFool+1","floor":19},{"not_picked":["HollowMod:NewLittleFool","HollowMod:ChannelNail"],"picked":"HollowMod:GoodIntentions","floor":21},{"not_picked":["HollowMod:FastStrike","HollowMod:HeavyBlow"],"picked":"HollowMod:BaldurShell","floor":22},{"not_picked":["HollowMod:DescendingDark","HollowMod:NewGlowingWomb"],"picked":"HollowMod:Grubsong","floor":23}],"player_experience":692982,"relics_obtained":[{"floor":6,"key":"TungstenRod"},{"floor":8,"key":"Pear"},{"floor":9,"key":"Gremlin Horn"},{"floor":11,"key":"Golden Egg"},{"floor":13,"key":"MawBank"},{"floor":23,"key":"Dead Branch"}],"event_choices":[],"is_beta":false,"boss_relics":[{"not_picked":["Runic Pyramid","Runic Dome"],"picked":"Replay:Bronze Core"}],"items_purged_floors":[],"is_endless":false,"potions_floor_spawned":[4,11,12,16,21,22,23],"killed_by":"Hallownest:2_Flukemon","ascension_level":2}}