{"host":"svwqvw2il1zfkkg0","time":1607587323,"event":{"gold_per_floor":[213,213,11,22,22,22,35,35,84,101,112,138,138,167,167,269,269,279,299,11,26,38,38,38,38,38,38,58,71,71,71,71,171,171,182,58,76,56,73,106,121,121,121],"floor_reached":42,"playtime":1520,"items_purged":["Pain","hubris:Disease"],"score":465,"play_id":"3eebe11a-9920-4886-b5b2-b8c9613d5fb2","local_time":"20201210000203","is_ascension_mode":false,"campfire_choices":[{"data":"Poisoned Stab","floor":6,"key":"SMITH"},{"data":"Endless Agony","floor":8,"key":"SMITH"},{"data":"Envenom","floor":15,"key":"SMITH"},{"floor":23,"key":"REST"},{"floor":25,"key":"REST"},{"data":"Glass Knife","floor":27,"key":"SMITH"},{"floor":30,"key":"REST"},{"floor":32,"key":"REST"}],"neow_cost":"NONE","seed_source_timestamp":499313217857700,"circlet_count":0,"master_deck":["Strike_G","Strike_G","Strike_G+1","Strike_G","Strike_G","Defend_G","Defend_G","Defend_G","Defend_G","Defend_G+1","Survivor","Neutralize","Bane+1","Poisoned Stab+1","Endless Agony+1","Dagger Throw","Bane+1","Envenom+1","Backstab","Deadly Poison","Glass Knife+1","Dagger Spray+1","Leg Sweep+1","Draining Mist","Finisher","Dagger Throw","Poisoned Stab+1","Burst","infinitespire:Neurotoxin","hubris:Wrath","hubris:Wrath","Poisoned Stab+1","Draining Mist+1","Crippling Poison"],"relics":["Ring of the Serpent","hubris:Towel","ClockworkSouvenir","Gremlin Food","Pen Nib","Replay:Bottled Eggs","Byrd Skull","WarpedTongs","hubris:Potato","Orrery","Fusion Hammer","Replay:Ancient Bell","Snake Skull","Pear","Mango","infinitespire:Joker Card"],"potions_floor_usage":[12,12,22,33,33,33,39,39,40,40],"damage_taken":[{"damage":9,"enemies":"Jaw Worm","floor":1,"turns":4},{"damage":0,"enemies":"Small Slimes","floor":4,"turns":2},{"damage":1,"enemies":"2 Louse","floor":7,"turns":2},{"damage":0,"enemies":"Lots of Slimes","floor":10,"turns":2},{"damage":0,"enemies":"Blue Slaver","floor":11,"turns":2},{"damage":14,"enemies":"Gremlin Nob","floor":12,"turns":3},{"damage":10,"enemies":"Replay:BlueRogue","floor":14,"turns":4},{"damage":19,"enemies":"Slime Boss","floor":16,"turns":8},{"damage":0,"enemies":"3 Byrds","floor":18,"turns":4},{"damage":32,"enemies":"Shell Parasite","floor":19,"turns":4},{"damage":7,"enemies":"Cultist and Chosen","floor":21,"turns":4},{"damage":6,"enemies":"Chosen and Byrds","floor":22,"turns":4},{"damage":8,"enemies":"Shelled Parasite and Fungi","floor":28,"turns":4},{"damage":7,"enemies":"Snecko","floor":29,"turns":3},{"damage":28,"enemies":"hubris:MusketHawk","floor":33,"turns":6},{"damage":33,"enemies":"3 Darklings","floor":35,"turns":5},{"damage":0,"enemies":"3 Shapes","floor":37,"turns":4},{"damage":0,"enemies":"Sphere and 2 Shapes","floor":39,"turns":2},{"damage":26,"enemies":"Giant Head","floor":40,"turns":6},{"damage":0,"enemies":"Transient","floor":41,"turns":5},{"damage":38,"enemies":"R_Hoarder","floor":42,"turns":4}],"seed_played":"-5828860081537956674","potions_obtained":[{"floor":1,"key":"Swift Potion"},{"floor":7,"key":"Energy Potion"},{"floor":16,"key":"Energy Potion"},{"floor":19,"key":"Block Potion"},{"floor":22,"key":"Toxic Potion"},{"floor":28,"key":"SteroidPotion"},{"floor":35,"key":"Weak Potion"},{"floor":38,"key":"CunningPotion"},{"floor":39,"key":"PowerPotion"}],"is_trial":false,"path_per_floor":["M","?","$","M","?","R","M","R","T","M","M","E","?","E","R","B",null,"M","M","$","M","M","R","?","R","T","R","M","M","R","AVR","R","B",null,"M","$","M","?","M","E","M","E"],"character_chosen":"THE_SILENT","items_purchased":["ClockworkSouvenir","Poisoned Stab","Byrd Skull","Adrenaline Potion"],"campfire_rested":4,"item_purchase_floors":[3,3,20,36],"current_hp_per_floor":[61,61,61,61,61,61,60,60,60,60,60,46,69,59,59,40,70,70,38,38,31,25,46,46,67,67,67,59,52,70,70,70,42,94,61,61,61,61,61,35,35,0,0],"gold":121,"neow_bonus":"HUNDRED_GOLD","is_prod":false,"is_daily":false,"chose_seed":false,"campfire_upgraded":4,"win_rate":0,"timestamp":1607587323,"path_taken":["M","?","$","M","?","R","M","R","T","M","M","E","?","E","R","BOSS","M","M","$","M","M","R","?","R","T","R","M","?","R","AVR","R","BOSS","M","$","M","?","M","E","M","E"],"build_version":"2020-11-30","purchased_purges":2,"victory":false,"max_hp_per_floor":[70,70,70,70,70,70,70,70,70,70,70,70,70,70,70,70,70,70,70,70,70,70,70,70,70,70,70,70,70,70,70,70,70,94,94,94,94,94,94,94,94,94,94],"card_choices":[{"not_picked":["Setup","ReplayTheSpireMod:Scrap Shanks"],"picked":"Bane","floor":1},{"not_picked":["Hidden Blade","hubris:SlightOfHand"],"picked":"Endless Agony","floor":4},{"not_picked":["Outmaneuver","Skewer"],"picked":"Dagger Throw","floor":7},{"not_picked":["Prepared","Slice"],"picked":"Bane","floor":10},{"not_picked":["Choke","Acrobatics"],"picked":"Envenom","floor":11},{"not_picked":["Poisoned Stab","Underhanded Strike"],"picked":"Backstab","floor":12},{"not_picked":["ReplayTheSpireMod:Scrap Shanks","Infinite Blades"],"picked":"Deadly Poison","floor":14},{"not_picked":["Tools of the Trade","Wraith Form v2"],"picked":"Glass Knife","floor":16},{"not_picked":["PiercingWail","Dodge and Roll","Underhanded Strike"],"picked":"SKIP","floor":18},{"not_picked":["Dodge and Roll","Underhanded Strike+1"],"picked":"Dagger Spray","floor":19},{"not_picked":["Slice","Calculated Gamble+1"],"picked":"Leg Sweep+1","floor":21},{"not_picked":["Dagger Throw","Calculated Gamble","Prepared"],"picked":"SKIP","floor":22},{"not_picked":["Prepared+1","Underhanded Strike"],"picked":"Draining Mist","floor":28},{"not_picked":["Malaise","Caltrops","hubris:SlightOfHand"],"picked":"SKIP","floor":29},{"not_picked":["PiercingWail+1","Eviscerate"],"picked":"Finisher","floor":31},{"not_picked":["Hidden Blade","Acrobatics"],"picked":"Dagger Throw","floor":31},{"not_picked":["Reflex","ReplayTheSpireMod:Speed Training"],"picked":"Poisoned Stab","floor":31},{"not_picked":["hubris:Counter","Dash"],"picked":"Burst","floor":31},{"not_picked":["Phantasmal Killer","Burst"],"picked":"infinitespire:Neurotoxin","floor":33},{"not_picked":["Spreading Infection","Slimebound:Icky"],"picked":"hubris:Wrath","floor":34},{"not_picked":["ReplayTheSpireMod:Doomed","Replay:Hysterical Blindness"],"picked":"hubris:Disease","floor":34},{"not_picked":["ReplayTheSpireMod:Restless Dread","Shame"],"picked":"hubris:Wrath","floor":34},{"not_picked":["ReplayTheSpireMod:Exploit Weakness+1","A Thousand Cuts","ReplayTheSpireMod:Scrap Shanks+1"],"picked":"SKIP","floor":35},{"not_picked":["Replay:Poison Smokescreen+1","Dash"],"picked":"Poisoned Stab+1","floor":37},{"not_picked":["Dagger Throw","Hidden Blade","Sucker Punch"],"picked":"SKIP","floor":39},{"not_picked":["PiercingWail","Sneak Up+1"],"picked":"Draining Mist+1","floor":40},{"not_picked":["Prepared+1","ReplayTheSpireMod:From All Sides"],"picked":"Crippling Poison","floor":41}],"player_experience":353902,"relics_obtained":[{"floor":9,"key":"Gremlin Food"},{"floor":12,"key":"Pen Nib"},{"floor":14,"key":"Replay:Bottled Eggs"},{"floor":26,"key":"hubris:Potato"},{"floor":40,"key":"infinitespire:Joker Card"}],"event_choices":[{"damage_healed":0,"gold_gain":0,"player_choice":"Grow","damage_taken":0,"max_hp_gain":0,"max_hp_loss":0,"event_name":"Living Wall","floor":5,"gold_loss":0,"cards_upgraded":["Bane"]},{"damage_healed":23,"gold_gain":0,"player_choice":"Banana","damage_taken":0,"max_hp_gain":0,"max_hp_loss":0,"event_name":"Big Fish","floor":13,"gold_loss":0},{"damage_healed":0,"gold_gain":0,"player_choice":"Rummage","damage_taken":0,"relics_obtained":["WarpedTongs"],"max_hp_gain":0,"max_hp_loss":0,"event_name":"Accursed Blacksmith","floor":24,"gold_loss":0,"cards_obtained":["Pain"]},{"damage_healed":0,"gold_gain":0,"player_choice":"Bought 1 Potion","damage_taken":0,"max_hp_gain":0,"max_hp_loss":0,"event_name":"The Woman in Blue","floor":38,"gold_loss":0}],"is_beta":false,"boss_relics":[{"not_picked":["Coffee Dripper","Ring of Chaos"],"picked":"Ring of the Serpent"},{"not_picked":["hubris:RunicObelisk","ReplayTheSpireMod:SealedPack"],"picked":"Replay:Ancient Bell"},{"not_picked":["War Paint","Bag of Marbles"],"picked":"Snake Skull"},{"not_picked":["White Beast Statue","Darkstone Periapt"],"picked":"Pear"},{"not_picked":["hubris:AstralHammer","infinitespire:Magic Flask"],"picked":"Mango"}],"items_purged_floors":[31,36],"is_endless":false,"potions_floor_spawned":[1,7,16,19,22,28,35,39],"killed_by":"R_Hoarder","ascension_level":0}}