{"host":"1tkoe3l8wf0xx8if","time":1607576124,"event":{"gold_per_floor":[119,131,144,163,16,16,26,58,358,391,391,391,405,305,305,305,305],"floor_reached":16,"playtime":504,"items_purged":["Strike_R","Strike_R"],"score":185,"play_id":"c4a221ed-344c-4866-bc01-97ed22ecefbd","local_time":"20201210135524","is_ascension_mode":true,"campfire_choices":[{"data":"Inflame","floor":6.0,"key":"SMITH"},{"data":"Double Tap","floor":11,"key":"SMITH"},{"data":"Heavy Blade","floor":15,"key":"SMITH"}],"neow_cost":"TEN_PERCENT_HP_LOSS","seed_source_timestamp":638567965926400,"circlet_count":0,"master_deck":["AscendersBane","Strike_R","Strike_R","Strike_R","Defend_R","Defend_R","Defend_R","Defend_R","Bash","Double Tap+1","Thunderclap","Heavy Blade+1","Shrug It Off","Battle Trance","Inflame+1","Cleave","Rage","Headbutt"],"special_seed":0,"relics":["Burning Blood","Gambling Chip","Old Coin","Unceasing Top"],"potions_floor_usage":[10,13,16],"damage_taken":[{"damage":6.0,"enemies":"Cultist","floor":1.0,"turns":3.0},{"damage":14.0,"enemies":"Jaw Worm","floor":2.0,"turns":3.0},{"damage":12.0,"enemies":"Small Slimes","floor":3.0,"turns":3.0},{"damage":28.0,"enemies":"Exordium Wildlife","floor":4.0,"turns":7.0},{"damage":13.0,"enemies":"Blue Slaver","floor":7.0,"turns":2.0},{"damage":12.0,"enemies":"3 Sentries","floor":8.0,"turns":6.0},{"damage":8,"enemies":"Gremlin Nob","floor":10,"turns":3},{"damage":2,"enemies":"Gremlin Gang","floor":13,"turns":3},{"damage":35,"enemies":"Slime Boss","floor":16,"turns":7}],"seed_played":"9080635879320520376","potions_obtained":[{"floor":1.0,"key":"Ancient Potion"},{"floor":2.0,"key":"Block Potion"},{"floor":4.0,"key":"PowerPotion"},{"floor":8.0,"key":"ColorlessPotion"},{"floor":12,"key":"Regen Potion"},{"floor":12,"key":"Strength Potion"},{"floor":13,"key":"SpeedPotion"}],"is_trial":false,"path_per_floor":["M","M","M","M","$","R","M","E","T","E","R","?","M","$","R","B"],"character_chosen":"IRONCLAD","items_purchased":["Inflame"],"campfire_rested":0,"item_purchase_floors":[5],"current_hp_per_floor":[72,64,58,36,36,36,29,23,23,21,21,21,34,34,34,0,0],"gold":305,"neow_bonus":"THREE_RARE_CARDS","is_prod":false,"is_daily":false,"chose_seed":false,"campfire_upgraded":3,"win_rate":0,"timestamp":1607576124,"path_taken":["M","M","M","M","$","R","?","E","T","E","R","?","M","$","R","BOSS"],"build_version":"2020-11-30","purchased_purges":2,"victory":false,"max_hp_per_floor":[72,72,72,72,72,72,72,72,72,72,72,72,72,72,72,72,72],"card_choices":[{"not_picked":["Impervious","Barricade"],"picked":"Double Tap","floor":0.0},{"not_picked":["Blood for Blood","Body Slam"],"picked":"Thunderclap","floor":1.0},{"not_picked":["Clothesline","Sever Soul"],"picked":"Heavy Blade","floor":2.0},{"not_picked":["Combust","Wild Strike"],"picked":"Shrug It Off","floor":3.0},{"not_picked":["Juggernaut","Shrug It Off"],"picked":"Battle Trance","floor":4.0},{"not_picked":["Iron Wave","Wild Strike"],"picked":"Cleave","floor":7.0},{"not_picked":["Ghostly Armor","Whirlwind"],"picked":"Rage","floor":8.0},{"not_picked":["Anger","Bloodletting"],"picked":"Headbutt","floor":10},{"not_picked":["Anger","Rage","Entrench"],"picked":"SKIP","floor":13}],"player_experience":290129,"relics_obtained":[{"floor":8.0,"key":"Gambling Chip"},{"floor":9.0,"key":"Old Coin"},{"floor":10,"key":"Unceasing Top"}],"event_choices":[{"damage_healed":0,"gold_gain":0,"player_choice":"Got Potions","damage_taken":0,"max_hp_gain":0,"max_hp_loss":0,"event_name":"Lab","floor":12,"gold_loss":0}],"is_beta":false,"boss_relics":[],"items_purged_floors":[5,14],"is_endless":false,"potions_floor_spawned":[1,2,4,8,13],"killed_by":"Slime Boss","ascension_level":13}}