{"host":"1tkoe3l8wf0xx8if","time":1607566984,"event":{"gold_per_floor":[117,117,128,144,164,164,194,194,219,219,250,175,189,189,189],"floor_reached":14,"playtime":323,"items_purged":["Strike_R"],"score":165,"play_id":"8101efd1-2947-450b-a636-56baf6ca7d52","local_time":"20201210112304","is_ascension_mode":true,"campfire_choices":[{"data":"Evolve","floor":6,"key":"SMITH"},{"data":"Pommel Strike","floor":8,"key":"SMITH"},{"data":"Offering","floor":10,"key":"SMITH"}],"neow_cost":"NONE","seed_source_timestamp":629648319485000,"circlet_count":0,"master_deck":["AscendersBane","Strike_R","Strike_R","Strike_R","Strike_R","Defend_R+1","Defend_R","Defend_R+1","Defend_R","Bash","Feel No Pain","Evolve+1","Power Through","Pommel Strike+1","Offering+1","Sever Soul","Fire Breathing"],"relics":["Burning Blood","NeowsBlessing","Pen Nib","War Paint","Bronze Scales"],"potions_floor_usage":[5,7,14],"damage_taken":[{"damage":0,"enemies":"Jaw Worm","floor":1,"turns":1},{"damage":0,"enemies":"Small Slimes","floor":3,"turns":1},{"damage":0,"enemies":"2 Louse","floor":4,"turns":1},{"damage":42,"enemies":"Exordium Thugs","floor":5,"turns":7},{"damage":29,"enemies":"Gremlin Nob","floor":7,"turns":5},{"damage":17,"enemies":"3 Sentries","floor":11,"turns":9},{"damage":6,"enemies":"3 Louse","floor":13,"turns":2},{"damage":18,"enemies":"Gremlin Nob","floor":14,"turns":2}],"seed_played":"-5721116862420131546","potions_obtained":[{"floor":4,"key":"Fruit Juice"},{"floor":5,"key":"Strength Potion"},{"floor":11,"key":"Weak Potion"}],"is_trial":false,"path_per_floor":["M","?","M","M","M","R","E","R","T","R","E","$","M","E"],"character_chosen":"IRONCLAD","items_purchased":[],"campfire_rested":0,"item_purchase_floors":[],"current_hp_per_floor":[78,78,80,80,49,49,26,26,26,26,15,15,15,0,0],"gold":189,"neow_bonus":"THREE_ENEMY_KILL","is_prod":false,"is_daily":false,"chose_seed":false,"campfire_upgraded":3,"win_rate":0,"timestamp":1607566984,"path_taken":["M","?","M","M","M","R","E","R","T","R","E","$","M","E"],"build_version":"2020-11-30","purchased_purges":1,"victory":false,"max_hp_per_floor":[80,80,80,80,85,85,85,85,85,85,85,85,85,85,85],"card_choices":[{"not_picked":["Clash","Pummel"],"picked":"Feel No Pain","floor":1},{"not_picked":["Dark Embrace","Feel No Pain"],"picked":"Evolve","floor":3},{"not_picked":["Wild Strike","Feel No Pain"],"picked":"Power Through","floor":4},{"not_picked":["Iron Wave","Dark Embrace"],"picked":"Pommel Strike","floor":5},{"not_picked":["Havoc","Sword Boomerang"],"picked":"Offering","floor":7},{"not_picked":["Body Slam","Hemokinesis"],"picked":"Sever Soul","floor":11},{"not_picked":["Rage","Cleave"],"picked":"Fire Breathing","floor":13}],"player_experience":289554,"relics_obtained":[{"floor":7,"key":"Pen Nib"},{"floor":9,"key":"War Paint"},{"floor":11,"key":"Bronze Scales"}],"event_choices":[{"damage_healed":0,"gold_gain":0,"player_choice":"Ignored","damage_taken":0,"max_hp_gain":0,"max_hp_loss":0,"event_name":"Liars Game","floor":2,"gold_loss":0}],"is_beta":false,"boss_relics":[],"items_purged_floors":[12],"is_endless":false,"potions_floor_spawned":[4,5,11],"killed_by":"Gremlin Nob","ascension_level":13}}