{"host":"ypphcgdomtfqpc2w","time":1607599973,"event":{"gold_per_floor":[359,359,27,44,44,44,44,44,44,69,80,109,18,18,18,96,96,116,116,116,130,80,80,80,80],"floor_reached":24,"playtime":750,"items_purged":["Shame"],"score":400,"play_id":"4ef75e32-1086-4e72-b427-d2af6b0cb70b","local_time":"20201210203253","is_ascension_mode":true,"campfire_choices":[{"data":"Survivor","floor":6.0,"key":"SMITH"},{"data":"The Bomb","floor":8.0,"key":"SMITH"},{"floor":15.0,"key":"REST"},{"data":"Prepared","floor":23.0,"key":"SMITH"}],"neow_cost":"CURSE","seed_source_timestamp":34187201389399,"circlet_count":0,"master_deck":["AscendersBane","Defend_G","Defend_G","Defend_G+1","Defend_G","Defend_G+1","Survivor+1","Neutralize","Quick Slash","The Bomb+1","Prepared+1","Footwork","Burst","Tactician","Envenom","Underhanded Strike"],"special_seed":0,"relics":["Ring of the Snake","The Specimen","Singing Bowl","Potion Belt","Empty Cage"],"potions_floor_usage":[24,24],"damage_taken":[{"damage":5.0,"enemies":"2 Louse","floor":1.0,"turns":4.0},{"damage":4.0,"enemies":"Small Slimes","floor":4.0,"turns":3.0},{"damage":15.0,"enemies":"Lagavulin","floor":10.0,"turns":6.0},{"damage":2.0,"enemies":"Jaw Worm","floor":11.0,"turns":4.0},{"damage":14.0,"enemies":"3 Sentries","floor":12.0,"turns":4.0},{"damage":31.0,"enemies":"Slime Boss","floor":16.0,"turns":7.0},{"damage":21.0,"enemies":"Shell Parasite","floor":18.0,"turns":7.0},{"damage":22.0,"enemies":"2 Thieves","floor":21.0,"turns":4.0},{"damage":34,"enemies":"Book of Stabbing","floor":24,"turns":6}],"seed_played":"-6454374413961754952","potions_obtained":[{"floor":4.0,"key":"Weak Potion"},{"floor":18.0,"key":"LiquidBronze"}],"is_trial":false,"path_per_floor":["M","?","$","M","?","R","?","R","T","E","M","E","$","?","R","B",null,"M","?","?","M","?","R","E"],"character_chosen":"THE_SILENT","items_purchased":["The Bomb","Explosive Potion","Prepared","Footwork"],"campfire_rested":1,"item_purchase_floors":[3,3,13,13],"current_hp_per_floor":[54,59,59,55,55,55,55,55,55,42,42,30,30,30,53,22,63,44,44,44,24,24,24,0,0],"gold":80,"neow_bonus":"TWO_FIFTY_GOLD","is_prod":false,"is_daily":false,"chose_seed":false,"campfire_upgraded":3,"win_rate":0,"timestamp":1607599973,"path_taken":["M","?","$","M","?","R","?","R","T","E","M","E","?","?","R","BOSS","M","?","?","M","?","R","E"],"build_version":"2020-11-30","purchased_purges":1,"victory":false,"max_hp_per_floor":[66,71,71,71,71,71,71,71,71,73,75,77,77,77,77,77,77,79,79,79,81,81,81,81,81],"relic_stats":{"Singing Bowl":10,"counters":[9,45],"obtain_stats":[{"Potion Belt":12,"The Specimen":9,"Singing Bowl":10,"Empty Cage":17,"Ring of the Snake":0},{"Potion Belt":5,"The Specimen":2,"Singing Bowl":3,"Empty Cage":6,"Ring of the Snake":0},{"Potion Belt":21,"The Specimen":7,"Singing Bowl":13,"Empty Cage":28,"Ring of the Snake":0}],"Ring of the Snake":[18]},"card_choices":[{"not_picked":["Backflip","Deflect"],"picked":"Quick Slash","floor":1.0},{"not_picked":["Finisher","Flying Knee","Accuracy"],"picked":"SKIP","floor":4.0},{"not_picked":["PiercingWail","Distraction","Dodge and Roll"],"picked":"Singing Bowl","floor":10.0},{"not_picked":["Dodge and Roll","PiercingWail","Prepared"],"picked":"Singing Bowl","floor":11.0},{"not_picked":["Glass Knife","Poisoned Stab","Finisher"],"picked":"Singing Bowl","floor":12.0},{"not_picked":["Storm of Steel","Grand Finale"],"picked":"Burst","floor":16.0},{"not_picked":["Underhanded Strike","Sucker Punch","Quick Slash+1"],"picked":"Singing Bowl","floor":18.0},{"not_picked":["Dagger Spray+1","Blade Dance","Slice"],"picked":"Singing Bowl","floor":21.0}],"player_experience":1933186,"relics_obtained":[{"floor":9.0,"key":"The Specimen"},{"floor":10.0,"key":"Singing Bowl"},{"floor":12.0,"key":"Potion Belt"}],"event_choices":[{"damage_healed":0.0,"max_hp_gain":5.0,"max_hp_loss":0.0,"gold_gain":0.0,"event_name":"Big Fish","player_choice":"Donut","floor":2.0,"gold_loss":0.0,"damage_taken":0.0},{"cards_removed":["Strike_G"],"damage_healed":0.0,"max_hp_gain":0.0,"max_hp_loss":0.0,"gold_gain":0.0,"event_name":"Living Wall","player_choice":"Forget","floor":5.0,"gold_loss":0.0,"damage_taken":0.0},{"damage_healed":0.0,"max_hp_gain":0.0,"max_hp_loss":0.0,"gold_gain":0.0,"event_name":"Liars Game","player_choice":"Ignored","floor":7.0,"gold_loss":0.0,"damage_taken":0.0},{"damage_healed":0.0,"max_hp_gain":0.0,"max_hp_loss":0.0,"gold_gain":0.0,"event_name":"Scrap Ooze","player_choice":"Fled","floor":14.0,"gold_loss":0.0,"damage_taken":0.0},{"damage_healed":0.0,"max_hp_gain":0.0,"max_hp_loss":0.0,"gold_gain":0.0,"event_name":"The Library","player_choice":"Read","floor":19.0,"gold_loss":0.0,"damage_taken":0.0,"cards_obtained":["Tactician"]},{"damage_healed":0.0,"max_hp_gain":0.0,"max_hp_loss":0.0,"gold_gain":0.0,"cards_transformed":["Strike_G","Strike_G"],"event_name":"Drug Dealer","player_choice":"Became Test Subject","floor":20.0,"gold_loss":0.0,"damage_taken":0.0,"cards_obtained":["Envenom","Underhanded Strike"]},{"damage_healed":0.0,"max_hp_gain":0.0,"max_hp_loss":0.0,"gold_gain":0.0,"event_name":"Designer","player_choice":"Upgraded Two","floor":22.0,"gold_loss":50.0,"damage_taken":0.0,"cards_upgraded":["Defend_G","Defend_G"]}],"is_beta":false,"boss_relics":[{"not_picked":["Ring of the Serpent","Cursed Key"],"picked":"Empty Cage"}],"items_purged_floors":[3],"is_endless":false,"potions_floor_spawned":[4,11,18],"killed_by":"Book of Stabbing","ascension_level":20}}