{"host":"m6aaltr68g9tvoay","time":1607578295,"event":{"gold_per_floor":[110,30,49,105,123,148,148,167,167,167,167,177,177,177],"floor_reached":13,"playtime":334,"items_purged":[],"score":166,"play_id":"5c8af938-08cc-4281-b684-4cfc7c094244","local_time":"20201209213135","is_ascension_mode":true,"campfire_choices":[{"floor":7,"key":"REST"},{"floor":10,"key":"REST"}],"neow_cost":"NONE","seed_source_timestamp":358243130656600,"circlet_count":0,"master_deck":["AscendersBane","Strike_G","Strike_G","Strike_G","Strike_G","Strike_G","Defend_G","Defend_G","Defend_G","Defend_G","Defend_G","Survivor","Neutralize","All Out Attack","Catalyst+1","Dodge and Roll","Backstab","Crippling Poison","Riddle With Holes","PiercingWail"],"relics":["Velvet Choker","Pen Nib","Tiny Chest"],"potions_floor_usage":[6,6],"damage_taken":[{"damage":0,"enemies":"2 Louse","floor":1,"turns":3},{"damage":6,"enemies":"Cultist","floor":3,"turns":4},{"damage":5,"enemies":"Jaw Worm","floor":5,"turns":4},{"damage":44,"enemies":"Gremlin Nob","floor":6,"turns":6},{"damage":0,"enemies":"Gremlin Gang","floor":8,"turns":4},{"damage":0,"enemies":"2 Fungi Beasts","floor":12,"turns":2},{"damage":44,"enemies":"Lagavulin","floor":13,"turns":6}],"seed_played":"-1319413740704560068","potions_obtained":[{"floor":1,"key":"GamblersBrew"},{"floor":3,"key":"SpeedPotion"}],"is_trial":false,"path_per_floor":["M","$","M","?","M","E","R","M","T","R","?","M","E"],"character_chosen":"THE_SILENT","items_purchased":["Catalyst"],"campfire_rested":2,"item_purchase_floors":[2],"current_hp_per_floor":[59,59,53,53,48,4,23,23,23,42,42,42,0,0],"gold":177,"neow_bonus":"BOSS_RELIC","is_prod":false,"is_daily":false,"chose_seed":false,"campfire_upgraded":0,"win_rate":0,"timestamp":1607578295,"path_taken":["M","$","M","?","M","E","R","M","T","R","?","M","E"],"build_version":"2020-11-30","purchased_purges":0,"victory":false,"max_hp_per_floor":[66,66,66,66,66,66,66,66,66,66,66,66,66,66],"card_choices":[{"not_picked":["Dodge and Roll","Flying Knee"],"picked":"All Out Attack","floor":1},{"not_picked":["Concentrate","Slice"],"picked":"Dodge and Roll","floor":3},{"not_picked":["Acrobatics","Bane"],"picked":"Backstab","floor":5},{"not_picked":["Sucker Punch","Dash"],"picked":"Crippling Poison","floor":6},{"not_picked":["Tools of the Trade","Underhanded Strike"],"picked":"Riddle With Holes","floor":8},{"not_picked":["Riddle With Holes","Expertise"],"picked":"PiercingWail","floor":12}],"player_experience":1207294,"relics_obtained":[{"floor":6,"key":"Pen Nib"},{"floor":9,"key":"Tiny Chest"}],"event_choices":[{"damage_healed":0,"gold_gain":56,"player_choice":"Gained Gold","damage_taken":0,"max_hp_gain":0,"max_hp_loss":0,"event_name":"Golden Wing","floor":4,"gold_loss":0},{"damage_healed":0,"gold_gain":0,"player_choice":"Forge","damage_taken":0,"max_hp_gain":0,"max_hp_loss":0,"event_name":"Accursed Blacksmith","floor":11,"gold_loss":0,"cards_upgraded":["Catalyst"]}],"is_beta":false,"boss_relics":[],"items_purged_floors":[],"is_endless":false,"potions_floor_spawned":[1,3],"killed_by":"Lagavulin","ascension_level":19}}