{"host":"wshh0nphwn6jv7vj","time":1607581064,"event":{"gold_per_floor":[116,41,55,3,3,33,33,44,67,102,102,134,134,160,172,256,268,296,323,350,76,76,109,119,119,119],"floor_reached":25,"playtime":1606,"items_purged":["Strike_R"],"score":480,"play_id":"06d378b5-4c0d-4282-829f-a2965c465b39","local_time":"20201210011744","is_ascension_mode":true,"campfire_choices":[{"data":"Inflame","floor":7,"key":"SMITH"},{"data":"Metallicize","floor":11,"key":"SMITH"},{"data":"Shrug It Off","floor":15,"key":"SMITH"}],"neow_cost":"NONE","seed_source_timestamp":729795026862200,"circlet_count":0,"master_deck":["AscendersBane","Strike_R+1","Strike_R+1","Strike_R","Defend_R","Defend_R","Defend_R","Defend_R","Bash","Inflame+1","Clash","Shrug It Off+1","Sentinel","Iron Wave","Sword Boomerang","Metallicize+1","Headbutt","Dropkick","Fiend Fire","Ghostly Armor","Sword Boomerang","Iron Wave+1","True Grit","Shame","Dual Wield"],"relics":["Burning Blood","NeowsBlessing","Whetstone","Oddly Smooth Stone","CaptainsWheel","Bronze Scales","Mummified Hand","MawBank","Runic Pyramid","Sundial","Tiny Chest","Ginger"],"potions_floor_usage":[10,19,24,25,25],"damage_taken":[{"damage":0,"enemies":"Small Slimes","floor":1,"turns":2},{"damage":0,"enemies":"Jaw Worm","floor":3,"turns":1},{"damage":0,"enemies":"3 Sentries","floor":6,"turns":2},{"damage":0,"enemies":"Cultist","floor":8,"turns":4},{"damage":7,"enemies":"Lagavulin","floor":10,"turns":7},{"damage":17,"enemies":"3 Sentries","floor":12,"turns":9},{"damage":8,"enemies":"Gremlin Nob","floor":14,"turns":4},{"damage":20,"enemies":"Slime Boss","floor":16,"turns":10},{"damage":16,"enemies":"2 Thieves","floor":18,"turns":4},{"damage":10,"enemies":"3 Byrds","floor":19,"turns":3},{"damage":2,"enemies":"Shelled Parasite and Fungi","floor":20,"turns":4},{"damage":39,"enemies":"Gremlin Leader","floor":23,"turns":6},{"damage":7,"enemies":"Centurion and Healer","floor":24,"turns":4},{"damage":60,"enemies":"Slavers","floor":25,"turns":12}],"seed_played":"5184415885116097824","potions_obtained":[{"floor":6,"key":"BloodPotion"},{"floor":8,"key":"Block Potion"},{"floor":12,"key":"EssenceOfSteel"},{"floor":19,"key":"BloodPotion"},{"floor":24,"key":"Dexterity Potion"}],"is_trial":false,"path_per_floor":["M","$","M","$","?","E","R","M","T","E","R","E","T","E","R","B",null,"M","M","M","$","?","E","M","E"],"character_chosen":"IRONCLAD","items_purchased":["Shrug It Off","Sundial","True Grit"],"campfire_rested":0,"item_purchase_floors":[4,21,21],"current_hp_per_floor":[74,74,75,75,75,75,75,75,75,74,74,63,63,61,61,47,68,58,69,73,73,73,40,54,0,0],"gold":119,"neow_bonus":"THREE_ENEMY_KILL","is_prod":false,"is_daily":false,"chose_seed":false,"campfire_upgraded":3,"win_rate":0,"timestamp":1607581064,"path_taken":["M","$","M","$","?","E","R","M","T","E","R","E","?","E","R","BOSS","M","M","M","$","?","E","M","E"],"build_version":"2020-11-30","purchased_purges":1,"victory":false,"max_hp_per_floor":[75,75,75,75,75,75,75,75,75,75,75,75,75,75,75,75,75,75,75,75,75,75,75,75,75,75],"card_choices":[{"not_picked":["Heavy Blade","Armaments"],"picked":"Inflame","floor":1},{"not_picked":["Dual Wield","Carnage"],"picked":"Clash","floor":3},{"not_picked":["Heavy Blade","Rage"],"picked":"Iron Wave","floor":6},{"not_picked":["Perfected Strike","Clash"],"picked":"Sword Boomerang","floor":8},{"not_picked":["Twin Strike","Pommel Strike"],"picked":"Metallicize","floor":10},{"not_picked":["Power Through","Whirlwind"],"picked":"Headbutt","floor":12},{"not_picked":["Juggernaut","Wild Strike"],"picked":"Dropkick","floor":14},{"not_picked":["Offering","Feed"],"picked":"Fiend Fire","floor":16},{"not_picked":["Perfected Strike","Clothesline"],"picked":"Ghostly Armor","floor":18},{"not_picked":["Wild Strike+1","Twin Strike"],"picked":"Sword Boomerang","floor":19},{"not_picked":["Clothesline","Havoc+1"],"picked":"Iron Wave+1","floor":20},{"not_picked":["Combust","Hemokinesis","Flex"],"picked":"SKIP","floor":23},{"not_picked":["Rage","Rupture+1"],"picked":"Dual Wield","floor":24}],"player_experience":1355042,"relics_obtained":[{"floor":6,"key":"Whetstone"},{"floor":9,"key":"Oddly Smooth Stone"},{"floor":10,"key":"CaptainsWheel"},{"floor":12,"key":"Bronze Scales"},{"floor":13,"key":"Mummified Hand"},{"floor":14,"key":"MawBank"},{"floor":23,"key":"Ginger"}],"event_choices":[{"damage_healed":0,"gold_gain":0,"cards_transformed":["Strike_R"],"player_choice":"Change","damage_taken":0,"max_hp_gain":0,"max_hp_loss":0,"event_name":"Living Wall","floor":5,"gold_loss":0,"cards_obtained":["Sentinel"]},{"damage_healed":0,"gold_gain":0,"player_choice":"Stole Relic","damage_taken":0,"relics_obtained":["Tiny Chest"],"max_hp_gain":0,"max_hp_loss":0,"event_name":"Addict","floor":22,"gold_loss":0,"cards_obtained":["Shame"]}],"is_beta":false,"boss_relics":[{"not_picked":["Sozu","Cursed Key"],"picked":"Runic Pyramid"}],"items_purged_floors":[2],"is_endless":false,"potions_floor_spawned":[6,8,12,16,19,20,24],"killed_by":"Slavers","ascension_level":15}}