{"host":"yhemb00fn7g5zwp1","time":1607596605,"event":{"gold_per_floor":[116,134,154,154,164,164,198,198,268,288,288,303,303,319,319,419,419,431,431,444,454,334,334,351,112,112,112,84,96,96,112,112,216,216,228,228,107,118,135,135,146,164,164,164,164],"floor_reached":44,"playtime":2685,"items_purged":["TheSimpletonMod:Strike_TheSimpleton"],"score":491,"play_id":"5bd19cfa-6685-421d-b96a-571748e47d25","local_time":"20201210183645","is_ascension_mode":false,"campfire_choices":[{"data":"TheSimpletonMod:VineRipen","floor":6,"key":"SMITH"},{"data":"TheSimpletonMod:CropRotation","floor":15,"key":"SMITH"},{"floor":23,"key":"RECALL"},{"data":"TheSimpletonMod:SoilSample","floor":32,"key":"SMITH"}],"neow_cost":"NONE","seed_source_timestamp":16118781291200,"circlet_count":0,"master_deck":["TheSimpletonMod:Strike_TheSimpleton","TheSimpletonMod:Strike_TheSimpleton","TheSimpletonMod:Strike_TheSimpleton","TheSimpletonMod:Defend_TheSimpleton","TheSimpletonMod:Defend_TheSimpleton","TheSimpletonMod:Defend_TheSimpleton","TheSimpletonMod:Defend_TheSimpleton","TheSimpletonMod:ReapAndSow","TheSimpletonMod:VineRipen+1","TheSimpletonMod:Corn","TheSimpletonMod:Potatoes","TheSimpletonMod:Photosynthesis","TheSimpletonMod:CloseScrape","TheSimpletonMod:CloseScrape","TheSimpletonMod:RootDown","TheSimpletonMod:CullingStrike","TheSimpletonMod:CropRotation+1","TheSimpletonMod:BuzzBomb","TheSimpletonMod:SoilSample+1","MostiFishMod:FlyOverUtopia+1","TheSimpletonMod:SoilSample","TheSimpletonMod:BumperCrop","TheSimpletonMod:OnionBloom","TheSimpletonMod:Aerate","TheSimpletonMod:StockTheCellar","TheSimpletonMod:SoilSample","TheSimpletonMod:Aerate+1","TheSimpletonMod:StockTheCellar+1","TheSimpletonMod:TakeHeart","TheSimpletonMod:Ferment+1","TheSimpletonMod:GoToMarket+1","TheSimpletonMod:VineRipen+1","TheSimpletonMod:Germinate+1","TheSimpletonMod:SeedCoat+1"],"relics":["TheSimpletonMod:SpudOfTheInnocent","TheSimpletonMod:NightSoil","TheSimpletonMod:TheHarvester","REME_ComplimentaryCards","DaveBox","NeowsBlessing","GuanYuAspect","Question Card","Gensokyo:Mercy","Ice Cream","Mango","Matryoshka","Gensokyo:NagashiBinaDoll","ImportantClient","JellyFishMachine","Gensokyo:SpiderMask","Strawberry","Happy Flower","Unceasing Top","Gensokyo:ConquerorOfFear","Gensokyo:SongOfSouls","TheSimpletonMod:OnionBelt","Oddly Smooth Stone","Ancient Tea Set","Singing Bowl"],"potions_floor_usage":[7,16],"damage_taken":[{"damage":0,"enemies":"Gensokyo:2_Kodama","floor":1,"turns":1},{"damage":0,"enemies":"Gensokyo:Python","floor":2,"turns":1},{"damage":0,"enemies":"Gensokyo:3_Fairies","floor":3,"turns":1},{"damage":13,"enemies":"Gensokyo:LivingMonolith","floor":5,"turns":4},{"damage":8,"enemies":"Gensokyo:Aya","floor":7,"turns":7},{"damage":1,"enemies":"Gensokyo:VengefulSpirit","floor":10,"turns":5},{"damage":1,"enemies":"Gensokyo:Kitsune","floor":12,"turns":3},{"damage":3,"enemies":"Gensokyo:Gryphon_and_Rabbit","floor":14,"turns":4},{"damage":38,"enemies":"Gensokyo:Reimu","floor":16,"turns":12},{"damage":0,"enemies":"Gensokyo:2_Gloops","floor":18,"turns":4},{"damage":4,"enemies":"Gensokyo:3_Dogs","floor":20,"turns":4},{"damage":10,"enemies":"Gensokyo:Swordslinger","floor":21,"turns":4},{"damage":22,"enemies":"Gensokyo:Slime_Group","floor":24,"turns":4},{"damage":6,"enemies":"Gensokyo:Monolith_and_Dog","floor":29,"turns":4},{"damage":4,"enemies":"Gensokyo:3_Gloops","floor":31,"turns":5},{"damage":18,"enemies":"Gensokyo:Kaguya","floor":33,"turns":9},{"damage":37,"enemies":"3 Shapes","floor":35,"turns":4},{"damage":4,"enemies":"3 Darklings","floor":38,"turns":3},{"damage":4,"enemies":"Spire Growth","floor":39,"turns":4},{"damage":4,"enemies":"Maw","floor":41,"turns":5},{"damage":4,"enemies":"Transient","floor":42,"turns":5},{"damage":4,"enemies":"3 Darklings","floor":44,"turns":2}],"seed_played":"2531172359573000459","potions_obtained":[{"floor":2,"key":"Swift Potion"},{"floor":3,"key":"GamblersBrew"},{"floor":5,"key":"ZuzhouPotion:ReiMu"},{"floor":14,"key":"TheSimpletonMod:MoonshinePotion"},{"floor":16,"key":"Dexterity Potion"},{"floor":20,"key":"DuplicationPotion"},{"floor":24,"key":"DuplicationPotion"}],"is_trial":false,"path_per_floor":["M","M","M","?","M","R","E","?","T","M","?","M","?","M","R","B",null,"M","?","M","M","?","R","M","$","T","?","$","M","?","M","R","B",null,"M","?","$","M","M","?","M","M","T","M"],"character_chosen":"THE_SIMPLETON","items_purchased":["Strawberry","TheSimpletonMod:StockTheCellar","TheSimpletonMod:SoilSample","Oddly Smooth Stone"],"campfire_rested":0,"item_purchase_floors":[25,25,28,37],"current_hp_per_floor":[38,38,38,38,28,28,35,21,21,35,35,43,43,52,52,47,52,52,52,52,52,52,52,48,52,52,52,52,59,59,59,59,59,59,43,43,43,59,59,59,59,59,59,59,59],"gold":164,"neow_bonus":"THREE_ENEMY_KILL","is_prod":false,"is_daily":false,"chose_seed":false,"campfire_upgraded":3,"win_rate":0.0,"timestamp":1607596605,"path_taken":["M","M","?","?","M","R","E","?","T","?","?","M","?","M","R","BOSS","M","?","M","?","?","R","?","$","T","?","?","?","?","M","R","BOSS","M","?","?","M","M","?","M","M","T","M"],"build_version":"2020-11-30","purchased_purges":1,"victory":false,"max_hp_per_floor":[38,38,38,38,38,38,38,52,52,52,52,52,52,52,52,52,52,52,52,52,52,52,52,52,59,59,59,59,59,59,59,59,59,59,59,59,59,59,59,59,59,59,59,59,59],"card_choices":[{"not_picked":["TheSimpletonMod:SaladShooter","TheSimpletonMod:PestManagement"],"picked":"TheSimpletonMod:VineRipen","floor":1},{"not_picked":["TheSimpletonMod:RootDown","TheSimpletonMod:BumperCrop","TheSimpletonMod:CloseScrape"],"picked":"TheSimpletonMod:Corn","floor":2},{"not_picked":["TheSimpletonMod:CullingStrike","TheSimpletonMod:SaladShooter","TheSimpletonMod:BumperCrop"],"picked":"TheSimpletonMod:Potatoes","floor":3},{"not_picked":["TheSimpletonMod:Pruning","TheSimpletonMod:Sunseed","TheSimpletonMod:Swelter"],"picked":"TheSimpletonMod:Photosynthesis","floor":5},{"not_picked":["TheSimpletonMod:GoToMarket","TheSimpletonMod:KeenEdge","TheSimpletonMod:BumperCrop"],"picked":"TheSimpletonMod:CloseScrape","floor":7},{"not_picked":["TheSimpletonMod:GoToMarket","TheSimpletonMod:Sunchoke","TheSimpletonMod:PestManagement"],"picked":"TheSimpletonMod:Swelter","floor":10},{"not_picked":["TheSimpletonMod:ControlledBurn","TheSimpletonMod:Rake","TheSimpletonMod:Sunchoke"],"picked":"TheSimpletonMod:CloseScrape","floor":12},{"not_picked":["TheSimpletonMod:GoToMarket","TheSimpletonMod:Innovate","TheSimpletonMod:Corn"],"picked":"TheSimpletonMod:RootDown","floor":13},{"not_picked":["TheSimpletonMod:SeedCoat","TheSimpletonMod:Rototilling","TheSimpletonMod:Sunseed"],"picked":"TheSimpletonMod:CullingStrike","floor":13},{"not_picked":["TheSimpletonMod:Potatoes","TheSimpletonMod:BumperCrop","TheSimpletonMod:Swelter"],"picked":"TheSimpletonMod:CropRotation","floor":14},{"not_picked":["TheSimpletonMod:ErosionControl","TheSimpletonMod:Asparagus","TheSimpletonMod:HitTheSack"],"picked":"TheSimpletonMod:BuzzBomb","floor":16},{"not_picked":["TheSimpletonMod:BumperCrop","TheSimpletonMod:Rototilling","TheSimpletonMod:Thresh+1"],"picked":"TheSimpletonMod:SoilSample","floor":18},{"not_picked":["TheSimpletonMod:SeedCoat","TheSimpletonMod:DigIn+1","TheSimpletonMod:SlashAndBurn"],"picked":"TheSimpletonMod:BumperCrop","floor":20},{"not_picked":["TheSimpletonMod:Fertilaser","TheSimpletonMod:Aerate+1","TheSimpletonMod:ToughenUp"],"picked":"TheSimpletonMod:OnionBloom","floor":21},{"not_picked":["TheSimpletonMod:KeenEdge","TheSimpletonMod:Rototilling","TheSimpletonMod:Potatoes"],"picked":"TheSimpletonMod:Aerate","floor":24},{"not_picked":["TheSimpletonMod:Sunchoke","TheSimpletonMod:Swelter","TheSimpletonMod:SpiceUp"],"picked":"TheSimpletonMod:Aerate+1","floor":29},{"not_picked":["TheSimpletonMod:ToughenUp","TheSimpletonMod:DoubleBarrel","TheSimpletonMod:VineRipen"],"picked":"TheSimpletonMod:StockTheCellar+1","floor":31},{"not_picked":["TheSimpletonMod:BuzzBomb","TheSimpletonMod:BirdFeeder","TheSimpletonMod:ErosionControl"],"picked":"TheSimpletonMod:TakeHeart","floor":33},{"not_picked":["TheSimpletonMod:SpiceUp","TheSimpletonMod:Sunchoke+1","TheSimpletonMod:Swelter"],"picked":"TheSimpletonMod:Ferment+1","floor":35},{"not_picked":["TheSimpletonMod:SaladShooter+1","TheSimpletonMod:Sunseed+1","TheSimpletonMod:RootDown"],"picked":"TheSimpletonMod:GoToMarket+1","floor":38},{"not_picked":["TheSimpletonMod:Rototilling+1","TheSimpletonMod:CullingStrike","TheSimpletonMod:SpiceUp+1"],"picked":"TheSimpletonMod:VineRipen+1","floor":39},{"not_picked":["TheSimpletonMod:CloseScrape+1","TheSimpletonMod:Thresh","TheSimpletonMod:Potatoes"],"picked":"TheSimpletonMod:Germinate+1","floor":41},{"not_picked":["TheSimpletonMod:Rake","TheSimpletonMod:Thresh","TheSimpletonMod:SpiceUp+1"],"picked":"TheSimpletonMod:SeedCoat+1","floor":42}],"player_experience":397721,"relics_obtained":[{"floor":1,"key":"Question Card"},{"floor":7,"key":"Ice Cream"},{"floor":9,"key":"Matryoshka"},{"floor":16,"key":"ImportantClient"},{"floor":26,"key":"Happy Flower"},{"floor":26,"key":"Unceasing Top"},{"floor":29,"key":"Gensokyo:ConquerorOfFear"},{"floor":43,"key":"Ancient Tea Set"},{"floor":43,"key":"Singing Bowl"}],"event_choices":[{"cards_removed":["TheSimpletonMod:Swelter"],"damage_healed":0,"gold_gain":0,"player_choice":"Purged","damage_taken":0,"max_hp_gain":0,"max_hp_loss":0,"event_name":"Purifier","floor":36,"gold_loss":0}],"is_beta":false,"boss_relics":[{"not_picked":["Sozu","FixedStarFall"],"picked":"JellyFishMachine"},{"not_picked":["SynthV:MejaisSoulstealer","SacredBark"],"picked":"TheSimpletonMod:OnionBelt"}],"items_purged_floors":[25],"is_endless":false,"potions_floor_spawned":[2,3,5,14,16,20,24,31,38,39,41],"killed_by":"3 Darklings","ascension_level":0}}