{"host":"2brg86hfzr3u5cix","time":1607575358,"event":{"gold_per_floor":[118,138,63,63,75,105,105,105,105],"floor_reached":8,"playtime":337,"items_purged":["hermit:Strike_Hermit"],"score":112,"play_id":"f51a2e16-1400-4759-842a-0b9faa70df80","local_time":"20201210134238","is_ascension_mode":true,"campfire_choices":[{"floor":7,"key":"REST"}],"neow_cost":"NONE","seed_source_timestamp":44681776462400,"circlet_count":0,"master_deck":["AscendersBane","hermit:Strike_Hermit","hermit:Strike_Hermit","hermit:Strike_Hermit","hermit:Defend_Hermit","hermit:Defend_Hermit","hermit:Snapshot","hermit:Covet","hermit:Spite","hermit:WideOpen","hermit:Misfire","hermit:Malice"],"relics":["hermit:Momento","Pantograph"],"potions_floor_usage":[],"damage_taken":[{"damage":7,"enemies":"2 Louse","floor":1,"turns":3},{"damage":1,"enemies":"Cultist","floor":2,"turns":3},{"damage":0,"enemies":"Small Slimes","floor":5,"turns":2},{"damage":47,"enemies":"3 Sentries","floor":6,"turns":8},{"damage":45,"enemies":"Lagavulin","floor":8,"turns":5}],"seed_played":"1946496757875518774","potions_obtained":[],"is_trial":false,"path_per_floor":["M","M","$","?","M","E","R","E"],"character_chosen":"HERMIT","items_purchased":[],"campfire_rested":1,"item_purchase_floors":[],"current_hp_per_floor":[57,56,56,56,56,9,30,0,0],"gold":105,"neow_bonus":"REMOVE_CARD","is_prod":false,"is_daily":false,"chose_seed":false,"campfire_upgraded":0,"win_rate":0,"timestamp":1607575358,"path_taken":["M","M","$","?","?","E","R","E"],"build_version":"2020-11-30","purchased_purges":1,"victory":false,"max_hp_per_floor":[71,71,71,71,71,71,71,71,71],"relic_stats":{"counters":[5,21],"Pantograph":0,"obtain_stats":[{"Pantograph":6,"hermit:Momento":0},{"Pantograph":4,"hermit:Momento":0},{"Pantograph":16,"hermit:Momento":0}]},"card_choices":[{"not_picked":["hermit:TrackingShot","hermit:BodyArmor"],"picked":"hermit:Spite","floor":1},{"not_picked":["hermit:Combo","hermit:Ricochet"],"picked":"hermit:WideOpen","floor":2},{"not_picked":["hermit:Cheat","hermit:TrackingShot"],"picked":"hermit:Misfire","floor":5},{"not_picked":["hermit:DeadMansHand","hermit:Feint"],"picked":"hermit:Malice","floor":6}],"player_experience":332410,"relics_obtained":[{"floor":6,"key":"Pantograph"}],"event_choices":[{"cards_removed":["hermit:Defend_Hermit"],"damage_healed":0,"gold_gain":0,"player_choice":"Offered Basic","damage_taken":0,"max_hp_gain":0,"max_hp_loss":0,"event_name":"Bonfire Elementals","floor":4,"gold_loss":0}],"is_beta":false,"boss_relics":[],"items_purged_floors":[3],"is_endless":false,"potions_floor_spawned":[],"killed_by":"Lagavulin","ascension_level":20}}