{"host":"s2kjy8nqny1yatvf","time":1607620511,"event":{"mods":["BaseMod","StSLib","Minty Spire (QoL Compilation)","Replay The Spire","Shop Mod","Colored Powertips","¡¾ÒÅÎï¿¨ÅÆ¡¿REMEMod"],"gold_per_floor":[112,127,23,123,138,138,155,155,155,170,182,194,212,224,224,327,327,342,362,362,19,19,19,19,19,19,39,39,39],"floor_reached":28,"playtime":2807,"items_purged":[],"score":214,"play_id":"4cce0181-ef20-4cbf-9826-914b50849730","local_time":"20201211011511","is_ascension_mode":false,"campfire_choices":[{"data":"Specialist","floor":6,"key":"SMITH"},{"data":"Self Repair","floor":8,"key":"SMITH"},{"data":"DevaForm","floor":15,"key":"SMITH"},{"floor":23,"key":"REST"},{"floor":25,"key":"REST"}],"circlet_count":0,"master_deck":["Strike_P","Strike_P","Strike_P","Strike_P","Defend_P","Defend_P","Defend_P","Defend_P","Eruption","Vigilance","Trip","Self Repair+1","Prostrate","Sanctity","REME_Repentance","Specialist+1","REME_Repentance","BattleHymn","Pot Of Greed","Pot Of Greed","DevaForm+1","EmptyBody","BowlingBash","REME_Repentance","ClearTheMind","ConjureBlade","Pot Of Greed","Meditate","FlurryOfBlows","JustLucky","Replay:AtTheReady","Finesse","REME_TwoStrings","ClearTheMind+1"],"relics":["PureWater","REME_ComplimentaryCards","Velvet Choker","Nloth\u0027s Gift","MerchantsRug","Frozen Eye","White Beast Statue"],"acts_visited":["Exordium","TheCity"],"potions_floor_usage":[13,13,16,16,16,27,28],"damage_taken":[{"damage":0,"enemies":"2 Louse","floor":1,"turns":4},{"damage":1,"enemies":"Cultist","floor":2,"turns":3},{"damage":5,"enemies":"Jaw Worm","floor":5,"turns":4},{"damage":4,"enemies":"Blue Slaver","floor":7,"turns":5},{"damage":5,"enemies":"Looter","floor":10,"turns":2},{"damage":0,"enemies":"2 Fungi Beasts","floor":11,"turns":4},{"damage":19,"enemies":"Gremlin Gang","floor":12,"turns":4},{"damage":10,"enemies":"Lots of Slimes","floor":13,"turns":3},{"damage":7,"enemies":"Blue Slaver","floor":14,"turns":5},{"damage":48,"enemies":"The Guardian","floor":16,"turns":12},{"damage":23,"enemies":"3 Byrds","floor":18,"turns":5},{"damage":32,"enemies":"Spheric Guardian","floor":19,"turns":6},{"damage":47,"enemies":"Snake Plant","floor":27,"turns":9},{"damage":25,"enemies":"Snecko","floor":28,"turns":5}],"seed_played":"4672030356295890804","potions_obtained":[{"floor":2,"key":"GamblersBrew"},{"floor":5,"key":"Reflective Coating"},{"floor":11,"key":"EssenceOfSteel"},{"floor":13,"key":"StancePotion"},{"floor":14,"key":"SpeedPotion"},{"floor":18,"key":"SmokeBomb"},{"floor":19,"key":"BlessingOfTheForge"},{"floor":27,"key":"AttackPotion"}],"is_trial":false,"path_per_floor":["M","M","$","?","M","R","M","R","T","M","M","M","M","M","R","B",null,"M","M","?","$","$","R","?","R","T","M","M"],"character_chosen":"WATCHER","items_purchased":["REME_Repentance","Specialist","JustLucky","Replay:AtTheReady","MerchantsRug","Frozen Eye"],"campfire_rested":2,"item_purchase_floors":[3,3,21,21,21,21],"current_hp_per_floor":[72,72,72,72,72,72,72,72,72,67,72,63,53,56,56,18,72,59,37,37,37,37,58,39,60,60,23,0,0],"gold":39,"neow_bonus":"RANDOM_COLORLESS","is_daily":false,"chose_seed":false,"campfire_upgraded":3,"win_rate":0,"timestamp":1607620511,"path_taken":["M","M","$","?","?","R","M","R","T","M","M","M","M","M","R","BOSS","M","M","?","?","$","R","?","R","T","M","M"],"build_version":"2020-11-30","purchased_purges":0,"victory":false,"max_hp_per_floor":[72,72,72,72,72,72,72,72,72,72,72,72,72,72,72,72,72,72,72,72,72,72,72,72,72,72,72,72,72],"card_choices":[{"not_picked":["REME_TwoStrings","Purity"],"picked":"Trip","floor":0},{"not_picked":["ReachHeaven","Replay:Hum"],"picked":"Prostrate","floor":1},{"not_picked":["Adaptation","Replay:Hum"],"picked":"Sanctity","floor":2},{"not_picked":["CutThroughFate","Crescendo"],"picked":"REME_Repentance","floor":5},{"not_picked":["Crescendo","FlyingSleeves"],"picked":"BattleHymn","floor":7},{"not_picked":["Halt","Replay:Anticipation"],"picked":"DevaForm","floor":10},{"not_picked":["Indignation","Tantrum"],"picked":"EmptyBody","floor":11},{"not_picked":["JustLucky","Replay:Vibes"],"picked":"BowlingBash","floor":12},{"not_picked":["ClearTheMind","Replay:ManipulateFuture"],"picked":"REME_Repentance","floor":13},{"not_picked":["Indignation","JustLucky"],"picked":"ClearTheMind","floor":14},{"not_picked":["MasterReality","Omniscience"],"picked":"ConjureBlade","floor":16},{"not_picked":["Prostrate","Fasting2"],"picked":"Meditate","floor":18},{"not_picked":["EmptyBody","Protect"],"picked":"FlurryOfBlows","floor":19},{"not_picked":["Replay:AtTheReady","Evaluate+1"],"picked":"ClearTheMind+1","floor":27}],"player_experience":156036,"relics_obtained":[{"floor":9,"key":"Grinning Jar"},{"floor":26,"key":"White Beast Statue"}],"event_choices":[{"damage_healed":0,"gold_gain":100,"player_choice":"Pray","damage_taken":0,"max_hp_gain":0,"max_hp_loss":0,"event_name":"Golden Shrine","floor":4,"gold_loss":0},{"damage_healed":0,"gold_gain":0,"player_choice":"Traded Relic","damage_taken":0,"relics_obtained":["Nloth\u0027s Gift"],"max_hp_gain":0,"max_hp_loss":0,"event_name":"N\u0027loth","floor":20,"relics_lost":["Grinning Jar"],"gold_loss":0},{"damage_healed":0,"gold_gain":0,"player_choice":"CARD CARD ","damage_taken":19,"max_hp_gain":0,"max_hp_loss":0,"event_name":"Knowing Skull","floor":24,"potions_obtained":[],"gold_loss":0,"cards_obtained":["Finesse","REME_TwoStrings"]}],"is_beta":false,"boss_relics":[{"not_picked":["REME_DuelDisc","Runic Pyramid"],"picked":"Velvet Choker"}],"items_purged_floors":[],"is_endless":false,"potions_floor_spawned":[2,5,11,13,14,18,19,27],"killed_by":"Snecko","ascension_level":0}}