{"host":"ur0n4z0x1lffzzdd","time":1607564597,"event":{"gold_per_floor":[109,109,130,130,151,189,210,230,253,276,276,289,342,365,365,502,502,525,342,335,344,145,145,244,244,267,317,349,349,379,426,426,559,631,651,339,339,366,438,481,101,131,131,131,131],"floor_reached":44,"playtime":6441,"items_purged":["Shame","Doubt"],"score":615,"play_id":"31b6667a-fe28-473b-b400-e2a12a553930","local_time":"20201209194317","is_ascension_mode":false,"campfire_choices":[{"data":"Runesmith:HammerAndChisel","floor":11.0,"key":"SMITH"},{"data":"Runesmith:BackupBattery","floor":15.0,"key":"SMITH"},{"data":"Runesmith:UnlimitedPower","floor":23.0,"key":"SMITH"},{"data":"Runesmith:LithiumIon","floor":25.0,"key":"SMITH"},{"floor":32.0,"key":"RECALL"}],"neow_cost":"CURSE","seed_source_timestamp":49029138185600,"circlet_count":0,"master_deck":["Runesmith:Strike_RS","Runesmith:Strike_RS","Runesmith:Strike_RS+1","Runesmith:Defend_RS","Runesmith:Defend_RS+1","Runesmith:Defend_RS+1","Runesmith:CraftFirestone","Runesmith:Fortify","Runesmith:OneForEveryone","Runesmith:HammerThrow","Runesmith:HammerAndChisel+1","Runesmith:DuctTape","Runesmith:CraftMagma","Runesmith:CraftSpiculum","Runesmith:CraftProtectio","Runesmith:LithiumIon+1","Runesmith:BackupBattery+1","Runesmith:UnlimitedPower+1","Runesmith:CraftProtectio","Runesmith:Firestorm","Runesmith:CraftIncendium","Runesmith:CraftMagma","expansioncontent:DefensiveStance","Runesmith:RunicBlueprint","Runesmith:CraftSpiculum","Runesmith:ChiselStab","Runesmith:EarthShield","Runesmith:MetallurgicalResearch","Runesmith:Reinforce","Runesmith:RuneHurl","Runesmith:PerfectChisel","Runesmith:HeatExchange","Runesmith:CraftObretio","Runesmith:FrozenChisel+1","Runesmith:FrozenChisel","Runesmith:LithiumIon","Runesmith:Discharge+1"],"special_seed":0,"relics":["Runesmith:BrokenRuby","FossilizedHelix","Golden Idol","Pantograph","PreservedInsect","CeramicFish","Empty Cage","Anchor","Tiny Chest","Runesmith:MiniCore","Ice Cream","Pen Nib","Tiny House","Runesmith:AutoHammer","Peace Pipe","Bronze Scales","Singing Bowl","Meat on the Bone"],"potions_floor_usage":[39,40,40,42],"damage_taken":[{"damage":0.0,"enemies":"Cultist","floor":1.0,"turns":4.0},{"damage":0.0,"enemies":"2 Louse","floor":3.0,"turns":3.0},{"damage":0.0,"enemies":"Jaw Worm","floor":5.0,"turns":4.0},{"damage":7.0,"enemies":"Lagavulin","floor":6.0,"turns":7.0},{"damage":0.0,"enemies":"Blue Slaver","floor":7.0,"turns":5.0},{"damage":0.0,"enemies":"2 Fungi Beasts","floor":8.0,"turns":3.0},{"damage":0.0,"enemies":"Looter","floor":10.0,"turns":4.0},{"damage":0.0,"enemies":"Red Slaver","floor":12.0,"turns":3.0},{"damage":6.0,"enemies":"3 Sentries","floor":13.0,"turns":7.0},{"damage":0.0,"enemies":"Blue Slaver","floor":14.0,"turns":3.0},{"damage":6.0,"enemies":"Slime Boss","floor":16.0,"turns":8.0},{"damage":20.0,"enemies":"3 Byrds","floor":18.0,"turns":4.0},{"damage":7.0,"enemies":"2 Thieves","floor":20.0,"turns":4.0},{"damage":0.0,"enemies":"Book of Stabbing","floor":27.0,"turns":4.0},{"damage":0.0,"enemies":"Sentry and Sphere","floor":28.0,"turns":4.0},{"damage":0.0,"enemies":"Snecko","floor":30.0,"turns":6.0},{"damage":9.0,"enemies":"Gremlin Leader","floor":31.0,"turns":5.0},{"damage":0.0,"enemies":"Champ","floor":33.0,"turns":12.0},{"damage":9.0,"enemies":"Orb Walker","floor":35.0,"turns":4.0},{"damage":0.0,"enemies":"3 Shapes","floor":38.0,"turns":3.0},{"damage":7,"enemies":"Mind Bloom Boss Battle","floor":39,"turns":6},{"damage":57,"enemies":"Reptomancer","floor":40,"turns":7},{"damage":14,"enemies":"Sphere and 2 Shapes","floor":42,"turns":4},{"damage":16,"enemies":"Spire Growth","floor":44,"turns":2}],"seed_played":"-3638744705827770985","potions_obtained":[{"floor":1.0,"key":"Energy Potion"},{"floor":3.0,"key":"DuplicationPotion"},{"floor":6.0,"key":"Guardian:BlockOnCardUsePotion"},{"floor":13.0,"key":"Fire Potion"},{"floor":14.0,"key":"sneckomod:MuddlingPotion"},{"floor":20.0,"key":"sneckomod:MuddlingPotion"},{"floor":29.0,"key":"Fruit Juice"},{"floor":29.0,"key":"Ancient Potion"},{"floor":29.0,"key":"SpeedPotion"},{"floor":30.0,"key":"BlessingOfTheForge"},{"floor":34.0,"key":"BlessingOfTheForge"},{"floor":38.0,"key":"Dexterity Potion"},{"floor":39,"key":"SpeedPotion"}],"is_trial":false,"path_per_floor":["M","?","M","?","M","E","M","M","T","M","R","M","E","M","R","B",null,"M","$","M","?","$","R","?","R","T","E","M","?","M","E","R","B",null,"M","$","T","M","?","E","$","M","T","M"],"character_chosen":"RUNESMITH_CLASS","items_purchased":["Runesmith:Firestorm","Anchor","Runesmith:CraftMagma","expansioncontent:DefensiveStance","Runesmith:RuneHurl","Runesmith:AutoHammer","Runesmith:PerfectChisel","Runesmith:FrozenChisel","Runesmith:LithiumIon","Singing Bowl"],"campfire_rested":0,"item_purchase_floors":[19,19,22,22,36,36,36,41,41,41],"current_hp_per_floor":[70,53,53,39,39,32,32,32,32,32,32,32,26,26,26,45,70,50,50,43,43,43,43,43,43,43,43,43,48,48,39,39,64,80,71,71,71,71,73,16,16,2,2,0,0],"gold":131,"neow_bonus":"ONE_RARE_RELIC","is_prod":false,"is_daily":false,"chose_seed":false,"campfire_upgraded":4,"win_rate":0.0,"timestamp":1607564597,"path_taken":["M","?","M","?","M","E","M","?","T","M","R","M","E","M","R","BOSS","M","$","M","?","$","R","?","R","T","E","M","?","?","E","R","BOSS","M","$","?","?","?","E","$","M","T","M"],"build_version":"2020-11-30","purchased_purges":2,"victory":false,"max_hp_per_floor":[70,70,70,70,70,70,70,70,70,70,70,70,70,70,70,70,70,70,70,70,70,70,70,70,70,70,70,70,75,75,75,75,75,80,80,80,80,80,80,80,80,80,80,80,80],"card_choices":[{"not_picked":["Runesmith:CraftProtectio","Runesmith:CraftMagma"],"picked":"Runesmith:OneForEveryone","floor":1.0},{"not_picked":["Runesmith:NegativeSpace","Runesmith:CraftMagma"],"picked":"Runesmith:HammerThrow","floor":3.0},{"not_picked":["Runesmith:EarthShield","Runesmith:HeatExchange"],"picked":"Runesmith:HammerAndChisel","floor":5.0},{"not_picked":["Runesmith:NanitesCloud","Runesmith:EnergizedChisel"],"picked":"Runesmith:DuctTape","floor":6.0},{"not_picked":["Runesmith:Overpower","Runesmith:HammerAndChisel"],"picked":"Runesmith:CraftMagma","floor":7.0},{"not_picked":["Runesmith:Terraform","Runesmith:HammerThrow"],"picked":"Runesmith:CraftSpiculum","floor":8.0},{"not_picked":["Runesmith:CraftVitae","Runesmith:HeatExchange","Runesmith:MakeshiftArmor"],"picked":"SKIP","floor":10.0},{"not_picked":["Runesmith:EarthShield","Runesmith:Superposition"],"picked":"Runesmith:CraftProtectio","floor":12.0},{"not_picked":["Runesmith:Malloc","Runesmith:CraftProtectio"],"picked":"Runesmith:LithiumIon","floor":13.0},{"not_picked":["Runesmith:RuneHurl","Runesmith:CraftVitae"],"picked":"Runesmith:BackupBattery","floor":14.0},{"not_picked":["Runesmith:Supernova","Runesmith:GenerateForcefield"],"picked":"Runesmith:UnlimitedPower","floor":16.0},{"not_picked":["Runesmith:Repurpose","Runesmith:FieryHammer"],"picked":"Runesmith:CraftProtectio","floor":18.0},{"not_picked":["Runesmith:LithiumIon","Runesmith:Overpower"],"picked":"Runesmith:CraftIncendium","floor":20.0},{"not_picked":["Runesmith:Duplicate","Runesmith:WhiteBalance"],"picked":"Runesmith:RunicBlueprint","floor":27.0},{"not_picked":["Runesmith:Electrocute","Runesmith:StaticCage"],"picked":"Runesmith:CraftSpiculum","floor":28.0},{"not_picked":["Runesmith:HeatedChisel","Runesmith:UnstableHammer+1"],"picked":"Runesmith:ChiselStab","floor":30.0},{"not_picked":["Runesmith:StaticCage","Runesmith:CraftPrismatica"],"picked":"Runesmith:EarthShield","floor":31.0},{"not_picked":["Runesmith:LastStand","Runesmith:UnlimitedPower"],"picked":"Runesmith:MetallurgicalResearch","floor":33.0},{"not_picked":["Runesmith:MakeshiftArmor","Runesmith:CraftSpiculum+1"],"picked":"Runesmith:Reinforce","floor":34.0},{"not_picked":["Runesmith:StaticCage+1","Runesmith:ChiselStab+1","Runesmith:CraftMagma"],"picked":"SKIP","floor":35.0},{"not_picked":["Runesmith:EarthShield","Runesmith:FieryHammer"],"picked":"Runesmith:HeatExchange","floor":38.0},{"not_picked":["Runesmith:ChargedHammer","Runesmith:Repurpose"],"picked":"Runesmith:CraftObretio","floor":39},{"not_picked":["Runesmith:Empowerment","Runesmith:CraftObretio+1"],"picked":"Runesmith:FrozenChisel+1","floor":40},{"not_picked":["Runesmith:ShiftingStrike","Runesmith:EarthShield"],"picked":"Runesmith:Discharge+1","floor":42}],"player_experience":381439,"relics_obtained":[{"floor":6.0,"key":"Pantograph"},{"floor":9.0,"key":"PreservedInsect"},{"floor":13.0,"key":"CeramicFish"},{"floor":26.0,"key":"Runesmith:MiniCore"},{"floor":27.0,"key":"Ice Cream"},{"floor":31.0,"key":"Pen Nib"},{"floor":39,"key":"Peace Pipe"},{"floor":40,"key":"Bronze Scales"},{"floor":43,"key":"Meat on the Bone"}],"event_choices":[{"damage_healed":0.0,"max_hp_gain":0.0,"max_hp_loss":0.0,"gold_gain":0.0,"event_name":"Golden Idol","player_choice":"Take Damage","floor":2.0,"gold_loss":0.0,"damage_taken":17.0,"relics_obtained":["Golden Idol"]},{"damage_healed":53.0,"max_hp_gain":0.0,"max_hp_loss":70.0,"gold_gain":0.0,"event_name":"betterThird:BetterShining","player_choice":"Upgrade","floor":4.0,"gold_loss":0.0,"damage_taken":14.0,"cards_upgraded":["Runesmith:Defend_RS","Runesmith:Defend_RS"]},{"damage_healed":0.0,"max_hp_gain":0.0,"max_hp_loss":0.0,"gold_gain":0.0,"event_name":"Addict","player_choice":"Stole Relic","floor":21.0,"gold_loss":0.0,"damage_taken":0.0,"relics_obtained":["Tiny Chest"],"cards_obtained":["Shame"]},{"damage_healed":0.0,"max_hp_gain":0.0,"max_hp_loss":0.0,"gold_gain":99.0,"event_name":"betterThird:BetterNest","player_choice":"Steal","floor":24.0,"gold_loss":0.0,"damage_taken":0.0},{"damage_healed":0.0,"max_hp_gain":0.0,"max_hp_loss":0.0,"gold_gain":0.0,"event_name":"Lab","player_choice":"Got Potions","floor":29.0,"gold_loss":0.0,"damage_taken":0.0},{"damage_healed":0,"gold_gain":0,"player_choice":"Fight","damage_taken":0,"max_hp_gain":0,"max_hp_loss":0,"event_name":"MindBloom","floor":39,"gold_loss":0}],"is_beta":false,"boss_relics":[{"not_picked":["Cursed Key","Runesmith:CoreCrystal"],"picked":"Empty Cage"},{"not_picked":["Runesmith:PocketReactor","Runesmith:UraniumAnvil"],"picked":"Tiny House"}],"items_purged_floors":[22,36],"is_endless":false,"potions_floor_spawned":[1,3,6,13,14,20,30,35,38,39],"killed_by":"Spire Growth","ascension_level":0}}