{"host":"dntw6kil9p09eemm","time":1607634764,"event":{"mods":["BaseMod","StSLib","Minty Spire (QoL Compilation)","Shop Mod","Colored Powertips","Act Like it!","Gensokyo"],"gold_per_floor":[117,130,205,155,171,196,215,215,215,228,114,130,130,157,157,262,262,275,200,200,211,226,226,236,236,313,327,342,342,371,371,371,371,371],"floor_reached":33,"playtime":1359,"items_purged":["Defend_B"],"score":304,"play_id":"4b8fe0c1-1a7c-4b49-acd6-c2c63a14c457","local_time":"20201211061244","is_ascension_mode":false,"campfire_choices":[{"floor":8.0,"key":"REST"},{"data":"Hyperbeam","floor":13.0,"key":"SMITH"},{"floor":15.0,"key":"REST"},{"data":"FTL","floor":23.0,"key":"SMITH"},{"floor":25.0,"key":"REST"},{"floor":32.0,"key":"REST"}],"circlet_count":0,"master_deck":["Strike_B","Strike_B","Defend_B","Defend_B","Defend_B","Zap","Dualcast","Hyperbeam+1","FTL+1","Hologram","Leap","Echo Form","Turbo","Rebound","Buffer","BootSequence","Rebound","Sweeping Beam","Turbo","Chaos+1","Writhe","Streamline"],"special_seed":0,"relics":["Cracked Core","Mercury Hourglass","Question Card","MerchantsRug","Pear","Philosopher\u0027s Stone","Matryoshka","Bottled Tornado"],"acts_visited":["Exordium","Exordium"],"potions_floor_usage":[33],"damage_taken":[{"damage":0.0,"enemies":"Small Slimes","floor":1.0,"turns":2.0},{"damage":1.0,"enemies":"2 Louse","floor":2.0,"turns":2.0},{"damage":11.0,"enemies":"Jaw Worm","floor":5.0,"turns":2.0},{"damage":6.0,"enemies":"3 Sentries","floor":6.0,"turns":5.0},{"damage":4.0,"enemies":"Blue Slaver","floor":7.0,"turns":2.0},{"damage":0.0,"enemies":"Exordium Wildlife","floor":10.0,"turns":2.0},{"damage":0.0,"enemies":"Large Slime","floor":12.0,"turns":3.0},{"damage":17.0,"enemies":"Lagavulin","floor":14.0,"turns":5.0},{"damage":58.0,"enemies":"The Guardian","floor":16.0,"turns":9.0},{"damage":17.0,"enemies":"Gensokyo:AngelMirror","floor":18.0,"turns":4.0},{"damage":7.0,"enemies":"Gensokyo:3_Dogs","floor":21.0,"turns":3.0},{"damage":0.0,"enemies":"Gensokyo:3_Gloops","floor":22.0,"turns":2.0},{"damage":29.0,"enemies":"Gensokyo:Wraith","floor":24.0,"turns":4.0},{"damage":34.0,"enemies":"Gensokyo:Swordslinger","floor":27.0,"turns":4.0},{"damage":0.0,"enemies":"Gensokyo:Mirror_and_Dog","floor":28.0,"turns":1.0},{"damage":8.0,"enemies":"Gensokyo:Reisen","floor":30.0,"turns":5.0},{"damage":77,"enemies":"Gensokyo:Eternal_Rivals","floor":33,"turns":9}],"seed_played":"4074288454467950567","potions_obtained":[{"floor":5.0,"key":"Swift Potion"},{"floor":7.0,"key":"DistilledChaos"},{"floor":10.0,"key":"GamblersBrew"},{"floor":12.0,"key":"Dexterity Potion"},{"floor":16.0,"key":"LiquidBronze"},{"floor":18.0,"key":"GamblersBrew"},{"floor":21.0,"key":"Energy Potion"}],"is_trial":false,"path_per_floor":["M","M","?","?","M","E","M","R","T","M","$","M","R","E","R","B",null,"M","$","?","M","M","R","M","R","T","M","M","?","E","$","R","B"],"character_chosen":"DEFECT","items_purchased":["MerchantsRug"],"campfire_rested":4,"item_purchase_floors":[11],"current_hp_per_floor":[68,67,56,56,45,39,35,55,55,55,55,55,55,48,71,13,78,61,61,61,54,54,54,25,48,48,14,14,14,6,6,29,0,0],"gold":371,"neow_bonus":"THREE_RARE_CARDS","is_daily":false,"chose_seed":false,"campfire_upgraded":2,"win_rate":0,"timestamp":1607634764,"path_taken":["M","M","?","?","M","E","M","R","T","M","$","M","R","E","R","BOSS","M","$","?","M","M","R","M","R","T","M","M","?","E","?","R","BOSS"],"build_version":"2020-11-30","purchased_purges":1,"victory":false,"max_hp_per_floor":[68,68,68,68,68,68,68,68,68,68,68,68,68,78,78,78,78,78,78,78,78,78,78,78,78,78,78,78,78,78,78,78,78,78],"card_choices":[{"not_picked":["Multi-Cast","All For One"],"picked":"Hyperbeam","floor":0.0},{"not_picked":["Coolheaded","Streamline"],"picked":"FTL","floor":1.0},{"not_picked":["Stack","Go for the Eyes"],"picked":"Hologram","floor":2.0},{"not_picked":["Steam","Glacier"],"picked":"Leap","floor":5.0},{"not_picked":["Leap","Coolheaded"],"picked":"Ball Lightning","floor":6.0},{"not_picked":["Gash","Hologram"],"picked":"Echo Form","floor":7.0},{"not_picked":["Force Field","Ball Lightning","Sweeping Beam"],"picked":"Defragment","floor":10.0},{"not_picked":["Redo","FTL","Double Energy"],"picked":"Turbo","floor":12.0},{"not_picked":["Redo","FTL","Sweeping Beam"],"picked":"Rebound","floor":14.0},{"not_picked":["Echo Form","All For One","Biased Cognition"],"picked":"Buffer","floor":16.0},{"not_picked":["Undo","Coolheaded+1","Stack"],"picked":"BootSequence","floor":18.0},{"not_picked":["Steam","Gash+1","Auto Shields"],"picked":"Rebound","floor":21.0},{"not_picked":["Force Field","Turbo","Redo"],"picked":"Sweeping Beam","floor":22.0},{"not_picked":["Gash+1","Hello World","Streamline"],"picked":"Turbo","floor":24.0},{"not_picked":["Static Discharge","Coolheaded","Compile Driver"],"picked":"Chaos+1","floor":27.0},{"not_picked":["Sweeping Beam+1","Auto Shields","Steam+1","Leap"],"picked":"SKIP","floor":28.0},{"not_picked":["Machine Learning","Reprogram","White Noise+1"],"picked":"Streamline","floor":30.0}],"player_experience":95865,"relics_obtained":[{"floor":6.0,"key":"Mercury Hourglass"},{"floor":9.0,"key":"Question Card"},{"floor":14.0,"key":"Pear"},{"floor":26.0,"key":"Matryoshka"},{"floor":30.0,"key":"Bottled Tornado"}],"event_choices":[{"damage_healed":0.0,"max_hp_gain":0.0,"max_hp_loss":0.0,"gold_gain":75.0,"event_name":"World of Goop","player_choice":"Gather Gold","floor":3.0,"gold_loss":0.0,"damage_taken":11.0},{"cards_removed":["Strike_B"],"damage_healed":0.0,"max_hp_gain":0.0,"max_hp_loss":0.0,"gold_gain":0.0,"event_name":"The Cleric","player_choice":"Card Removal","floor":4.0,"gold_loss":50.0,"damage_taken":0.0}],"is_beta":false,"boss_relics":[{"not_picked":["Snecko Eye","Velvet Choker"],"picked":"Philosopher\u0027s Stone"}],"items_purged_floors":[19],"is_endless":false,"potions_floor_spawned":[5,7,10,12,16,18,21,28],"killed_by":"Gensokyo:Eternal_Rivals","ascension_level":0}}