{"host":"nptej036rrbiurf5","time":1607573171,"event":{"gold_per_floor":[116,136,136,136,136,136,160,160,160,183,222,222,222,51,51,51,51],"floor_reached":16,"playtime":234,"items_purged":[],"score":186,"play_id":"afcff991-e33f-49d7-853b-1ec54661f5a2","local_time":"20201210130611","is_ascension_mode":true,"campfire_choices":[{"data":"Zap","floor":6,"key":"SMITH"},{"data":"Dualcast","floor":8,"key":"SMITH"},{"data":"Undo","floor":15,"key":"SMITH"}],"neow_cost":"NONE","seed_source_timestamp":1295272171608400,"circlet_count":0,"master_deck":["AscendersBane","Strike_B","Strike_B","Strike_B","Strike_B","Defend_B","Defend_B+1","Defend_B","Defend_B","Zap+1","Dualcast+1","Cold Snap","Auto Shields+1","Ball Lightning","Genetic Algorithm","Undo+1"],"relics":["Cracked Core","NeowsBlessing","Golden Idol","InkBottle","Mummified Hand","StrikeDummy","ClockworkSouvenir"],"potions_floor_usage":[11],"damage_taken":[{"damage":0,"enemies":"Small Slimes","floor":1,"turns":1},{"damage":0,"enemies":"Jaw Worm","floor":2,"turns":1},{"damage":0,"enemies":"2 Louse","floor":7,"turns":1},{"damage":18,"enemies":"Large Slime","floor":10,"turns":6},{"damage":8,"enemies":"Lagavulin","floor":11,"turns":6},{"damage":38,"enemies":"Slime Boss","floor":16,"turns":7}],"seed_played":"4170619307126940584","potions_obtained":[{"floor":10,"key":"Regen Potion"}],"is_trial":false,"path_per_floor":["M","M","?","?","?","R","M","R","T","M","E","T","?","$","R","B"],"character_chosen":"DEFECT","items_purchased":["ClockworkSouvenir"],"campfire_rested":0,"item_purchase_floors":[14],"current_hp_per_floor":[64,64,43,43,48,48,48,48,48,30,37,37,37,37,37,0,0],"gold":51,"neow_bonus":"THREE_ENEMY_KILL","is_prod":false,"is_daily":false,"chose_seed":false,"campfire_upgraded":3,"win_rate":0,"timestamp":1607573171,"path_taken":["M","M","?","?","?","R","M","R","T","M","E","?","?","$","R","BOSS"],"build_version":"2020-11-30","purchased_purges":0,"victory":false,"max_hp_per_floor":[71,71,71,64,69,69,69,69,69,69,69,69,69,69,69,69,69],"card_choices":[{"not_picked":["Rebound","Hologram"],"picked":"Cold Snap","floor":1},{"not_picked":["Scrape","Steam"],"picked":"Auto Shields","floor":2},{"not_picked":["Chill","Coolheaded"],"picked":"Ball Lightning","floor":7},{"not_picked":["Hologram","Compile Driver"],"picked":"Genetic Algorithm","floor":10},{"not_picked":["Hyperbeam","Coolheaded"],"picked":"Undo","floor":11}],"player_experience":822163,"relics_obtained":[{"floor":9,"key":"InkBottle"},{"floor":11,"key":"Mummified Hand"},{"floor":12,"key":"StrikeDummy"}],"event_choices":[{"damage_healed":0,"gold_gain":0,"player_choice":"Entered Light","damage_taken":21,"max_hp_gain":0,"max_hp_loss":0,"event_name":"Shining Light","floor":3,"gold_loss":0,"cards_upgraded":["Auto Shields","Defend_B"]},{"damage_healed":0,"gold_gain":0,"player_choice":"Lose Max HP","damage_taken":0,"relics_obtained":["Golden Idol"],"max_hp_gain":0,"max_hp_loss":7,"event_name":"Golden Idol","floor":4,"gold_loss":0},{"damage_healed":0,"gold_gain":0,"player_choice":"Donut","damage_taken":0,"max_hp_gain":5,"max_hp_loss":0,"event_name":"Big Fish","floor":5,"gold_loss":0},{"damage_healed":0,"gold_gain":0,"player_choice":"Ignored","damage_taken":0,"max_hp_gain":0,"max_hp_loss":0,"event_name":"Liars Game","floor":13,"gold_loss":0}],"is_beta":false,"boss_relics":[],"items_purged_floors":[],"is_endless":false,"potions_floor_spawned":[10],"killed_by":"Slime Boss","ascension_level":18}}