{"host":"ezpyhq51vb66cjag","time":1607609224,"event":{"mods":["BaseMod","Highlight Path","StSLib","Replay The Spire","Colored Map","Hubris","Minty Spire (QoL Compilation)","The Jungle","vexMod","Friendly Minions","Aspiration","Act Like it!","Gensokyo","GifTheSpireLib","Quick Restart","Conspire","Downfall","Hermit","The Bladedancer"],"gold_per_floor":[111,129,129,161,161,193,266,266,338,338,338],"floor_reached":10,"playtime":275,"items_purged":[],"score":64,"play_id":"636b17d5-0fba-4f89-ba9b-4f018ae21aac","local_time":"20201210220704","is_ascension_mode":false,"campfire_choices":[{"floor":8.0,"key":"REST"}],"circlet_count":0,"master_deck":["hermit:Strike_Hermit","hermit:Strike_Hermit","hermit:Strike_Hermit","hermit:Strike_Hermit","hermit:Defend_Hermit","hermit:Defend_Hermit+1","hermit:Defend_Hermit","hermit:Defend_Hermit","hermit:Snapshot","hermit:Covet+1","hermit:Malice","Injury","hermit:GoldenBullet+1","hermit:DeadMansHand"],"special_seed":0,"relics":["hermit:Momento","NeowsBlessing","Molten Egg 2","Ancient Tea Set","Omamori","Mirror"],"acts_visited":["Exordium"],"potions_floor_usage":[],"damage_taken":[{"damage":0.0,"enemies":"2 Louse","floor":1.0,"turns":1.0},{"damage":0.0,"enemies":"Jaw Worm","floor":2.0,"turns":1.0},{"damage":0.0,"enemies":"conspire:MimicChest","floor":4.0,"turns":1.0},{"damage":49.0,"enemies":"3 Sentries","floor":6.0,"turns":14.0},{"damage":0,"enemies":"Lagavulin","floor":10,"turns":1}],"seed_played":"3983522555556173357","potions_obtained":[{"floor":2.0,"key":"Swift Potion"}],"is_trial":false,"path_per_floor":["M","M","?","?","?","E","T","R","T","E"],"character_chosen":"HERMIT","items_purchased":[],"campfire_rested":1,"item_purchase_floors":[],"current_hp_per_floor":[75,75,75,75,60,11,11,33,33,33,33],"gold":338,"neow_bonus":"THREE_ENEMY_KILL","is_daily":false,"chose_seed":false,"campfire_upgraded":0,"win_rate":0.0,"timestamp":1607609224,"path_taken":["M","M","?","?","?","E","?","R","T","E"],"build_version":"2020-11-30","purchased_purges":0,"victory":false,"max_hp_per_floor":[75,75,75,75,75,75,75,75,75,75,75],"card_choices":[{"not_picked":["hermit:Vantage","hermit:PistolWhip"],"picked":"hermit:Malice","floor":1.0},{"not_picked":["hermit:TrackingShot","hermit:PistolWhip","hermit:Desperado"],"picked":"SKIP","floor":2.0},{"not_picked":["hermit:Snipe","hermit:HoleUp"],"picked":"hermit:GoldenBullet+1","floor":4.0},{"not_picked":["hermit:WideOpen+1","hermit:Misfire+1"],"picked":"hermit:DeadMansHand","floor":6.0}],"player_experience":176960,"relics_obtained":[{"floor":4.0,"key":"Ancient Tea Set"},{"floor":6.0,"key":"Omamori"},{"floor":7.0,"key":"Mirror"}],"event_choices":[{"damage_healed":0.0,"max_hp_gain":0.0,"max_hp_loss":0.0,"gold_gain":0.0,"event_name":"Shining Light","player_choice":"Entered Light","floor":5.0,"gold_loss":0.0,"damage_taken":15.0,"cards_upgraded":["hermit:Covet","hermit:Defend_Hermit"]}],"is_beta":false,"boss_relics":[],"items_purged_floors":[],"is_endless":false,"potions_floor_spawned":[2],"killed_by":"Lagavulin","ascension_level":0}}