{"host":"poop","time":1607638392,"event":{"mods":["BaseMod","Minty Spire (QoL Compilation)","StSLib","Permanent Neow","Shop Mod"],"gold_per_floor":[117,117,134,84,259,259,259,270,270,74,74,91,109,119,119,220,220,239,239,239],"floor_reached":19,"playtime":877,"items_purged":[],"score":239,"play_id":"cd2d15e1-92d1-4c34-8f26-468b19770de0","local_time":"20201210161312","is_ascension_mode":true,"campfire_choices":[{"data":"Power Through","floor":6,"key":"SMITH"},{"floor":11,"key":"REST"},{"floor":15,"key":"RECALL"}],"circlet_count":0,"master_deck":["AscendersBane","Strike_R","Strike_R","Strike_R","Strike_R","Defend_R","Defend_R","Defend_R","Defend_R","Bash","Power Through+1","Doubt","Apotheosis+1","Shrug It Off+1","Barricade"],"relics":["Burning Blood","Charon\u0027s Ashes","Thread and Needle","Toxic Egg 2","SlaversCollar"],"acts_visited":["Exordium","TheCity"],"potions_floor_usage":[13,16],"damage_taken":[{"damage":8,"enemies":"2 Louse","floor":1,"turns":3},{"damage":11,"enemies":"Small Slimes","floor":3,"turns":5},{"damage":5,"enemies":"Cultist","floor":8,"turns":5},{"damage":0,"enemies":"2 Fungi Beasts","floor":12,"turns":4},{"damage":2,"enemies":"Red Slaver","floor":13,"turns":4},{"damage":0,"enemies":"3 Louse","floor":14,"turns":4},{"damage":14,"enemies":"Slime Boss","floor":16,"turns":9},{"damage":32,"enemies":"Spheric Guardian","floor":18,"turns":28},{"damage":0,"enemies":"2 Thieves","floor":19,"turns":1}],"seed_played":"-9043956807762118159","potions_obtained":[{"floor":3,"key":"Regen Potion"},{"floor":8,"key":"Energy Potion"},{"floor":12,"key":"AttackPotion"}],"is_trial":false,"path_per_floor":["M","?","M","?","?","R","T","M","T","$","R","M","M","M","R","B",null,"M","M"],"character_chosen":"IRONCLAD","items_purchased":["Apotheosis+1"],"campfire_rested":1,"item_purchase_floors":[10],"current_hp_per_floor":[70,70,65,65,65,65,65,66,66,66,80,80,80,80,80,72,78,52,52,52],"gold":239,"neow_bonus":"ONE_RARE_RELIC","is_daily":false,"chose_seed":false,"campfire_upgraded":1,"win_rate":0,"timestamp":1607638392,"path_taken":["M","?","M","?","?","R","?","M","T","?","R","M","M","M","R","BOSS","M","M"],"build_version":"2020-12-07","purchased_purges":0,"victory":false,"max_hp_per_floor":[80,80,80,80,80,80,80,80,80,80,80,80,80,80,80,80,80,80,80,80],"card_choices":[{"not_picked":["Hemokinesis","Clash","Reckless Charge"],"picked":"SKIP","floor":1},{"not_picked":["Spot Weakness","Pommel Strike"],"picked":"Power Through","floor":3},{"not_picked":["Sever Soul","Wild Strike","Clothesline"],"picked":"SKIP","floor":8},{"not_picked":["Power Through+1","Armaments+1","Iron Wave"],"picked":"SKIP","floor":12},{"not_picked":["Iron Wave","Wild Strike","Sword Boomerang"],"picked":"SKIP","floor":13},{"not_picked":["Thunderclap","Cleave"],"picked":"Shrug It Off+1","floor":14},{"not_picked":["Corruption","Reaper"],"picked":"Barricade","floor":16},{"not_picked":["Burning Pact+1","Iron Wave","Shrug It Off+1"],"picked":"SKIP","floor":18}],"player_experience":508863,"relics_obtained":[{"floor":7,"key":"Thread and Needle"},{"floor":9,"key":"Toxic Egg 2"}],"event_choices":[{"cards_removed":["Strike_R"],"damage_healed":0,"gold_gain":0,"player_choice":"Forget","damage_taken":0,"max_hp_gain":0,"max_hp_loss":0,"event_name":"Living Wall","floor":2,"gold_loss":0},{"cards_removed":["Writhe"],"damage_healed":0,"gold_gain":0,"player_choice":"Card Removal","damage_taken":0,"max_hp_gain":0,"max_hp_loss":0,"event_name":"The Cleric","floor":4,"gold_loss":50},{"damage_healed":0,"gold_gain":175,"player_choice":"AGREE","damage_taken":0,"max_hp_gain":0,"max_hp_loss":0,"event_name":"Liars Game","floor":5,"gold_loss":0,"cards_obtained":["Doubt"]}],"is_beta":true,"boss_relics":[{"not_picked":["Runic Cube","Black Star"],"picked":"SlaversCollar"}],"items_purged_floors":[],"is_endless":false,"potions_floor_spawned":[3,8,12],"killed_by":"2 Thieves","ascension_level":10}}