{"host":"ixl9a8gzl87gveif","time":1607577540,"event":{"gold_per_floor":[115,115,134,149,28,61,72,105,186,151,151,151,181,196,196,291,291,308,322,322,336,355,355,389,402,428,446,446,458,458,458],"floor_reached":30,"playtime":804,"items_purged":["Pain"],"score":314,"play_id":"d2868695-ebfa-4271-bd62-b88f64aced24","local_time":"20201210051900","is_ascension_mode":true,"campfire_choices":[{"data":"Lockon","floor":12,"key":"SMITH"},{"data":"Buffer","floor":15,"key":"SMITH"},{"data":"Darkness","floor":23,"key":"SMITH"}],"neow_cost":"NONE","seed_source_timestamp":390629572824200,"circlet_count":0,"master_deck":["Strike_B","Defend_B","Defend_B","Defend_B","Defend_B","Zap","Dualcast","Turbo","Redo","Lockon+1","Rebound","Reinforced Body","Doom and Gloom","Buffer+1","Doom and Gloom+1","Echo Form","Core Surge+1","Steam Power+1","Stack+1","Darkness+1","Biased Cognition","Chill+1","Coolheaded+1","Loop","Ball Lightning+1"],"relics":["Cracked Core","NeowsBlessing","WarpedTongs","Question Card","CaptainsWheel","Molten Egg 2","Astrolabe","Pantograph","Omamori","Nloth\u0027s Gift"],"potions_floor_usage":[24,24,30,30],"damage_taken":[{"damage":0,"enemies":"Jaw Worm","floor":1,"turns":1},{"damage":0,"enemies":"Cultist","floor":3,"turns":1},{"damage":0,"enemies":"Small Slimes","floor":4,"turns":1},{"damage":10,"enemies":"Gremlin Nob","floor":6,"turns":3},{"damage":2,"enemies":"Blue Slaver","floor":7,"turns":3},{"damage":13,"enemies":"Lagavulin","floor":8,"turns":6},{"damage":0,"enemies":"Gremlin Nob","floor":13,"turns":3},{"damage":7,"enemies":"Lots of Slimes","floor":14,"turns":2},{"damage":12,"enemies":"Slime Boss","floor":16,"turns":11},{"damage":0,"enemies":"Spheric Guardian","floor":18,"turns":3},{"damage":0,"enemies":"Chosen","floor":19,"turns":3},{"damage":29,"enemies":"Centurion and Healer","floor":21,"turns":4},{"damage":0,"enemies":"Sentry and Sphere","floor":22,"turns":5},{"damage":11,"enemies":"Gremlin Leader","floor":24,"turns":6},{"damage":0,"enemies":"Cultist and Chosen","floor":25,"turns":6},{"damage":5,"enemies":"Centurion and Healer","floor":27,"turns":6},{"damage":13,"enemies":"Snecko","floor":29,"turns":4},{"damage":24,"enemies":"Book of Stabbing","floor":30,"turns":4}],"seed_played":"-389087686281330424","potions_obtained":[{"floor":1,"key":"PotionOfCapacity"},{"floor":6,"key":"Block Potion"},{"floor":7,"key":"Strength Potion"},{"floor":13,"key":"AttackPotion"},{"floor":16,"key":"PowerPotion"},{"floor":25,"key":"Fire Potion"},{"floor":27,"key":"SkillPotion"}],"is_trial":false,"path_per_floor":["M","?","M","M","$","E","M","E","T","?","?","R","E","M","R","B",null,"M","M","?","M","M","R","E","M","T","M","?","M","E"],"character_chosen":"DEFECT","items_purchased":["Rebound"],"campfire_rested":0,"item_purchase_floors":[5],"current_hp_per_floor":[75,75,75,75,75,65,63,50,50,68,68,68,75,68,68,56,82,82,82,82,53,53,53,42,42,42,37,37,24,0,0],"gold":458,"neow_bonus":"THREE_ENEMY_KILL","is_prod":false,"is_daily":false,"chose_seed":false,"campfire_upgraded":3,"win_rate":0,"timestamp":1607577540,"path_taken":["M","?","?","M","$","E","M","E","T","?","?","R","E","M","R","BOSS","M","M","?","M","?","R","E","M","T","M","?","M","E"],"build_version":"2020-11-30","purchased_purges":1,"victory":false,"max_hp_per_floor":[75,75,75,75,75,75,75,75,75,75,75,75,82,82,82,82,82,82,82,82,82,82,82,82,82,82,82,82,82,82,82],"relic_stats":{"counters":[18,72],"Astrolabe":["Core Surge","Steam Power","Stack"],"Pantograph":0,"Nloth\u0027s Gift":0,"Question Card":13,"obtain_stats":[{"CaptainsWheel":8,"NeowsBlessing":0,"Strawberry":13,"Astrolabe":17,"Pantograph":24,"Molten Egg 2":9,"Omamori":26,"Nloth\u0027s Gift":28,"Cracked Core":0,"Question Card":6,"WarpedTongs":2},{"CaptainsWheel":6,"NeowsBlessing":0,"Strawberry":7,"Astrolabe":9,"Pantograph":14,"Molten Egg 2":6,"Omamori":15,"Nloth\u0027s Gift":16,"Cracked Core":0,"Question Card":4,"WarpedTongs":1},{"CaptainsWheel":15,"NeowsBlessing":0,"Strawberry":18,"Astrolabe":31,"Pantograph":52,"Molten Egg 2":15,"Omamori":58,"Nloth\u0027s Gift":64,"Cracked Core":0,"Question Card":6,"WarpedTongs":1}],"WarpedTongs":[68]},"card_choices":[{"not_picked":["Heatsinks","Coolheaded"],"picked":"Turbo","floor":1},{"not_picked":["Stack","Recycle"],"picked":"Redo","floor":3},{"not_picked":["Stack","Reinforced Body"],"picked":"Lockon","floor":4},{"not_picked":["Hologram","Scrape"],"picked":"Reinforced Body","floor":6},{"not_picked":["Redo","Ball Lightning","Recycle"],"picked":"Doom and Gloom","floor":7},{"not_picked":["Leap","Scrape","Streamline"],"picked":"Buffer","floor":8},{"not_picked":["Storm","Turbo","Heatsinks","Leap"],"picked":"SKIP","floor":13},{"not_picked":["Sweeping Beam+1","Tempest","Beam Cell+1"],"picked":"Doom and Gloom+1","floor":14},{"not_picked":["Buffer","Fission","Electrodynamics"],"picked":"Echo Form","floor":16},{"not_picked":["Redo","Reinforced Body","Turbo","Skim+1"],"picked":"SKIP","floor":18},{"not_picked":["Tempest","Compile Driver+1","Go for the Eyes+1"],"picked":"Darkness","floor":19},{"not_picked":["Barrage+1","Machine Learning","Ball Lightning+1"],"picked":"Chill+1","floor":21},{"not_picked":["Double Energy+1","Ball Lightning+1","Stack","Coolheaded"],"picked":"SKIP","floor":22},{"not_picked":["Sweeping Beam+1","Compile Driver+1","Streamline+1","Reprogram+1"],"picked":"SKIP","floor":24},{"not_picked":["Go for the Eyes+1","Double Energy","Barrage+1"],"picked":"Coolheaded+1","floor":25},{"not_picked":["Glacier","Cold Snap+1","Blizzard+1"],"picked":"Loop","floor":27},{"not_picked":["Redo","Heatsinks+1","Sweeping Beam+1"],"picked":"Ball Lightning+1","floor":29}],"player_experience":346505,"relics_obtained":[{"floor":6,"key":"Question Card"},{"floor":8,"key":"CaptainsWheel"},{"floor":9,"key":"Molten Egg 2"},{"floor":13,"key":"Strawberry"},{"floor":24,"key":"Pantograph"},{"floor":26,"key":"Omamori"}],"event_choices":[{"damage_healed":0,"gold_gain":0,"player_choice":"Rummage","damage_taken":0,"relics_obtained":["WarpedTongs"],"max_hp_gain":0,"max_hp_loss":0,"event_name":"Accursed Blacksmith","floor":2,"gold_loss":0,"cards_obtained":["Pain"]},{"damage_healed":18,"gold_gain":0,"player_choice":"Healed","damage_taken":0,"max_hp_gain":0,"max_hp_loss":0,"event_name":"The Cleric","floor":10,"gold_loss":35},{"damage_healed":0,"gold_gain":0,"player_choice":"Searched \u00271\u0027 times","damage_taken":0,"max_hp_gain":0,"max_hp_loss":0,"event_name":"Dead Adventurer","floor":11,"gold_loss":0},{"damage_healed":0,"gold_gain":0,"player_choice":"1 cards matched","damage_taken":0,"max_hp_gain":0,"max_hp_loss":0,"event_name":"Match and Keep!","floor":20,"gold_loss":0,"cards_obtained":["Biased Cognition"]},{"damage_healed":0,"gold_gain":0,"player_choice":"Traded Relic","damage_taken":0,"relics_obtained":["Nloth\u0027s Gift"],"max_hp_gain":0,"max_hp_loss":0,"event_name":"N\u0027loth","floor":28,"relics_lost":["Strawberry"],"gold_loss":0}],"is_beta":false,"boss_relics":[{"not_picked":["Velvet Choker","Fusion Hammer"],"picked":"Astrolabe"}],"items_purged_floors":[5],"is_endless":false,"potions_floor_spawned":[1,6,7,13,16,21,25,27,29],"killed_by":"Book of Stabbing","ascension_level":1}}