{"host":"reugk9pd1uotrglt","time":1607560105,"event":{"gold_per_floor":[128,78,102,130,130,170,170,206,206,206,38,38,103,103,103,185,185,185,165,165,165,165,165,165,165,165,165,165,165,165,165,165,165,165,165,165,165,165,165,165,165,165,165,165,165,165,165,165,165,165,165],"floor_reached":52,"playtime":2075,"items_purged":["Strike_G","Strike_G"],"score":2757,"play_id":"c165ac86-223c-4874-a6e6-f83342c3b618","local_time":"20201210012825","is_ascension_mode":true,"campfire_choices":[{"data":"Neutralize","floor":7,"key":"SMITH"},{"data":"Footwork","floor":10,"key":"SMITH"},{"data":"Noxious Fumes","floor":12,"key":"SMITH"},{"floor":15,"key":"DIG"},{"floor":23,"key":"DIG"},{"floor":25,"key":"DIG"},{"floor":27,"key":"DIG"},{"floor":29,"key":"DIG"},{"floor":32,"key":"DIG"},{"floor":41,"key":"REST"},{"floor":46,"key":"DIG"},{"floor":49,"key":"REST"}],"neow_cost":"","seed_source_timestamp":253520405850100,"circlet_count":0,"master_deck":["AscendersBane","Strike_G","Strike_G","Defend_G","Defend_G","Defend_G","Defend_G+1","Defend_G+1","Survivor","Neutralize+1","Footwork+1","Tactician","Dagger Throw","Dagger Spray","Dagger Throw","Flying Knee","Finesse","Noxious Fumes+1","Underhanded Strike","Backflip","Escape Plan","PiercingWail","Underhanded Strike","Envenom+1","Backstab","After Image+1","Reflex","Calculated Gamble","Eviscerate","Backflip","Escape Plan","Envenom+1","Dagger Throw+1","A Thousand Cuts+1","Blur","Acrobatics+1"],"special_seed":0,"relics":["Ring of the Snake","Shovel","War Paint","CeramicFish","Ninja Scroll","Shuriken","Gremlin Horn","Bag of Marbles","Frozen Egg 2","Pen Nib","PreservedInsect","Tiny Chest","Toy Ornithopter","Ectoplasm","Boot","Thread and Needle","Snake Skull","Oddly Smooth Stone","Mercury Hourglass","WarpedTongs","Dream Catcher","Akabeko","HornCleat","Philosopher\u0027s Stone","Anchor","Bottled Tornado","Bottled Flame","Omamori","Happy Flower","Peace Pipe"],"potions_floor_usage":[6,16,33,50],"damage_taken":[{"damage":0.0,"enemies":"Cultist","floor":1.0,"turns":2.0},{"damage":0.0,"enemies":"Jaw Worm","floor":3.0,"turns":3.0},{"damage":0.0,"enemies":"2 Louse","floor":4.0,"turns":2.0},{"damage":11,"enemies":"Lagavulin","floor":6,"turns":5},{"damage":0,"enemies":"3 Sentries","floor":8,"turns":4},{"damage":0,"enemies":"Gremlin Nob","floor":13,"turns":3},{"damage":0,"enemies":"Hexaghost","floor":16,"turns":6},{"damage":0,"enemies":"3 Byrds","floor":18,"turns":4},{"damage":0,"enemies":"2 Thieves","floor":19,"turns":2},{"damage":14,"enemies":"Snake Plant","floor":20,"turns":4},{"damage":9,"enemies":"Shelled Parasite and Fungi","floor":21,"turns":4},{"damage":0,"enemies":"Gremlin Leader","floor":24,"turns":2},{"damage":0,"enemies":"Cultist and Chosen","floor":30,"turns":2},{"damage":11,"enemies":"Champ","floor":33,"turns":9},{"damage":0,"enemies":"3 Darklings","floor":35,"turns":1},{"damage":4,"enemies":"Orb Walker","floor":38,"turns":3},{"damage":21,"enemies":"Giant Head","floor":40,"turns":5},{"damage":0,"enemies":"Nemesis","floor":42,"turns":3},{"damage":0,"enemies":"Reptomancer","floor":44,"turns":1},{"damage":0,"enemies":"Transient","floor":45,"turns":6},{"damage":0,"enemies":"Jaw Worm Horde","floor":47,"turns":2},{"damage":0,"enemies":"Spire Growth","floor":48,"turns":2},{"damage":27,"enemies":"Time Eater","floor":50,"turns":7},{"damage":38,"enemies":"Awakened One","floor":51,"turns":9}],"seed_played":"7446911505196230156","potions_obtained":[{"floor":3.0,"key":"GamblersBrew"},{"floor":6,"key":"Block Potion"},{"floor":13,"key":"FairyPotion"},{"floor":20,"key":"LiquidBronze"},{"floor":21,"key":"Regen Potion"},{"floor":40,"key":"ColorlessPotion"}],"is_trial":false,"path_per_floor":["M","$","M","M","?","E","R","E","T","R","$","R","?","?","R","B",null,"M","M","M","M","?","R","E","R","T","R","?","R","M","T","R","B",null,"M","?","?","M","T","E","R","E","T","E","M","R","M","M","R","B","B",null],"character_chosen":"THE_SILENT","items_purchased":["Footwork","Shovel","Tactician","Dagger Throw","Dagger Spray","War Paint","Dagger Throw","CeramicFish","Ninja Scroll","Flying Knee","Shuriken","Finesse","Gremlin Horn","Noxious Fumes","Backflip","PreservedInsect"],"campfire_rested":2,"item_purchase_floors":[0,0,0,0,0,0,0,0,0,0,0,0,0,0,2,11],"current_hp_per_floor":[18,18,18,18,40,29,29,29,29,29,29,29,29,29,29,34,58,58,58,44,35,35,35,35,35,35,35,35,35,35,35,35,44,61,61,61,61,57,57,36,55,55,55,55,55,55,55,55,66,39,1],"gold":165,"neow_bonus":"","is_prod":false,"is_daily":false,"chose_seed":false,"campfire_upgraded":3,"win_rate":0,"timestamp":1607560105,"path_taken":["M","?","M","?","?","E","R","E","T","R","?","R","?","?","R","BOSS","M","M","M","M","?","R","E","R","T","R","?","R","M","?","R","BOSS","M","?","?","?","?","E","R","E","T","E","M","R","M","M","R","BOSS","BOSS"],"build_version":"2020-11-30","purchased_purges":2,"victory":true,"max_hp_per_floor":[66,66,66,66,66,66,66,66,66,66,66,66,66,66,66,66,66,66,66,66,66,66,66,66,66,66,66,66,66,66,66,66,66,66,66,66,66,66,66,66,66,66,66,66,66,66,66,66,66,66,66],"card_choices":[{"not_picked":["Dodge and Roll","Blade Dance"],"picked":"Underhanded Strike","floor":1.0},{"not_picked":["Dagger Spray","Eviscerate"],"picked":"Escape Plan","floor":3.0},{"not_picked":["Poisoned Stab","Backflip"],"picked":"PiercingWail","floor":4.0},{"not_picked":["Acrobatics","Poisoned Stab"],"picked":"Underhanded Strike","floor":6},{"not_picked":["Sucker Punch","Leg Sweep"],"picked":"Envenom+1","floor":8},{"not_picked":["Slice","Acrobatics"],"picked":"Backstab","floor":13},{"not_picked":["Wraith Form v2+1","A Thousand Cuts+1"],"picked":"After Image+1","floor":16},{"not_picked":["Deadly Poison","Flying Knee"],"picked":"Reflex","floor":18},{"not_picked":["Dodge and Roll","Dagger Throw"],"picked":"Calculated Gamble","floor":19},{"not_picked":["Burst","Underhanded Strike"],"picked":"Eviscerate","floor":20},{"not_picked":["Cloak And Dagger","Dodge and Roll","Flechettes"],"picked":"SKIP","floor":21},{"not_picked":["Finisher","Distraction"],"picked":"Backflip","floor":24},{"not_picked":["Poisoned Stab","Dagger Spray"],"picked":"Escape Plan","floor":30},{"not_picked":["Die Die Die","Night Terror"],"picked":"Envenom+1","floor":33},{"not_picked":["Prepared","Cloak And Dagger","Deadly Poison"],"picked":"SKIP","floor":35},{"not_picked":["Crippling Poison","Underhanded Strike"],"picked":"Dagger Throw+1","floor":38},{"not_picked":["Prepared","Dash","Sucker Punch"],"picked":"SKIP","floor":40},{"not_picked":["Bane","Escape Plan+1"],"picked":"A Thousand Cuts+1","floor":42},{"not_picked":["Cloak And Dagger","Tactician","Deflect"],"picked":"SKIP","floor":44},{"not_picked":["Blade Dance","Sucker Punch+1"],"picked":"Blur","floor":45},{"not_picked":["Flying Knee+1","Blade Dance","Crippling Poison"],"picked":"SKIP","floor":47},{"not_picked":["Endless Agony","Quick Slash"],"picked":"Acrobatics+1","floor":48}],"player_experience":1486715,"relics_obtained":[{"floor":6,"key":"Bag of Marbles"},{"floor":8,"key":"Frozen Egg 2"},{"floor":9,"key":"Pen Nib"},{"floor":13,"key":"Tiny Chest"},{"floor":15,"key":"Toy Ornithopter"},{"floor":23,"key":"Boot"},{"floor":24,"key":"Thread and Needle"},{"floor":25,"key":"Snake Skull"},{"floor":26,"key":"Oddly Smooth Stone"},{"floor":27,"key":"Mercury Hourglass"},{"floor":29,"key":"Dream Catcher"},{"floor":31,"key":"Akabeko"},{"floor":32,"key":"HornCleat"},{"floor":39,"key":"Anchor"},{"floor":40,"key":"Bottled Tornado"},{"floor":42,"key":"Bottled Flame"},{"floor":43,"key":"Omamori"},{"floor":44,"key":"Happy Flower"},{"floor":46,"key":"Peace Pipe"}],"event_choices":[{"damage_healed":22.0,"max_hp_gain":0.0,"max_hp_loss":0.0,"gold_gain":0.0,"event_name":"Big Fish","player_choice":"Banana","floor":5.0,"gold_loss":0.0,"damage_taken":0.0},{"damage_healed":0,"gold_gain":0,"player_choice":"Searched \u00271\u0027 times","damage_taken":0,"max_hp_gain":0,"max_hp_loss":0,"event_name":"Dead Adventurer","floor":13,"gold_loss":0},{"cards_removed":["Strike_G"],"damage_healed":0,"gold_gain":0,"player_choice":"Offered Basic","damage_taken":0,"max_hp_gain":0,"max_hp_loss":0,"event_name":"Bonfire Elementals","floor":14,"gold_loss":0},{"damage_healed":0,"gold_gain":0,"player_choice":"Ignored","damage_taken":0,"max_hp_gain":0,"max_hp_loss":0,"event_name":"The Mausoleum","floor":22,"gold_loss":0},{"damage_healed":0,"gold_gain":0,"player_choice":"Rummage","damage_taken":0,"relics_obtained":["WarpedTongs"],"max_hp_gain":0,"max_hp_loss":0,"event_name":"Accursed Blacksmith","floor":28,"gold_loss":0,"cards_obtained":["Pain"]},{"damage_healed":0,"gold_gain":0,"player_choice":"Ignored","damage_taken":0,"max_hp_gain":0,"max_hp_loss":0,"event_name":"Tomb of Lord Red Mask","floor":36,"gold_loss":0},{"cards_removed":["Pain"],"damage_healed":0,"gold_gain":0,"player_choice":"Purged","damage_taken":0,"max_hp_gain":0,"max_hp_loss":0,"event_name":"Purifier","floor":37,"gold_loss":0}],"is_beta":false,"boss_relics":[{"not_picked":["Velvet Choker","Runic Dome"],"picked":"Ectoplasm"},{"not_picked":["Black Star","Empty Cage"],"picked":"Philosopher\u0027s Stone"}],"items_purged_floors":[0,0],"is_endless":false,"potions_floor_spawned":[3,6,13,20,21,30,40,42,44,47,48],"ascension_level":20}}