{"host":"m6aaltr68g9tvoay","time":1607632151,"event":{"mods":["BaseMod","StSLib","Colored Map","AchievementEnabler","Minty Spire (QoL Compilation)"],"gold_per_floor":[116,127,52,64,64,64,76,76,76,20,20,33,67,84,84,161,161,180,180,156,6,6,6,6,6],"floor_reached":24,"playtime":575,"items_purged":[],"score":372,"play_id":"ea741b0a-ac41-4bdc-aef5-6dba5b7409bc","local_time":"20201210122911","is_ascension_mode":true,"campfire_choices":[{"data":"Cleave","floor":6.0,"key":"SMITH"},{"data":"Clothesline","floor":8.0,"key":"SMITH"},{"data":"Demon Form","floor":15.0,"key":"SMITH"},{"floor":23,"key":"REST"}],"circlet_count":0,"master_deck":["AscendersBane","Strike_R+1","Strike_R+1","Strike_R+1","Defend_R+1","Defend_R+1","Defend_R+1","Defend_R+1","Bash","Sword Boomerang","Cleave+1","Wild Strike","Ghostly Armor","Clothesline+1","Shrug It Off","Armaments","Demon Form+1","Feed","Disarm","Pummel","Fiend Fire"],"special_seed":0,"relics":["Burning Blood","Ornamental Fan","Blue Candle","SlaversCollar"],"acts_visited":["Exordium","TheCity"],"potions_floor_usage":[20],"damage_taken":[{"damage":4.0,"enemies":"Small Slimes","floor":1.0,"turns":4.0},{"damage":1.0,"enemies":"Cultist","floor":2.0,"turns":3.0},{"damage":8.0,"enemies":"2 Louse","floor":4.0,"turns":3.0},{"damage":0.0,"enemies":"2 Fungi Beasts","floor":7.0,"turns":3.0},{"damage":9.0,"enemies":"Looter","floor":12.0,"turns":3.0},{"damage":15.0,"enemies":"Lagavulin","floor":13.0,"turns":5.0},{"damage":12.0,"enemies":"Exordium Wildlife","floor":14.0,"turns":4.0},{"damage":38.0,"enemies":"The Guardian","floor":16.0,"turns":8.0},{"damage":54,"enemies":"Spheric Guardian","floor":18,"turns":7},{"damage":13,"enemies":"2 Thieves","floor":20,"turns":4},{"damage":40,"enemies":"Gremlin Leader","floor":24,"turns":5}],"seed_played":"-8150711995886343832","potions_obtained":[{"floor":2.0,"key":"BlessingOfTheForge"},{"floor":4.0,"key":"EssenceOfSteel"},{"floor":13.0,"key":"Regen Potion"},{"floor":14.0,"key":"SteroidPotion"},{"floor":18,"key":"Block Potion"}],"is_trial":false,"path_per_floor":["M","M","?","M","$","R","M","R","T","$","?","M","E","M","R","B",null,"M","?","M","$","?","R","E"],"character_chosen":"IRONCLAD","items_purchased":["Shrug It Off","Pummel","Fiend Fire"],"campfire_rested":1,"item_purchase_floors":[10,21,21],"current_hp_per_floor":[70,75,75,73,73,73,75,75,75,75,75,72,63,57,57,40,66,18,18,14,14,14,37,0,0],"gold":6,"neow_bonus":"THREE_CARDS","is_daily":false,"chose_seed":false,"campfire_upgraded":3,"win_rate":0,"timestamp":1607632151,"path_taken":["M","M","?","M","$","R","M","R","T","$","?","?","E","M","R","BOSS","M","?","M","$","?","R","E"],"build_version":"2020-11-30","purchased_purges":0,"victory":false,"max_hp_per_floor":[75,75,75,75,75,75,75,75,75,75,75,75,75,75,75,75,75,75,75,78,78,78,78,78,78],"card_choices":[{"not_picked":["Second Wind","Anger"],"picked":"Sword Boomerang","floor":0.0},{"not_picked":["Armaments","Reckless Charge"],"picked":"Cleave","floor":1.0},{"not_picked":["Metallicize","Havoc"],"picked":"Wild Strike","floor":2.0},{"not_picked":["Warcry","Burning Pact"],"picked":"Ghostly Armor","floor":4.0},{"not_picked":["Anger","Warcry"],"picked":"Clothesline","floor":7.0},{"not_picked":["Cleave","Clash","Shrug It Off"],"picked":"SKIP","floor":12.0},{"not_picked":["Shrug It Off","Twin Strike"],"picked":"Demon Form","floor":13.0},{"not_picked":["Body Slam","Shrug It Off","Cleave"],"picked":"SKIP","floor":14.0},{"not_picked":["Berserk","Bludgeon"],"picked":"Feed","floor":16.0},{"not_picked":["Flex","Sword Boomerang"],"picked":"Disarm","floor":18},{"not_picked":["Second Wind","Iron Wave","Body Slam"],"picked":"SKIP","floor":20}],"player_experience":1209535,"relics_obtained":[{"floor":9.0,"key":"Ornamental Fan"},{"floor":13.0,"key":"Blue Candle"}],"event_choices":[{"cards_removed":["Strike_R"],"damage_healed":0.0,"max_hp_gain":0.0,"max_hp_loss":0.0,"gold_gain":0.0,"event_name":"The Cleric","player_choice":"Card Removal","floor":3.0,"gold_loss":75.0,"damage_taken":0.0},{"damage_healed":0.0,"max_hp_gain":0.0,"max_hp_loss":0.0,"gold_gain":0.0,"cards_transformed":["Strike_R"],"event_name":"Transmorgrifier","player_choice":"Transformed","floor":11.0,"gold_loss":0.0,"damage_taken":0.0,"cards_obtained":["Armaments"]},{"damage_healed":0,"gold_gain":0,"player_choice":"Simplicity","damage_taken":0,"max_hp_gain":0,"max_hp_loss":0,"event_name":"Back to Basics","floor":19,"gold_loss":0,"cards_upgraded":["Strike_R","Strike_R","Strike_R","Defend_R","Defend_R","Defend_R","Defend_R"]},{"damage_healed":0,"gold_gain":0,"player_choice":"Ignored","damage_taken":0,"max_hp_gain":0,"max_hp_loss":0,"event_name":"Vampires","floor":22,"gold_loss":0}],"is_beta":false,"boss_relics":[{"not_picked":["Runic Pyramid","Ectoplasm"],"picked":"SlaversCollar"}],"items_purged_floors":[],"is_endless":false,"potions_floor_spawned":[2,4,13,14,18],"killed_by":"Gremlin Leader","ascension_level":18}}