{"host":"ep8kbvo88bv3k2ot","time":1607616526,"event":{"mods":["BaseMod","AchievementEnabler","Colored Powertips","Minty Spire (QoL Compilation)","Permanent Neow","StSLib","Better Note"],"gold_per_floor":[113,125,125,143,30,30,71,71,71,84,97,97,97,112,112,233,233,247,262,262,362,362,403,16,16,16],"floor_reached":25,"playtime":2688,"items_purged":["Strike_B","Ball Lightning"],"score":287,"play_id":"eda85a1c-8a9b-46de-8271-de87c9b90de1","local_time":"20201210170846","is_ascension_mode":true,"campfire_choices":[{"floor":6,"key":"REST"},{"data":"Dualcast","floor":8,"key":"SMITH"},{"floor":15,"key":"REST"}],"circlet_count":0,"master_deck":["Zap+1","Dualcast+1","Defragment","Seek","Turbo","Echo Form","Rip and Tear+1","Tempest","White Noise","Rainbow","Lockon+1","Compile Driver","Auto Shields","Amplify","Multi-Cast"],"relics":["Cracked Core","Golden Idol","Unceasing Top","Gremlin Horn","Pandora\u0027s Box","Whetstone","Cables"],"acts_visited":["Exordium","TheCity"],"potions_floor_usage":[16,16,16,23,25],"damage_taken":[{"damage":1,"enemies":"Cultist","floor":1,"turns":3},{"damage":2,"enemies":"Jaw Worm","floor":2,"turns":3},{"damage":2,"enemies":"2 Louse","floor":4,"turns":2},{"damage":16,"enemies":"Gremlin Nob","floor":7,"turns":3},{"damage":22,"enemies":"Exordium Thugs","floor":10,"turns":3},{"damage":2,"enemies":"Looter","floor":11,"turns":3},{"damage":0,"enemies":"3 Louse","floor":14,"turns":2},{"damage":24,"enemies":"The Guardian","floor":16,"turns":10},{"damage":12,"enemies":"3 Byrds","floor":18,"turns":3},{"damage":6,"enemies":"Spheric Guardian","floor":19,"turns":3},{"damage":43,"enemies":"Gremlin Leader","floor":23,"turns":6},{"damage":0,"enemies":"Slavers","floor":25,"turns":1}],"seed_played":"-1399973266566448428","potions_obtained":[{"floor":1,"key":"ColorlessPotion"},{"floor":2,"key":"FearPotion"},{"floor":7,"key":"SneckoOil"},{"floor":18,"key":"Strength Potion"}],"is_trial":false,"path_per_floor":["M","M","?","M","$","R","E","R","T","M","M","?","$","M","R","B",null,"M","M","?","?","?","E","$","E"],"character_chosen":"DEFECT","items_purchased":["Defragment","Cables","FocusPotion"],"campfire_rested":2,"item_purchase_floors":[5,24,24],"current_hp_per_floor":[67,65,47,45,45,67,51,51,51,29,27,27,27,27,49,25,63,51,45,45,45,45,2,2,2,2],"gold":16,"neow_bonus":"UPGRADE_CARD","is_daily":false,"chose_seed":false,"campfire_upgraded":1,"win_rate":0,"timestamp":1607616526,"path_taken":["M","?","?","M","?","R","E","R","T","?","M","?","?","?","R","BOSS","M","M","?","?","?","E","$","E"],"build_version":"2020-11-30","purchased_purges":2,"victory":false,"max_hp_per_floor":[75,75,75,75,75,75,75,75,75,75,75,75,75,75,75,75,75,75,75,75,75,75,75,75,75,75],"card_choices":[{"not_picked":["Chaos","Sweeping Beam","Undo"],"picked":"SKIP","floor":1},{"not_picked":["Rebound","Steam"],"picked":"Ball Lightning","floor":2},{"not_picked":["Doom and Gloom","Recycle","Consume"],"picked":"SKIP","floor":4},{"not_picked":["Gash","Streamline","Recycle"],"picked":"SKIP","floor":7},{"not_picked":["Scrape","Coolheaded","Sweeping Beam"],"picked":"SKIP","floor":10},{"not_picked":["Darkness","Leap"],"picked":"Seek","floor":11},{"not_picked":["Self Repair","Heatsinks"],"picked":"Turbo","floor":14},{"not_picked":["Core Surge","Machine Learning"],"picked":"Echo Form","floor":16},{"not_picked":["Streamline","Sweeping Beam"],"picked":"Compile Driver","floor":18},{"not_picked":["Undo","Cold Snap"],"picked":"Auto Shields","floor":19},{"not_picked":["Reinforced Body","Rip and Tear+1"],"picked":"Multi-Cast","floor":23}],"player_experience":444577,"relics_obtained":[{"floor":7,"key":"Unceasing Top"},{"floor":9,"key":"Gremlin Horn"},{"floor":23,"key":"Whetstone"}],"event_choices":[{"damage_healed":0,"gold_gain":0,"player_choice":"Take Damage","damage_taken":18,"relics_obtained":["Golden Idol"],"max_hp_gain":0,"max_hp_loss":0,"event_name":"Golden Idol","floor":3,"gold_loss":0},{"cards_removed":["Strike_B"],"damage_healed":0,"gold_gain":0,"player_choice":"Offered Basic","damage_taken":0,"max_hp_gain":0,"max_hp_loss":0,"event_name":"Bonfire Elementals","floor":12,"gold_loss":0},{"damage_healed":0,"gold_gain":0,"player_choice":"1 cards matched","damage_taken":0,"max_hp_gain":0,"max_hp_loss":0,"event_name":"Match and Keep!","floor":20,"gold_loss":0,"cards_obtained":["Amplify"]},{"damage_healed":0,"gold_gain":100,"player_choice":"Pray","damage_taken":0,"max_hp_gain":0,"max_hp_loss":0,"event_name":"Golden Shrine","floor":21,"gold_loss":0},{"cards_removed":["Glacier"],"damage_healed":0,"gold_gain":0,"player_choice":"Purged","damage_taken":0,"max_hp_gain":0,"max_hp_loss":0,"event_name":"Purifier","floor":22,"gold_loss":0}],"is_beta":false,"boss_relics":[{"not_picked":["Nuclear Battery","Cursed Key"],"picked":"Pandora\u0027s Box"}],"items_purged_floors":[5,24],"is_endless":false,"potions_floor_spawned":[1,2,7,18],"killed_by":"Slavers","ascension_level":6}}