{"host":"g520aj7wy7fyc13m","time":1607585270,"event":{"gold_per_floor":[116,42,42,42,60,60,72,103,128,161,161,161,161,161,161,281,344,364,170,170,183,196,196,217,235,235,63,63,63,106,106,106,229,229,244,244,265,107,107,107,125,143,143,143,143,0,0,26,26,26,26,26,26,60,60],"floor_reached":56,"playtime":2922,"items_purged":["Strike_B","Strike_B","Strike_B+1"],"score":1219,"play_id":"d2c0eb01-bc89-4405-978d-b953977b879b","local_time":"20201210072750","is_ascension_mode":false,"campfire_choices":[{"data":"Chill","floor":6.0,"key":"SMITH"},{"data":"Self Repair","floor":11.0,"key":"SMITH"},{"data":"Dualcast","floor":13.0,"key":"SMITH"},{"floor":15.0,"key":"REST"},{"data":"Redo","floor":23,"key":"SMITH"},{"data":"Zap","floor":32,"key":"SMITH"},{"data":"aspiration:Polymerization","floor":40,"key":"SMITH"},{"data":"Loop","floor":44,"key":"SMITH"},{"data":"Capacitor","floor":49,"key":"SMITH"},{"data":"aspiration:Polymerization","floor":52,"key":"SMITH"}],"neow_cost":"NONE","seed_source_timestamp":0,"circlet_count":0,"master_deck":["Defend_B","Defend_B","Defend_B","Zap+1","Dualcast+1","aspiration:Polymerization+1","Chill+1","aspiration:Polymerization+1","Cold Snap","Self Repair+1","Doom and Gloom","Glacier","Consume+1","Defragment","Redo+1","Self Repair","Capacitor+1","Loop+1","Loop+1"],"special_seed":0,"relics":["Cracked Core","Toy Ornithopter","Happy Flower","Anchor","Darkstone Periapt","Golden Idol","Tiny House","Potion Belt","Pantograph","Nuclear Battery","HornCleat","Red Mask","aspiration:Lifesprig","aspiration:StickyExplosives"],"potions_floor_usage":[30,33,35,54],"damage_taken":[{"damage":5.0,"enemies":"Small Slimes","floor":1.0,"turns":4.0},{"damage":0.0,"enemies":"Cultist","floor":5.0,"turns":3.0},{"damage":3.0,"enemies":"Jaw Worm","floor":7.0,"turns":4.0},{"damage":29.0,"enemies":"Gremlin Nob","floor":8.0,"turns":5.0},{"damage":27.0,"enemies":"Lagavulin","floor":10.0,"turns":10.0},{"damage":49.0,"enemies":"The Guardian","floor":16.0,"turns":11.0},{"damage":15.0,"enemies":"3 Byrds","floor":18.0,"turns":6.0},{"damage":5,"enemies":"Shell Parasite","floor":21,"turns":8},{"damage":46,"enemies":"3 Cultists","floor":22,"turns":9},{"damage":5,"enemies":"Chosen and Byrds","floor":24,"turns":6},{"damage":0,"enemies":"Snecko","floor":25,"turns":5},{"damage":24,"enemies":"Gremlin Leader","floor":30,"turns":7},{"damage":17,"enemies":"Champ","floor":33,"turns":12},{"damage":28,"enemies":"3 Darklings","floor":35,"turns":14},{"damage":12,"enemies":"Orb Walker","floor":37,"turns":6},{"damage":29,"enemies":"3 Darklings","floor":41,"turns":9},{"damage":0,"enemies":"4 Shapes","floor":42,"turns":7},{"damage":25,"enemies":"Time Eater","floor":50,"turns":11},{"damage":8,"enemies":"Shield and Spear","floor":54,"turns":8},{"damage":46,"enemies":"The Heart","floor":55,"turns":11}],"seed_played":"-1065206896409241411","potions_obtained":[{"floor":5.0,"key":"SteroidPotion"},{"floor":8.0,"key":"blueLaboratory:FruitPreserves"},{"floor":10.0,"key":"EssenceOfSteel"},{"floor":17.0,"key":"blueLaboratory:SystemWipe"},{"floor":24,"key":"blueLaboratory:FrostheartPotion"},{"floor":25,"key":"ColorlessPotion"},{"floor":33,"key":"DuplicationPotion"},{"floor":35,"key":"FocusPotion"}],"is_trial":false,"path_per_floor":["M","$","?","$","M","R","M","E","T","E","R","?","R","?","R","B",null,"M","$","?","M","M","R","M","M","T","$","?","?","E","$","R","B",null,"M","?","M","$","?","R","M","M","T","R","$","?","?","T","R","B",null,"R","$","E","B",null],"character_chosen":"DEFECT","items_purchased":["Chill","Defragment","Redo","Self Repair","Loop"],"campfire_rested":1,"item_purchase_floors":[2,19,19,27,38],"current_hp_per_floor":[70,70,70,70,70,70,67,38,38,49,49,46,46,28,50,16,80,75,75,75,80,44,44,39,49,49,49,49,41,42,42,42,72,80,74,74,76,76,76,76,64,76,76,76,76,76,76,76,76,68,76,76,76,76,47],"gold":60,"neow_bonus":"REMOVE_CARD","is_prod":false,"is_daily":false,"chose_seed":false,"campfire_upgraded":9,"win_rate":0,"timestamp":1607585270,"path_taken":["M","$","?","$","?","R","M","E","T","E","R","?","R","?","R","BOSS","M","$","?","M","M","R","?","M","T","$","?","?","E","?","R","BOSS","M","?","M","$","?","R","?","M","T","R","$","?","?","?","R","BOSS","R","$","E","BOSS"],"build_version":"2020-11-30","purchased_purges":3,"victory":true,"max_hp_per_floor":[75,75,75,75,75,75,75,75,75,75,75,75,75,75,75,75,80,80,80,80,80,80,80,80,80,80,80,80,80,80,80,80,80,80,80,76,76,76,76,76,76,76,76,76,76,76,76,76,76,76,76,76,76,76,76],"card_choices":[{"not_picked":["Stack","Ball Lightning"],"picked":"aspiration:Polymerization","floor":1.0},{"not_picked":["Hologram","Ball Lightning"],"picked":"aspiration:Polymerization","floor":5.0},{"not_picked":["Rip and Tear","Stack"],"picked":"Cold Snap","floor":7.0},{"not_picked":["Reinforced Body","Go for the Eyes"],"picked":"Self Repair","floor":8.0},{"not_picked":["Skim","Turbo"],"picked":"Doom and Gloom","floor":10.0},{"not_picked":["Fission","Meteor Strike"],"picked":"Rainbow","floor":16.0},{"not_picked":["Beam Cell","Heatsinks"],"picked":"Glacier","floor":17.0},{"not_picked":["Tempest","Beam Cell"],"picked":"Consume+1","floor":18.0},{"not_picked":["Doom and Gloom","Stack","BootSequence+1"],"picked":"SKIP","floor":21},{"not_picked":["Melter+1","Turbo","Compile Driver"],"picked":"SKIP","floor":22},{"not_picked":["Steam","Coolheaded","Sweeping Beam"],"picked":"SKIP","floor":24},{"not_picked":["Hologram","Beam Cell","Aggregate"],"picked":"SKIP","floor":25},{"not_picked":["Lockon","Chaos","Rainbow"],"picked":"SKIP","floor":30},{"not_picked":["Steam+1","Scrape+1"],"picked":"Blizzard","floor":35},{"not_picked":["Ball Lightning","Hologram"],"picked":"Capacitor","floor":37},{"not_picked":["Reprogram","Steam"],"picked":"Loop+1","floor":41},{"not_picked":["Leap","Barrage+1","Compile Driver+1"],"picked":"SKIP","floor":42},{"not_picked":["Cold Snap+1","Sweeping Beam","Core Surge"],"picked":"SKIP","floor":54}],"player_experience":606065,"relics_obtained":[{"floor":8.0,"key":"Toy Ornithopter"},{"floor":9.0,"key":"Happy Flower"},{"floor":10.0,"key":"Anchor"},{"floor":26,"key":"Potion Belt"},{"floor":30,"key":"Pantograph"},{"floor":43,"key":"HornCleat"},{"floor":48,"key":"aspiration:Lifesprig"},{"floor":54,"key":"aspiration:StickyExplosives"}],"event_choices":[{"cards_removed":["Defend_B"],"damage_healed":0.0,"max_hp_gain":0.0,"max_hp_loss":0.0,"gold_gain":0.0,"event_name":"Bonfire Elementals","player_choice":"Offered Basic","floor":3.0,"gold_loss":0.0,"damage_taken":0.0},{"damage_healed":0.0,"max_hp_gain":0.0,"max_hp_loss":0.0,"gold_gain":0.0,"event_name":"betterThird:BetterScrap","player_choice":"Relic ","floor":12.0,"gold_loss":0.0,"damage_taken":3.0,"cards_obtained":["Sentinel"]},{"damage_healed":0.0,"max_hp_gain":0.0,"max_hp_loss":0.0,"gold_gain":0.0,"event_name":"Golden Idol","player_choice":"Take Damage","floor":14.0,"gold_loss":0.0,"damage_taken":18.0,"relics_obtained":["Golden Idol"]},{"damage_healed":0,"gold_gain":0,"player_choice":"Ignored","damage_taken":0,"max_hp_gain":0,"max_hp_loss":0,"event_name":"Accursed Blacksmith","floor":20,"gold_loss":0},{"damage_healed":0,"gold_gain":0,"player_choice":"Max HP","damage_taken":0,"max_hp_gain":0,"max_hp_loss":4,"event_name":"Winding Halls","floor":36,"gold_loss":0},{"cards_removed":["Rainbow"],"damage_healed":0,"gold_gain":0,"player_choice":"Purged","damage_taken":0,"max_hp_gain":0,"max_hp_loss":0,"event_name":"Purifier","floor":39,"gold_loss":0},{"damage_healed":0,"gold_gain":0,"player_choice":"Paid","damage_taken":0,"relics_obtained":["Red Mask"],"max_hp_gain":0,"max_hp_loss":0,"event_name":"Tomb of Lord Red Mask","floor":46,"gold_loss":143},{"cards_removed":["Blizzard"],"damage_healed":0,"gold_gain":0,"player_choice":"Removed Attack","damage_taken":0,"max_hp_gain":0,"max_hp_loss":0,"event_name":"Falling","floor":47,"gold_loss":0}],"is_beta":false,"boss_relics":[{"not_picked":["Fusion Hammer","Pandora\u0027s Box"],"picked":"Tiny House"},{"not_picked":["aspiration:MobileForge","aspiration:RunicSpoon"],"picked":"Nuclear Battery"}],"items_purged_floors":[19,27,38],"is_endless":false,"potions_floor_spawned":[5,8,10,24,25,33,35],"ascension_level":0}}