{"host":"lwwqbwdzs2rnn16y","time":1607640432,"event":{"mods":["BaseMod","Act Like it!","StSLib","Hallownest","Hermit","Jorbs\u0027s Wanderer Trilogy","Mad Scientist","Minty Spire (QoL Compilation)","Td1madao Mod","The Animator","The Bug Knight","The Cursed","The Necromancer","Prisma Mod","The Runesmith","[IsaacMod]????"],"gold_per_floor":[117,117,132,150,250,281,281,2,28,55,97,27,62,101,101,204,204,223,223,40,56,56,91,91,133,187,522,604,718,761,780,780,909,909,926,990,990,1150,114,114,143,83,83,83,101,131,145,174,174,274,274,274,19,53,130,130],"floor_reached":55,"playtime":4611,"items_purged":["TheCursedMod:Defend_TheCursed","TheCursedMod:Strike_TheCursed"],"score":1249,"play_id":"22860704-0501-4151-bb20-a3eb5531d890","local_time":"20201210194712","is_ascension_mode":true,"campfire_choices":[{"data":"EpicFetus","floor":7,"key":"SMITH"},{"data":"TheCursedMod:NeowsMight","floor":15,"key":"SMITH"},{"floor":24,"key":"RECALL"},{"data":"TheCursedMod:NeowsMight","floor":32,"key":"SMITH"},{"data":"TheCursedMod:SurpriseAttack","floor":40,"key":"SMITH"},{"data":"TheCursedMod:StunningStrike","floor":44,"key":"SMITH"},{"data":"TheCursedMod:CleanUpWorkshop","floor":49,"key":"SMITH"},{"data":"TheCursedMod:CursedRelics","floor":52,"key":"SMITH"}],"circlet_count":0,"master_deck":["TheCursedMod:Strike_TheCursed","TheCursedMod:Strike_TheCursed+1","TheCursedMod:Strike_TheCursed","TheCursedMod:Defend_TheCursed","TheCursedMod:Defend_TheCursed","TheCursedMod:CursedWand","TheCursedMod:CleanUpWorkshop+1","TheCursedMod:Dregs","EpicFetus+1","TheCursedMod:ReleasedStrength","TheCursedMod:CursedShiv","TheCursedMod:TacticalStrike","TheCursedMod:TacticalStrike","TheCursedMod:Hemoplague","TheCursedMod:NeowsMight+1","TheCursedMod:StunningStrike+1","TheCursedMod:FuryStrike","TheCursedMod:Wield","TheCursedMod:RapidMovement","TheCursedMod:StingEye","TheCursedMod:NeowsMight+1","TheCursedMod:CursedAmulet","TheCursedMod:SpitefulStrike","TheCursedMod:SpitefulStrike+1","TheCursedMod:CircleOfFlame+1","TheCursedMod:SurpriseAttack+1","TheCursedMod:OutForBlood","TheCursedMod:CursedBlade","Shame","TheCursedMod:SurpriseAttack+1","TheCursedMod:SpitefulPlan","TheCursedMod:AntiAging","TheCursedMod:CursedAmulet+1","TheCursedMod:SpitefulPray","TheCursedMod:RavingStaff+1","TheCursedMod:SpitefulStrike+1","TheCursedMod:Grudge+1","TheCursedMod:HellsGateOpen+1","TheCursedMod:CursedRelics+1","TheCursedMod:NeowsMight+1"],"relics":["TheCursedMod:BlackMagic101","HushsDoor","HowToJump","NeowsBlessing","The Courier","SalivaCoin","Art of War","PunchingBag","Hallownest:StagBellRelic1","Happy Flower","TheCursedMod:FourLeafCloverCharm","DeathBook","SteamSale","BelialBook","Pen Nib","Bag of Marbles","Old Coin","Runesmith:Nanobots","Philosopher\u0027s Stone","Turnip","Hallownest:GodTamersBeastRelic","Whetstone","Orichalcum","Ornamental Fan","Prayer Wheel","Gremlin Horn","BookOfRevelations","Peace Pipe","NineVolt","Frozen Egg 2","Anchor","Nunchaku","DollysMirror","Strawberry","Boot","GnawedLeaf"],"acts_visited":["Hallownest:Greenpath","Hallownest:CityofTears","Hallownest:KingdomsEdge","TheEnding"],"potions_floor_usage":[6,13,16,25,38,46,50,50,55,55,55],"damage_taken":[{"damage":0,"enemies":"Hallownest:monsterHuskWarrior","floor":1,"turns":2},{"damage":0,"enemies":"2_ Uuma","floor":3,"turns":1},{"damage":0,"enemies":"Hallownest:2_Baldur","floor":4,"turns":1},{"damage":28,"enemies":"Hallownest:eliteCrystalGuardian","floor":6,"turns":5},{"damage":1,"enemies":"Hallownest:Guard_and_Warrior","floor":10,"turns":3},{"damage":10,"enemies":"Hallownest:eliteMossKnight","floor":11,"turns":4},{"damage":0,"enemies":"Hallownest:eliteCrystalGuardian","floor":13,"turns":2},{"damage":8,"enemies":"Hallownest:1_Baldur_1_Crawlid_1_Warrior","floor":14,"turns":5},{"damage":1,"enemies":"Hallownest:BossFalseKnight","floor":16,"turns":5},{"damage":0,"enemies":"Hallownest:Guard_and_Sentry","floor":18,"turns":1},{"damage":0,"enemies":"Hallownest:2_Mistakes","floor":21,"turns":2},{"damage":1,"enemies":"Hallownest:eliteSoulWarrior","floor":23,"turns":3},{"damage":11,"enemies":"Hallownest:eliteWatcherKnight","floor":25,"turns":6},{"damage":0,"enemies":"Hallownest:eliteSoulWarrior","floor":27,"turns":2},{"damage":0,"enemies":"Hallownest:Glutton_and_Coward","floor":30,"turns":1},{"damage":0,"enemies":"Hallownest:Warrior_and_Youth","floor":31,"turns":3},{"damage":5,"enemies":"Hallownest:BossGrimm","floor":33,"turns":3},{"damage":0,"enemies":"Hallownest:Shield_Heavy","floor":35,"turns":2},{"damage":0,"enemies":"Hallownest:2_Primals","floor":36,"turns":1},{"damage":0,"enemies":"Hallownest:2_Primals","floor":38,"turns":1},{"damage":0,"enemies":"Hallownest:2_Primals","floor":38,"turns":3},{"damage":0,"enemies":"Hallownest:2_Primals","floor":38,"turns":1},{"damage":0,"enemies":"Hallownest:2_Primals","floor":38,"turns":2},{"damage":0,"enemies":"Hallownest:eliteCollector","floor":41,"turns":3},{"damage":0,"enemies":"Hallownest:3_Siblings","floor":45,"turns":1},{"damage":0,"enemies":"Hallownest:eliteHiveKnight","floor":46,"turns":2},{"damage":0,"enemies":"Hallownest:2_Soldiers_and_1_Guardian","floor":47,"turns":3},{"damage":0,"enemies":"Hallownest:StalkingDevout","floor":48,"turns":1},{"damage":0,"enemies":"Hallownest:Radiance","floor":50,"turns":6},{"damage":0,"enemies":"Shield and Spear","floor":54,"turns":2},{"damage":93,"enemies":"Delirium","floor":55,"turns":5}],"seed_played":"-1779441031910627577","potions_obtained":[{"floor":6,"key":"Fruit Juice"},{"floor":11,"key":"FearPotion"},{"floor":14,"key":"DistilledChaos"},{"floor":21,"key":"Energy Potion"},{"floor":23,"key":"ColorlessPotion"},{"floor":25,"key":"Fire Potion"},{"floor":35,"key":"Dexterity Potion"},{"floor":45,"key":"CultistPotion"},{"floor":46,"key":"Explosive Potion"},{"floor":50,"key":"Energy Potion"}],"is_trial":false,"path_per_floor":["M","T","M","M","?","E","R","$","T","M","E","?","E","M","R","B",null,"M","?","$","M","?","E","R","E","T","E","T","?","M","M","R","B",null,"M","?","?","?","$","R","E","$","T","R","M","E","M","E","R","B",null,"R","$","E","B"],"character_chosen":"THE_CURSED","items_purchased":["TheCursedMod:NeowsMight","TheCursedMod:StunningStrike","DeathBook","SteamSale","BelialBook","Whetstone","Orichalcum","TheCursedMod:SpitefulPray","DuplicationPotion","Ornamental Fan","Prayer Wheel","Gremlin Horn","BookOfRevelations","NineVolt","DollysMirror","Strawberry","Boot","AttackPotion"],"campfire_rested":0,"item_purchase_floors":[8,8,17,20,20,39,39,39,39,39,39,39,39,42,53,53,53,53],"current_hp_per_floor":[75,75,75,75,75,52,52,52,52,51,41,41,41,33,33,32,70,70,70,70,70,70,69,69,58,58,58,58,58,58,58,58,53,70,70,70,70,72,72,72,72,72,72,72,72,72,72,72,72,74,74,74,81,83,0,0],"gold":130,"neow_bonus":"THREE_ENEMY_KILL","is_daily":false,"chose_seed":false,"campfire_upgraded":7,"win_rate":0,"timestamp":1607640432,"path_taken":["M","?","?","M","?","E","R","$","T","M","E","?","E","M","R","BOSS","M","?","$","?","?","E","R","E","T","E","?","?","M","?","R","BOSS","M","?","?","?","$","R","E","?","T","R","?","E","M","E","R","BOSS","R","$","E","BOSS"],"build_version":"2020-11-30","purchased_purges":2,"victory":false,"max_hp_per_floor":[75,75,75,75,75,80,80,80,80,80,80,80,80,80,80,80,70,70,70,70,70,70,70,70,70,70,70,70,70,70,70,70,70,70,70,70,70,72,72,72,72,72,72,72,72,72,72,72,72,74,74,74,81,83,85,85],"card_choices":[{"not_picked":[],"picked":"EpicFetus","floor":0},{"not_picked":["TheCursedMod:CursedShiv","TheCursedMod:Torture"],"picked":"TheCursedMod:ReleasedStrength","floor":1},{"not_picked":["TheCursedMod:CircleOfCorruption","TheCursedMod:SpreadPlague"],"picked":"TheCursedMod:CursedShiv","floor":3},{"not_picked":["TheCursedMod:SpreadPlague","TheCursedMod:HellsGateOpen"],"picked":"TheCursedMod:TacticalStrike","floor":4},{"not_picked":["TheCursedMod:PrepareRite","TheCursedMod:SoulCrush"],"picked":"TheCursedMod:TacticalStrike","floor":5},{"not_picked":["TheCursedMod:ShockAndAwe","TheCursedMod:CursedStaff"],"picked":"TheCursedMod:Hemoplague","floor":6},{"not_picked":["TheCursedMod:AshesToAshes","TheCursedMod:CursedBlade"],"picked":"TheCursedMod:FuryStrike","floor":10},{"not_picked":["TheCursedMod:EmpowerCircles","TheCursedMod:Stretching"],"picked":"TheCursedMod:Wield","floor":11},{"not_picked":["TheCursedMod:Stretching","TheCursedMod:CircleOfCorruption"],"picked":"TheCursedMod:RapidMovement","floor":13},{"not_picked":["TheCursedMod:RapidMovement","TheCursedMod:TacticalStrike"],"picked":"TheCursedMod:StingEye","floor":14},{"not_picked":["TheCursedMod:ParallelWorld","TheCursedMod:DemonicPact"],"picked":"TheCursedMod:NeowsMight","floor":16},{"not_picked":["TheCursedMod:DoubleShield+1","TheCursedMod:CircleOfAmplification+1"],"picked":"TheCursedMod:CursedAmulet","floor":18},{"not_picked":["TheCursedMod:SpitefulPlan","TheCursedMod:ReleasedKnowledge"],"picked":"TheCursedMod:SpitefulStrike","floor":21},{"not_picked":["TheCursedMod:SoulCrush+1","TheCursedMod:CursedBlade+1"],"picked":"TheCursedMod:SpitefulStrike","floor":22},{"not_picked":["TheCursedMod:SpreadPlague","TheCursedMod:Evocation"],"picked":"TheCursedMod:CircleOfFlame+1","floor":22},{"not_picked":["TheCursedMod:Grudge+1","TheCursedMod:StingEye"],"picked":"TheCursedMod:SurpriseAttack+1","floor":23},{"not_picked":["TheCursedMod:PrepareRite","TheCursedMod:SpreadPlague"],"picked":"TheCursedMod:OutForBlood","floor":25},{"not_picked":["TheCursedMod:CursedStaff","TheCursedMod:Wield"],"picked":"TheCursedMod:CursedBlade","floor":27},{"not_picked":["TheCursedMod:Torture","TheCursedMod:CursedBlade"],"picked":"TheCursedMod:SurpriseAttack","floor":30},{"not_picked":["TheCursedMod:CursedShiv","TheCursedMod:AbyssShockwave"],"picked":"TheCursedMod:SpitefulPlan","floor":31},{"not_picked":["TheCursedMod:CollectTribute","TheCursedMod:DemonicPact"],"picked":"TheCursedMod:AntiAging","floor":33},{"not_picked":["TheCursedMod:CursedShiv+1","TheCursedMod:Obscuration"],"picked":"TheCursedMod:CursedAmulet+1","floor":35},{"not_picked":["TheCursedMod:Mangle+1","TheCursedMod:DoubleShield+1"],"picked":"TheCursedMod:RavingStaff+1","floor":41},{"not_picked":["TheCursedMod:Stigma+1","TheCursedMod:SurpriseAttack+1"],"picked":"TheCursedMod:SpitefulStrike+1","floor":45},{"not_picked":["TheCursedMod:WearCloak+1","TheCursedMod:CircleOfCorruption","TheCursedMod:SpreadPlague"],"picked":"SKIP","floor":45},{"not_picked":["TheCursedMod:Hemoplague+1","TheCursedMod:CircleOfCorruption"],"picked":"TheCursedMod:Grudge+1","floor":46},{"not_picked":["TheCursedMod:Torture","TheCursedMod:SpitefulStrike+1","TheCursedMod:CursedBlade+1"],"picked":"SKIP","floor":47},{"not_picked":["TheCursedMod:Wield","TheCursedMod:Stigma","TheCursedMod:CircleOfFocus"],"picked":"SKIP","floor":47},{"not_picked":["TheCursedMod:CursedShiv","TheCursedMod:SpreadPlague"],"picked":"TheCursedMod:HellsGateOpen+1","floor":48},{"not_picked":["TheCursedMod:CollectTribute+1","TheCursedMod:ManaCirculation+1"],"picked":"TheCursedMod:CursedRelics","floor":50},{"not_picked":["TheCursedMod:BloodBarrier","TheCursedMod:CircleOfBlood","TheCursedMod:RavingStaff"],"picked":"SKIP","floor":54}],"player_experience":435443,"relics_obtained":[{"floor":2,"key":"The Courier"},{"floor":6,"key":"SalivaCoin"},{"floor":9,"key":"Art of War"},{"floor":11,"key":"PunchingBag"},{"floor":13,"key":"Happy Flower"},{"floor":23,"key":"Pen Nib"},{"floor":25,"key":"Bag of Marbles"},{"floor":27,"key":"Old Coin"},{"floor":28,"key":"Runesmith:Nanobots"},{"floor":36,"key":"Turnip"},{"floor":41,"key":"Peace Pipe"},{"floor":43,"key":"Frozen Egg 2"},{"floor":46,"key":"Anchor"},{"floor":48,"key":"Nunchaku"},{"floor":54,"key":"GnawedLeaf"}],"event_choices":[],"is_beta":false,"boss_relics":[{"not_picked":["Ectoplasm","TheCursedMod:BlackMagicAdvanced"],"picked":"TheCursedMod:FourLeafCloverCharm"},{"not_picked":[]},{"not_picked":["Busted Crown","Astrolabe"],"picked":"Philosopher\u0027s Stone"},{"not_picked":[]}],"items_purged_floors":[8,39],"is_endless":false,"potions_floor_spawned":[6,11,14,21,23,25,35,38,38,45,46,50],"killed_by":"Delirium","ascension_level":1}}