{"host":"3j2m8n0ywf988fwb","time":1607578495,"event":{"gold_per_floor":[109,109,127,127,144,144,176,193,247,279,279,229,11,48,48,158,158,191,191,191,191,19,19,29,29,84,86,86],"floor_reached":27,"playtime":1653,"items_purged":["Strike_G","ReplayTheSpireMod:Shiv Toss"],"score":307,"play_id":"64532d0e-27e8-4ea6-bd09-44bbb61be75a","local_time":"20201209233455","is_ascension_mode":true,"campfire_choices":[{"data":"StuffTheSpire:BrimstoneBlast","floor":6.0,"key":"SMITH"},{"floor":15.0,"key":"REST"},{"data":"Draining Mist","floor":23,"key":"SMITH"},{"floor":25,"key":"REST"}],"neow_cost":"NONE","seed_source_timestamp":0,"circlet_count":0,"master_deck":["Strike_G","Defend_G","Defend_G","Defend_G","Defend_G","Defend_G","Survivor","Neutralize","StuffTheSpire:BrimstoneBlast+1","jedi:acidrain","Crippling Poison","Prepared","Draining Mist+1","Corpse Explosion","conspire:SpireCoStock","Outmaneuver","Envenom","Poisoned Stab+1","Dash","Distraction","jedi:studypoison","StuffTheSpire:Injection+1"],"special_seed":0,"relics":["Ring of the Snake","NeowsBlessing","hubris:Towel","Akabeko","Juzu Bracelet","Pen Nib","Blue Doll","energizedSpire:OgreHead","Kunai","hubris:TinFlute"],"potions_floor_usage":[27],"damage_taken":[{"damage":0.0,"enemies":"Jaw Worm","floor":1.0,"turns":1.0},{"damage":0.0,"enemies":"Cultist","floor":3.0,"turns":1.0},{"damage":0.0,"enemies":"Small Slimes","floor":5.0,"turns":1.0},{"damage":24.0,"enemies":"Gremlin Nob","floor":7.0,"turns":4.0},{"damage":2.0,"enemies":"2 Fungi Beasts","floor":8.0,"turns":2.0},{"damage":15.0,"enemies":"HollowMod:MossKnight","floor":10.0,"turns":8.0},{"damage":1.0,"enemies":"Red Slaver","floor":14.0,"turns":4.0},{"damage":37.0,"enemies":"The Guardian","floor":16.0,"turns":10.0},{"damage":32,"enemies":"Shell Parasite","floor":18,"turns":8},{"damage":9,"enemies":"Spheric Guardian","floor":24,"turns":4},{"damage":5,"enemies":"Centurion and Healer","floor":26,"turns":6},{"damage":30,"enemies":"Slavers","floor":27,"turns":5}],"seed_played":"2116376493656004136","potions_obtained":[{"floor":1.0,"key":"Fire Potion"},{"floor":3.0,"key":"Fire Potion"},{"floor":8.0,"key":"Adrenaline Potion"},{"floor":14.0,"key":"AttackPotion"},{"floor":21,"key":"LiquidMemories"},{"floor":21,"key":"Toxic Potion"},{"floor":21,"key":"Cursed Concoction"}],"is_trial":false,"path_per_floor":["M","?","M","?","M","R","E","M","T","E","?","?","$","M","R","B",null,"M","?","?","?","$","R","M","R","MIM","E"],"character_chosen":"THE_SILENT","items_purchased":["Blue Doll","jedi:studypoison"],"campfire_rested":2,"item_purchase_floors":[13,22],"current_hp_per_floor":[63,63,63,63,63,63,39,37,37,22,22,22,22,21,42,5,54,22,22,22,22,22,22,13,34,29,0,0],"gold":86,"neow_bonus":"THREE_ENEMY_KILL","is_prod":false,"is_daily":false,"chose_seed":false,"campfire_upgraded":2,"win_rate":0,"timestamp":1607578495,"path_taken":["M","?","M","?","?","R","E","M","T","E","?","?","$","M","R","BOSS","M","?","?","?","$","R","M","R","MIM","E"],"build_version":"2020-11-30","purchased_purges":2,"victory":false,"max_hp_per_floor":[70,70,70,70,70,70,70,70,70,70,70,70,70,70,70,70,70,70,70,70,70,70,70,70,70,70,70,70],"relic_stats":{"counters":[12,54],"Pen Nib":[3],"Juzu Bracelet":1,"Kunai":[0],"obtain_stats":[{"NeowsBlessing":0,"Blue Doll":13,"Pen Nib":10,"Juzu Bracelet":9,"energizedSpire:OgreHead":17,"Kunai":26,"hubris:Towel":2,"Akabeko":7,"hubris:TinFlute":26,"Ring of the Snake":0},{"NeowsBlessing":0,"Blue Doll":6,"Pen Nib":6,"Juzu Bracelet":5,"energizedSpire:OgreHead":8,"Kunai":11,"hubris:Towel":1,"Akabeko":4,"hubris:TinFlute":11,"Ring of the Snake":0},{"NeowsBlessing":0,"Blue Doll":17,"Pen Nib":17,"Juzu Bracelet":9,"energizedSpire:OgreHead":31,"Kunai":49,"hubris:Towel":1,"Akabeko":7,"hubris:TinFlute":49,"Ring of the Snake":0}],"Ring of the Snake":[24]},"card_choices":[{"not_picked":["Sneak Up","StuffTheSpire:Shiver"],"picked":"StuffTheSpire:BrimstoneBlast","floor":1.0},{"not_picked":["StuffTheSpire:Python","Endless Agony"],"picked":"jedi:acidrain","floor":3.0},{"not_picked":["Poisoned Stab","PiercingWail"],"picked":"Crippling Poison","floor":5.0},{"not_picked":["Poisoned Stab","Escape Plan"],"picked":"Prepared","floor":7.0},{"not_picked":["Flechettes","ReplayTheSpireMod:Scrap Shanks","Hidden Blade"],"picked":"SKIP","floor":8.0},{"not_picked":["hubris:SlightOfHand","PiercingWail"],"picked":"Draining Mist","floor":10.0},{"not_picked":["Infinite Blades","Backflip"],"picked":"Outmaneuver","floor":14.0},{"not_picked":["StuffTheSpire:FinalStruggle","Glass Knife"],"picked":"Envenom","floor":16.0},{"not_picked":["ReplayTheSpireMod:The Works","Dodge and Roll+1"],"picked":"Poisoned Stab+1","floor":18},{"not_picked":["Grand Finale","Distraction+1"],"picked":"StuffTheSpire:Injection+1","floor":24}],"player_experience":956188,"relics_obtained":[{"floor":7.0,"key":"Akabeko"},{"floor":9.0,"key":"Juzu Bracelet"},{"floor":10.0,"key":"Pen Nib"},{"floor":26,"key":"Kunai"},{"floor":26,"key":"hubris:TinFlute"}],"event_choices":[{"damage_healed":0.0,"max_hp_gain":0.0,"max_hp_loss":0.0,"gold_gain":0.0,"cards_transformed":["Strike_G"],"event_name":"Transmorgrifier","player_choice":"Transformed","floor":4.0,"gold_loss":0.0,"damage_taken":0.0,"cards_obtained":["Terror"]},{"damage_healed":0.0,"max_hp_gain":0.0,"max_hp_loss":0.0,"gold_gain":0.0,"cards_transformed":["Terror"],"event_name":"Living Wall","player_choice":"Change","floor":11.0,"gold_loss":0.0,"damage_taken":0.0,"cards_obtained":["Corpse Explosion"]},{"damage_healed":0.0,"max_hp_gain":0.0,"max_hp_loss":0.0,"gold_gain":0.0,"event_name":"conspire:Investor","player_choice":"Invest 1","floor":12.0,"gold_loss":0.0,"damage_taken":0.0},{"cards_removed":["Neutralize"],"damage_healed":0,"gold_gain":0,"player_choice":"Take \u0026 Give","damage_taken":0,"max_hp_gain":0,"max_hp_loss":0,"event_name":"betterNote:BetterNote","floor":19,"gold_loss":0,"cards_obtained":["Dash"]},{"damage_healed":0,"gold_gain":0,"cards_transformed":["Strike_G","Strike_G"],"player_choice":"Became Test Subject","damage_taken":0,"max_hp_gain":0,"max_hp_loss":0,"event_name":"Drug Dealer","floor":20,"gold_loss":0,"cards_obtained":["Distraction","ReplayTheSpireMod:Shiv Toss"]},{"damage_healed":0,"gold_gain":0,"player_choice":"Got Potions","damage_taken":0,"max_hp_gain":0,"max_hp_loss":0,"event_name":"Lab","floor":21,"gold_loss":0}],"is_beta":false,"boss_relics":[{"not_picked":["energizedSpire:HugeHouse","aspiration:RunesmithSkillbook"],"picked":"energizedSpire:OgreHead"}],"items_purged_floors":[13,22],"is_endless":false,"potions_floor_spawned":[1,3,8,14],"killed_by":"Slavers","ascension_level":8}}