{"host":"q9718omregw4er46","time":1607622251,"event":{"mods":["BaseMod","Bestiary","Colored Powertips","Highlight Path","Minty Spire (QoL Compilation)","Quick Restart","Relic Stats"],"gold_per_floor":[20,39,39,59,71,71,17,17,85,116,116,148,148,179,179,256,256,267,267,283,295,307,307,307,307],"floor_reached":24,"playtime":1078,"items_purged":[],"score":410,"play_id":"a09adeb2-09aa-4ca1-84f4-c6c98ef4b423","local_time":"20201210224411","is_ascension_mode":true,"campfire_choices":[{"data":"Judgement","floor":6.0,"key":"SMITH"},{"data":"CrushJoints","floor":8.0,"key":"SMITH"},{"data":"Conclude","floor":15.0,"key":"SMITH"},{"floor":23,"key":"REST"}],"circlet_count":0,"master_deck":["AscendersBane","Strike_P","Strike_P","Strike_P","Defend_P+1","Defend_P+1","Defend_P","Defend_P","Eruption","Vigilance","Judgement+1","CutThroughFate","CrushJoints+1","Consecrate","Conclude+1","BattleHymn","Scrawl","Protect","Wireheading"],"special_seed":0,"relics":["PureWater","Pear","War Paint","Pantograph","Centennial Puzzle","Eternal Feather","Black Star"],"acts_visited":["Exordium","TheCity"],"potions_floor_usage":[20,24],"damage_taken":[{"damage":3.0,"enemies":"Cultist","floor":1.0,"turns":4.0},{"damage":0.0,"enemies":"2 Louse","floor":2.0,"turns":2.0},{"damage":0.0,"enemies":"Jaw Worm","floor":4.0,"turns":1.0},{"damage":3.0,"enemies":"Large Slime","floor":5.0,"turns":4.0},{"damage":9.0,"enemies":"3 Sentries","floor":10.0,"turns":6.0},{"damage":12.0,"enemies":"Gremlin Nob","floor":12.0,"turns":3.0},{"damage":4.0,"enemies":"3 Sentries","floor":14.0,"turns":3.0},{"damage":69.0,"enemies":"The Guardian","floor":16.0,"turns":9.0},{"damage":20,"enemies":"Shell Parasite","floor":18,"turns":5},{"damage":1,"enemies":"3 Byrds","floor":20,"turns":5},{"damage":6,"enemies":"Centurion and Healer","floor":21,"turns":4},{"damage":19,"enemies":"Shelled Parasite and Fungi","floor":22,"turns":3},{"damage":51,"enemies":"Book of Stabbing","floor":24,"turns":4}],"seed_played":"-1040987453323604781","potions_obtained":[{"floor":1.0,"key":"Energy Potion"},{"floor":10.0,"key":"Strength Potion"},{"floor":14.0,"key":"AttackPotion"},{"floor":16.0,"key":"DistilledChaos"},{"floor":22,"key":"Dexterity Potion"}],"is_trial":false,"path_per_floor":["M","M","$","M","M","R","$","R","T","E","?","E","T","E","R","B",null,"M","?","M","M","M","R","E"],"character_chosen":"WATCHER","items_purchased":["PowerPotion"],"campfire_rested":1,"item_purchase_floors":[7],"current_hp_per_floor":[58,58,58,58,55,55,55,55,65,56,56,44,44,40,49,5,60,40,40,39,33,14,46,0,0],"gold":307,"neow_bonus":"THREE_RARE_CARDS","is_daily":false,"chose_seed":false,"campfire_upgraded":3,"win_rate":0,"timestamp":1607622251,"path_taken":["M","M","$","M","M","R","?","R","T","E","?","E","?","E","R","BOSS","M","?","?","M","M","R","E"],"build_version":"2020-11-30","purchased_purges":0,"victory":false,"max_hp_per_floor":[68,68,68,68,68,68,68,68,78,78,78,78,78,78,78,78,78,78,78,78,78,78,78,78,78],"relic_stats":{"Centennial Puzzle":[21],"counters":[13,53],"Pantograph":25,"Eternal Feather":18,"Black Star":0,"War Paint":["Defend_P","Defend_P"],"obtain_stats":[{"Centennial Puzzle":12,"Pear":9,"Pantograph":11,"Eternal Feather":14,"Black Star":17,"PureWater":0,"War Paint":10},{"Centennial Puzzle":6,"Pear":4,"Pantograph":5,"Eternal Feather":7,"Black Star":8,"PureWater":0,"War Paint":5},{"Centennial Puzzle":20,"Pear":11,"Pantograph":17,"Eternal Feather":23,"Black Star":32,"PureWater":0,"War Paint":17}]},"card_choices":[{"not_picked":["ConjureBlade","Vault"],"picked":"Judgement","floor":0.0},{"not_picked":["Study","PathToVictory"],"picked":"CutThroughFate","floor":1.0},{"not_picked":["PathToVictory","Pray","Evaluate"],"picked":"SKIP","floor":2.0},{"not_picked":["Wireheading","PathToVictory"],"picked":"CrushJoints","floor":4.0},{"not_picked":["Prostrate","ThirdEye"],"picked":"Consecrate","floor":5.0},{"not_picked":["EmptyBody","Evaluate"],"picked":"Conclude","floor":10.0},{"not_picked":["Crescendo","Brilliance","Worship"],"picked":"SKIP","floor":12.0},{"not_picked":["Sanctity","Consecrate"],"picked":"BattleHymn","floor":14.0},{"not_picked":["Establishment","Vault"],"picked":"Scrawl","floor":16.0},{"not_picked":["CutThroughFate","Protect","Indignation"],"picked":"SKIP","floor":18},{"not_picked":["Study","BowlingBash","Protect"],"picked":"SKIP","floor":20},{"not_picked":["Swivel","ThirdEye"],"picked":"Wireheading","floor":21},{"not_picked":["Indignation","Consecrate","CarveReality"],"picked":"SKIP","floor":22}],"player_experience":980951,"relics_obtained":[{"floor":9.0,"key":"Pear"},{"floor":10.0,"key":"War Paint"},{"floor":12.0,"key":"Centennial Puzzle"},{"floor":14.0,"key":"Eternal Feather"}],"event_choices":[{"damage_healed":0.0,"max_hp_gain":0.0,"max_hp_loss":0.0,"gold_gain":0.0,"event_name":"Dead Adventurer","player_choice":"Searched \u00272\u0027 times","floor":11.0,"gold_loss":0.0,"damage_taken":0.0,"relics_obtained":["Pantograph"]},{"damage_healed":0,"gold_gain":0,"cards_transformed":["Strike_P"],"player_choice":"Transformed","damage_taken":0,"max_hp_gain":0,"max_hp_loss":0,"event_name":"Transmorgrifier","floor":19,"gold_loss":0,"cards_obtained":["Protect"]}],"is_beta":false,"boss_relics":[{"not_picked":["Velvet Choker","Empty Cage"],"picked":"Black Star"}],"items_purged_floors":[],"is_endless":false,"potions_floor_spawned":[1,10,12,14,16,22],"killed_by":"Book of Stabbing","ascension_level":18}}