{"host":"2ttsipbxjlhedj1t","time":1607568648,"event":{"gold_per_floor":[110,126,146,159,159,190,190,36,36,36,36,51,51,51,51,176,176,226,226,151,151,151,187,22,22,22,34,66,126,138,138],"floor_reached":30,"playtime":1573,"items_purged":[],"score":283,"play_id":"af01f9e3-24f1-4d3e-97b4-dd67ab10cf14","local_time":"20201209215048","is_ascension_mode":true,"campfire_choices":[{"floor":7,"key":"REST"},{"data":"Eruption","floor":10,"key":"SMITH"},{"floor":15,"key":"REST"},{"floor":25,"key":"REST"},{"floor":27,"key":"REST"}],"neow_cost":"NONE","seed_source_timestamp":2097771014928000,"circlet_count":0,"master_deck":["Strike_P","Defend_P","Defend_P","Eruption+1","Vigilance","Wireheading","Weave","JustLucky","Wireheading","Halt","ThirdEye","Wish","Ragnarok+1","Protect+1","SignatureMove","Nirvana","Enlightenment","Good Instincts","Swivel","Good Instincts"],"relics":["PureWater","NeowsBlessing","Golden Idol","Kunai","ClockworkSouvenir","Pocketwatch","Darkstone Periapt","Astrolabe","betterThird:NestCultRelic","Singing Bowl","MawBank"],"potions_floor_usage":[6,16,23,28,29],"damage_taken":[{"damage":0,"enemies":"2 Louse","floor":1,"turns":1},{"damage":0,"enemies":"Small Slimes","floor":2,"turns":1},{"damage":0,"enemies":"Jaw Worm","floor":3,"turns":1},{"damage":27,"enemies":"Large Slime","floor":4,"turns":11},{"damage":45,"enemies":"Lagavulin","floor":6,"turns":6},{"damage":5,"enemies":"3 Louse","floor":12,"turns":2},{"damage":18,"enemies":"Slime Boss","floor":16,"turns":6},{"damage":10,"enemies":"3 Byrds","floor":18,"turns":6},{"damage":61,"enemies":"Slavers","floor":23,"turns":7},{"damage":8,"enemies":"Shell Parasite","floor":28,"turns":2},{"damage":22,"enemies":"Centurion and Healer","floor":29,"turns":7},{"damage":0,"enemies":"Snake Plant","floor":30,"turns":1}],"seed_played":"-4342807498923288808","potions_obtained":[{"floor":1,"key":"Regen Potion"},{"floor":6,"key":"SpeedPotion"},{"floor":12,"key":"blueLaboratory:BottledHope"},{"floor":16,"key":"FearPotion"},{"floor":28,"key":"PowerPotion"}],"is_trial":false,"path_per_floor":["M","M","M","M","?","E","R","$","T","R","?","M","$","?","R","B",null,"M","?","?","?","?","E","$","R","T","R","M","M","M"],"character_chosen":"WATCHER","items_purchased":["ClockworkSouvenir","EssenceOfSteel","Good Instincts"],"campfire_rested":4,"item_purchase_floors":[8,24,24],"current_hp_per_floor":[72,72,72,45,45,15,36,36,36,36,29,24,24,17,38,20,72,62,62,62,62,62,1,1,22,22,43,37,17,17,17],"gold":138,"neow_bonus":"THREE_ENEMY_KILL","is_prod":false,"is_daily":false,"chose_seed":false,"campfire_upgraded":1,"win_rate":0,"timestamp":1607568648,"path_taken":["M","M","M","M","?","E","R","$","T","R","?","M","?","?","R","BOSS","M","?","?","?","?","E","$","R","T","R","?","M","M"],"build_version":"2020-11-30","purchased_purges":0,"victory":false,"max_hp_per_floor":[72,72,72,72,72,72,72,72,72,72,72,72,72,72,72,72,72,72,72,72,72,72,72,72,72,72,72,74,76,76,76],"card_choices":[{"not_picked":["Adaptation","Crescendo"],"picked":"Wireheading","floor":1},{"not_picked":["CrushJoints","FollowUp"],"picked":"Weave","floor":2},{"not_picked":["FearNoEvil","Adaptation"],"picked":"JustLucky","floor":3},{"not_picked":["FlurryOfBlows","ClearTheMind"],"picked":"Wireheading","floor":4},{"not_picked":["CrushJoints","CarveReality"],"picked":"Halt","floor":6},{"not_picked":["PathToVictory","SandsOfTime"],"picked":"ThirdEye","floor":12},{"not_picked":["Vault","MasterReality"],"picked":"Wish","floor":16},{"not_picked":["Crescendo","BowlingBash","Halt"],"picked":"SKIP","floor":18},{"not_picked":["Impatience","HandOfGreed"],"picked":"Enlightenment","floor":21},{"not_picked":["Mayhem","Sadistic Nature"],"picked":"Good Instincts","floor":21},{"not_picked":["SignatureMove","Evaluate"],"picked":"Swivel","floor":23},{"not_picked":["WaveOfTheHand","MentalFortress","Perseverance+1"],"picked":"Singing Bowl","floor":28},{"not_picked":["Collect","CutThroughFate+1","Halt"],"picked":"Singing Bowl","floor":29}],"player_experience":355013,"relics_obtained":[{"floor":6,"key":"Kunai"},{"floor":9,"key":"Pocketwatch"},{"floor":23,"key":"Singing Bowl"},{"floor":26,"key":"MawBank"}],"event_choices":[{"damage_healed":0,"gold_gain":0,"player_choice":"Take Wound","damage_taken":0,"relics_obtained":["Golden Idol"],"max_hp_gain":0,"max_hp_loss":0,"event_name":"Golden Idol","floor":5,"gold_loss":0,"cards_obtained":["Injury"]},{"cards_removed":["Injury"],"damage_healed":0,"gold_gain":0,"player_choice":"Card Removal","damage_taken":7,"max_hp_gain":0,"max_hp_loss":0,"event_name":"Golden Wing","floor":11,"gold_loss":0},{"damage_healed":0,"gold_gain":0,"player_choice":"Relic ","damage_taken":7,"max_hp_gain":0,"max_hp_loss":0,"event_name":"betterThird:BetterScrap","floor":14,"gold_loss":0,"cards_obtained":["Dark Embrace"]},{"damage_healed":0,"gold_gain":0,"cards_transformed":["Defend_P","Strike_P"],"player_choice":"Became Test Subject","damage_taken":0,"max_hp_gain":0,"max_hp_loss":0,"event_name":"Drug Dealer","floor":19,"gold_loss":0,"cards_obtained":["SignatureMove","Nirvana"]},{"cards_removed":["Vengeance"],"damage_healed":0,"gold_gain":0,"player_choice":"Gave Gold","damage_taken":0,"max_hp_gain":0,"max_hp_loss":0,"event_name":"Beggar","floor":20,"gold_loss":75},{"damage_healed":0,"gold_gain":2,"player_choice":"1","damage_taken":0,"max_hp_gain":0,"max_hp_loss":0,"event_name":"betterStone:BetterStone","floor":21,"gold_loss":0},{"damage_healed":0,"gold_gain":0,"player_choice":"Madness","damage_taken":0,"relics_obtained":["betterThird:NestCultRelic"],"max_hp_gain":0,"max_hp_loss":0,"event_name":"betterThird:BetterNest","floor":22,"gold_loss":0}],"is_beta":false,"boss_relics":[{"not_picked":["Pandora\u0027s Box","Fusion Hammer"],"picked":"Astrolabe"}],"items_purged_floors":[],"is_endless":false,"potions_floor_spawned":[1,6,12,16,28],"killed_by":"Snake Plant","ascension_level":3}}