{"host":"x0g9zc8ypjv50zb0","time":1607599762,"event":{"gold_per_floor":[109,127,140,100,100,131,131,144,167,167,178,196,225,225,225,320,320,332,332,247,266,266,294,294,329,354,366,366,395,395,395],"floor_reached":30,"playtime":3111,"items_purged":[],"score":348,"play_id":"0650d695-9d46-4695-b4a6-d5664bfbd2d9","local_time":"20201210192922","is_ascension_mode":false,"campfire_choices":[{"data":"HollowMod:AbyssShriek","floor":7.0,"key":"SMITH"},{"data":"HollowMod:Weaversong","floor":15.0,"key":"SMITH"},{"data":"HollowMod:SlysStrikes","floor":24.0,"key":"SMITH"},{"floor":28.0,"key":"REST"}],"neow_cost":"NONE","seed_source_timestamp":0,"circlet_count":0,"master_deck":["HollowMod:NailStrikeStart","HollowMod:NailStrikeStart","HollowMod:NailStrikeStart","HollowMod:NailStrikeStart","HollowMod:QuickDashStart","HollowMod:QuickDashStart","HollowMod:QuickDashStart","HollowMod:QuickDashStart","HollowMod:FocusHealStart","HollowMod:PogoStrike","HollowMod:AbyssShriek+1","HollowMod:QuirrelsAssistance","HollowMod:MantisMark+1","HollowMod:GreatSlash","HollowMod:LifebloodCore","HollowMod:Weaversong+1","HollowMod:NewJinnsSoul","HollowMod:SlysStrikes+1","HollowMod:ShadowDash+1","HollowMod:CrystalDash","HollowMod:LordofShades+1","HollowMod:LifebloodCore","HollowMod:DreamGate+1","HollowMod:VengefulVoid+1"],"special_seed":0,"relics":["HollowMod:VesselMask","Potion Belt","Lizard Tail","Velvet Choker","Counterbalance","Nloth\u0027s Gift","Frozen Egg 2","Kunai","Bronze Scales","ReplayTheSpireMod:Lightbulb"],"potions_floor_usage":[29],"damage_taken":[{"damage":4.0,"enemies":"Small Slimes","floor":1.0,"turns":4.0},{"damage":5.0,"enemies":"Jaw Worm","floor":2.0,"turns":4.0},{"damage":0.0,"enemies":"2 Louse","floor":3.0,"turns":2.0},{"damage":35.0,"enemies":"HollowMod:MossKnight","floor":6.0,"turns":12.0},{"damage":0.0,"enemies":"HollowMod:HuskWarrior","floor":8.0,"turns":5.0},{"damage":0.0,"enemies":"3 Louse","floor":11.0,"turns":2.0},{"damage":0.0,"enemies":"Red Slaver","floor":12.0,"turns":4.0},{"damage":28.0,"enemies":"Gremlin Nob","floor":13.0,"turns":4.0},{"damage":0.0,"enemies":"Fading Forest","floor":16.0,"turns":11.0},{"damage":17.0,"enemies":"2 Thieves","floor":18.0,"turns":3.0},{"damage":16.0,"enemies":"Chosen","floor":21.0,"turns":5.0},{"damage":18.0,"enemies":"Replay:Snechameleon","floor":23.0,"turns":6.0},{"damage":18.0,"enemies":"HollowMod:Nosk","floor":25.0,"turns":7.0},{"damage":4.0,"enemies":"Sentry and Sphere","floor":27.0,"turns":4.0},{"damage":68,"enemies":"Slavers","floor":29,"turns":6},{"damage":19,"enemies":"Snecko","floor":30,"turns":3}],"seed_played":"7795416432381192309","potions_obtained":[{"floor":1.0,"key":"Languid Potion"},{"floor":3.0,"key":"Toxic Potion"},{"floor":8.0,"key":"Block Potion"},{"floor":12.0,"key":"Cursed Concoction"},{"floor":16.0,"key":"Fire Potion"},{"floor":21.0,"key":"Explosive Potion"},{"floor":25.0,"key":"Explosive Potion"},{"floor":29,"key":"DistilledChaos"}],"is_trial":false,"path_per_floor":["M","M","M","?","?","E","R","M","T","?","M","M","E","T","R","B",null,"M","?","?","M","?","E","R","E","T","M","R","E","M"],"character_chosen":"THE_BUGKNIGHT","items_purchased":[],"campfire_rested":1,"item_purchase_floors":[],"current_hp_per_floor":[82,77,77,77,77,48,48,54,54,54,54,54,32,32,32,48,82,65,65,65,55,55,37,37,19,19,15,39,15,0,0],"gold":395,"neow_bonus":"TEN_PERCENT_HP_BONUS","is_prod":false,"is_daily":false,"chose_seed":false,"campfire_upgraded":3,"win_rate":0.0,"timestamp":1607599762,"path_taken":["M","M","M","?","?","E","R","?","T","?","M","?","E","?","R","BOSS","M","?","?","M","?","E","R","E","T","M","R","E","M"],"build_version":"2020-11-30","purchased_purges":0,"victory":false,"max_hp_per_floor":[82,82,82,82,82,82,82,82,82,82,82,82,82,82,82,82,82,82,82,82,82,82,82,82,82,82,82,82,82,82,82],"card_choices":[{"not_picked":["HollowMod:HeavyBlow","HollowMod:SoulStrike"],"picked":"HollowMod:AbyssShriek","floor":1.0},{"not_picked":["HollowMod:DescendingDark","HollowMod:HeavyBlow"],"picked":"HollowMod:QuirrelsAssistance","floor":2.0},{"not_picked":["HollowMod:VengefulSpirit","HollowMod:ShadowDash","HollowMod:DoubleDash"],"picked":"SKIP","floor":3.0},{"not_picked":[],"picked":"HollowMod:MantisMark","floor":4.0},{"not_picked":[],"picked":"HollowMod:GreatSlash","floor":4.0},{"not_picked":[],"picked":"HollowMod:LifebloodCore","floor":4.0},{"not_picked":["HollowMod:MantisMark","HollowMod:HuntersJournal"],"picked":"HollowMod:Weaversong","floor":6.0},{"not_picked":["HollowMod:DoubleDash","HollowMod:ShadowDash","HollowMod:HowlingWraiths"],"picked":"SKIP","floor":8.0},{"not_picked":["HollowMod:SiblingsSouls","HollowMod:BrokenVessel","HollowMod:TaintedHusks"],"picked":"SKIP","floor":11.0},{"not_picked":["HollowMod:BrokenVessel","HollowMod:SharpenedNail"],"picked":"HollowMod:NewJinnsSoul","floor":12.0},{"not_picked":["HollowMod:ShadowDash","HollowMod:HeavyBlow","HollowMod:SoulVessel"],"picked":"SKIP","floor":13.0},{"not_picked":["HollowMod:HornetsHelp","HollowMod:ZotesMagnificence"],"picked":"HollowMod:SlysStrikes","floor":16.0},{"not_picked":["HollowMod:FallenFury","HollowMod:SoulStrike+1"],"picked":"HollowMod:ShadowDash+1","floor":18.0},{"not_picked":["HollowMod:GoodIntentions","HollowMod:DreamGate"],"picked":"HollowMod:CrystalDash","floor":21.0},{"not_picked":["HollowMod:HuntersJournal+1","HollowMod:HeavyBlow+1"],"picked":"HollowMod:LordofShades+1","floor":23.0},{"not_picked":["HollowMod:MonarchWings","HollowMod:DreamGate"],"picked":"HollowMod:LifebloodCore","floor":25.0},{"not_picked":["HollowMod:HowlingWraiths","HollowMod:InfectedCysts+1"],"picked":"HollowMod:DreamGate+1","floor":27.0},{"not_picked":["HollowMod:CycloneSlash","HollowMod:QuirrelsAssistance"],"picked":"HollowMod:VengefulVoid+1","floor":29}],"player_experience":129218,"relics_obtained":[{"floor":6.0,"key":"Potion Belt"},{"floor":13.0,"key":"Gremlin Food"},{"floor":14.0,"key":"Lizard Tail"},{"floor":23.0,"key":"Frozen Egg 2"},{"floor":25.0,"key":"Kunai"},{"floor":26.0,"key":"Bronze Scales"},{"floor":29,"key":"ReplayTheSpireMod:Lightbulb"}],"event_choices":[{"damage_healed":0.0,"max_hp_gain":0.0,"max_hp_loss":0.0,"gold_gain":0.0,"event_name":"Upgrade Shrine","player_choice":"Upgraded","floor":5.0,"gold_loss":0.0,"damage_taken":0.0,"cards_upgraded":["HollowMod:MantisMark"]},{"damage_healed":0.0,"max_hp_gain":0.0,"max_hp_loss":0.0,"gold_gain":0.0,"event_name":"The Woman in Blue","player_choice":"Bought 0 Potions","floor":10.0,"gold_loss":0.0,"damage_taken":0.0},{"damage_healed":0.0,"max_hp_gain":0.0,"max_hp_loss":0.0,"gold_gain":0.0,"event_name":"Addict","player_choice":"Obtained Relic","floor":20.0,"gold_loss":85.0,"damage_taken":0.0,"relics_obtained":["Counterbalance"]},{"damage_healed":0.0,"max_hp_gain":0.0,"max_hp_loss":0.0,"gold_gain":0.0,"event_name":"N\u0027loth","player_choice":"Traded Relic","floor":22.0,"relics_lost":["Gremlin Food"],"gold_loss":0.0,"damage_taken":0.0,"relics_obtained":["Nloth\u0027s Gift"]}],"is_beta":false,"boss_relics":[{"not_picked":["SacredBark","Ectoplasm"],"picked":"Velvet Choker"}],"items_purged_floors":[],"is_endless":false,"potions_floor_spawned":[1,3,8,12,16,21,25,29],"killed_by":"Snecko","ascension_level":0}}