{"host":"nptej036rrbiurf5","time":1607578700,"event":{"gold_per_floor":[116,130,72,37,37,71,71,71,71,71,71,71,86,103,103,181,181,195,195,206,223,241,241,241],"floor_reached":23,"playtime":478,"items_purged":[],"score":410,"play_id":"20754561-fac9-409b-a375-97e8288f7798","local_time":"20201210143820","is_ascension_mode":true,"campfire_choices":[{"data":"Static Discharge","floor":8.0,"key":"SMITH"},{"data":"Zap","floor":10.0,"key":"SMITH"},{"data":"Beam Cell","floor":12.0,"key":"SMITH"},{"data":"Capacitor","floor":15.0,"key":"SMITH"}],"neow_cost":"NONE","seed_source_timestamp":0,"circlet_count":0,"master_deck":["AscendersBane","Strike_B","Strike_B","Strike_B","Defend_B","Defend_B","Defend_B","Defend_B","Zap+1","Dualcast","Beam Cell+1","Leap","Ball Lightning","Static Discharge+1","Capacitor+1","Reinforced Body","Glacier","Barrage","Compile Driver","Blizzard"],"special_seed":0,"relics":["FrozenCore","NeowsBlessing","Bronze Scales","The Courier","Blue Candle"],"potions_floor_usage":[],"damage_taken":[{"damage":0.0,"enemies":"Jaw Worm","floor":1.0,"turns":1.0},{"damage":0.0,"enemies":"Small Slimes","floor":2.0,"turns":1.0},{"damage":0.0,"enemies":"Lagavulin","floor":6.0,"turns":1.0},{"damage":0.0,"enemies":"Cultist","floor":13.0,"turns":3.0},{"damage":6.0,"enemies":"Looter","floor":14.0,"turns":3.0},{"damage":35.0,"enemies":"Hexaghost","floor":16.0,"turns":8.0},{"damage":10.0,"enemies":"Shell Parasite","floor":18.0,"turns":7.0},{"damage":0.0,"enemies":"3 Byrds","floor":20.0,"turns":4.0},{"damage":12.0,"enemies":"Shelled Parasite and Fungi","floor":21.0,"turns":7.0},{"damage":11.0,"enemies":"3 Cultists","floor":22.0,"turns":5.0},{"damage":0,"enemies":"Centurion and Healer","floor":23,"turns":1}],"seed_played":"7566952111608769794","potions_obtained":[{"floor":2.0,"key":"SneckoOil"},{"floor":13.0,"key":"SkillPotion"},{"floor":16.0,"key":"DuplicationPotion"},{"floor":20.0,"key":"FocusPotion"}],"is_trial":false,"path_per_floor":["M","M","$","?","?","E","$","R","T","R","?","R","M","M","R","B",null,"M","?","M","M","M","M"],"character_chosen":"DEFECT","items_purchased":["Ball Lightning"],"campfire_rested":0,"item_purchase_floors":[3],"current_hp_per_floor":[64,64,64,71,64,64,64,64,64,64,64,64,64,58,58,23,59,49,29,29,17,6,6,6],"gold":241,"neow_bonus":"THREE_ENEMY_KILL","is_prod":false,"is_daily":false,"chose_seed":false,"campfire_upgraded":4,"win_rate":0,"timestamp":1607578700,"path_taken":["M","M","$","?","?","E","?","R","T","R","?","R","M","M","R","BOSS","M","?","M","M","M","M"],"build_version":"2020-11-30","purchased_purges":0,"victory":false,"max_hp_per_floor":[71,71,71,71,71,71,71,71,71,71,71,71,71,71,71,71,71,71,76,76,76,76,76,76],"card_choices":[{"not_picked":["Stack","Cold Snap"],"picked":"Beam Cell","floor":1.0},{"not_picked":["Recycle","Storm"],"picked":"Leap","floor":2.0},{"not_picked":["Cold Snap","Ball Lightning"],"picked":"Static Discharge","floor":6.0},{"not_picked":["Streamline","Ball Lightning"],"picked":"Capacitor","floor":13.0},{"not_picked":["Creative AI","Redo"],"picked":"Reinforced Body","floor":14.0},{"not_picked":["Fusion","Rebound","Glacier"],"picked":"SKIP","floor":18.0},{"not_picked":["Fusion","Rebound"],"picked":"Glacier","floor":18.0},{"not_picked":["Coolheaded+1","Loop+1"],"picked":"Barrage","floor":20.0},{"not_picked":["BootSequence","Turbo"],"picked":"Compile Driver","floor":21.0},{"not_picked":["Rebound","Force Field"],"picked":"Blizzard","floor":22.0}],"player_experience":824859,"relics_obtained":[{"floor":6.0,"key":"Bronze Scales"},{"floor":9.0,"key":"The Courier"}],"event_choices":[{"damage_healed":17.0,"max_hp_gain":0.0,"max_hp_loss":0.0,"gold_gain":0.0,"event_name":"The Cleric","player_choice":"Healed","floor":4.0,"gold_loss":35.0,"damage_taken":0.0},{"cards_removed":["Strike_B"],"damage_healed":0.0,"max_hp_gain":0.0,"max_hp_loss":0.0,"gold_gain":0.0,"event_name":"Golden Wing","player_choice":"Card Removal","floor":5.0,"gold_loss":0.0,"damage_taken":7.0},{"damage_healed":0.0,"max_hp_gain":0.0,"max_hp_loss":0.0,"gold_gain":0.0,"event_name":"WeMeetAgain","player_choice":"Gave Potion","floor":11.0,"gold_loss":0.0,"damage_taken":0.0,"relics_obtained":["Blue Candle"]},{"damage_healed":0.0,"max_hp_gain":5.0,"max_hp_loss":0.0,"gold_gain":0.0,"event_name":"Forgotten Altar","player_choice":"Shed Blood","floor":19.0,"gold_loss":0.0,"damage_taken":25.0}],"is_beta":false,"boss_relics":[{"not_picked":["Philosopher\u0027s Stone","Tiny House"],"picked":"FrozenCore"}],"items_purged_floors":[],"is_endless":false,"potions_floor_spawned":[2,13,16,20,21],"killed_by":"Centurion and Healer","ascension_level":18}}