{"host":"9373kjg5yrouhim6","time":1607627146,"event":{"mods":["2.2 Compatiblity","BaseMod","AchievementEnabler","StSLib","Aspiration","Better Altar","Better Match","Better Note","Better Sensory Stone","Better Skull","Better Third Choice","Colored Map","Colored Powertips","Conspire","Highlight Path","Hubris","Infinite Spire","Mimic Mod","Minty Spire (QoL Compilation)","Replay The Spire","Shop Mod","Spicy Shops","vexMod"],"gold_per_floor":[114,132,132,62,162,162,173,193,263,263,273,289,317,317,317,414,414,426,457,382,396,416,416,433,433,511,91,123,48,48,48,48,144,144,159,172,81,95,95,130,148,148,148,0,12,52,52,52],"floor_reached":47,"playtime":2099,"items_purged":["Strike_B","Strike_B","Strike_B"],"score":575,"play_id":"e4ab8ed5-d6b1-4cab-abbd-a3cf10cc1857","local_time":"20201210140546","is_ascension_mode":true,"campfire_choices":[{"data":"Chaos","floor":6.0,"key":"SMITH"},{"data":"ReplayTheSpireMod:Dual Polarity","floor":10.0,"key":"SMITH"},{"data":"Ball Lightning","floor":15.0,"key":"SMITH"},{"data":"Tempest","floor":23,"key":"SMITH"},{"floor":25,"key":"REST"},{"data":"Ball Lightning","floor":30,"key":"SMITH"},{"floor":32,"key":"REST"},{"floor":42,"key":"RECALL"}],"circlet_count":0,"master_deck":["Defend_B","Defend_B","Defend_B","Defend_B","Ball Lightning+1","Tempest+1","Chaos+1","ReplayTheSpireMod:Dual Polarity+1","Ball Lightning+1","Static Discharge+1","Ball Lightning+1","Ball Lightning+1","Crystallizer+1","Purity+1","Electrodynamics","Skim+1","Steam Power+1","Crystallizer+1","Static Discharge","aspiration:Polymerization","Reboot","Genetic Algorithm+1"],"special_seed":0,"relics":["Cracked Core","NeowsBlessing","infinitespire:WardingShard","aspiration:HiddenCompartment","aspiration:BursterCore","infinitespire:Satchel","Whetstone","conspire:GiftBox","Nloth\u0027s Gift","Astrolabe","hubris:Towel","vexMod:Dragonfruit","Red Mask","hubris:BundleOfHerbs","hubris:FunFungus"],"acts_visited":["TheBeyond"],"potions_floor_usage":[28,35,46,47,47],"damage_taken":[{"damage":0.0,"enemies":"Cultist","floor":1.0,"turns":1.0},{"damage":0.0,"enemies":"Jaw Worm","floor":2.0,"turns":1.0},{"damage":0.0,"enemies":"Small Slimes","floor":7.0,"turns":1.0},{"damage":14.0,"enemies":"Red Slaver","floor":8.0,"turns":2.0},{"damage":16.0,"enemies":"2 Fungi Beasts","floor":11.0,"turns":3.0},{"damage":15.0,"enemies":"Lots of Slimes","floor":12.0,"turns":4.0},{"damage":16.0,"enemies":"Gremlin Nob","floor":13.0,"turns":3.0},{"damage":23.0,"enemies":"Fading Forest","floor":16.0,"turns":11.0},{"damage":22.0,"enemies":"2 Thieves","floor":18.0,"turns":2.0},{"damage":9.0,"enemies":"conspire:MimicChest","floor":19.0,"turns":3.0},{"damage":14.0,"enemies":"Shell Parasite","floor":21.0,"turns":2.0},{"damage":10.0,"enemies":"Centurion and Healer","floor":22.0,"turns":4.0},{"damage":12,"enemies":"Cultist and Chosen","floor":24,"turns":3},{"damage":0,"enemies":"Gremlin Leader","floor":28,"turns":4},{"damage":36,"enemies":"conspire:MysteriousRune","floor":33,"turns":5},{"damage":0,"enemies":"3 Shapes","floor":35,"turns":2},{"damage":16,"enemies":"Orb Walker","floor":36,"turns":2},{"damage":0,"enemies":"4 Shapes","floor":38,"turns":3},{"damage":28,"enemies":"Nemesis","floor":40,"turns":5},{"damage":33,"enemies":"Sphere and 2 Shapes","floor":41,"turns":4},{"damage":41,"enemies":"Writhing Mass","floor":45,"turns":3},{"damage":5,"enemies":"3 Darklings","floor":46,"turns":4},{"damage":12,"enemies":"3 Darklings","floor":47,"turns":2}],"seed_played":"2068821277750579645","potions_obtained":[{"floor":1.0,"key":"FocusPotion"},{"floor":12.0,"key":"FairyPotion"},{"floor":13.0,"key":"Languid Potion"},{"floor":16.0,"key":"SpeedPotion"},{"floor":18.0,"key":"LifebloodPotion"},{"floor":33,"key":"Swift Potion"},{"floor":36,"key":"LiquidMemories"},{"floor":38,"key":"ColorlessPotion"},{"floor":45,"key":"Block Potion"}],"is_trial":false,"path_per_floor":["M","M","?","$","?","R","M","M","T","R","M","M","E","?","R","B",null,"M","?","$","M","M","R","M","R","T","$","E","?","R","?","R","B",null,"M","M","$","M","?","E","M","R","T","?","M","MIM","M"],"character_chosen":"DEFECT","items_purchased":["Chaos","Ball Lightning","Whetstone","Static Discharge"],"campfire_rested":2,"item_purchase_floors":[4,27,27,37],"current_hp_per_floor":[75,75,80,80,80,80,80,66,66,66,50,35,19,27,27,14,80,58,49,49,35,25,25,13,37,37,37,37,37,37,37,61,25,80,80,64,64,64,64,41,8,8,8,8,15,10,0,0],"gold":52,"neow_bonus":"THREE_ENEMY_KILL","is_daily":false,"chose_seed":false,"campfire_upgraded":5,"win_rate":0,"timestamp":1607627146,"path_taken":["M","M","?","$","?","R","M","M","T","R","?","M","E","?","R","BOSS","M","?","$","M","?","R","M","R","T","?","E","?","R","?","R","BOSS","M","?","$","M","?","E","M","R","T","?","M","?","M"],"build_version":"2020-11-30","purchased_purges":3,"victory":false,"max_hp_per_floor":[75,75,80,80,80,80,80,80,80,80,80,80,80,80,80,80,80,80,80,80,80,80,80,80,80,80,80,80,80,80,80,80,80,80,80,80,80,80,80,85,85,85,85,85,85,85,85,85],"card_choices":[{"not_picked":["Redo","ReplayTheSpireMod:Calculation Training"],"picked":"Ball Lightning","floor":1.0},{"not_picked":["Heatsinks","Force Field"],"picked":"Tempest","floor":2.0},{"not_picked":["BasicCrystalCard","Melter","Force Field"],"picked":"SKIP","floor":7.0},{"not_picked":["Fusion","Turbo"],"picked":"ReplayTheSpireMod:Dual Polarity","floor":8.0},{"not_picked":["FTL","Sweeping Beam","Force Field"],"picked":"SKIP","floor":11.0},{"not_picked":["Genetic Algorithm","Redo"],"picked":"Ball Lightning","floor":12.0},{"not_picked":["Conserve Battery","Hologram","BasicCrystalCard"],"picked":"SKIP","floor":13.0},{"not_picked":["Sunder+1","Streamline"],"picked":"Static Discharge+1","floor":18.0},{"not_picked":["ReplaySort","Panic Button","Rebound+1"],"picked":"SKIP","floor":21.0},{"not_picked":["Genetic Algorithm","FTL","ReplaySort+1"],"picked":"SKIP","floor":22.0},{"not_picked":["Darkness","Streamline+1","Cold Snap"],"picked":"SKIP","floor":24},{"not_picked":["Rainbow","Time Bomb","Fusion"],"picked":"SKIP","floor":28},{"not_picked":["Scrape+1","Heatsinks+1"],"picked":"Crystallizer+1","floor":29},{"not_picked":["Mind Blast+1","Replay:Sssssssssshield+1"],"picked":"Purity+1","floor":29},{"not_picked":["Core Surge","Buffer"],"picked":"Electrodynamics","floor":33},{"not_picked":["Streamline+1","Panic Button","Hologram+1"],"picked":"SKIP","floor":35},{"not_picked":["Self Repair+1","Recycle+1","conspire:SharedLibrary+1"],"picked":"SKIP","floor":36},{"not_picked":["Panic Button+1","Leap"],"picked":"aspiration:Polymerization","floor":38},{"not_picked":["Beam Cell+1","Rip and Tear"],"picked":"Reboot","floor":40},{"not_picked":["BasicCrystalCard","Ball Lightning","Sweeping Beam"],"picked":"SKIP","floor":41},{"not_picked":["Crystallizer","Sweeping Beam","Undo+1"],"picked":"SKIP","floor":45},{"not_picked":["Turbo","Reprogram"],"picked":"Genetic Algorithm+1","floor":46}],"player_experience":226206,"relics_obtained":[{"floor":9.0,"key":"infinitespire:WardingShard"},{"floor":13.0,"key":"aspiration:HiddenCompartment"},{"floor":19.0,"key":"infinitespire:Satchel"},{"floor":26,"key":"Onion Ring"},{"floor":28,"key":"conspire:GiftBox"},{"floor":40,"key":"vexMod:Dragonfruit"},{"floor":46,"key":"hubris:BundleOfHerbs"},{"floor":46,"key":"hubris:FunFungus"}],"event_choices":[{"damage_healed":0.0,"max_hp_gain":5.0,"max_hp_loss":0.0,"gold_gain":0.0,"event_name":"Big Fish","player_choice":"Donut","floor":3.0,"gold_loss":0.0,"damage_taken":0.0},{"damage_healed":0.0,"max_hp_gain":0.0,"max_hp_loss":0.0,"gold_gain":100.0,"event_name":"Golden Shrine","player_choice":"Pray","floor":5.0,"gold_loss":0.0,"damage_taken":0.0},{"damage_healed":0,"gold_gain":0,"player_choice":"2","damage_taken":0,"max_hp_gain":0,"max_hp_loss":0,"event_name":"betterMatch:BetterMatch","floor":29,"gold_loss":0,"cards_obtained":["betterMatch:UncommonCard","betterMatch:ColorlessUncommonCard"]},{"damage_healed":0,"gold_gain":0,"player_choice":"Traded Relic","damage_taken":0,"relics_obtained":["Nloth\u0027s Gift"],"max_hp_gain":0,"max_hp_loss":0,"event_name":"N\u0027loth","floor":31,"relics_lost":["Onion Ring"],"gold_loss":0},{"damage_healed":0,"gold_gain":0,"player_choice":"Paid","damage_taken":0,"relics_obtained":["Red Mask"],"max_hp_gain":0,"max_hp_loss":0,"event_name":"Tomb of Lord Red Mask","floor":44,"gold_loss":148}],"is_beta":false,"boss_relics":[{"not_picked":["Busted Crown","Painkiller Herb"],"picked":"aspiration:BursterCore"},{"not_picked":["ReplayTheSpireMod:SealedPack","Philosopher\u0027s Stone"],"picked":"Astrolabe"}],"items_purged_floors":[20,27,27],"is_endless":false,"potions_floor_spawned":[1,12,13,16,18,19,24,33,36,38,40,45],"killed_by":"3 Darklings","ascension_level":2}}