{"host":"xlym84sm70vbagf3","time":1607598731,"event":{"gold_per_floor":[118,68,78,78,97,97,132,132,132,132,149,149,14,43,43,138,138,151,165,17,116,116,116,116,116,116,116,31,56,74,94,94,190,190,208,208,258,258,109,137,156,179,179,179,194,194,227,247,247,247,247],"floor_reached":50,"playtime":1780,"items_purged":[],"score":594,"play_id":"018fe695-d40d-45ed-80ff-9fd124fa0c78","local_time":"20201210201211","is_ascension_mode":false,"campfire_choices":[{"data":"Cleave","floor":6.0,"key":"SMITH"},{"data":"Inflame","floor":8.0,"key":"SMITH"},{"data":"Juggernaut","floor":15.0,"key":"SMITH"},{"data":"Corruption","floor":25,"key":"SMITH"},{"data":"Feel No Pain","floor":27,"key":"SMITH"},{"floor":32,"key":"RECALL"},{"data":"Fiend Fire","floor":44,"key":"SMITH"},{"data":"Sentinel","floor":46,"key":"SMITH"},{"data":"Feel No Pain","floor":49,"key":"SMITH"}],"neow_cost":"TEN_PERCENT_HP_LOSS","seed_source_timestamp":18923120810700,"circlet_count":0,"master_deck":["Strike_R+1","Strike_R","Defend_R","Defend_R","Defend_R","Bash","Cleave+1","True Grit","Inflame+1","Fiend Fire+1","Feel No Pain+1","Juggernaut+1","Shrug It Off","Corruption+1","Evolve","Metallicize+1","Feel No Pain+1","Bludgeon+1","Sentinel+1","Feel No Pain+1","Fiend Fire+1","Shrug It Off+1","Impervious","Shrug It Off","Entrench+1","Armaments+1"],"special_seed":0,"relics":["Burning Blood","Dead Branch","Kunai","Meat on the Bone","Juzu Bracelet","Black Star","Membership Card","Frozen Egg 2","The Courier","Magic Flower","Coffee Dripper","Ginger","Molten Egg 2","White Beast Statue","Art of War","Whetstone","Mummified Hand","Charon\u0027s Ashes","Lantern"],"potions_floor_usage":[29,29,29,30,37,37,47],"damage_taken":[{"damage":10.0,"enemies":"Small Slimes","floor":1.0,"turns":3.0},{"damage":1.0,"enemies":"2 Louse","floor":3.0,"turns":2.0},{"damage":6.0,"enemies":"Cultist","floor":5.0,"turns":3.0},{"damage":39.0,"enemies":"Gremlin Nob","floor":7.0,"turns":5.0},{"damage":0.0,"enemies":"2 Fungi Beasts","floor":11.0,"turns":2.0},{"damage":12.0,"enemies":"3 Sentries","floor":14.0,"turns":6.0},{"damage":17.0,"enemies":"Slime Boss","floor":16.0,"turns":5.0},{"damage":36.0,"enemies":"Shell Parasite","floor":18.0,"turns":5.0},{"damage":23.0,"enemies":"2 Thieves","floor":19.0,"turns":4.0},{"damage":0.0,"enemies":"Book of Stabbing","floor":23.0,"turns":1.0},{"damage":0,"enemies":"Slavers","floor":29,"turns":4},{"damage":4,"enemies":"Centurion and Healer","floor":30,"turns":4},{"damage":1,"enemies":"Sentry and Sphere","floor":31,"turns":6},{"damage":37,"enemies":"Champ","floor":33,"turns":10},{"damage":0,"enemies":"Orb Walker","floor":35,"turns":4},{"damage":0,"enemies":"Mind Bloom Boss Battle","floor":37,"turns":4},{"damage":38,"enemies":"Reptomancer","floor":40,"turns":4},{"damage":0,"enemies":"3 Darklings","floor":41,"turns":5},{"damage":30,"enemies":"Jaw Worm Horde","floor":45,"turns":3},{"damage":19,"enemies":"Nemesis","floor":47,"turns":4},{"damage":0,"enemies":"Sphere and 2 Shapes","floor":48,"turns":2},{"damage":77,"enemies":"Awakened One","floor":50,"turns":4}],"seed_played":"-8189463337115405426","potions_obtained":[{"floor":3.0,"key":"EntropicBrew"},{"floor":7.0,"key":"SteroidPotion"},{"floor":14.0,"key":"SteroidPotion"},{"floor":19.0,"key":"SmokeBomb"},{"floor":29,"key":"LiquidMemories"},{"floor":35,"key":"Weak Potion"},{"floor":41,"key":"SkillPotion"},{"floor":45,"key":"CultistPotion"},{"floor":47,"key":"DuplicationPotion"},{"floor":48,"key":"SpeedPotion"}],"is_trial":false,"path_per_floor":["M","?","M","?","M","R","E","R","T","?","M","?","$","E","R","B",null,"M","M","$","?","?","E","?","R","T","R","?","E","M","M","R","B",null,"M","?","?","?","?","E","M","T","T","R","M","R","E","M","R","B"],"character_chosen":"IRONCLAD","items_purchased":["Juggernaut","Membership Card"],"campfire_rested":0,"item_purchase_floors":[13,20],"current_hp_per_floor":[68,68,72,77,77,77,44,44,44,44,50,50,50,53,53,54,77,47,42,42,42,42,48,48,48,48,48,48,54,59,67,67,57,77,77,77,77,77,77,48,57,57,57,57,54,54,62,71,71,0,0],"gold":247,"neow_bonus":"ONE_RARE_RELIC","is_prod":false,"is_daily":false,"chose_seed":false,"campfire_upgraded":8,"win_rate":0,"timestamp":1607598731,"path_taken":["M","?","M","?","M","R","E","R","T","?","M","?","$","E","R","BOSS","M","M","$","?","?","E","?","R","T","R","?","E","M","M","R","BOSS","M","?","?","?","?","E","M","?","T","R","M","R","E","M","R","BOSS"],"build_version":"2020-11-30","purchased_purges":0,"victory":false,"max_hp_per_floor":[72,72,72,77,77,77,77,77,77,77,77,77,77,77,77,77,77,77,77,77,77,77,77,77,77,77,77,77,77,77,77,77,77,77,77,77,77,77,77,77,77,77,77,77,77,77,77,77,77,77,77],"card_choices":[{"not_picked":["Anger","Wild Strike"],"picked":"Cleave","floor":1.0},{"not_picked":["Warcry","Thunderclap"],"picked":"True Grit","floor":3.0},{"not_picked":["Dual Wield","Warcry","Wild Strike"],"picked":"SKIP","floor":5.0},{"not_picked":["Fiend Fire","Blood for Blood"],"picked":"Inflame","floor":7.0},{"not_picked":["Thunderclap","Inflame"],"picked":"Feel No Pain","floor":11.0},{"not_picked":["Thunderclap","Ghostly Armor"],"picked":"Shrug It Off","floor":14.0},{"not_picked":["Limit Break","Reaper"],"picked":"Corruption","floor":16.0},{"not_picked":["Flex","Anger"],"picked":"Evolve","floor":18.0},{"not_picked":["Searing Blow","Armaments+1"],"picked":"Metallicize+1","floor":19.0},{"not_picked":["Flex","Blood for Blood","Metallicize+1"],"picked":"SKIP","floor":29},{"not_picked":["Anger","Spot Weakness","Infernal Blade"],"picked":"SKIP","floor":30},{"not_picked":["Bloodletting","Rage"],"picked":"Feel No Pain+1","floor":31},{"not_picked":["Offering","Immolate"],"picked":"Fiend Fire","floor":33},{"not_picked":["Searing Blow","Clash","Reckless Charge+1"],"picked":"SKIP","floor":35},{"not_picked":["Twin Strike+1","Wild Strike"],"picked":"Shrug It Off+1","floor":37},{"not_picked":["Offering","Iron Wave+1"],"picked":"Impervious","floor":40},{"not_picked":["Iron Wave+1","Battle Trance+1"],"picked":"Shrug It Off","floor":41},{"not_picked":["Carnage+1","Dropkick+1"],"picked":"Entrench+1","floor":45},{"not_picked":["Heavy Blade+1","Body Slam+1"],"picked":"Armaments+1","floor":47},{"not_picked":["Sword Boomerang+1","Heavy Blade+1","Perfected Strike+1"],"picked":"SKIP","floor":48}],"player_experience":651190,"relics_obtained":[{"floor":7.0,"key":"Kunai"},{"floor":9.0,"key":"Meat on the Bone"},{"floor":14.0,"key":"Juzu Bracelet"},{"floor":29,"key":"The Courier"},{"floor":29,"key":"Magic Flower"},{"floor":37,"key":"Ginger"},{"floor":40,"key":"White Beast Statue"},{"floor":40,"key":"Art of War"},{"floor":42,"key":"Whetstone"},{"floor":43,"key":"Mummified Hand"},{"floor":47,"key":"Charon\u0027s Ashes"},{"floor":47,"key":"Lantern"}],"event_choices":[{"cards_removed":["Strike_R"],"damage_healed":0.0,"max_hp_gain":0.0,"max_hp_loss":0.0,"gold_gain":0.0,"event_name":"The Cleric","player_choice":"Card Removal","floor":2.0,"gold_loss":50.0,"damage_taken":0.0},{"damage_healed":0.0,"max_hp_gain":5.0,"max_hp_loss":0.0,"gold_gain":0.0,"event_name":"Big Fish","player_choice":"Donut","floor":4.0,"gold_loss":0.0,"damage_taken":0.0},{"damage_healed":0.0,"max_hp_gain":0.0,"max_hp_loss":0.0,"gold_gain":0.0,"cards_transformed":["Defend_R"],"event_name":"Living Wall","player_choice":"Change","floor":10.0,"gold_loss":0.0,"damage_taken":0.0,"cards_obtained":["Fiend Fire"]},{"damage_healed":0.0,"max_hp_gain":0.0,"max_hp_loss":0.0,"gold_gain":0.0,"event_name":"Upgrade Shrine","player_choice":"Upgraded","floor":12.0,"gold_loss":0.0,"damage_taken":0.0,"cards_upgraded":["Fiend Fire"]},{"damage_healed":0.0,"max_hp_gain":0.0,"max_hp_loss":0.0,"gold_gain":99.0,"event_name":"Nest","player_choice":"Stole From Cult","floor":21.0,"gold_loss":0.0,"damage_taken":0.0},{"damage_healed":0.0,"max_hp_gain":0.0,"max_hp_loss":0.0,"gold_gain":0.0,"cards_transformed":["Strike_R","Strike_R"],"event_name":"Drug Dealer","player_choice":"Became Test Subject","floor":22.0,"gold_loss":0.0,"damage_taken":0.0,"cards_obtained":["Feel No Pain","Bludgeon"]},{"damage_healed":0,"gold_gain":0,"player_choice":"Read","damage_taken":0,"max_hp_gain":0,"max_hp_loss":0,"event_name":"The Library","floor":24,"gold_loss":0,"cards_obtained":["Sentinel"]},{"damage_healed":0,"gold_gain":0,"player_choice":"Obtained Relic","damage_taken":0,"relics_obtained":["Frozen Egg 2"],"max_hp_gain":0,"max_hp_loss":0,"event_name":"Addict","floor":28,"gold_loss":85},{"damage_healed":0,"gold_gain":0,"player_choice":"Ignored","damage_taken":0,"max_hp_gain":0,"max_hp_loss":0,"event_name":"Tomb of Lord Red Mask","floor":36,"gold_loss":0},{"damage_healed":0,"gold_gain":0,"player_choice":"Fight","damage_taken":0,"max_hp_gain":0,"max_hp_loss":0,"event_name":"MindBloom","floor":37,"gold_loss":0},{"damage_healed":0,"gold_gain":0,"player_choice":"Ignored","damage_taken":0,"max_hp_gain":0,"max_hp_loss":0,"event_name":"SecretPortal","floor":38,"gold_loss":0},{"damage_healed":0,"gold_gain":0,"player_choice":"Paid Gold","damage_taken":0,"relics_obtained":["Molten Egg 2"],"max_hp_gain":0,"max_hp_loss":0,"event_name":"WeMeetAgain","floor":39,"gold_loss":149}],"is_beta":false,"boss_relics":[{"not_picked":["Pandora\u0027s Box","Empty Cage"],"picked":"Black Star"},{"not_picked":["Calling Bell","Runic Pyramid"],"picked":"Coffee Dripper"}],"items_purged_floors":[],"is_endless":false,"potions_floor_spawned":[3,7,14,19,29,35,41,45,47,48],"killed_by":"Awakened One","ascension_level":0}}