{"host":"vhizo689wp9d6z2j","time":1607639232,"event":{"mods":["BaseMod","GifTheSpireLib","StSLib","Better Skull","Custom Start","Energized Spire","Halation","Highlight Path","Hubris","MarisaÅiñ∂âJÅ@ñÇóùçπÅj","Minty Spire (QoL Compilation)","Permanent Neow","Random Character Button","Small Relic Pack","Spicy Shops","Stuff the Spire","Trackpad","vexMod","Better Third Choice","Displayed Cursed Tome","The Alterego","The Blue Laboratory","The Fake Hero","TheSwordswoman"],"gold_per_floor":[112,92,106,122,134,166,166,166,248,248,273,273,289,309,309,411,411,425,435,435,82,82,117,117,135,135,135,146,146,146,160,160,265,265,276,276,276,395,407,407,419,430,430,430,459,459,498,528,528,550],"floor_reached":51,"playtime":5640,"items_purged":[],"score":739,"play_id":"ae239aeb-0001-4f05-96a8-2023032f55f7","local_time":"20201210172712","is_ascension_mode":false,"campfire_choices":[{"floor":8.0,"key":"REST"},{"floor":15.0,"key":"REST"},{"floor":24.0,"key":"REST"},{"floor":27.0,"key":"REST"},{"floor":30.0,"key":"REST"},{"floor":32.0,"key":"REST"},{"floor":40.0,"key":"REST"},{"data":"luka_mod:AngryLuka","floor":49.0,"key":"SMITH"}],"circlet_count":0,"master_deck":["Strike_MRS","Strike_MRS","Strike_MRS","Strike_MRS","Defend_MRS","Defend_MRS","Defend_MRS","Defend_MRS","MasterSpark","UpSweep","PowerUp","MysteriousBeam","ChargingUp","AsteroidBelt","Singularity","GrandCross","SuperNova","MilkyWay","MachineGunSpark+1","ShootingEcho","OpenUniverse","GasGiant","WitchLeyline","SporeBomb","JA","6A+1","MagicAbsorber","luka_mod:AngryLuka+1","IllusionStar+1","ShootingEcho+1","SprinkleStarSeal","luka_mod:AngryLuka"],"special_seed":0,"relics":["BewitchedHakkero","Incense Burner","halation:EternalFortune","hubris:DisguiseKit","vexMod:ScavengeHelm","trackpad:ByrdBGone","halation:PinkSoulGem","halation:PinkAlligatorPlush","Lee\u0027s Waffle","Shuriken","Omamori","hubris:FunFungus","hubris:Icosahedron","Juzu Bracelet","halation:IllGainedPizza","HornCleat"],"acts_visited":[],"potions_floor_usage":[50,50],"damage_taken":[{"damage":0.0,"enemies":"2 Louse","floor":1.0,"turns":2.0},{"damage":1.0,"enemies":"Cultist","floor":3.0,"turns":3.0},{"damage":6.0,"enemies":"Jaw Worm","floor":4.0,"turns":2.0},{"damage":1.0,"enemies":"2 Fungi Beasts","floor":5.0,"turns":2.0},{"damage":12.0,"enemies":"Gremlin Nob","floor":6.0,"turns":3.0},{"damage":14.0,"enemies":"3 Sentries","floor":11.0,"turns":7.0},{"damage":10.0,"enemies":"Exordium Wildlife","floor":13.0,"turns":4.0},{"damage":1.0,"enemies":"Looter","floor":14.0,"turns":2.0},{"damage":17.0,"enemies":"Slime Boss","floor":16.0,"turns":5.0},{"damage":10.0,"enemies":"Chosen","floor":18.0,"turns":4.0},{"damage":27.0,"enemies":"2 Thieves","floor":19.0,"turns":4.0},{"damage":64.0,"enemies":"Slavers","floor":23.0,"turns":7.0},{"damage":48.0,"enemies":"Centurion and Healer","floor":25.0,"turns":8.0},{"damage":10.0,"enemies":"Cultist and Chosen","floor":28.0,"turns":5.0},{"damage":15.0,"enemies":"Snecko","floor":31.0,"turns":4.0},{"damage":60.0,"enemies":"Champ","floor":33.0,"turns":6.0},{"damage":30.0,"enemies":"Orb Walker","floor":35.0,"turns":3.0},{"damage":22.0,"enemies":"3 Darklings","floor":38.0,"turns":4.0},{"damage":22.0,"enemies":"Sphere and 2 Shapes","floor":39.0,"turns":5.0},{"damage":34.0,"enemies":"4 Shapes","floor":41.0,"turns":3.0},{"damage":40.0,"enemies":"Jaw Worm Horde","floor":42.0,"turns":5.0},{"damage":10.0,"enemies":"Nemesis","floor":45.0,"turns":5.0},{"damage":25.0,"enemies":"Reptomancer","floor":47.0,"turns":4.0},{"damage":19.0,"enemies":"Maw","floor":48.0,"turns":6.0},{"damage":47,"enemies":"Awakened One","floor":50,"turns":8}],"seed_played":"-3676177171683138673","potions_obtained":[{"floor":0.0,"key":"blueLaboratory:BubblePotion"},{"floor":0.0,"key":"blueLaboratory:FruitPunch"},{"floor":0.0,"key":"LiquidMemories"},{"floor":2.0,"key":"blueLaboratory:BottledHope"},{"floor":4.0,"key":"LiquidBronze"},{"floor":13.0,"key":"blueLaboratory:RecallPotion"},{"floor":16.0,"key":"blueLaboratory:BottleOfRum"},{"floor":28.0,"key":"blueLaboratory:PyrophylliteBrew"},{"floor":35.0,"key":"DistilledChaos"},{"floor":37.0,"key":"blueLaboratory:EnragingPotion"},{"floor":37.0,"key":"blueLaboratory:ImpenetrablePotion"},{"floor":38.0,"key":"ColorlessPotion"},{"floor":47.0,"key":"blueLaboratory:NullPotion"},{"floor":48.0,"key":"blueLaboratory:ExaltedPotion"}],"is_trial":false,"path_per_floor":["M","?","M","M","M","E","?","R","T","T","E","?","M","M","R","B",null,"M","M","?","$","?","E","R","M","T","R","M","?","R","M","R","B",null,"M","?","?","M","M","R","M","M","T","?","E","?","E","M","R","B",null],"character_chosen":"MARISA","items_purchased":["Lee\u0027s Waffle","ShootingEcho","Shuriken"],"campfire_rested":7,"item_purchase_floors":[21,21,21],"current_hp_per_floor":[77,77,76,70,69,57,60,80,80,80,66,66,56,55,79,62,80,70,43,43,87,87,23,49,1,1,27,17,17,43,28,54,87,87,57,57,57,38,16,43,9,51,51,51,41,41,67,74,74,35],"gold":550,"neow_bonus":"THREE_SMALL_POTIONS","is_daily":false,"chose_seed":false,"campfire_upgraded":1,"win_rate":0,"timestamp":1607639232,"path_taken":["M","?","M","M","?","E","?","R","T","?","E","?","M","M","R","BOSS","M","M","?","$","?","E","R","M","T","R","M","?","R","M","R","BOSS","M","?","?","?","?","R","M","M","T","?","E","?","E","M","R","BOSS"],"build_version":"2020-11-30","purchased_purges":0,"victory":true,"max_hp_per_floor":[77,77,77,77,77,77,80,80,80,80,80,80,80,80,80,80,80,80,80,80,87,87,87,87,87,87,87,87,87,87,87,87,87,87,87,87,87,90,90,90,90,90,90,90,90,90,90,90,90,90],"card_choices":[{"not_picked":["SporeBomb","NonDirectionalLaser"],"picked":"PowerUp","floor":1.0},{"not_picked":["DC","ShootingEcho"],"picked":"MysteriousBeam","floor":3.0},{"not_picked":["DC","GasGiant","NonDirectionalLaser"],"picked":"SKIP","floor":4.0},{"not_picked":["WitchLeyline","MagicAbsorber"],"picked":"ChargingUp","floor":5.0},{"not_picked":["StarDustReverie","DoubleSpark"],"picked":"AsteroidBelt","floor":6.0},{"not_picked":["WitchLeyline","PowerUp","luka_mod:DemonSkullBeheading"],"picked":"Singularity","floor":11.0},{"not_picked":["LuminesStrike","FairyDestructionRay","WitchOfGreed","luka_mod:Feel"],"picked":"SKIP","floor":13.0},{"not_picked":["NonDirectionalLaser","OneTimeOff","luka_mod:Undine"],"picked":"GrandCross","floor":14.0},{"not_picked":["CasketOfStar","EscapeVelocity","luka_mod:AlicesFist"],"picked":"SuperNova","floor":16.0},{"not_picked":["StarBarrage","Acceleration","luka_mod:Undine"],"picked":"MilkyWay","floor":18.0},{"not_picked":["StarlightTyphoon","6A","luka_mod:StrikeLuka"],"picked":"MachineGunSpark+1","floor":19.0},{"not_picked":["SatelliteIllusion","Acceleration","luka_mod:Feel"],"picked":"OpenUniverse","floor":23.0},{"not_picked":["RefractionSpark","DoubleSpark","luka_mod:StressRelief"],"picked":"GasGiant","floor":25.0},{"not_picked":["RefractionSpark","DeepEcoloBomb","luka_mod:DemonDecapitation"],"picked":"WitchLeyline","floor":28.0},{"not_picked":["UnstableBomb+1","DeepEcoloBomb+1","luka_mod:DemonDecapitation"],"picked":"SporeBomb","floor":31.0},{"not_picked":["SuperNova","MillisecondPulsars","luka_mod:NoDebuffs"],"picked":"JA","floor":33.0},{"not_picked":["AsteroidBelt+1","Robbery+1","luka_mod:Struggle"],"picked":"6A+1","floor":35.0},{"not_picked":["WitchOfGreed","6A","luka_mod:Calm"],"picked":"MagicAbsorber","floor":38.0},{"not_picked":["OortCloud","6A","WitchLeyline+1"],"picked":"luka_mod:AngryLuka","floor":39.0},{"not_picked":["Acceleration+1","EnergyRecoil","luka_mod:DemonDecapitation"],"picked":"IllusionStar+1","floor":41.0},{"not_picked":["Singularity+1","GrandCross","luka_mod:Request"],"picked":"ShootingEcho+1","floor":42.0},{"not_picked":["ShootingEcho+1","Robbery","luka_mod:HeavenlyDemonRevival"],"picked":"SprinkleStarSeal","floor":45.0},{"not_picked":["EventHorizon+1","GalacticHalo","PropBag"],"picked":"luka_mod:AngryLuka","floor":47.0},{"not_picked":["DoubleSpark+1","DC+1","LuminesStrike","luka_mod:WaterSlash"],"picked":"SKIP","floor":48.0}],"player_experience":941135,"relics_obtained":[{"floor":6.0,"key":"Incense Burner"},{"floor":9.0,"key":"hubris:DisguiseKit"},{"floor":10.0,"key":"vexMod:ScavengeHelm"},{"floor":11.0,"key":"trackpad:ByrdBGone"},{"floor":23.0,"key":"Omamori"},{"floor":26.0,"key":"hubris:FunFungus"},{"floor":38.0,"key":"halation:EternalFortune"},{"floor":43.0,"key":"Juzu Bracelet"},{"floor":45.0,"key":"halation:IllGainedPizza"},{"floor":47.0,"key":"HornCleat"}],"event_choices":[{"damage_healed":0.0,"max_hp_gain":0.0,"max_hp_loss":0.0,"gold_gain":0.0,"event_name":"The Woman in Blue","player_choice":"Bought 1 Potion","floor":2.0,"gold_loss":0.0,"damage_taken":0.0},{"damage_healed":0.0,"max_hp_gain":0.0,"max_hp_loss":0.0,"gold_gain":0.0,"event_name":"Tomb of Lord Red Mask","player_choice":"Ignored","floor":36.0,"gold_loss":0.0,"damage_taken":0.0},{"damage_healed":0.0,"max_hp_gain":0.0,"max_hp_loss":0.0,"gold_gain":0.0,"event_name":"Lab","player_choice":"Got Potions","floor":37.0,"gold_loss":0.0,"damage_taken":0.0},{"damage_healed":0.0,"max_hp_gain":0.0,"max_hp_loss":0.0,"gold_gain":0.0,"event_name":"Purifier","player_choice":"Ignored","floor":44.0,"gold_loss":0.0,"damage_taken":0.0},{"damage_healed":0.0,"max_hp_gain":0.0,"max_hp_loss":0.0,"gold_gain":0.0,"event_name":"The Moai Head","player_choice":"Ignored","floor":46.0,"gold_loss":0.0,"damage_taken":0.0}],"is_beta":false,"boss_relics":[{"not_picked":["StuffTheSpire:RunicHypercube","Snecko Eye"],"picked":"halation:PinkAlligatorPlush"},{"not_picked":["Coffee Dripper","halation:Risk"],"picked":"BewitchedHakkero"}],"items_purged_floors":[],"is_endless":false,"potions_floor_spawned":[4,5,13,16,18,28,35,38,47,48],"ascension_level":0}}