{"host":"u6i4tuckh9ieu6fx","time":1607577540,"event":{"gold_per_floor":[115,306,323,323,323,352,120,134,214,233,266,278,200,210,210,305,314,314,394,344,362,405,137,184,112,163,125,0,7,14,14],"floor_reached":30,"playtime":3048,"items_purged":[],"score":472,"play_id":"330cd80c-6c62-4be1-80f2-b5810de7e773","local_time":"20201210131900","is_ascension_mode":true,"campfire_choices":[],"neow_cost":"","seed_source_timestamp":2226475020300,"circlet_count":0,"master_deck":["DespairKnight","WhiteNight","LongBird","Koishi:BasicStrike","Koishi:BasicStrike","Koishi:BasicStrike","Koishi:BasicStrike","Koishi:BasicDefend","Koishi:BasicDefend","HereticApostle","Koishi:BasicDefend","Koishi:Provoke","Koishi:HauntingSlash","expansioncontent:CaCaw","MeatLantern","Koishi:Prune","Koishi:FidgetySnatcher","MHz","Koishi:SubconsciousSweep","Pain","Koishi:UnconsciousUrges","Koishi:SprinkleStarAndHeart","Koishi:Untouchable","Koishi:ApparitionsStalkTheNight","Scorched","Koishi:DreadfulBlow","Koishi:PhantomStrike","Koishi:GrowingPain","CurseOfTheBell","MostiFishMod:JungleRules","PunishingBird","Koishi:BloodcurdlingScream","Koishi:Catatonia","Swift Strike","LaLuna","Koishi:PhantomStrike","Koishi:YoukaiPolygraph"],"relics":["Koishi:ImaginaryFriend","REME_ComplimentaryCards","testmod-TestBox","DaveBox","HushsDoor","KeepersGift","RhineSuit","testmod-TimeTraveler","LagranYue:RandomDrawCardRelic","CogitoBucket","RabbitCall","Question Card","LetterFromLob","Gensokyo:LunaticRedEyes","Gensokyo:OccultBall","Dota2Spire:EchoSabre","DemoMod:ClearGuonStone","DemoMod:SerJunkan","DemoMod:Junk","AspirationHeart","Anchor","ImportantClient","Calling Bell","CeramicFish","testmod-ArcanaOfDestiny","DemoMod:VorpalBullet","MagicBullet_r","Justitia_r","DeathAngel","Replay:Wax Seal","SalivaCoin","REME_OnlineShoppingPlatform","SwordSharpenedByTears_r","WingedGreaves","aspiration:HiddenCompartment"],"potions_floor_usage":[16,16,27,27,27,27],"damage_taken":[{"damage":2,"enemies":"Gensokyo:Python","floor":1,"turns":3},{"damage":0,"enemies":"Gensokyo:Gryphon","floor":3,"turns":3},{"damage":5,"enemies":"Gensokyo:Mamizou","floor":6,"turns":5},{"damage":0,"enemies":"Gensokyo:2_Kodama","floor":8,"turns":1},{"damage":12,"enemies":"Gensokyo:CorruptedTreant","floor":10,"turns":3},{"damage":0,"enemies":"Gensokyo:Cirno","floor":11,"turns":6},{"damage":0,"enemies":"Gensokyo:VengefulSpirit","floor":12,"turns":2},{"damage":0,"enemies":"Gensokyo:5_Fairies","floor":14,"turns":4},{"damage":1,"enemies":"Gensokyo:Yukari","floor":16,"turns":8},{"damage":30,"enemies":"Gensokyo:CosmicMonolith","floor":21,"turns":15},{"damage":0,"enemies":"conspire:MimicChest","floor":22,"turns":1},{"damage":0,"enemies":"Gensokyo:Tenshi","floor":24,"turns":1},{"damage":32,"enemies":"Gensokyo:Koishi","floor":27,"turns":2},{"damage":20,"enemies":"Gensokyo:CosmicMonolith","floor":30,"turns":1}],"seed_played":"4465055299348789966","potions_obtained":[{"floor":8,"key":"hexamod:EctoCoolerPotion"},{"floor":14,"key":"PowerPotion"}],"is_trial":false,"path_per_floor":["M","?","M","?","?","E","R","M","T","M","E","M","$","M","R","B",null,"M","?","?","M","?","R","E","R","T","E","$","?","M"],"character_chosen":"KOISHI","items_purchased":["DemoMod:ClearGuonStone","Koishi:UnconsciousUrges","Anchor","MostiFishMod:JungleRules","Replay:Wax Seal","SalivaCoin","Swift Strike","REME_OnlineShoppingPlatform","WingedGreaves"],"campfire_rested":0,"item_purchase_floors":[7,7,13,17,23,23,23,25,28],"current_hp_per_floor":[58,58,58,58,58,54,54,54,54,43,43,60,60,70,70,70,65,65,50,50,21,28,28,34,34,34,27,27,12,0,0],"gold":14,"neow_bonus":"","is_prod":false,"is_daily":false,"chose_seed":false,"campfire_upgraded":0,"win_rate":0.0,"timestamp":1607577540,"path_taken":["M","?","M","?","?","E","R","M","T","?","E","M","$","?","R","BOSS","M","?","?","M","?","R","E","R","T","E","?","?","?"],"build_version":"2020-11-30","purchased_purges":0,"victory":false,"max_hp_per_floor":[60,60,60,60,60,60,60,60,60,60,60,70,70,70,70,70,65,65,65,72,72,72,72,72,72,72,72,72,72,72,72],"card_choices":[{"not_picked":[],"picked":"DoctorFetus","floor":0},{"not_picked":["OSAHOGD","Bloodbath"],"picked":"MeatLantern","floor":1},{"not_picked":["Koishi:ParalyzingFear","Koishi:HeartfeltFancy"],"picked":"Koishi:Prune","floor":1},{"not_picked":["Koishi:Catatonia","Koishi:PredatoryInstincts","Koishi:ParalyzingFear"],"picked":"Koishi:FidgetySnatcher","floor":2},{"not_picked":["SingingMachine","FairyFestival"],"picked":"MHz","floor":3},{"not_picked":["Koishi:UnconsciousUprising","Koishi:CatchAndRose","Koishi:HeartAttack"],"picked":"Koishi:SubconsciousSweep","floor":3},{"not_picked":["Rudolta","Mercenary","Yin"],"picked":"Singing Bowl","floor":6},{"not_picked":["Koishi:DanmakuParanoia","Koishi:PhantomBarrier","Koishi:UnansweredLove"],"picked":"Koishi:HeartfeltFancy","floor":6},{"not_picked":["Koishi:ParalyzingFear","Koishi:HeartAttack","Koishi:TremblingHands"],"picked":"Koishi:SprinkleStarAndHeart","floor":8},{"not_picked":["RedShoes","VoidDream","CherryBlossoms"],"picked":"Singing Bowl","floor":8},{"not_picked":["WallGazer","OSAHOGD","SpiderBud"],"picked":"Singing Bowl","floor":10},{"not_picked":["LittleHelper","GalaxyChild"],"picked":"LongBird","floor":10},{"not_picked":["Koishi:EmbryosDream","Koishi:SubterraneanRose","Koishi:PhantomBarrier"],"picked":"Koishi:Untouchable","floor":10},{"not_picked":["Wellcheers","PunishingBird"],"picked":"WhiteNight","floor":11},{"not_picked":["Koishi:HeartfeltFancy","Koishi:EmbryosDream","Koishi:Catatonia"],"picked":"Koishi:ApparitionsStalkTheNight","floor":11},{"not_picked":["RedShoes","Wellcheers","GreedKing"],"picked":"Singing Bowl","floor":12},{"not_picked":["FairyFestival","SpiderBud"],"picked":"Scorched","floor":12},{"not_picked":["Koishi:MindStellarRelief","Koishi:VengefulSpirit","Koishi:IdleWhim"],"picked":"Koishi:DreadfulBlow","floor":12},{"not_picked":["CherryBlossoms","Bloodbath","VoidDream"],"picked":"Singing Bowl","floor":14},{"not_picked":["Koishi:DNAsFlaw","Koishi:Jaunt","Koishi:FreudianInstinct"],"picked":"Koishi:PhantomStrike","floor":14},{"not_picked":["SpiderBud","Wellcheers","OldLady"],"picked":"Singing Bowl","floor":16},{"not_picked":["Koishi:FadingMemory","Koishi:TerrifyingSpectre","Koishi:MindStellarRelief"],"picked":"Koishi:GrowingPain","floor":16},{"not_picked":["Murderer","ShyLook"],"picked":"PunishingBird","floor":21},{"not_picked":["Koishi:StrangeCloudFist","Koishi:FleetingPhantom","Koishi:FreudianInstinct"],"picked":"Koishi:BloodcurdlingScream","floor":21},{"not_picked":["SingingMachine","CherryBlossoms","Scarecrow"],"picked":"Singing Bowl","floor":22},{"not_picked":["RedShoes","BlackArmy"],"picked":"DespairKnight","floor":22},{"not_picked":["Koishi:DreadfulBlow","Koishi:PhantomBarrier","Koishi:FleetingPhantom"],"picked":"Koishi:Catatonia","floor":22},{"not_picked":["NakedNest","Bloodbath","HeroicMonk"],"picked":"Singing Bowl","floor":24},{"not_picked":["VoidDream","WhitesApple"],"picked":"LaLuna","floor":24},{"not_picked":["Koishi:IdleWhim","Koishi:ReflexRadar","Koishi:RorschachInDanmaku+1"],"picked":"Koishi:PhantomStrike","floor":24},{"not_picked":["BeautyBeast","Murderer","NakedNest"],"picked":"Singing Bowl","floor":27},{"not_picked":["Koishi:CatchAndRose","Koishi:SubconsciousSweep","Koishi:Bloodlust"],"picked":"Koishi:YoukaiPolygraph","floor":27}],"player_experience":133867,"relics_obtained":[{"floor":1,"key":"Question Card"},{"floor":1,"key":"LetterFromLob"},{"floor":6,"key":"Dota2Spire:EchoSabre"},{"floor":9,"key":"DemoMod:SerJunkan"},{"floor":11,"key":"DemoMod:Junk"},{"floor":12,"key":"DemoMod:Junk"},{"floor":16,"key":"ImportantClient"},{"floor":16,"key":"DemoMod:Junk"},{"floor":17,"key":"CeramicFish"},{"floor":17,"key":"testmod-ArcanaOfDestiny"},{"floor":17,"key":"DemoMod:VorpalBullet"},{"floor":21,"key":"DeathAngel"},{"floor":22,"key":"DemoMod:Junk"},{"floor":24,"key":"DemoMod:Junk"},{"floor":27,"key":"DemoMod:Junk"}],"event_choices":[],"is_beta":false,"boss_relics":[{"not_picked":["SoulBox","conspire:SpecialSausage"],"picked":"Calling Bell"},{"not_picked":[]}],"items_purged_floors":[],"is_endless":false,"potions_floor_spawned":[8,14,27],"killed_by":"Gensokyo:CosmicMonolith","ascension_level":0}}