{"host":"c95txy58ipbu969e","time":1607577883,"event":{"gold_per_floor":[114,114,133,107,107,151,169,169,194,228,96,130,130,151,214,912,912,912],"floor_reached":17,"playtime":896,"items_purged":["Strike_G"],"score":446,"play_id":"06e557bc-b7f0-4c8a-b94e-aac35edd6a37","local_time":"20201210132443","is_ascension_mode":true,"campfire_choices":[{"data":"MostiFishMod:Hijack","floor":8,"key":"SMITH"},{"data":"MostiFishMod:PreservedThorns","floor":13,"key":"SMITH"}],"neow_cost":"NONE","seed_source_timestamp":72516858370600,"circlet_count":0,"master_deck":["AscendersBane","Strike_G","Strike_G+1","Strike_G","Strike_G","Defend_G","Defend_G","Defend_G","Defend_G","Defend_G","Survivor","Neutralize","MostiFishMod:Hijack+1","Hidden Blade","Dagger Spray","Bane","Noxious Fumes","Toxin Wave","Acrobatics","MostiFishMod:PreservedThorns+1","Accuracy","Cloak And Dagger","MostiFishMod:UniGreen"],"relics":["Ring of the Snake","DaveBox","testmod-TestBox","REME_ComplimentaryCards","NeowsBlessing","testmod-InfectionSource","xbg","Question Card","Golden Idol","Anchor","Replay:Baseball","Pantograph","Replay:Wax Seal","ImportantClient","NightmareShop"],"potions_floor_usage":[],"damage_taken":[{"damage":0,"enemies":"Jaw Worm","floor":1,"turns":1},{"damage":0,"enemies":"2 Louse","floor":3,"turns":1},{"damage":0,"enemies":"Lagavulin","floor":6,"turns":1},{"damage":0,"enemies":"Cultist","floor":7,"turns":2},{"damage":17,"enemies":"3 Sentries","floor":10,"turns":4},{"damage":25,"enemies":"Lagavulin","floor":12,"turns":4},{"damage":0,"enemies":"Looter","floor":14,"turns":1},{"damage":36,"enemies":"Fading Forest","floor":16,"turns":10}],"seed_played":"-1686579181153098113","potions_obtained":[{"floor":7,"key":"Reflective Coating"},{"floor":12,"key":"PowerPotion"}],"is_trial":false,"path_per_floor":["M","?","M","$","?","E","M","R","T","E","$","E","R","M","R","B",null],"character_chosen":"THE_SILENT","items_purchased":["Bane","Acrobatics"],"campfire_rested":0,"item_purchase_floors":[4,11],"current_hp_per_floor":[59,64,66,66,64,64,64,64,64,47,47,22,22,22,27,24,58,58],"gold":912,"neow_bonus":"THREE_ENEMY_KILL","is_prod":false,"is_daily":false,"chose_seed":false,"campfire_upgraded":2,"win_rate":0,"timestamp":1607577883,"path_taken":["M","?","M","?","?","E","M","R","T","E","$","E","R","M","R","BOSS"],"build_version":"2020-11-30","purchased_purges":1,"victory":false,"max_hp_per_floor":[66,71,71,71,64,64,64,64,64,64,64,64,64,64,69,69,69,69],"card_choices":[{"not_picked":["Fluid Movement","Underhanded Strike"],"picked":"Hidden Blade","floor":1},{"not_picked":["ReplayTheSpireMod:Shiv Toss","Hidden Blade","Heel Hook"],"picked":"Dagger Spray","floor":3},{"not_picked":["Tools of the Trade","Poisoned Stab","ReplayTheSpireMod:Speed Training"],"picked":"Noxious Fumes","floor":6},{"not_picked":["REME_ShadowStrike","Dagger Throw","REME_GreenPollution","ReplayTheSpireMod:Exploit Weakness"],"picked":"SKIP","floor":7},{"not_picked":["Flechettes","Reflex","Quick Slash"],"picked":"Toxin Wave","floor":10},{"not_picked":["Slice","PiercingWail","Deflect"],"picked":"MostiFishMod:PreservedThorns","floor":12},{"not_picked":["Underhanded Strike","Slice","Dagger Spray"],"picked":"Accuracy","floor":14},{"not_picked":["Quick Slash","Dodge and Roll","MostiFishMod:PoisonShield"],"picked":"Cloak And Dagger","floor":15},{"not_picked":["Phantasmal Killer","Wraith Form v2","ReplayTheSpireMod:From All Sides"],"picked":"MostiFishMod:UniGreen","floor":16}],"player_experience":238498,"relics_obtained":[{"floor":1,"key":"Question Card"},{"floor":6,"key":"Anchor"},{"floor":9,"key":"Replay:Baseball"},{"floor":10,"key":"Pantograph"},{"floor":12,"key":"Replay:Wax Seal"},{"floor":16,"key":"ImportantClient"}],"event_choices":[{"damage_healed":0,"gold_gain":0,"player_choice":"Donut","damage_taken":0,"max_hp_gain":5,"max_hp_loss":0,"event_name":"Big Fish","floor":2,"gold_loss":0},{"damage_healed":0,"gold_gain":0,"player_choice":"Lose Max HP","damage_taken":0,"relics_obtained":["Golden Idol"],"max_hp_gain":0,"max_hp_loss":7,"event_name":"Golden Idol","floor":5,"gold_loss":0},{"damage_healed":0,"gold_gain":0,"player_choice":"Swap Relic","damage_taken":0,"relics_obtained":["Tiny House"],"max_hp_gain":0,"max_hp_loss":0,"event_name":"给自己的盒子","floor":15,"relics_lost":["Tiny House"],"gold_loss":0}],"is_beta":false,"boss_relics":[{"not_picked":["Busted Crown","ReplayTheSpireMod:DimensionalGlitch"],"picked":"NightmareShop"}],"items_purged_floors":[11],"is_endless":false,"potions_floor_spawned":[7,12,14],"ascension_level":20}}