{"host":"naykp6d9ulahlwib","time":1607562714,"event":{"gold_per_floor":[12,22,22,22,45,45,86,86,164,179,104,179,179,203,203,334,334,358,34,50,30,48,83,108,108,108,257,307,322,77,92,92,221,221,241,262,36,85,135,170,170,193,216,234,255,305,305,36,36,66,66,66,24,59,59],"floor_reached":56,"playtime":8876,"items_purged":["Strike_P","Defend_P"],"score":1249,"play_id":"b3786f49-960d-4481-8a5d-365077cdaaa4","local_time":"20201209191154","is_ascension_mode":false,"campfire_choices":[{"data":"Apotheosis","floor":6.0,"key":"SMITH"},{"data":"Omniscience","floor":8.0,"key":"SMITH"},{"floor":15.0,"key":"REST"},{"data":"Omniscience","floor":25.0,"key":"SMITH"},{"floor":32.0,"key":"REST"},{"floor":41.0,"key":"REST"},{"floor":47.0,"key":"RECALL"},{"floor":49.0,"key":"REST"},{"data":"Alpha","floor":52.0,"key":"SMITH"}],"neow_cost":"NO_GOLD","seed_source_timestamp":837703001689300,"circlet_count":0,"master_deck":["Strike_P","Defend_P","Defend_P","Eruption","Vigilance","Apotheosis+1","ClearTheMind","LikeWater","ThirdEye","Omniscience+1","Weave","Perseverance","Wish","Wireheading","ReachHeaven+1","WindmillStrike+1","Omniscience+1","ReachHeaven","LikeWater","DevaForm","WaveOfTheHand","InnerPeace","Secret Technique","InnerPeace+1","Crescendo+1","Wish","Alpha+1","Fasting2","Panacea"],"special_seed":0,"relics":["PureWater","Golden Idol","Omamori","SsserpentHead","Empty Cage","ClockworkSouvenir","Art of War","Gremlin Horn","Bottled Lightning","Sozu","Membership Card","Toy Ornithopter","Whetstone","TeardropLocket","Mercury Hourglass"],"potions_floor_usage":[55,55,55],"damage_taken":[{"damage":0.0,"enemies":"Jaw Worm","floor":1.0,"turns":3.0},{"damage":0.0,"enemies":"Small Slimes","floor":2.0,"turns":3.0},{"damage":0.0,"enemies":"2 Louse","floor":5.0,"turns":3.0},{"damage":2.0,"enemies":"3 Sentries","floor":7.0,"turns":13.0},{"damage":0.0,"enemies":"Red Slaver","floor":10.0,"turns":4.0},{"damage":0.0,"enemies":"Looter","floor":14.0,"turns":5.0},{"damage":21.0,"enemies":"Slime Boss","floor":16.0,"turns":13.0},{"damage":0.0,"enemies":"Spheric Guardian","floor":18.0,"turns":4.0},{"damage":0.0,"enemies":"Shell Parasite","floor":20.0,"turns":8.0},{"damage":3.0,"enemies":"3 Cultists","floor":22.0,"turns":6.0},{"damage":11.0,"enemies":"Slavers","floor":23.0,"turns":7.0},{"damage":0.0,"enemies":"Snake Plant","floor":24.0,"turns":4.0},{"damage":0.0,"enemies":"Cultist and Chosen","floor":29.0,"turns":4.0},{"damage":0.0,"enemies":"Snecko","floor":31.0,"turns":3.0},{"damage":0.0,"enemies":"Collector","floor":33.0,"turns":7.0},{"damage":19.0,"enemies":"3 Darklings","floor":35.0,"turns":6.0},{"damage":7.0,"enemies":"Orb Walker","floor":36.0,"turns":5.0},{"damage":8.0,"enemies":"Spire Growth","floor":38.0,"turns":5.0},{"damage":0.0,"enemies":"Nemesis","floor":40.0,"turns":5.0},{"damage":0.0,"enemies":"Writhing Mass","floor":42.0,"turns":6.0},{"damage":0.0,"enemies":"Maw","floor":44.0,"turns":5.0},{"damage":0.0,"enemies":"4 Shapes","floor":45.0,"turns":4.0},{"damage":24.0,"enemies":"Time Eater","floor":50.0,"turns":6.0},{"damage":32.0,"enemies":"Shield and Spear","floor":54.0,"turns":6.0},{"damage":21,"enemies":"The Heart","floor":55,"turns":9}],"seed_played":"-4888795801800985232","potions_obtained":[{"floor":1.0,"key":"LiquidBronze"},{"floor":2.0,"key":"Swift Potion"},{"floor":5.0,"key":"ColorlessPotion"},{"floor":18.0,"key":"DistilledChaos"},{"floor":22.0,"key":"SpeedPotion"},{"floor":23.0,"key":"Fire Potion"},{"floor":24.0,"key":"Regen Potion"}],"is_trial":false,"path_per_floor":["M","M","?","?","M","R","E","R","T","M","$","?","?","M","R","B",null,"M","$","M","$","M","E","M","R","T","?","?","M","$","M","R","B",null,"M","M","$","M","?","E","R","M","T","M","M","?","R","$","R","B",null,"R","$","E","B",null],"character_chosen":"WATCHER","items_purchased":["ClockworkSouvenir","Wireheading","ReachHeaven","Bottled Lightning","Membership Card","Secret Technique","TeardropLocket","Wish","Alpha","Fasting2","Panacea"],"campfire_rested":4,"item_purchase_floors":[19,19,21,30,37,37,48,48,48,48,53],"current_hp_per_floor":[72,72,54,54,54,54,52,52,52,52,52,41,41,41,62,41,72,72,72,72,72,69,58,58,58,58,58,58,58,58,58,72,72,72,53,46,46,38,38,38,59,59,59,59,59,59,59,59,72,48,72,72,72,40,49],"gold":59,"neow_bonus":"RANDOM_COLORLESS_2","is_prod":false,"is_daily":false,"chose_seed":false,"campfire_upgraded":4,"win_rate":0,"timestamp":1607562714,"path_taken":["M","M","?","?","M","R","E","R","T","M","$","?","?","M","R","BOSS","M","$","M","?","M","E","M","R","T","?","?","M","$","M","R","BOSS","M","M","$","M","?","E","R","M","T","M","M","?","R","$","R","BOSS","R","$","E","BOSS"],"build_version":"2020-11-30","purchased_purges":2,"victory":true,"max_hp_per_floor":[72,72,72,72,72,72,72,72,72,72,72,72,72,72,72,72,72,72,72,72,72,72,72,72,72,72,72,72,72,72,72,72,72,72,72,72,72,72,72,72,72,72,72,72,72,72,72,72,72,72,72,72,72,72,72],"card_choices":[{"not_picked":["Transmutation","Violence"],"picked":"Apotheosis","floor":0.0},{"not_picked":["EmptyBody","FollowUp"],"picked":"ClearTheMind","floor":1.0},{"not_picked":["Adaptation","CrushJoints"],"picked":"LikeWater","floor":2.0},{"not_picked":["Evaluate","Scrawl"],"picked":"ThirdEye","floor":5.0},{"not_picked":["Protect","Evaluate"],"picked":"Omniscience","floor":7.0},{"not_picked":["Sanctity","Protect"],"picked":"Weave","floor":10.0},{"not_picked":["Study","CrushJoints"],"picked":"Perseverance","floor":14.0},{"not_picked":["Establishment","Vault"],"picked":"Wish","floor":16.0},{"not_picked":["PathToVictory","ClearTheMind","Protect"],"picked":"SKIP","floor":18.0},{"not_picked":["Protect+1","EmptyBody","ClearTheMind"],"picked":"SKIP","floor":20.0},{"not_picked":["Evaluate","ClearTheMind","BowlingBash"],"picked":"SKIP","floor":22.0},{"not_picked":["SignatureMove","PathToVictory"],"picked":"WindmillStrike+1","floor":23.0},{"not_picked":["ReachHeaven+1","CutThroughFate"],"picked":"Omniscience","floor":24.0},{"not_picked":["MentalFortress","FollowUp+1"],"picked":"LikeWater","floor":29.0},{"not_picked":["Nirvana","WheelKick+1","SandsOfTime"],"picked":"SKIP","floor":31.0},{"not_picked":["SpiritShield","Ragnarok"],"picked":"DevaForm","floor":33.0},{"not_picked":["Crescendo+1","Protect"],"picked":"WaveOfTheHand","floor":35.0},{"not_picked":["WheelKick+1","PathToVictory"],"picked":"InnerPeace","floor":36.0},{"not_picked":["EmptyFist+1","Protect+1"],"picked":"InnerPeace+1","floor":38.0},{"not_picked":["FlurryOfBlows+1","Prostrate","CrushJoints"],"picked":"SKIP","floor":40.0},{"not_picked":["CarveReality+1","WheelKick+1"],"picked":"Crescendo+1","floor":42.0},{"not_picked":["InnerPeace+1","FlurryOfBlows+1","PathToVictory+1"],"picked":"SKIP","floor":44.0},{"not_picked":["FlurryOfBlows","ClearTheMind","Halt"],"picked":"SKIP","floor":45.0},{"not_picked":["Halt","Vengeance","FollowUp"],"picked":"SKIP","floor":54.0}],"player_experience":661528,"relics_obtained":[{"floor":7.0,"key":"Omamori"},{"floor":23.0,"key":"Art of War"},{"floor":26.0,"key":"Gremlin Horn"},{"floor":40.0,"key":"Toy Ornithopter"},{"floor":43.0,"key":"Whetstone"},{"floor":54.0,"key":"Mercury Hourglass"}],"event_choices":[{"damage_healed":0.0,"max_hp_gain":0.0,"max_hp_loss":0.0,"gold_gain":0.0,"event_name":"Golden Idol","player_choice":"Take Damage","floor":3.0,"gold_loss":0.0,"damage_taken":18.0,"relics_obtained":["Golden Idol"]},{"damage_healed":0.0,"max_hp_gain":0.0,"max_hp_loss":0.0,"gold_gain":0.0,"event_name":"Liars Game","player_choice":"Ignored","floor":4.0,"gold_loss":0.0,"damage_taken":0.0},{"damage_healed":0.0,"max_hp_gain":0.0,"max_hp_loss":0.0,"gold_gain":75.0,"event_name":"World of Goop","player_choice":"Gather Gold","floor":12.0,"gold_loss":0.0,"damage_taken":11.0},{"damage_healed":0.0,"max_hp_gain":0.0,"max_hp_loss":0.0,"gold_gain":0.0,"event_name":"FaceTrader","player_choice":"Trade","floor":13.0,"gold_loss":0.0,"damage_taken":0.0,"relics_obtained":["SsserpentHead"]},{"damage_healed":0.0,"max_hp_gain":0.0,"max_hp_loss":0.0,"gold_gain":99.0,"event_name":"Nest","player_choice":"Stole From Cult","floor":27.0,"gold_loss":0.0,"damage_taken":0.0},{"damage_healed":0.0,"max_hp_gain":0.0,"max_hp_loss":0.0,"gold_gain":0.0,"event_name":"The Library","player_choice":"Read","floor":28.0,"gold_loss":0.0,"damage_taken":0.0,"cards_obtained":["ReachHeaven"]},{"damage_healed":0.0,"max_hp_gain":0.0,"max_hp_loss":0.0,"gold_gain":0.0,"event_name":"SensoryStone","player_choice":"Memory 1","floor":39.0,"gold_loss":0.0,"damage_taken":0.0},{"cards_removed":["Strike_P"],"damage_healed":0.0,"max_hp_gain":0.0,"max_hp_loss":0.0,"gold_gain":0.0,"event_name":"Falling","player_choice":"Removed Attack","floor":46.0,"gold_loss":0.0,"damage_taken":0.0}],"is_beta":false,"boss_relics":[{"not_picked":["Busted Crown","Tiny House"],"picked":"Empty Cage"},{"not_picked":["Runic Pyramid","Runic Dome"],"picked":"Sozu"}],"items_purged_floors":[11,19],"is_endless":false,"potions_floor_spawned":[1,2,5,18,22,23,24,35,38,45,54],"ascension_level":0}}