{"host":"mi1ox2k6wy3juh8w","time":1607594549,"event":{"gold_per_floor":[112,112,127,144,144,144,158,188,243,261,279,298,317,333,333,430,430,441,457,472,472,483,483,498,597,597,597,597,610,630,647,647,751,751,767,620,620,670,685,685,703,703,703,716,742,797,816,831,831,831,831,831,831,859,859],"floor_reached":56,"playtime":560,"items_purged":[],"score":1541,"play_id":"aaa503be-81cb-4dfa-b842-afb3a07df46a","local_time":"20201210190229","is_ascension_mode":false,"campfire_choices":[{"data":"Grand Finale","floor":6,"key":"SMITH"},{"floor":15,"key":"RECALL"},{"floor":23,"key":"REST"},{"floor":32,"key":"REST"},{"floor":40,"key":"REST"},{"floor":42,"key":"REST"},{"floor":49,"key":"REST"},{"floor":52,"key":"REST"}],"neow_cost":"NONE","seed_source_timestamp":20659004237900,"circlet_count":0,"master_deck":["Grand Finale+1"],"relics":["Unceasing Top"],"potions_floor_usage":[],"damage_taken":[{"damage":0,"enemies":"Cultist","floor":1,"turns":1},{"damage":0,"enemies":"Jaw Worm","floor":3,"turns":1},{"damage":0,"enemies":"Small Slimes","floor":4,"turns":1},{"damage":0,"enemies":"2 Fungi Beasts","floor":7,"turns":1},{"damage":0,"enemies":"Lagavulin","floor":8,"turns":1},{"damage":0,"enemies":"Lots of Slimes","floor":10,"turns":1},{"damage":0,"enemies":"Blue Slaver","floor":11,"turns":1},{"damage":0,"enemies":"Exordium Thugs","floor":12,"turns":1},{"damage":0,"enemies":"Gremlin Gang","floor":13,"turns":1},{"damage":0,"enemies":"3 Louse","floor":14,"turns":1},{"damage":0,"enemies":"Hexaghost","floor":16,"turns":1},{"damage":0,"enemies":"Chosen","floor":18,"turns":1},{"damage":0,"enemies":"3 Byrds","floor":19,"turns":1},{"damage":0,"enemies":"Snake Plant","floor":20,"turns":1},{"damage":0,"enemies":"Centurion and Healer","floor":22,"turns":1},{"damage":0,"enemies":"3 Cultists","floor":24,"turns":1},{"damage":0,"enemies":"Chosen and Byrds","floor":29,"turns":1},{"damage":0,"enemies":"Snecko","floor":30,"turns":1},{"damage":0,"enemies":"3 Cultists","floor":31,"turns":1},{"damage":0,"enemies":"Champ","floor":33,"turns":1},{"damage":0,"enemies":"Orb Walker","floor":35,"turns":1},{"damage":0,"enemies":"Mind Bloom Boss Battle","floor":38,"turns":1},{"damage":0,"enemies":"3 Shapes","floor":39,"turns":1},{"damage":0,"enemies":"Writhing Mass","floor":41,"turns":1},{"damage":0,"enemies":"3 Darklings","floor":44,"turns":1},{"damage":0,"enemies":"Reptomancer","floor":45,"turns":1},{"damage":0,"enemies":"Spire Growth","floor":47,"turns":1},{"damage":0,"enemies":"Transient","floor":48,"turns":5},{"damage":0,"enemies":"Donu and Deca","floor":50,"turns":1},{"damage":0,"enemies":"Shield and Spear","floor":54,"turns":1},{"damage":57,"enemies":"The Heart","floor":55,"turns":3}],"seed_played":"-8061418786989815998","potions_obtained":[{"floor":1,"key":"CunningPotion"},{"floor":7,"key":"Fire Potion"},{"floor":8,"key":"Strength Potion"}],"is_trial":false,"path_per_floor":["M","$","M","M","?","R","M","E","T","M","M","M","M","M","R","B",null,"M","M","M","$","M","R","M","?","T","?","?","M","M","M","R","B",null,"M","$","?","?","M","R","M","R","T","M","E","T","M","M","R","B",null,"R","$","E","B",null],"character_chosen":"THE_SILENT","items_purchased":["TheAbacus"],"campfire_rested":6,"item_purchase_floors":[36],"current_hp_per_floor":[77,77,77,77,77,77,77,77,77,77,77,77,77,77,77,77,77,77,77,77,77,77,77,77,77,77,63,63,63,63,63,82,82,82,82,82,78,78,78,78,78,78,78,78,78,78,78,78,78,78,78,78,78,78,21],"gold":859,"neow_bonus":"TEN_PERCENT_HP_BONUS","is_prod":false,"is_daily":false,"chose_seed":false,"campfire_upgraded":1,"win_rate":0,"timestamp":1607594549,"path_taken":["M","$","?","?","?","R","M","E","T","M","M","M","M","M","R","BOSS","M","M","M","$","M","R","M","?","T","?","?","M","M","M","R","BOSS","M","$","?","?","M","R","M","R","T","M","E","?","M","M","R","BOSS","R","$","E","BOSS"],"build_version":"2020-11-30","purchased_purges":0,"victory":true,"max_hp_per_floor":[77,77,77,77,77,77,77,77,77,77,77,77,77,77,77,77,77,77,77,77,77,77,77,77,77,77,82,82,82,82,82,82,82,82,82,82,78,78,78,78,78,78,78,78,78,78,78,78,78,78,78,78,78,78,78],"card_choices":[{"not_picked":["Masterful Stab","Expertise","Dagger Throw"],"picked":"SKIP","floor":1},{"not_picked":["Blur","Terror","Predator"],"picked":"SKIP","floor":3},{"not_picked":["Flying Knee","Dagger Spray","Deflect"],"picked":"SKIP","floor":4},{"not_picked":["Crippling Poison","Heel Hook","Flying Knee"],"picked":"SKIP","floor":7},{"not_picked":["Infinite Blades","Endless Agony","Leg Sweep"],"picked":"SKIP","floor":8},{"not_picked":["Choke","Bouncing Flask","Well Laid Plans"],"picked":"SKIP","floor":10},{"not_picked":["Prepared","Deadly Poison","Backflip"],"picked":"SKIP","floor":11},{"not_picked":["Endless Agony","Deadly Poison","Escape Plan"],"picked":"SKIP","floor":12},{"not_picked":["Bane","Outmaneuver","Blur"],"picked":"SKIP","floor":13},{"not_picked":["Bouncing Flask","Setup","Poisoned Stab"],"picked":"SKIP","floor":14},{"not_picked":["Noxious Fumes","Cloak And Dagger","Riddle With Holes+1"],"picked":"SKIP","floor":18},{"not_picked":["Slice","Prepared","Predator"],"picked":"SKIP","floor":19},{"not_picked":["Noxious Fumes","Poisoned Stab","Catalyst"],"picked":"SKIP","floor":20},{"not_picked":["Quick Slash","All Out Attack","Flying Knee"],"picked":"SKIP","floor":22},{"not_picked":["PiercingWail","A Thousand Cuts","Deflect"],"picked":"SKIP","floor":24},{"not_picked":["Deadly Poison","Quick Slash","Dagger Spray+1"],"picked":"SKIP","floor":29},{"not_picked":["Dagger Throw","Backflip","Blade Dance"],"picked":"SKIP","floor":30},{"not_picked":["Escape Plan","PiercingWail","Distraction"],"picked":"SKIP","floor":31},{"not_picked":["Dagger Throw+1","Prepared","Reflex+1"],"picked":"SKIP","floor":35},{"not_picked":["Underhanded Strike+1","Poisoned Stab+1","Blade Dance+1"],"picked":"SKIP","floor":39},{"not_picked":["Deadly Poison","PiercingWail+1","Footwork"],"picked":"SKIP","floor":41},{"not_picked":["Footwork+1","Leg Sweep","Poisoned Stab+1"],"picked":"SKIP","floor":44},{"not_picked":["Bane+1","Bouncing Flask+1","Blur+1"],"picked":"SKIP","floor":45},{"not_picked":["PiercingWail+1","Dagger Spray","Prepared+1"],"picked":"SKIP","floor":47},{"not_picked":["Sucker Punch","Bouncing Flask+1","Blur+1"],"picked":"SKIP","floor":48},{"not_picked":["Dodge and Roll+1","Backflip","Storm of Steel"],"picked":"SKIP","floor":54}],"player_experience":241105,"relics_obtained":[{"floor":8,"key":"Singing Bowl"},{"floor":38,"key":"Turnip"},{"floor":43,"key":"Darkstone Periapt"},{"floor":45,"key":"War Paint"},{"floor":46,"key":"Oddly Smooth Stone"},{"floor":54,"key":"Pen Nib"}],"event_choices":[{"damage_healed":0,"gold_gain":0,"player_choice":"Ignored","damage_taken":0,"max_hp_gain":0,"max_hp_loss":0,"event_name":"Liars Game","floor":5,"gold_loss":0},{"damage_healed":0,"gold_gain":99,"player_choice":"Stole From Cult","damage_taken":0,"max_hp_gain":0,"max_hp_loss":0,"event_name":"Nest","floor":25,"gold_loss":0},{"damage_healed":0,"gold_gain":0,"player_choice":"Shed Blood","damage_taken":19,"max_hp_gain":5,"max_hp_loss":0,"event_name":"Forgotten Altar","floor":27,"gold_loss":0},{"damage_healed":0,"gold_gain":0,"player_choice":"0 cards matched","damage_taken":0,"max_hp_gain":0,"max_hp_loss":0,"event_name":"Match and Keep!","floor":28,"gold_loss":0,"cards_obtained":[]},{"damage_healed":0,"gold_gain":0,"player_choice":"Max HP","damage_taken":0,"max_hp_gain":0,"max_hp_loss":4,"event_name":"Winding Halls","floor":37,"gold_loss":0},{"damage_healed":0,"gold_gain":0,"player_choice":"Fight","damage_taken":0,"max_hp_gain":0,"max_hp_loss":0,"event_name":"MindBloom","floor":38,"gold_loss":0}],"is_beta":false,"boss_relics":[{"not_picked":["Snecko Eye","Empty Cage"],"picked":"Black Star"},{"not_picked":["Philosopher\u0027s Stone","Coffee Dripper","Busted Crown"]}],"items_purged_floors":[],"is_endless":false,"potions_floor_spawned":[1,7,8,14,16,20,22,30,31,38,47],"ascension_level":0}}