{"host":"u5hfrceatticevdm","time":1607573523,"event":{"gold_per_floor":[116,116,135,135,147,147,3,3,3,3,38,38,38,3,3,108,108,127,67,67,67,83,83,101,101,154,173,173,173,29,48,48,48,48],"floor_reached":33,"playtime":1814,"items_purged":[],"score":241,"play_id":"11d88d93-80fa-4b1b-af35-4eb36c9b17f5","local_time":"20201209231203","is_ascension_mode":false,"campfire_choices":[{"floor":6,"key":"REST"},{"data":"Ball Lightning","floor":8,"key":"SMITH"},{"floor":13,"key":"REST"},{"floor":15,"key":"REST"},{"floor":23,"key":"REST"},{"floor":25,"key":"RECALL"},{"data":"Ball Lightning","floor":29,"key":"SMITH"},{"floor":32,"key":"REST"}],"neow_cost":"NONE","seed_source_timestamp":1133721853906500,"circlet_count":0,"master_deck":["Strike_B+1","Strike_B+2","Strike_B+1","Strike_B+1","Defend_B+1","Defend_B","Defend_B+1","Defend_B+1","Zap","Dualcast","Conserve Battery","Gash","Ball Lightning+1","Coolheaded+1","FIFO Queue+1","Echo Form+1","Chaos+1","Anger","StuffTheSpire:Synthwave+1","Beam Cell+1","Ball Lightning+1","Tempest","ReplayTheSpireMod:Calculation Training"],"relics":["Cracked Core","Simple Rune","Whetstone","SnailShell","vexMod:ImprovementManual"],"potions_floor_usage":[33],"damage_taken":[{"damage":17,"enemies":"Jaw Worm","floor":1,"turns":4},{"damage":2,"enemies":"Small Slimes","floor":3,"turns":3},{"damage":0,"enemies":"Cultist","floor":5,"turns":4},{"damage":48,"enemies":"Gremlin Nob","floor":11,"turns":5},{"damage":68,"enemies":"Slime Boss","floor":16,"turns":13},{"damage":16,"enemies":"Spheric Guardian","floor":18,"turns":6},{"damage":5,"enemies":"Chosen","floor":22,"turns":5},{"damage":8,"enemies":"Snecko","floor":24,"turns":6},{"damage":20,"enemies":"conspire:HollyBat","floor":27,"turns":5},{"damage":45,"enemies":"Cultist and Chosen","floor":31,"turns":8},{"damage":70,"enemies":"Automaton","floor":33,"turns":5}],"seed_played":"2418614704147425514","potions_obtained":[{"floor":3,"key":"FocusPotion"},{"floor":4,"key":"FearPotion"},{"floor":4,"key":"Reflective Coating"},{"floor":5,"key":"Strength Potion"},{"floor":18,"key":"EssenceOfDarkness"}],"is_trial":false,"path_per_floor":["M","?","M","?","M","R","$","R","T","$","E","?","R","$","R","B",null,"M","?","?","?","M","R","M","R","T","M","?","R","$","M","R","B"],"character_chosen":"DEFECT","items_purchased":["Simple Rune","FIFO Queue","Tempest","ReplayTheSpireMod:Calculation Training"],"campfire_rested":5,"item_purchase_floors":[7,14,30,30],"current_hp_per_floor":[65,49,47,47,47,71,71,71,71,71,23,23,47,47,71,3,82,66,66,66,66,61,82,74,74,74,54,54,54,54,9,33,0,0],"gold":48,"neow_bonus":"TEN_PERCENT_HP_BONUS","is_prod":false,"is_daily":false,"chose_seed":false,"campfire_upgraded":2,"win_rate":0,"timestamp":1607573523,"path_taken":["M","?","M","?","?","R","$","R","T","?","E","?","R","?","R","BOSS","M","?","?","?","M","R","M","R","T","?","?","R","$","M","R","BOSS"],"build_version":"2020-11-30","purchased_purges":0,"victory":false,"max_hp_per_floor":[82,82,82,82,82,82,82,82,82,82,82,82,82,82,82,82,82,82,82,82,82,82,82,82,82,82,82,82,82,82,82,82,82,82],"card_choices":[{"not_picked":["Go for the Eyes","StuffTheSpire:LoadUp"],"picked":"Conserve Battery","floor":1},{"not_picked":["Go for the Eyes","Time Bomb"],"picked":"Gash","floor":3},{"not_picked":["RefreshScreen","Barrage"],"picked":"Ball Lightning","floor":5},{"not_picked":["Sweeping Beam","Skim"],"picked":"Coolheaded","floor":11},{"not_picked":["Seek","hubris:Prefetch"],"picked":"Echo Form","floor":16},{"not_picked":["Sweeping Beam","StuffTheSpire:NuclearReactor+1"],"picked":"Chaos","floor":18},{"not_picked":["Panic Button+1","Coolheaded"],"picked":"StuffTheSpire:Synthwave+1","floor":22},{"not_picked":["Coolheaded","Stack"],"picked":"Beam Cell+1","floor":24},{"not_picked":["Barrage","Rip and Tear"],"picked":"Ball Lightning","floor":27},{"not_picked":["StuffTheSpire:CleanHardDrive","Rebound","Rip and Tear"],"picked":"SKIP","floor":31}],"player_experience":744302,"relics_obtained":[{"floor":9,"key":"Whetstone"},{"floor":11,"key":"SnailShell"}],"event_choices":[{"damage_healed":0,"gold_gain":0,"player_choice":"Entered Light","damage_taken":16,"max_hp_gain":0,"max_hp_loss":0,"event_name":"Shining Light","floor":2,"gold_loss":0,"cards_upgraded":["Defend_B","Strike_B"]},{"damage_healed":0,"gold_gain":0,"player_choice":"Got Potions","damage_taken":0,"max_hp_gain":0,"max_hp_loss":0,"event_name":"Lab","floor":4,"gold_loss":0},{"damage_healed":0,"gold_gain":0,"player_choice":"Read","damage_taken":0,"max_hp_gain":0,"max_hp_loss":0,"event_name":"The Library","floor":20,"gold_loss":0,"cards_obtained":["Anger"]},{"damage_healed":0,"gold_gain":0,"player_choice":"Forge","damage_taken":0,"max_hp_gain":0,"max_hp_loss":0,"event_name":"Accursed Blacksmith","floor":21,"gold_loss":0,"cards_upgraded":["Chaos"]}],"is_beta":false,"boss_relics":[{"not_picked":["relicPack:ShieldShield","hubris:CrackedHourglass"],"picked":"vexMod:ImprovementManual"}],"items_purged_floors":[],"is_endless":false,"potions_floor_spawned":[3,5,11,18,22,31],"killed_by":"Automaton","ascension_level":0}}