{"host":"c10fjmjt4zmpjqlg","time":1607589138,"event":{"gold_per_floor":[114,289,300,314,331,362,362,362,362],"floor_reached":8,"playtime":213,"items_purged":[],"score":61,"play_id":"446322f6-d14b-4764-837c-3510a9065fb9","local_time":"20201210193218","is_ascension_mode":true,"campfire_choices":[],"neow_cost":"NONE","seed_source_timestamp":707701542917300,"circlet_count":0,"master_deck":["Strike_R","Strike_R","Strike_R","Strike_R","Strike_R","Defend_R","Defend_R","Defend_R","Defend_R","Bash","Cleave","Doubt","Flex","Twin Strike","Pummel","Corruption"],"relics":["Burning Blood","Juzu Bracelet","Gremlin Horn","Toxic Egg 2"],"potions_floor_usage":[],"damage_taken":[{"damage":5,"enemies":"2 Louse","floor":1,"turns":2},{"damage":10,"enemies":"Jaw Worm","floor":3,"turns":4},{"damage":1,"enemies":"Cultist","floor":4,"turns":3},{"damage":14,"enemies":"Blue Slaver","floor":5,"turns":3},{"damage":38,"enemies":"Gremlin Nob","floor":6,"turns":5},{"damage":40,"enemies":"Lagavulin","floor":8,"turns":5}],"seed_played":"1205470836728070738","potions_obtained":[{"floor":1,"key":"BlessingOfTheForge"},{"floor":5,"key":"CultistPotion"},{"floor":6,"key":"Ancient Potion"}],"is_trial":false,"path_per_floor":["M","?","M","M","M","E","T","E"],"character_chosen":"IRONCLAD","items_purchased":[],"campfire_rested":0,"item_purchase_floors":[],"current_hp_per_floor":[80,80,76,80,72,40,40,0,0],"gold":362,"neow_bonus":"RANDOM_COMMON_RELIC","is_prod":false,"is_daily":false,"chose_seed":false,"campfire_upgraded":0,"win_rate":0,"timestamp":1607589138,"path_taken":["M","?","M","M","M","E","?","E"],"build_version":"2020-11-30","purchased_purges":0,"victory":false,"max_hp_per_floor":[80,80,80,80,80,80,80,80,80],"relic_stats":{"Gremlin Horn":[0,0],"counters":[6,22],"Juzu Bracelet":0,"obtain_stats":[{"Gremlin Horn":6,"Juzu Bracelet":0,"Toxic Egg 2":7,"Burning Blood":0},{"Gremlin Horn":5,"Juzu Bracelet":0,"Toxic Egg 2":5,"Burning Blood":0},{"Gremlin Horn":17,"Juzu Bracelet":0,"Toxic Egg 2":17,"Burning Blood":0}],"Burning Blood":28},"card_choices":[{"not_picked":["Rage","Heavy Blade"],"picked":"Cleave","floor":1},{"not_picked":["Searing Blow","Rage"],"picked":"Flex","floor":3},{"not_picked":["Rupture","Clothesline"],"picked":"Twin Strike","floor":4},{"not_picked":["Thunderclap","Seeing Red"],"picked":"Pummel","floor":5},{"not_picked":["Spot Weakness","Flex"],"picked":"Corruption","floor":6}],"player_experience":300853,"relics_obtained":[{"floor":6,"key":"Gremlin Horn"},{"floor":7,"key":"Toxic Egg 2"}],"event_choices":[{"damage_healed":0,"gold_gain":175,"player_choice":"AGREE","damage_taken":0,"max_hp_gain":0,"max_hp_loss":0,"event_name":"Liars Game","floor":2,"gold_loss":0,"cards_obtained":["Doubt"]}],"is_beta":false,"boss_relics":[],"items_purged_floors":[],"is_endless":false,"potions_floor_spawned":[1,5,6],"killed_by":"Lagavulin","ascension_level":1}}