{"host":"rl07wu4zpmu5lvi4","time":1607624812,"event":{"mods":["BaseMod","BetterRewards","StSLib","Yuri Mod","The Animator","Minty Spire (QoL Compilation)","Replay The Spire","2.2 Compatiblity","Decade(â§è¨ñæ)","Better Match","Better Vampires","Hero for Fun","Hubris","TheHero","Colored Powertips","Ekko","Quick Restart","Rare Cards Sparkle"],"gold_per_floor":[112,112,131,141,141,151,164,164,189,189,289,289,289],"floor_reached":12,"playtime":1260,"items_purged":[],"score":70,"play_id":"fc9337a3-6b69-41a2-8a23-08add7ee3d81","local_time":"20201210132652","is_ascension_mode":false,"campfire_choices":[{"floor":10.0,"key":"REST"}],"circlet_count":0,"master_deck":["ekkoTheBoyWhoShatteredTime:Strike","ekkoTheBoyWhoShatteredTime:Strike","ekkoTheBoyWhoShatteredTime:Strike","ekkoTheBoyWhoShatteredTime:Strike","ekkoTheBoyWhoShatteredTime:Strike","ekkoTheBoyWhoShatteredTime:Defend","ekkoTheBoyWhoShatteredTime:Defend","ekkoTheBoyWhoShatteredTime:Defend","ekkoTheBoyWhoShatteredTime:Defend","ekkoTheBoyWhoShatteredTime:Defend","ekkoTheBoyWhoShatteredTime:TimeMaster","ekkoTheBoyWhoShatteredTime:Greed","Looming Evil","ekkoTheBoyWhoShatteredTime:PhaseDive","ekkoTheBoyWhoShatteredTime:AfterimageBait","ekkoTheBoyWhoShatteredTime:RecallingPunch","ekkoTheBoyWhoShatteredTime:NaggingBlow"],"special_seed":0,"relics":["ekkoTheBoyWhoShatteredTime:zDriveResonance","NeowsBlessing","hubris:DisguiseKit","Toxic Egg 2","hubris:ToyBattleship"],"acts_visited":[],"potions_floor_usage":[],"damage_taken":[{"damage":0.0,"enemies":"Small Slimes","floor":1.0,"turns":1.0},{"damage":0.0,"enemies":"Jaw Worm","floor":3.0,"turns":1.0},{"damage":0.0,"enemies":"Cultist","floor":4.0,"turns":1.0},{"damage":5.0,"enemies":"Red Slaver","floor":6.0,"turns":3.0},{"damage":36.0,"enemies":"Gremlin Gang","floor":7.0,"turns":9.0},{"damage":47,"enemies":"3 Sentries","floor":12,"turns":10}],"seed_played":"7333114584821734341","potions_obtained":[{"floor":4.0,"key":"Reflective Coating"},{"floor":5.0,"key":"Explosive Potion"},{"floor":5.0,"key":"Block Potion"}],"is_trial":false,"path_per_floor":["M","?","M","M","?","M","M","$","T","R","?","E"],"character_chosen":"EKKO_THE_BOY_WHO_SHATTERED_TIME","items_purchased":["Toxic Egg 2"],"campfire_rested":1,"item_purchase_floors":[8],"current_hp_per_floor":[78,78,78,78,78,73,37,21,21,44,44,0,0],"gold":289,"neow_bonus":"THREE_ENEMY_KILL","is_daily":false,"chose_seed":false,"campfire_upgraded":0,"win_rate":0.0,"timestamp":1607624812,"path_taken":["M","?","M","M","?","M","?","?","T","R","?","E"],"build_version":"2020-11-30","purchased_purges":0,"victory":false,"max_hp_per_floor":[78,78,78,78,78,78,78,78,78,78,78,78,78],"card_choices":[{"not_picked":["ekkoTheBoyWhoShatteredTime:NeedlesslyLargeRod","ekkoTheBoyWhoShatteredTime:AfterimageTease"],"picked":"ekkoTheBoyWhoShatteredTime:Greed","floor":1.0},{"not_picked":["ekkoTheBoyWhoShatteredTime:Unchained","ekkoTheBoyWhoShatteredTime:NashorsTooth","Slap"],"picked":"ekkoTheBoyWhoShatteredTime:PhaseDive","floor":3.0},{"not_picked":["ekkoTheBoyWhoShatteredTime:QuickBreak","ekkoTheBoyWhoShatteredTime:Unchained","Ignore"],"picked":"ekkoTheBoyWhoShatteredTime:AfterimageBait","floor":4.0},{"not_picked":["ekkoTheBoyWhoShatteredTime:FeelIt","ekkoTheBoyWhoShatteredTime:LichBane","Slap"],"picked":"ekkoTheBoyWhoShatteredTime:RecallingPunch","floor":6.0},{"not_picked":["ekkoTheBoyWhoShatteredTime:ItemsAfterimage","ekkoTheBoyWhoShatteredTime:DelayedWork","Ignore"],"picked":"ekkoTheBoyWhoShatteredTime:NaggingBlow","floor":7.0}],"player_experience":264880,"relics_obtained":[{"floor":9.0,"key":"hubris:ToyBattleship"}],"event_choices":[{"damage_healed":0.0,"max_hp_gain":0.0,"max_hp_loss":0.0,"gold_gain":0.0,"event_name":"Lab","player_choice":"Got Potions","floor":5.0,"gold_loss":0.0,"damage_taken":0.0},{"damage_healed":0.0,"max_hp_gain":0.0,"max_hp_loss":0.0,"gold_gain":100.0,"event_name":"Golden Shrine","player_choice":"Pray","floor":11.0,"gold_loss":0.0,"damage_taken":0.0}],"is_beta":false,"boss_relics":[],"items_purged_floors":[],"is_endless":false,"potions_floor_spawned":[4,6],"killed_by":"3 Sentries","ascension_level":0}}