{"host":"tyfpg4h531zkrrpn","time":1607589909,"event":{"gold_per_floor":[115,129,129,149,172,215,215,267,267,307,336,359,397,427,427,561,561,595,616,405,435,437,437],"floor_reached":22,"playtime":918,"items_purged":[],"score":451,"play_id":"60ad91db-f1ee-4170-a0dd-391339a80e6b","local_time":"20201210004509","is_ascension_mode":true,"campfire_choices":[{"data":"Barrage","floor":7,"key":"SMITH"},{"data":"White Noise","floor":15,"key":"SMITH"}],"neow_cost":"TEN_PERCENT_HP_LOSS","seed_source_timestamp":2758444656400,"circlet_count":0,"master_deck":["Strike_B","Strike_B","Strike_B","Strike_B","Defend_B","Defend_B","Defend_B","Defend_B","Zap","Dualcast","Cold Snap","Barrage+1","Sweeping Beam","Self Repair","Ball Lightning","White Noise+1","Reboot","Conserve Battery","BootSequence","MostiFishMod:ReadyAimFire","Cold Snap","MostiFishMod:ButterFly","MostiFishMod:KingOfFree","Coolheaded"],"relics":["Cracked Core","DaveBox","DianPoetry","Thread and Needle","Question Card","Golden Idol","Regal Pillow","CeramicFish","Sundial","Pear","Potion Belt","ImportantClient","BirthdayGift-Icosahedron","Membership Card"],"potions_floor_usage":[6,6,16],"damage_taken":[{"damage":0,"enemies":"Jaw Worm","floor":1,"turns":3},{"damage":0,"enemies":"Cultist","floor":2,"turns":3},{"damage":0,"enemies":"Small Slimes","floor":4,"turns":2},{"damage":0,"enemies":"Exordium Thugs","floor":5,"turns":3},{"damage":0,"enemies":"3 Sentries","floor":6,"turns":7},{"damage":9,"enemies":"Lagavulin","floor":8,"turns":3},{"damage":2,"enemies":"Gremlin Nob","floor":10,"turns":3},{"damage":5,"enemies":"2 Fungi Beasts","floor":11,"turns":2},{"damage":8,"enemies":"Exordium Wildlife","floor":12,"turns":4},{"damage":0,"enemies":"3 Sentries","floor":13,"turns":4},{"damage":4,"enemies":"Blue Slaver","floor":14,"turns":2},{"damage":0,"enemies":"Hexaghost","floor":16,"turns":8},{"damage":0,"enemies":"3 Byrds","floor":18,"turns":1},{"damage":0,"enemies":"Spheric Guardian","floor":19,"turns":2},{"damage":0,"enemies":"Snecko","floor":21,"turns":2},{"damage":0,"enemies":"Sentry and Sphere","floor":22,"turns":2}],"seed_played":"-5076524571775389283","potions_obtained":[{"floor":1,"key":"SpeedPotion"},{"floor":4,"key":"SpeedPotion"},{"floor":6,"key":"Weak Potion"},{"floor":11,"key":"Swift Potion"},{"floor":13,"key":"EssenceOfDarkness"},{"floor":18,"key":"SneckoOil"},{"floor":21,"key":"FairyPotion"}],"is_trial":false,"path_per_floor":["M","M","?","M","M","E","R","E","T","E","M","M","E","M","R","B",null,"M","M","$","M","M"],"character_chosen":"DEFECT","items_purchased":["Membership Card","MostiFishMod:ButterFly","MostiFishMod:KingOfFree"],"campfire_rested":0,"item_purchase_floors":[20,20,20],"current_hp_per_floor":[68,68,51,51,51,58,58,56,56,71,66,65,72,68,68,75,77,78,78,78,78,78,78],"gold":437,"neow_bonus":"ONE_RARE_RELIC","is_prod":false,"is_daily":false,"chose_seed":false,"campfire_upgraded":2,"win_rate":0,"timestamp":1607589909,"path_taken":["M","M","?","M","M","E","R","E","T","E","M","M","E","M","R","BOSS","M","M","$","M","M"],"build_version":"2020-11-30","purchased_purges":0,"victory":false,"max_hp_per_floor":[68,68,68,68,68,68,68,68,68,78,78,78,78,78,78,78,78,78,78,78,78,78,78],"card_choices":[{"not_picked":["Storm","Recycle"],"picked":"Cold Snap","floor":1},{"not_picked":["Static Discharge","Recycle","Steam Power"],"picked":"Barrage","floor":2},{"not_picked":["Conserve Battery","Cold Snap","Chaos"],"picked":"Sweeping Beam","floor":4},{"not_picked":["Barrage","Storm","Hologram"],"picked":"Self Repair","floor":5},{"not_picked":["Beam Cell","Skim","Double Energy"],"picked":"Ball Lightning","floor":6},{"not_picked":["Hologram","Self Repair","Reinforced Body"],"picked":"White Noise","floor":8},{"not_picked":["Self Repair","Beam Cell","Turbo"],"picked":"Reboot","floor":10},{"not_picked":["Stack","BootSequence","Recycle"],"picked":"Conserve Battery","floor":11},{"not_picked":["Static Discharge","Beam Cell","Recycle","Ball Lightning"],"picked":"SKIP","floor":12},{"not_picked":["Darkness","Tempest","Reinforced Body","Barrage"],"picked":"SKIP","floor":13},{"not_picked":["Buffer","Barrage","Consume"],"picked":"BootSequence","floor":14},{"not_picked":["MostiFishMod:Impulse","Electrodynamics","MostiFishMod:GoodWordForIt"],"picked":"MostiFishMod:ReadyAimFire","floor":16},{"not_picked":["Streamline","Lockon","Doom and Gloom"],"picked":"Cold Snap","floor":18},{"not_picked":["Turbo","Ball Lightning","Conserve Battery","Redo+1"],"picked":"SKIP","floor":19},{"not_picked":["Beam Cell+1","Hello World","Doom and Gloom"],"picked":"Coolheaded","floor":21}],"player_experience":556569,"relics_obtained":[{"floor":1,"key":"Question Card"},{"floor":6,"key":"Regal Pillow"},{"floor":8,"key":"CeramicFish"},{"floor":9,"key":"Sundial"},{"floor":10,"key":"Pear"},{"floor":13,"key":"Potion Belt"},{"floor":16,"key":"ImportantClient"}],"event_choices":[{"damage_healed":0,"gold_gain":0,"player_choice":"Take Damage","damage_taken":17,"relics_obtained":["Golden Idol"],"max_hp_gain":0,"max_hp_loss":0,"event_name":"Golden Idol","floor":3,"gold_loss":0}],"is_beta":false,"boss_relics":[{"not_picked":["GuanYuAspect","Fusion Hammer"],"picked":"BirthdayGift-Icosahedron"}],"items_purged_floors":[],"is_endless":false,"potions_floor_spawned":[1,4,6,11,13,18,21,22],"killed_by":"Sentry and Sphere","ascension_level":8}}