{"host":"9h1qbmp5h1ch7u4r","time":1607634696,"event":{"mods":["BaseMod","StSLib","Minty Spire (QoL Compilation)","The Animator"],"gold_per_floor":[119,119,135,85,10,47,47,47,47,78,122,136,173,191,191,323,323,342,342,358,378,220,250,250,282,307,107,107,141,141,162,162,261,261,287,287,287,287,309,342,342,376,399,438,438,468,522,536,536,540,540,540,564,626,709,709,709,208,295,387,387,149,252,252,252,212,331,331,331,331],"floor_reached":69,"playtime":7328,"items_purged":["animator:Strike","animator:Defend","animator:Defend"],"score":1645,"play_id":"c1bf8a64-215e-47f8-8655-2b2305ac8d1d","local_time":"20201210161136","is_ascension_mode":true,"campfire_choices":[{"data":"animator:Demiurge","floor":7.0,"key":"SMITH"},{"data":"animator:Shalltear","floor":15.0,"key":"SMITH"},{"data":"animator:FielNirvalen","floor":24.0,"key":"SMITH"},{"data":"animator:Shiro","floor":30.0,"key":"SMITH"},{"data":"animator:Cocytus","floor":32.0,"key":"SMITH"},{"data":"animator:GuildGirl","floor":41.0,"key":"SMITH"},{"data":"animator:Saber","floor":45.0,"key":"SMITH"},{"floor":49.0,"key":"RECALL"},{"data":"animator:Shalltear","floor":52.0,"key":"SMITH"},{"data":"animator:Entoma+7","floor":68,"key":"SMITH"}],"circlet_count":0,"master_deck":["animator:Strike_Overlord+1","animator:Defend+1","animator:Cocytus+1","animator:Demiurge+1","animator:GoblinSlayer+1","animator:GuildGirl+1","animator:Shiro+1","animator:Entoma+8","animator:Emonzaemon+1","animator:EmiyaShirou+1","animator:FielNirvalen+1","animator:Shalltear+1","animator:Saitama+1","animator:CowGirl+1","animator:Sebas+1","animator:IzunaHatsuse+1","animator:Tet+1","animator:CowGirl+1","animator:GuildGirl+1","animator:IzunaHatsuse+1","animator:Rimuru","animator:Shichika+1","animator:Saber+1","animator:Rimuru","animator:DolaStephanie+1","animator:IchigoKurosaki+1","animator:Shichika+1","animator:Sebas+1","animator:IzunaHatsuse+1","animator:Shalltear+1","animator:Kagari+1","animator:Melzalgald+1","animator:IzunaHatsuse+1","animator:Shichika+1"],"special_seed":0,"relics":["animator:TheEruzaStone","animator:AncientMedallion"],"acts_visited":["Exordium","TheCity","TheBeyond","TheEnding","EYB:TheUnnamedReign"],"potions_floor_usage":[67,69,69,69],"damage_taken":[{"damage":0.0,"enemies":"2 Louse","floor":1.0,"turns":1.0},{"damage":0.0,"enemies":"Cultist","floor":3.0,"turns":1.0},{"damage":0.0,"enemies":"3 Sentries","floor":6.0,"turns":2.0},{"damage":2.0,"enemies":"Jaw Worm","floor":10.0,"turns":4.0},{"damage":27.0,"enemies":"Gremlin Nob","floor":11.0,"turns":5.0},{"damage":8.0,"enemies":"Looter","floor":12.0,"turns":4.0},{"damage":6.0,"enemies":"Lagavulin","floor":13.0,"turns":7.0},{"damage":1.0,"enemies":"Exordium Wildlife","floor":14.0,"turns":7.0},{"damage":10.0,"enemies":"Slime Boss","floor":16.0,"turns":9.0},{"damage":22.0,"enemies":"Spheric Guardian","floor":18.0,"turns":7.0},{"damage":18.0,"enemies":"Shell Parasite","floor":20.0,"turns":6.0},{"damage":23.0,"enemies":"Snake Plant","floor":21.0,"turns":6.0},{"damage":11.0,"enemies":"Slavers","floor":23.0,"turns":4.0},{"damage":25.0,"enemies":"Book of Stabbing","floor":25.0,"turns":7.0},{"damage":6.0,"enemies":"Gremlin Leader","floor":29.0,"turns":7.0},{"damage":19.0,"enemies":"Centurion and Healer","floor":31.0,"turns":5.0},{"damage":0.0,"enemies":"Automaton","floor":33.0,"turns":8.0},{"damage":5.0,"enemies":"3 Shapes","floor":35.0,"turns":5.0},{"damage":0.0,"enemies":"Orb Walker","floor":39.0,"turns":3.0},{"damage":0.0,"enemies":"Reptomancer","floor":40.0,"turns":6.0},{"damage":0.0,"enemies":"Nemesis","floor":42.0,"turns":5.0},{"damage":0.0,"enemies":"Giant Head","floor":44.0,"turns":5.0},{"damage":0.0,"enemies":"3 Darklings","floor":46.0,"turns":4.0},{"damage":11.0,"enemies":"2 Orb Walkers","floor":47.0,"turns":3.0},{"damage":12.0,"enemies":"Spire Growth","floor":48.0,"turns":4.0},{"damage":0.0,"enemies":"Time Eater","floor":50.0,"turns":8.0},{"damage":35.0,"enemies":"animator:TRIPLE_SHAPES_WEAK","floor":54.0,"turns":12.0},{"damage":0.0,"enemies":"animator:UNNAMED_HAT","floor":55.0,"turns":6.0},{"damage":28.0,"enemies":"animator:LARGE_CUBE","floor":59.0,"turns":6.0},{"damage":0.0,"enemies":"animator:TRIPLE_LAGAVULIN","floor":60.0,"turns":5.0},{"damage":18,"enemies":"animator:ULTIMATE_CRYSTAL","floor":63,"turns":9},{"damage":0,"enemies":"animator:ULTIMATE_WISP","floor":67,"turns":7},{"damage":122,"enemies":"animator:TheUnnamed","floor":69,"turns":10}],"seed_played":"-7780821442436207166","potions_obtained":[{"floor":10.0,"key":"Explosive Potion"},{"floor":12.0,"key":"animator:FalseLifePotion"},{"floor":13.0,"key":"GamblersBrew"},{"floor":14.0,"key":"Energy Potion"},{"floor":16.0,"key":"Swift Potion"},{"floor":25.0,"key":"LiquidBronze"},{"floor":29.0,"key":"Regen Potion"},{"floor":31.0,"key":"SteroidPotion"},{"floor":33.0,"key":"DistilledChaos"},{"floor":35.0,"key":"PowerPotion"},{"floor":42.0,"key":"Fruit Juice"},{"floor":54.0,"key":"animator:FalseLifePotion"},{"floor":55.0,"key":"animator:FalseLifePotion"},{"floor":59.0,"key":"animator:FalseLifePotion"},{"floor":60.0,"key":"animator:FalseLifePotion"},{"floor":67,"key":"animator:FalseLifePotion"}],"is_trial":false,"path_per_floor":["M","?","M","?","$","E","R","?","T","M","E","M","E","M","R","B",null,"M","?","M","M","$","E","R","E","T","$","?","E","R","M","R","B",null,"M","?","?","?","M","E","R","E","T","E","R","M","?","M","R","B",null,"R","??","M","M","T","?","$","M","M","?","$","E","T","?","$","E","R","B"],"character_chosen":"THE_ANIMATOR","items_purchased":["animator:CowGirl+1","animator:GuildGirl","animator:Rimuru","animator:AncientMedallion","animator:AncientMedallion","animator:AncientMedallion","animator:Shichika"],"campfire_rested":0,"item_purchase_floors":[22,22,27,58,58,62,66],"current_hp_per_floor":[59,59,59,59,59,59,59,52,52,50,23,15,11,13,13,3,54,32,32,14,9,9,16,28,15,15,15,15,20,32,29,41,43,68,65,65,65,65,67,71,78,93,93,93,93,95,84,74,92,94,95,95,98,65,69,69,69,69,57,73,73,73,77,77,90,90,102,102,0,0],"gold":331,"neow_bonus":"THREE_ENEMY_KILL","is_daily":false,"chose_seed":false,"campfire_upgraded":9,"win_rate":0,"timestamp":1607634696,"path_taken":["M","?","?","?","?","E","R","?","T","M","E","?","E","M","R","BOSS","M","?","M","M","$","E","R","E","T","$","?","E","R","M","R","BOSS","M","?","?","?","M","E","R","E","T","E","R","M","?","?","R","BOSS","R","??","M","M","T","?","$","M","M","?","$","E","T","?","$","E","R","BOSS"],"build_version":"2020-11-30","purchased_purges":3,"victory":false,"max_hp_per_floor":[66,66,66,66,66,66,66,66,66,66,66,66,68,71,71,71,71,71,71,71,71,71,71,71,71,71,71,71,74,74,76,76,76,76,76,76,76,76,76,78,78,93,93,93,93,95,95,95,95,95,95,95,98,100,100,100,100,100,100,100,100,100,102,102,102,102,102,102,102,102],"card_choices":[{"not_picked":["animator:Tatsumaki","animator:Shigure","animator:LizardPriest"],"picked":"SKIP","floor":1.0},{"not_picked":["animator:YunYun","animator:Lancer"],"picked":"animator:GuildGirl","floor":3.0},{"not_picked":["animator:DolaStephanie","animator:Vanir"],"picked":"animator:Shiro","floor":6.0},{"not_picked":["animator:Cocytus","animator:Demiurge+1"],"picked":"animator:Entoma","floor":10.0},{"not_picked":["animator:Cocytus","animator:Assassin"],"picked":"animator:Emonzaemon","floor":11.0},{"not_picked":["animator:Mikaela","animator:Spearman"],"picked":"animator:EmiyaShirou+1","floor":12.0},{"not_picked":["animator:Kazuma+1","animator:Vanir"],"picked":"animator:FielNirvalen","floor":13.0},{"not_picked":["animator:Demiurge+1","animator:Entoma"],"picked":"animator:Shalltear","floor":14.0},{"not_picked":["animator:Guren+1","animator:Eris+1"],"picked":"animator:Saitama+1","floor":16.0},{"not_picked":["animator:Chris","animator:NarberalGamma+1"],"picked":"animator:CowGirl+1","floor":18.0},{"not_picked":["animator:SakuraMatou+1","animator:Darkness"],"picked":"animator:IzunaHatsuse+1","floor":20.0},{"not_picked":["animator:Alexander","animator:Mikaela"],"picked":"animator:Tet+1","floor":21.0},{"not_picked":["animator:DolaRiku+1","animator:Jibril"],"picked":"animator:IzunaHatsuse+1","floor":23.0},{"not_picked":["animator:Priestess+1","animator:NarberalGamma+1","animator:GuildGirl"],"picked":"SKIP","floor":25.0},{"not_picked":["animator:Berserker","animator:Shalltear+1"],"picked":"animator:Shichika+1","floor":29.0},{"not_picked":["animator:Berserker","animator:HighElfArcher"],"picked":"animator:Saber","floor":31.0},{"not_picked":["animator:Biyorigo","animator:HigakiRinne+1"],"picked":"animator:Rimuru","floor":33.0},{"not_picked":["animator:Tet+1","animator:IzunaHatsuse+1"],"picked":"animator:DolaStephanie+1","floor":35.0},{"not_picked":["animator:TanyaDegurechaff","animator:QuestionMark+1"],"picked":"animator:IchigoKurosaki+1","floor":38.0},{"not_picked":["animator:ZankiKiguchi","animator:Shigure"],"picked":"animator:Shichika+1","floor":39.0},{"not_picked":["animator:Shuna+1","animator:Assassin+1"],"picked":"animator:Sebas+1","floor":40.0},{"not_picked":["animator:GazelDwargon","animator:Archer+1","animator:Souei+1"],"picked":"SKIP","floor":42.0},{"not_picked":["animator:DolaSchwi","animator:DolaRiku+1"],"picked":"animator:IzunaHatsuse+1","floor":44.0},{"not_picked":["animator:KrulTepes","animator:Mikaela"],"picked":"animator:Shalltear","floor":46.0},{"not_picked":["animator:Entoma+1","animator:SilverFang+1","animator:Mikaela"],"picked":"SKIP","floor":48.0},{"not_picked":["animator:DolaRiku","animator:Chris","animator:DolaSchwi+1"],"picked":"SKIP","floor":54.0},{"not_picked":["animator:Mikaela","animator:DolaRiku","animator:SilverFang+1"],"picked":"SKIP","floor":55.0},{"not_picked":["animator:LimeBell","animator:Emilia"],"picked":"animator:Kagari","floor":57.0},{"not_picked":["animator:NarberalGamma","animator:Jibril+1"],"picked":"animator:Melzalgald+1","floor":59.0},{"not_picked":["animator:Sebas","animator:Berserker"],"picked":"animator:IzunaHatsuse+1","floor":60.0},{"not_picked":["animator:KrulTepes","animator:Hakurou+1","animator:SilverFang"],"picked":"SKIP","floor":63},{"not_picked":["animator:GuildGirl","animator:Archer","animator:Sebas"],"picked":"SKIP","floor":67}],"player_experience":936202,"relics_obtained":[{"floor":6.0,"key":"Whetstone"},{"floor":9.0,"key":"Toxic Egg 2"},{"floor":11.0,"key":"Smiling Mask"},{"floor":13.0,"key":"InkBottle"},{"floor":23.0,"key":"Eternal Feather"},{"floor":25.0,"key":"Orichalcum"},{"floor":26.0,"key":"Blood Vial"},{"floor":29.0,"key":"Anchor"},{"floor":40.0,"key":"Oddly Smooth Stone"},{"floor":42.0,"key":"Pear"},{"floor":44.0,"key":"animator:BattleDrones"},{"floor":47.0,"key":"Charon\u0027s Ashes"},{"floor":53.0,"key":"animator:TheEruzaStone"},{"floor":53.0,"key":"animator:AncientMedallion"},{"floor":56.0,"key":"animator:AncientMedallion"},{"floor":63,"key":"animator:AncientMedallion"},{"floor":64,"key":"animator:AncientMedallion"},{"floor":67,"key":"animator:AncientMedallion"}],"event_choices":[{"damage_healed":0.0,"max_hp_gain":0.0,"max_hp_loss":0.0,"gold_gain":0.0,"event_name":"Match and Keep!","player_choice":"1 cards matched","floor":2.0,"gold_loss":0.0,"damage_taken":0.0,"cards_obtained":["animator:GoblinSlayer"]},{"cards_removed":["animator:Strike"],"damage_healed":0.0,"max_hp_gain":0.0,"max_hp_loss":0.0,"gold_gain":0.0,"event_name":"The Cleric","player_choice":"Card Removal","floor":4.0,"gold_loss":50.0,"damage_taken":0.0},{"cards_removed":["animator:Strike"],"damage_healed":0.0,"max_hp_gain":0.0,"max_hp_loss":0.0,"gold_gain":0.0,"event_name":"Golden Wing","player_choice":"Card Removal","floor":8.0,"gold_loss":0.0,"damage_taken":7.0},{"damage_healed":0.0,"max_hp_gain":0.0,"max_hp_loss":0.0,"gold_gain":0.0,"event_name":"The Library","player_choice":"Read","floor":19.0,"gold_loss":0.0,"damage_taken":0.0,"cards_obtained":["animator:Sebas"]},{"damage_healed":0.0,"max_hp_gain":0.0,"max_hp_loss":0.0,"gold_gain":0.0,"event_name":"Cursed Tome","player_choice":"Ignored","floor":28.0,"gold_loss":0.0,"damage_taken":0.0},{"cards_removed":["animator:Defend_Overlord"],"damage_healed":0.0,"max_hp_gain":0.0,"max_hp_loss":0.0,"gold_gain":0.0,"event_name":"Falling","player_choice":"Removed Skill","floor":36.0,"gold_loss":0.0,"damage_taken":0.0},{"damage_healed":0.0,"max_hp_gain":0.0,"max_hp_loss":0.0,"gold_gain":0.0,"event_name":"Tomb of Lord Red Mask","player_choice":"Ignored","floor":37.0,"gold_loss":0.0,"damage_taken":0.0},{"damage_healed":0.0,"max_hp_gain":0.0,"max_hp_loss":0.0,"gold_gain":0.0,"event_name":"SensoryStone","player_choice":"Memory 1","floor":38.0,"gold_loss":0.0,"damage_taken":0.0},{"damage_healed":0.0,"max_hp_gain":0.0,"max_hp_loss":0.0,"gold_gain":0.0,"event_name":"Mysterious Sphere","player_choice":"Fight","floor":47.0,"gold_loss":0.0,"damage_taken":0.0},{"damage_healed":0.0,"max_hp_gain":0.0,"max_hp_loss":0.0,"gold_gain":0.0,"event_name":"SensoryStone","player_choice":"Memory 1","floor":57.0,"gold_loss":0.0,"damage_taken":0.0}],"is_beta":false,"boss_relics":[{"not_picked":["Mark of Pain","Pandora\u0027s Box"],"picked":"animator:VividPicture"},{"not_picked":["Mark of Pain","Cursed Key"],"picked":"SlaversCollar"}],"items_purged_floors":[5,22,27],"is_endless":false,"potions_floor_spawned":[10,12,13,14,16,25,29,31,33,35,42,55,59,63,67],"killed_by":"animator:TheUnnamed","ascension_level":6}}