{"host":"leem2xi7qlpn2ezy","time":1607590501,"event":{"gold_per_floor":[114,114,127,127,141,141,141,141,141,94,94,109,119,137,137,240,290,307,58,58,157,171,171,187,187,187,187,187,187,187,187],"floor_reached":30,"playtime":741,"items_purged":[],"score":318,"play_id":"9759792d-fb3e-4ab5-bc9e-322a30223233","local_time":"20201210005501","daily_mods":["Heirloom","Flight"],"is_ascension_mode":false,"campfire_choices":[{"data":"1","floor":6,"key":"LIFT"},{"data":"2","floor":7,"key":"LIFT"},{"data":"3","floor":8,"key":"LIFT"},{"data":"Limit Break","floor":11,"key":"SMITH"},{"floor":15,"key":"REST"},{"data":"Flex","floor":23,"key":"SMITH"},{"data":"Heavy Blade","floor":25,"key":"SMITH"},{"floor":27,"key":"REST"}],"neow_cost":"","seed_source_timestamp":2508188178812100,"circlet_count":0,"master_deck":["Strike_R","Strike_R","Strike_R","Strike_R","Strike_R","Defend_R","Defend_R","Defend_R+1","Defend_R","Bash","Limit Break+1","Flex+1","Perfected Strike","Bloodletting","Pummel","Demon Form","Spot Weakness","Perfected Strike+1","Shame","Disarm+1","Heavy Blade+1"],"relics":["Burning Blood","Girya","Art of War","Strawberry","MealTicket","Tiny House","Toxic Egg 2","Tiny Chest","HornCleat","Meat on the Bone"],"potions_floor_usage":[],"damage_taken":[{"damage":1,"enemies":"Jaw Worm","floor":1,"turns":5},{"damage":2,"enemies":"2 Louse","floor":3,"turns":3},{"damage":4,"enemies":"Cultist","floor":5,"turns":4},{"damage":20,"enemies":"Gremlin Gang","floor":12,"turns":4},{"damage":24,"enemies":"Large Slime","floor":13,"turns":5},{"damage":14,"enemies":"Blue Slaver","floor":14,"turns":3},{"damage":50,"enemies":"Hexaghost","floor":16,"turns":9},{"damage":10,"enemies":"Spheric Guardian","floor":18,"turns":3},{"damage":10,"enemies":"Chosen","floor":22,"turns":3},{"damage":18,"enemies":"Snake Plant","floor":24,"turns":3},{"damage":92,"enemies":"Gremlin Leader","floor":30,"turns":5}],"seed_played":"8373632728754377819","potions_obtained":[{"floor":3,"key":"ElixirPotion"},{"floor":14,"key":"DistilledChaos"},{"floor":16,"key":"BloodPotion"},{"floor":17,"key":"Strength Potion"}],"is_trial":true,"path_per_floor":["M","?","M","?","M","R","R","R","T","$","R","M","M","M","R","B",null,"M","$","?","?","M","R","M","R","T","R","T","?","E"],"character_chosen":"IRONCLAD","items_purchased":["Flex","Toxic Egg 2"],"campfire_rested":2,"item_purchase_floors":[10,19],"current_hp_per_floor":[80,68,72,79,81,81,81,81,81,87,87,73,55,47,73,29,92,88,92,92,92,88,88,76,76,76,92,92,92,0,0],"gold":187,"neow_bonus":"","is_prod":false,"is_daily":false,"chose_seed":false,"campfire_upgraded":3,"win_rate":0,"timestamp":1607590501,"path_taken":["M","?","M","?","?","R","R","R","T","$","R","M","?","M","R","BOSS","M","$","?","?","?","R","?","R","T","R","?","?","E"],"build_version":"2020-11-30","purchased_purges":0,"victory":false,"max_hp_per_floor":[80,80,80,87,87,87,87,87,87,87,87,87,87,87,87,87,92,92,92,92,92,92,92,92,92,92,92,92,92,92,92],"card_choices":[{"not_picked":["Wild Strike","Clash","Warcry"],"picked":"SKIP","floor":1},{"not_picked":["Havoc","True Grit"],"picked":"Cleave","floor":3},{"not_picked":["Flame Barrier","Iron Wave"],"picked":"Limit Break","floor":5},{"not_picked":["Iron Wave","Blood for Blood"],"picked":"Perfected Strike","floor":12},{"not_picked":["True Grit","Ghostly Armor"],"picked":"Bloodletting","floor":13},{"not_picked":["Havoc","Rage"],"picked":"Pummel","floor":14},{"not_picked":["Brutality","Berserk"],"picked":"Demon Form","floor":16},{"not_picked":["Warcry","Sentinel"],"picked":"Spot Weakness","floor":17},{"not_picked":["Havoc+1","Burning Pact"],"picked":"Perfected Strike","floor":18},{"not_picked":["Feel No Pain+1","Warcry+1"],"picked":"Disarm+1","floor":22},{"not_picked":["Dual Wield+1","Searing Blow+1"],"picked":"Heavy Blade","floor":24}],"player_experience":81029,"relics_obtained":[{"floor":9,"key":"MealTicket"},{"floor":26,"key":"HornCleat"},{"floor":28,"key":"Meat on the Bone"}],"event_choices":[{"damage_healed":0,"gold_gain":0,"player_choice":"Success","damage_taken":12,"relics_obtained":["Art of War"],"max_hp_gain":0,"max_hp_loss":0,"event_name":"Scrap Ooze","floor":2,"gold_loss":0},{"cards_removed":["Cleave"],"damage_healed":0,"gold_gain":0,"player_choice":"Gave Card","damage_taken":0,"relics_obtained":["Strawberry"],"max_hp_gain":0,"max_hp_loss":0,"event_name":"WeMeetAgain","floor":4,"gold_loss":0},{"damage_healed":0,"gold_gain":0,"player_choice":"Stole Relic","damage_taken":0,"relics_obtained":["Tiny Chest"],"max_hp_gain":0,"max_hp_loss":0,"event_name":"Addict","floor":20,"gold_loss":0,"cards_obtained":["Shame"]},{"damage_healed":0,"gold_gain":99,"player_choice":"Stole From Cult","damage_taken":0,"max_hp_gain":0,"max_hp_loss":0,"event_name":"Nest","floor":21,"gold_loss":0},{"damage_healed":0,"gold_gain":0,"player_choice":"Upgraded","damage_taken":0,"max_hp_gain":0,"max_hp_loss":0,"event_name":"Upgrade Shrine","floor":29,"gold_loss":0,"cards_upgraded":["Perfected Strike"]}],"is_beta":false,"boss_relics":[{"not_picked":["Cursed Key","Ectoplasm"],"picked":"Tiny House"}],"items_purged_floors":[],"is_endless":true,"potions_floor_spawned":[3,14,16,22],"killed_by":"Gremlin Leader","ascension_level":0}}