{"host":"eb5p02stph7rbfhu","time":1607624254,"event":{"mods":["BaseMod","Defuse TimeMaze Blight","Colored Map","StSLib","Replay The Spire","Infinite Spire","Colored Powertips","Hubris","Downfall","Minty Spire (QoL Compilation)"],"gold_per_floor":[118,192,192,192,208,208,208,208,208,208,238,203,50,50,50,50,50],"floor_reached":16,"playtime":953,"items_purged":[],"score":136,"play_id":"84667b8c-4e45-4fb8-a406-b047dd046caa","local_time":"20201210191734","daily_mods":["Draft","Diverse","Colorless Cards","Heirloom","Flight","Elite Swarm"],"is_ascension_mode":true,"campfire_choices":[{"data":"JustLucky","floor":6,"key":"SMITH"},{"data":"Replay:ManipulateFuture","floor":7,"key":"SMITH"},{"data":"Finesse","floor":8,"key":"SMITH"},{"data":"Slimebound:Schlurp","floor":10,"key":"SMITH"},{"floor":15,"key":"REST"}],"circlet_count":0,"master_deck":["ThirdEye","Replay:ManipulateFuture+1","Cloak And Dagger","Terror","Deadly Poison","Slimebound:SamplingLick","Slimebound:Schlurp+1","Heatsinks","Bane","JustLucky+1","Acrobatics","Guardian:Gem_Red","hubris:Ukulele","sneckomod:WideSting","Finesse+1","Guardian:Gem_Purple","Guardian:Gem_Fragmented","Guardian:Gem_Green","Guardian:Gem_Red","Guardian:Gem_Fragmented","Guardian:Gem_Yellow"],"relics":["Guardian:ModeShifter","Guardian:GemstoneGun","Guardian:PickAxe","Ancient Tea Set","Replay:PocketPolymizer","Blue Doll"],"acts_visited":["Exordium"],"potions_floor_usage":[16],"damage_taken":[{"damage":2,"enemies":"2 Louse","floor":1,"turns":3},{"damage":2,"enemies":"Jaw Worm","floor":5,"turns":3},{"damage":46,"enemies":"Gremlin Nob","floor":11,"turns":6},{"damage":71,"enemies":"Fading Forest","floor":16,"turns":10}],"seed_played":"-7746773872884611783","potions_obtained":[{"floor":11,"key":"LiquidBronze"}],"is_trial":true,"path_per_floor":["M","?","?","?","M","R","R","R","T","R","E","?","$","?","R","B"],"character_chosen":"GUARDIAN","items_purchased":["Blue Doll"],"campfire_rested":1,"item_purchase_floors":[13],"current_hp_per_floor":[70,70,46,49,47,47,47,47,47,47,1,21,21,21,45,0,0],"gold":50,"neow_bonus":"","is_daily":false,"chose_seed":false,"campfire_upgraded":4,"win_rate":0,"timestamp":1607624254,"path_taken":["M","?","?","?","?","R","R","R","T","R","E","?","$","?","R","BOSS"],"build_version":"2020-11-30","purchased_purges":0,"victory":false,"max_hp_per_floor":[80,80,80,83,83,83,83,83,83,83,83,83,83,83,83,83,83],"card_choices":[{"not_picked":["Stack","sneckomod:TrashToTreasure"],"picked":"ThirdEye","floor":0},{"not_picked":["Slimebound:PressTheAttack","Poisoned Stab"],"picked":"Replay:ManipulateFuture","floor":0},{"not_picked":["Body Slam","hexamod:BacktrackSmack"],"picked":"Cloak And Dagger","floor":0},{"not_picked":["Armaments","Crescendo"],"picked":"Terror","floor":0},{"not_picked":["sneckomod:UnknownVulnerable","hexamod:PowerFromBeyond"],"picked":"Deadly Poison","floor":0},{"not_picked":["sneckomod:SoulRoll","CrushJoints"],"picked":"Slimebound:SamplingLick","floor":0},{"not_picked":["Searing Blow","Survey Options"],"picked":"Slimebound:Schlurp","floor":0},{"not_picked":["expansioncontent:HyperBeam","sneckomod:UnknownBlock"],"picked":"Heatsinks","floor":0},{"not_picked":["ThirdEye","hexamod:SpectralSpark"],"picked":"Bane","floor":0},{"not_picked":["Slimebound:SplitMire","Cleave"],"picked":"JustLucky","floor":0},{"not_picked":["hexamod:StepThrough","Guardian:TemporalStrike"],"picked":"Acrobatics","floor":0},{"not_picked":["Slimebound:FlameTackle","hexamod:GhostLash"],"picked":"Guardian:Gem_Red","floor":0},{"not_picked":["sneckomod:QuickBite","Wild Strike"],"picked":"hubris:Ukulele","floor":0},{"not_picked":["hexamod:Hexaguard","ReplaySolidLightProjector"],"picked":"sneckomod:WideSting","floor":0},{"not_picked":["Halt","Sneak Up"],"picked":"Finesse","floor":0},{"not_picked":["hexamod:SwordOfDarkness","Slimebound:ProtectTheBoss","Guardian:Recover"],"picked":"SKIP","floor":1},{"not_picked":["ReplayTheSpireMod:Muscle Training","Run Through","Coolheaded"],"picked":"SKIP","floor":5},{"not_picked":["Doppelganger","hubris:DoWhile","Alpha"],"picked":"SKIP","floor":11}],"player_experience":346071,"relics_obtained":[{"floor":9,"key":"Ancient Tea Set"},{"floor":11,"key":"Replay:PocketPolymizer"}],"event_choices":[{"damage_healed":0,"gold_gain":74,"player_choice":"Gained Gold","damage_taken":0,"max_hp_gain":0,"max_hp_loss":0,"event_name":"Golden Wing","floor":2,"gold_loss":0},{"damage_healed":20,"gold_gain":0,"player_choice":"Healed","damage_taken":0,"max_hp_gain":0,"max_hp_loss":0,"event_name":"The Cleric","floor":12,"gold_loss":35}],"is_beta":false,"boss_relics":[],"items_purged_floors":[],"is_endless":false,"potions_floor_spawned":[11],"killed_by":"Fading Forest","ascension_level":9}}