{"host":"m6aaltr68g9tvoay","time":1607627028,"event":{"mods":["BaseMod","StSLib","Colored Map","AchievementEnabler","Minty Spire (QoL Compilation)"],"gold_per_floor":[113,113,128,148,161,161,181,181,206,45,45,45,62,97,97,171,171,184,195,195,195],"floor_reached":20,"playtime":591,"items_purged":[],"score":343,"play_id":"59c47dff-0f37-4228-b84e-6120e0801a51","local_time":"20201210110348","is_ascension_mode":true,"campfire_choices":[{"data":"Endless Agony","floor":6,"key":"SMITH"},{"data":"Envenom","floor":8,"key":"SMITH"},{"data":"Blade Dance","floor":12,"key":"SMITH"},{"floor":15,"key":"REST"}],"circlet_count":0,"master_deck":["AscendersBane","Strike_G","Strike_G","Strike_G","Strike_G","Defend_G","Defend_G","Defend_G","Defend_G","Defend_G","Survivor","Neutralize","Adrenaline","Endless Agony+1","Blade Dance+1","Envenom+1","Flying Knee","Phantasmal Killer","Riddle With Holes"],"relics":["Ring of the Snake","Akabeko","Snake Skull","Oddly Smooth Stone","Black Star"],"acts_visited":["Exordium","TheCity"],"potions_floor_usage":[5,14,14,20,20],"damage_taken":[{"damage":1,"enemies":"2 Louse","floor":1,"turns":3},{"damage":0,"enemies":"Cultist","floor":3,"turns":3},{"damage":8,"enemies":"Jaw Worm","floor":4,"turns":4},{"damage":4,"enemies":"2 Fungi Beasts","floor":5,"turns":3},{"damage":2,"enemies":"3 Louse","floor":7,"turns":2},{"damage":0,"enemies":"Looter","floor":13,"turns":1},{"damage":26,"enemies":"Gremlin Nob","floor":14,"turns":4},{"damage":24,"enemies":"The Guardian","floor":16,"turns":9},{"damage":18,"enemies":"2 Thieves","floor":18,"turns":3},{"damage":17,"enemies":"Shell Parasite","floor":19,"turns":3},{"damage":26,"enemies":"Shelled Parasite and Fungi","floor":20,"turns":2}],"seed_played":"-2309574049493777168","potions_obtained":[{"floor":1,"key":"Block Potion"},{"floor":3,"key":"Fire Potion"},{"floor":7,"key":"Swift Potion"},{"floor":16,"key":"SpeedPotion"},{"floor":19,"key":"Swift Potion"}],"is_trial":false,"path_per_floor":["M","?","M","M","M","R","M","R","T","$","?","R","M","E","R","B",null,"M","M","M"],"character_chosen":"THE_SILENT","items_purchased":["Snake Skull"],"campfire_rested":1,"item_purchase_floors":[10],"current_hp_per_floor":[58,63,63,55,51,51,49,49,49,49,49,49,49,23,44,20,58,40,23,0,0],"gold":195,"neow_bonus":"ONE_RANDOM_RARE_CARD","is_daily":false,"chose_seed":false,"campfire_upgraded":3,"win_rate":0,"timestamp":1607627028,"path_taken":["M","?","M","M","M","R","M","R","T","$","?","R","M","E","R","BOSS","M","M","?"],"build_version":"2020-11-30","purchased_purges":0,"victory":false,"max_hp_per_floor":[66,71,71,71,71,71,71,71,71,71,71,71,71,71,71,71,71,71,71,71,71],"card_choices":[{"not_picked":["Terror","Underhanded Strike"],"picked":"Endless Agony","floor":1},{"not_picked":["Tactician","Eviscerate","Slice"],"picked":"SKIP","floor":3},{"not_picked":["Outmaneuver","Masterful Stab"],"picked":"Blade Dance","floor":4},{"not_picked":["Deflect","Blade Dance","Underhanded Strike"],"picked":"SKIP","floor":5},{"not_picked":["Masterful Stab","Terror"],"picked":"Envenom","floor":7},{"not_picked":["Escape Plan","Deadly Poison"],"picked":"Flying Knee","floor":13},{"not_picked":["Setup","Calculated Gamble","Acrobatics"],"picked":"SKIP","floor":14},{"not_picked":["Wraith Form v2","Grand Finale"],"picked":"Phantasmal Killer","floor":16},{"not_picked":["Blade Dance","Underhanded Strike"],"picked":"Riddle With Holes","floor":18},{"not_picked":["Deadly Poison","Expertise","Backflip"],"picked":"SKIP","floor":19}],"player_experience":1208944,"relics_obtained":[{"floor":9,"key":"Akabeko"},{"floor":14,"key":"Oddly Smooth Stone"}],"event_choices":[{"damage_healed":0,"gold_gain":0,"player_choice":"Donut","damage_taken":0,"max_hp_gain":5,"max_hp_loss":0,"event_name":"Big Fish","floor":2,"gold_loss":0},{"cards_removed":["Strike_G"],"damage_healed":0,"gold_gain":0,"player_choice":"Purged","damage_taken":0,"max_hp_gain":0,"max_hp_loss":0,"event_name":"Purifier","floor":11,"gold_loss":0}],"is_beta":false,"boss_relics":[{"not_picked":["Busted Crown","SacredBark"],"picked":"Black Star"}],"items_purged_floors":[],"is_endless":false,"potions_floor_spawned":[1,3,7,16,19],"killed_by":"Shelled Parasite and Fungi","ascension_level":19}}