{"host":"0o4jkshs65tojivq","time":1607563969,"event":{"gold_per_floor":[109,109,70,70,70,70,86,104,104,104,118,118,118,133,133,210,210,228,228,228,228,247,247,267,301,301,301,301,301,321,161,161,239,239,259,272,39,56,71,71,71,106,406,406,406,423,423,423,423,423],"floor_reached":51,"playtime":592,"items_purged":["Impervious"],"score":1509,"play_id":"c6c6a9d2-ee02-4fae-8063-d0a4a940674d","local_time":"20201209173249","is_ascension_mode":true,"campfire_choices":[{"data":"Hyperbeam","floor":6,"key":"SMITH"},{"floor":10,"key":"DIG"},{"data":"Hyperbeam","floor":12,"key":"SMITH"},{"data":"Hyperbeam","floor":15,"key":"SMITH"},{"floor":23,"key":"DIG"},{"floor":32,"key":"DIG"},{"floor":40,"key":"DIG"},{"floor":41,"key":"DIG"},{"floor":47,"key":"DIG"},{"floor":49,"key":"DIG"}],"neow_cost":"NONE","seed_source_timestamp":-398474173475955589,"circlet_count":0,"master_deck":["AscendersBane","Meteor Strike+1","Meteor Strike+1","Meteor Strike","Meteor Strike","Meteor Strike","Meteor Strike","Hyperbeam+1","Hyperbeam+1","Hyperbeam+1","Skim","Meteor Strike+1","Skim+1","Skim"],"relics":["Snecko Eye","Molten Egg 2","Shovel","Mercury Hourglass","WingedGreaves","PreservedInsect","TungstenRod","Juzu Bracelet","Bag of Marbles","Pocketwatch","Sozu","Akabeko","Cables","Whetstone","Bottled Flame","Old Coin","Nunchaku","Meat on the Bone","Blue Candle"],"potions_floor_usage":[],"damage_taken":[{"damage":0,"enemies":"Cultist","floor":1,"turns":1},{"damage":0,"enemies":"Small Slimes","floor":7,"turns":1},{"damage":0,"enemies":"2 Louse","floor":8,"turns":1},{"damage":0,"enemies":"Exordium Wildlife","floor":11,"turns":1},{"damage":0,"enemies":"Large Slime","floor":14,"turns":1},{"damage":12,"enemies":"The Guardian","floor":16,"turns":2},{"damage":0,"enemies":"2 Thieves","floor":18,"turns":1},{"damage":0,"enemies":"Chosen","floor":22,"turns":1},{"damage":0,"enemies":"3 Cultists","floor":24,"turns":1},{"damage":0,"enemies":"Book of Stabbing","floor":25,"turns":1},{"damage":0,"enemies":"Centurion and Healer","floor":30,"turns":1},{"damage":0,"enemies":"Collector","floor":33,"turns":1},{"damage":0,"enemies":"Orb Walker","floor":35,"turns":1},{"damage":0,"enemies":"3 Shapes","floor":36,"turns":1},{"damage":0,"enemies":"Writhing Mass","floor":38,"turns":1},{"damage":0,"enemies":"3 Darklings","floor":39,"turns":1},{"damage":0,"enemies":"Nemesis","floor":42,"turns":1},{"damage":0,"enemies":"Maw","floor":46,"turns":1},{"damage":0,"enemies":"Awakened One","floor":50,"turns":2}],"seed_played":"-7003353567935907593","potions_obtained":[{"floor":7,"key":"ColorlessPotion"},{"floor":14,"key":"CultistPotion"}],"is_trial":false,"path_per_floor":["M","?","$","?","?","R","M","M","T","R","M","R","?","M","R","B",null,"M","?","T","$","M","R","M","E","T","?","?","?","M","$","R","B",null,"M","M","$","M","M","R","R","E","T","?","?","M","R","T","R","B",null],"character_chosen":"DEFECT","items_purchased":["Self Repair","Bag of Marbles","Akabeko"],"campfire_rested":0,"item_purchase_floors":[3,31,37],"current_hp_per_floor":[64,46,46,69,69,69,69,69,69,69,69,69,69,69,69,64,69,69,69,69,69,69,69,69,69,69,69,69,69,69,69,69,69,71,71,71,71,71,71,71,71,71,71,71,71,71,71,71,71,71],"gold":423,"neow_bonus":"BOSS_RELIC","is_prod":false,"is_daily":false,"chose_seed":false,"campfire_upgraded":3,"win_rate":0,"timestamp":1607563969,"path_taken":["M","?","$","?","?","R","M","M","T","R","M","R","?","?","R","BOSS","M","?","?","$","M","R","?","E","T","?","?","?","M","?","R","BOSS","M","M","$","M","M","R","R","E","T","?","?","M","R","?","R","BOSS"],"build_version":"2020-11-30","purchased_purges":1,"victory":true,"max_hp_per_floor":[71,71,71,71,71,71,71,71,71,71,71,71,71,71,71,71,71,71,71,71,71,71,71,71,71,71,71,71,71,71,71,71,71,71,71,71,71,71,71,71,71,71,71,71,71,71,71,71,71,71],"relic_stats":{"counters":[19,21],"Blue Candle":[0],"PreservedInsect":93,"Juzu Bracelet":1,"Whetstone":["Meteor Strike","Meteor Strike"],"Mercury Hourglass":[87],"Cables":[1,0,0,0,1],"Sozu":3,"Nunchaku":[2],"Shovel":7,"Snecko Eye":[40,46,33,48],"obtain_stats":[{"Blue Candle":49,"PreservedInsect":23,"Juzu Bracelet":26,"Whetstone":41,"Akabeko":37,"Mercury Hourglass":10,"Cables":40,"Old Coin":43,"Sozu":34,"Bottled Flame":42,"Nunchaku":47,"Shovel":9,"Snecko Eye":0,"Molten Egg 2":2,"WingedGreaves":20,"Bag of Marbles":31,"Cracked Core":0,"TungstenRod":25,"Pocketwatch":32,"Meat on the Bone":48},{"Blue Candle":18,"PreservedInsect":8,"Juzu Bracelet":10,"Whetstone":16,"Akabeko":14,"Mercury Hourglass":3,"Cables":16,"Old Coin":17,"Sozu":12,"Bottled Flame":17,"Nunchaku":18,"Shovel":3,"Snecko Eye":0,"Molten Egg 2":1,"WingedGreaves":7,"Bag of Marbles":11,"Cracked Core":0,"TungstenRod":10,"Pocketwatch":11,"Meat on the Bone":18},{"Blue Candle":19,"PreservedInsect":9,"Juzu Bracelet":11,"Whetstone":17,"Akabeko":15,"Mercury Hourglass":3,"Cables":17,"Old Coin":18,"Sozu":13,"Bottled Flame":18,"Nunchaku":19,"Shovel":3,"Snecko Eye":0,"Molten Egg 2":1,"WingedGreaves":8,"Bag of Marbles":12,"Cracked Core":0,"TungstenRod":11,"Pocketwatch":12,"Meat on the Bone":19}],"TungstenRod":0,"Pocketwatch":[0],"Meat on the Bone":0},"card_choices":[{"not_picked":["Rebound","Gash","Streamline"],"picked":"SKIP","floor":1},{"not_picked":["Sweeping Beam+1","Steam"],"picked":"Skim","floor":7},{"not_picked":["Redo","White Noise","Leap"],"picked":"SKIP","floor":8},{"not_picked":["Go for the Eyes+1","Gash+1","Turbo"],"picked":"SKIP","floor":11},{"not_picked":["Loop","Beam Cell+1","Lockon+1"],"picked":"SKIP","floor":14},{"not_picked":["Amplify","Fission"],"picked":"Meteor Strike+1","floor":16},{"not_picked":["Undo+1","Beam Cell+1","Steam"],"picked":"SKIP","floor":18},{"not_picked":["Defragment+1","Sweeping Beam+1","Streamline+1"],"picked":"SKIP","floor":22},{"not_picked":["FTL+1","Compile Driver+1"],"picked":"Skim+1","floor":24},{"not_picked":["Tempest","Leap","Static Discharge"],"picked":"SKIP","floor":25},{"not_picked":["Streamline+1","Chaos"],"picked":"Skim","floor":30},{"not_picked":["Auto Shields","Rebound+1","Ball Lightning+1"],"picked":"SKIP","floor":35},{"not_picked":["Chill","Streamline+1","Beam Cell+1"],"picked":"SKIP","floor":36},{"not_picked":["Force Field","Gash+1","Turbo"],"picked":"SKIP","floor":38},{"not_picked":["Rainbow","Auto Shields","Steam"],"picked":"SKIP","floor":39},{"not_picked":["Streamline+1","Coolheaded","Conserve Battery"],"picked":"SKIP","floor":42},{"not_picked":["Ball Lightning+1","Seek","Sweeping Beam+1"],"picked":"SKIP","floor":46}],"player_experience":1059848,"relics_obtained":[{"floor":9,"key":"Shovel"},{"floor":10,"key":"Mercury Hourglass"},{"floor":20,"key":"WingedGreaves"},{"floor":23,"key":"PreservedInsect"},{"floor":25,"key":"TungstenRod"},{"floor":26,"key":"Juzu Bracelet"},{"floor":32,"key":"Pocketwatch"},{"floor":40,"key":"Cables"},{"floor":41,"key":"Whetstone"},{"floor":42,"key":"Bottled Flame"},{"floor":43,"key":"Old Coin"},{"floor":47,"key":"Nunchaku"},{"floor":48,"key":"Meat on the Bone"},{"floor":49,"key":"Blue Candle"}],"event_choices":[{"damage_healed":0,"gold_gain":0,"player_choice":"Success","damage_taken":18,"relics_obtained":["Molten Egg 2"],"max_hp_gain":0,"max_hp_loss":0,"event_name":"Scrap Ooze","floor":2,"gold_loss":0},{"damage_healed":23,"gold_gain":0,"player_choice":"Banana","damage_taken":0,"max_hp_gain":0,"max_hp_loss":0,"event_name":"Big Fish","floor":4,"gold_loss":0},{"damage_healed":0,"gold_gain":0,"player_choice":"Leave","damage_taken":0,"max_hp_gain":0,"max_hp_loss":0,"event_name":"The Cleric","floor":5,"gold_loss":0},{"damage_healed":0,"gold_gain":0,"player_choice":"Ignored","damage_taken":0,"max_hp_gain":0,"max_hp_loss":0,"event_name":"Golden Wing","floor":13,"gold_loss":0},{"damage_healed":0,"gold_gain":0,"player_choice":"Ignored","damage_taken":0,"max_hp_gain":0,"max_hp_loss":0,"event_name":"Beggar","floor":19,"gold_loss":0},{"damage_healed":0,"gold_gain":0,"player_choice":"Ignored","damage_taken":0,"max_hp_gain":0,"max_hp_loss":0,"event_name":"Transmorgrifier","floor":28,"gold_loss":0},{"damage_healed":0,"gold_gain":0,"player_choice":"Ignored","damage_taken":0,"max_hp_gain":0,"max_hp_loss":0,"event_name":"The Mausoleum","floor":29,"gold_loss":0},{"damage_healed":0,"gold_gain":0,"player_choice":"Memory 1","damage_taken":0,"max_hp_gain":0,"max_hp_loss":0,"event_name":"SensoryStone","floor":44,"gold_loss":0},{"cards_removed":["Self Repair"],"damage_healed":0,"gold_gain":0,"player_choice":"Removed Power","damage_taken":0,"max_hp_gain":0,"max_hp_loss":0,"event_name":"Falling","floor":45,"gold_loss":0}],"is_beta":false,"boss_relics":[{"not_picked":["Pandora\u0027s Box","Calling Bell","Empty Cage"]},{"not_picked":["Inserter","Tiny House"],"picked":"Sozu"}],"items_purged_floors":[37],"is_endless":false,"potions_floor_spawned":[7,14,16,22,30,33,38,39,46],"ascension_level":16}}