{"host":"lvf3ywlo9ittp3f6","time":1607613555,"event":{"gold_per_floor":[20,40,60,72,90,119,119,150,150,150,150,41,69,84,84,183,183,203,218,218,74,87,87,87,87],"floor_reached":24,"playtime":3267,"items_purged":["Defend_B"],"score":273,"play_id":"e90b33b0-0ac3-4cfb-a2bf-39195f980d21","local_time":"20201210181915","is_ascension_mode":true,"campfire_choices":[{"data":"Defragment","floor":7,"key":"SMITH"},{"floor":10,"key":"REST"},{"data":"1","floor":15,"key":"LIFT"},{"data":"Reinforced Body","floor":23,"key":"SMITH"}],"neow_cost":"NO_GOLD","seed_source_timestamp":2136069142382782,"circlet_count":0,"master_deck":["Strike_B","Strike_B","Strike_B","Defend_B","Defend_B","Zap","Dualcast","Conserve Battery","Ball Lightning","Defragment+1","Echo Form","Cold Snap","Turbo","FTL","Reinforced Body+1","BootSequence","Meteor Strike","Capacitor","Hello World+1","Defragment+1","Defragment+1","Cold Snap"],"relics":["Cracked Core","StoneCalendar","Letter Opener","Girya","Meat on the Bone","Black Star","DollysMirror"],"potions_floor_usage":[8,8,8,16],"damage_taken":[{"damage":1,"enemies":"Cultist","floor":1,"turns":3},{"damage":0,"enemies":"Small Slimes","floor":2,"turns":3},{"damage":2,"enemies":"Jaw Worm","floor":3,"turns":3},{"damage":33,"enemies":"Exordium Thugs","floor":4,"turns":5},{"damage":11,"enemies":"Looter","floor":5,"turns":3},{"damage":18,"enemies":"Gremlin Nob","floor":6,"turns":4},{"damage":6,"enemies":"3 Sentries","floor":8,"turns":4},{"damage":18,"enemies":"Gremlin Nob","floor":13,"turns":3},{"damage":2,"enemies":"Red Slaver","floor":14,"turns":3},{"damage":28,"enemies":"Hexaghost","floor":16,"turns":7},{"damage":13,"enemies":"Spheric Guardian","floor":18,"turns":4},{"damage":0,"enemies":"Chosen","floor":19,"turns":4},{"damage":13,"enemies":"Centurion and Healer","floor":22,"turns":7},{"damage":46,"enemies":"Gremlin Leader","floor":24,"turns":2}],"seed_played":"-6506008654412527670","potions_obtained":[{"floor":3,"key":"CultistPotion"},{"floor":5,"key":"Explosive Potion"},{"floor":6,"key":"EssenceOfSteel"},{"floor":14,"key":"BlessingOfTheForge"}],"is_trial":false,"path_per_floor":["M","M","M","M","M","E","R","E","T","R","?","$","E","M","R","B",null,"M","M","?","$","M","R","E"],"character_chosen":"DEFECT","items_purchased":["FTL","DollysMirror"],"campfire_rested":1,"item_purchase_floors":[12,21],"current_hp_per_floor":[74,74,72,39,28,10,10,4,4,26,75,75,57,55,55,39,66,53,53,53,53,40,40,0,0],"gold":87,"neow_bonus":"REMOVE_TWO","is_prod":false,"is_daily":false,"chose_seed":false,"campfire_upgraded":2,"win_rate":0,"timestamp":1607613555,"path_taken":["M","M","M","?","M","E","R","E","T","R","?","$","E","?","R","BOSS","M","M","?","?","M","R","E"],"build_version":"2020-11-30","purchased_purges":1,"victory":false,"max_hp_per_floor":[75,75,75,75,75,75,75,75,75,75,75,75,75,75,75,75,75,75,75,75,75,75,75,75,75],"relic_stats":{"counters":[14,55],"StoneCalendar":[13],"Black Star":0,"Letter Opener":[25],"obtain_stats":[{"Girya":9,"DollysMirror":21,"StoneCalendar":6,"Black Star":17,"Letter Opener":8,"Cracked Core":0,"Meat on the Bone":13},{"Girya":7,"DollysMirror":12,"StoneCalendar":6,"Black Star":10,"Letter Opener":7,"Cracked Core":0,"Meat on the Bone":8},{"Girya":25,"DollysMirror":46,"StoneCalendar":21,"Black Star":38,"Letter Opener":25,"Cracked Core":0,"Meat on the Bone":28}],"Meat on the Bone":12},"card_choices":[{"not_picked":["Ball Lightning","Undo"],"picked":"Conserve Battery","floor":1},{"not_picked":["Coolheaded","Tempest"],"picked":"Ball Lightning","floor":2},{"not_picked":["Sweeping Beam","Gash"],"picked":"Defragment","floor":3},{"not_picked":["Conserve Battery","Rebound"],"picked":"Echo Form","floor":4},{"not_picked":["Steam","Melter"],"picked":"Cold Snap","floor":5},{"not_picked":["Darkness","Rip and Tear"],"picked":"Turbo","floor":6},{"not_picked":["Barrage","Skim"],"picked":"Undo","floor":8},{"not_picked":["FTL","Go for the Eyes"],"picked":"Reinforced Body","floor":13},{"not_picked":["Reinforced Body","Steam"],"picked":"BootSequence","floor":14},{"not_picked":["Fission","All For One"],"picked":"Meteor Strike","floor":16},{"not_picked":["Hologram+1","Streamline"],"picked":"Capacitor","floor":18},{"not_picked":["Rip and Tear","Barrage"],"picked":"Hello World+1","floor":19},{"not_picked":["Redo","Go for the Eyes"],"picked":"Cold Snap","floor":22}],"player_experience":469854,"relics_obtained":[{"floor":6,"key":"StoneCalendar"},{"floor":8,"key":"Letter Opener"},{"floor":9,"key":"Girya"},{"floor":13,"key":"Meat on the Bone"}],"event_choices":[{"cards_removed":["Undo"],"damage_healed":49,"gold_gain":0,"player_choice":"Offered Uncommon","damage_taken":0,"max_hp_gain":0,"max_hp_loss":0,"event_name":"Bonfire Elementals","floor":11,"gold_loss":0},{"damage_healed":0,"gold_gain":0,"player_choice":"Copied","damage_taken":0,"max_hp_gain":0,"max_hp_loss":0,"event_name":"Duplicator","floor":20,"gold_loss":0,"cards_obtained":["Defragment"]}],"is_beta":false,"boss_relics":[{"not_picked":["SacredBark","Empty Cage"],"picked":"Black Star"}],"items_purged_floors":[12],"is_endless":false,"potions_floor_spawned":[3,5,6,14],"killed_by":"Gremlin Leader","ascension_level":5}}