{"host":"3ek78t4i81ecmdy1","time":1607588530,"event":{"gold_per_floor":[119,69,85,98,117,117,131,131,156,167,22,37,53,73,73,73,73],"floor_reached":16,"playtime":380,"items_purged":[],"score":98,"play_id":"05edc762-f4b5-4bcd-a448-2912069ebf55","local_time":"20201210172210","is_ascension_mode":false,"campfire_choices":[{"data":"Carnage","floor":6,"key":"SMITH"},{"data":"Shrug It Off","floor":15,"key":"SMITH"}],"neow_cost":"CURSE","seed_source_timestamp":-6067052422707719868,"circlet_count":0,"master_deck":["Strike_R","Strike_R","Strike_R","Strike_R","Defend_R","Defend_R","Defend_R","Defend_R","Bash","Decay","Impervious","Pummel","Carnage+1","Fire Breathing","Combust","Shrug It Off+1","Entrench","Thunderclap"],"relics":["Burning Blood","Anchor","Centennial Puzzle","TheAbacus"],"potions_floor_usage":[],"damage_taken":[{"damage":0,"enemies":"Small Slimes","floor":1,"turns":5},{"damage":10,"enemies":"Jaw Worm","floor":3,"turns":5},{"damage":2,"enemies":"Cultist","floor":4,"turns":2},{"damage":17,"enemies":"Looter","floor":5,"turns":3},{"damage":8,"enemies":"2 Fungi Beasts","floor":7,"turns":3},{"damage":25,"enemies":"Exordium Wildlife","floor":10,"turns":4},{"damage":1,"enemies":"Blue Slaver","floor":12,"turns":3},{"damage":10,"enemies":"2 Fungi Beasts","floor":13,"turns":3},{"damage":5,"enemies":"Large Slime","floor":14,"turns":4},{"damage":40,"enemies":"The Guardian","floor":16,"turns":6}],"seed_played":"8385297886853232866","potions_obtained":[{"floor":3,"key":"Ancient Potion"},{"floor":5,"key":"BlessingOfTheForge"}],"is_trial":false,"path_per_floor":["M","?","M","M","M","R","M","?","T","M","$","M","M","M","R","B"],"character_chosen":"IRONCLAD","items_purchased":["TheAbacus"],"campfire_rested":0,"item_purchase_floors":[11],"current_hp_per_floor":[80,80,76,80,69,69,67,67,67,48,48,53,49,50,50,10,10],"gold":73,"neow_bonus":"THREE_RARE_CARDS","is_prod":false,"is_daily":false,"chose_seed":false,"campfire_upgraded":2,"win_rate":0.0,"timestamp":1607588530,"path_taken":["M","?","M","M","M","R","M","?","T","M","$","M","?","M","R","BOSS"],"build_version":"2020-11-30","purchased_purges":0,"victory":false,"max_hp_per_floor":[80,80,80,80,80,80,80,80,80,80,80,80,80,80,80,80,80],"card_choices":[{"not_picked":["Barricade","Double Tap"],"picked":"Impervious","floor":0},{"not_picked":["Flex","Reckless Charge"],"picked":"Pummel","floor":1},{"not_picked":["Anger","Sword Boomerang"],"picked":"Carnage","floor":3},{"not_picked":["Cleave","Bloodletting"],"picked":"Fire Breathing","floor":4},{"not_picked":["Bloodletting","Clothesline"],"picked":"Combust","floor":5},{"not_picked":["Fire Breathing","Brutality"],"picked":"Shrug It Off","floor":7},{"not_picked":["Whirlwind","Sword Boomerang"],"picked":"Entrench","floor":10},{"not_picked":["Clash","Heavy Blade","Entrench"],"picked":"SKIP","floor":12},{"not_picked":["Pommel Strike","Battle Trance"],"picked":"Thunderclap","floor":13},{"not_picked":["Demon Form","Thunderclap","Clash"],"picked":"SKIP","floor":14}],"player_experience":128733,"relics_obtained":[{"floor":9,"key":"Centennial Puzzle"}],"event_choices":[{"cards_removed":["Strike_R"],"damage_healed":0,"gold_gain":0,"player_choice":"Card Removal","damage_taken":0,"max_hp_gain":0,"max_hp_loss":0,"event_name":"The Cleric","floor":2,"gold_loss":50},{"damage_healed":0,"gold_gain":0,"player_choice":"Gave Potion","damage_taken":0,"relics_obtained":["Anchor"],"max_hp_gain":0,"max_hp_loss":0,"event_name":"WeMeetAgain","floor":8,"gold_loss":0}],"is_beta":false,"boss_relics":[],"items_purged_floors":[],"is_endless":false,"potions_floor_spawned":[3,5],"killed_by":"The Guardian","ascension_level":0}}