{"host":"mvlqq966zh3ccmv5","time":1607580229,"event":{"gold_per_floor":[113,113,136,136,61,82,101,132,205,205,228,228,268,281,281,401,401,422,445,520,299,322,353,371,405,417,429,441,481,508,553,565,676,688,719,731,753,269,284,310,310,340,409,409,443,280,292,325,325,325,325,325,50,76,76],"floor_reached":56,"playtime":2160,"items_purged":["Concentrate","Footwork","Neutralize"],"score":1970,"play_id":"7aa2f006-47a5-4fbb-98a9-60cea6febd29","local_time":"20201210150349","is_ascension_mode":true,"campfire_choices":[{"data":"Deadly Poison","floor":10,"key":"SMITH"},{"data":"Poisoned Stab","floor":12,"key":"SMITH"},{"floor":15,"key":"REST"},{"floor":27,"key":"REST"},{"data":"Catalyst","floor":32,"key":"SMITH"},{"floor":41,"key":"RECALL"},{"data":"Burst","floor":44,"key":"SMITH"},{"data":"Reflex","floor":49,"key":"SMITH"},{"data":"Venomology","floor":52,"key":"SMITH"}],"neow_cost":"NONE","seed_source_timestamp":973853732800,"circlet_count":0,"master_deck":["Survivor","Bouncing Flask","Venomology+1","Backflip","Backflip","Catalyst+1","Burst+1","Bouncing Flask+1","Prepared","Dagger Throw","Backstab","Deadly Poison+1","Poisoned Stab+1","Die Die Die","Malaise","Poisoned Stab+1","Reflex+1","Noxious Fumes+1","Adrenaline+1","Blur+1","After Image","Bouncing Flask+1","Apotheosis+1","Crippling Poison+1","Expertise+1","PiercingWail+1","Distraction+1","Master of Strategy+1"],"relics":["Pandora\u0027s Box","Bloody Idol","Mango","Toy Ornithopter","SacredBark","TwistedFunnel","Toxic Egg 2","MawBank","Gambling Chip","PreservedInsect","Mercury Hourglass","HoveringKite","Membership Card","Happy Flower","Molten Egg 2","Unceasing Top","Strawberry","Pantograph","InkBottle","Chemical X","CeramicFish","Pocketwatch","Art of War"],"potions_floor_usage":[1,7,8,11,13,13,16,16,18,19,19,22,23,24,29,29,30,31,33,36,39,42,45,47,48,50,54,55,55,55],"damage_taken":[{"damage":9,"enemies":"Jaw Worm","floor":1,"turns":2},{"damage":0,"enemies":"Cultist","floor":3,"turns":3},{"damage":0,"enemies":"Small Slimes","floor":6,"turns":3},{"damage":7,"enemies":"Exordium Wildlife","floor":7,"turns":4},{"damage":22,"enemies":"Lagavulin","floor":8,"turns":4},{"damage":5,"enemies":"Exordium Thugs","floor":11,"turns":4},{"damage":18,"enemies":"3 Sentries","floor":13,"turns":5},{"damage":1,"enemies":"Blue Slaver","floor":14,"turns":2},{"damage":0,"enemies":"Slime Boss","floor":16,"turns":5},{"damage":9,"enemies":"3 Byrds","floor":18,"turns":4},{"damage":9,"enemies":"Shell Parasite","floor":19,"turns":3},{"damage":0,"enemies":"Snecko","floor":22,"turns":3},{"damage":19,"enemies":"Book of Stabbing","floor":23,"turns":5},{"damage":0,"enemies":"Snake Plant","floor":24,"turns":2},{"damage":28,"enemies":"Gremlin Leader","floor":25,"turns":5},{"damage":14,"enemies":"Book of Stabbing","floor":29,"turns":4},{"damage":29,"enemies":"Centurion and Healer","floor":30,"turns":5},{"damage":0,"enemies":"Slavers","floor":31,"turns":1},{"damage":28,"enemies":"Automaton","floor":33,"turns":6},{"damage":7,"enemies":"Orb Walker","floor":35,"turns":3},{"damage":2,"enemies":"3 Darklings","floor":36,"turns":2},{"damage":15,"enemies":"Maw","floor":37,"turns":4},{"damage":22,"enemies":"Jaw Worm Horde","floor":39,"turns":2},{"damage":0,"enemies":"Giant Head","floor":40,"turns":5},{"damage":26,"enemies":"Reptomancer","floor":42,"turns":3},{"damage":39,"enemies":"Nemesis","floor":45,"turns":5},{"damage":0,"enemies":"Transient","floor":47,"turns":5},{"damage":5,"enemies":"Giant Head","floor":48,"turns":5},{"damage":47,"enemies":"Awakened One","floor":50,"turns":10},{"damage":17,"enemies":"Shield and Spear","floor":54,"turns":5},{"damage":42,"enemies":"The Heart","floor":55,"turns":8}],"seed_played":"-4612304769976731682","potions_obtained":[{"floor":3,"key":"Regen Potion"},{"floor":6,"key":"Energy Potion"},{"floor":11,"key":"SkillPotion"},{"floor":13,"key":"ColorlessPotion"},{"floor":19,"key":"SmokeBomb"},{"floor":22,"key":"CunningPotion"},{"floor":23,"key":"Fire Potion"},{"floor":31,"key":"LiquidBronze"},{"floor":37,"key":"Regen Potion"},{"floor":39,"key":"Explosive Potion"},{"floor":45,"key":"DistilledChaos"},{"floor":48,"key":"Swift Potion"},{"floor":54,"key":"SpeedPotion"}],"is_trial":false,"path_per_floor":["M","?","M","?","$","M","M","E","T","R","M","R","E","M","R","B",null,"M","M","?","$","M","E","M","E","T","R","?","E","M","E","R","B",null,"M","M","M","$","M","E","R","E","T","R","E","$","M","E","R","B",null,"R","$","E","B",null],"character_chosen":"THE_SILENT","items_purchased":["TwistedFunnel","Reflex","Membership Card","Happy Flower","Apotheosis+1","Molten Egg 2","Chemical X","PiercingWail+1","Master of Strategy+1","GhostInAJar","Pocketwatch"],"campfire_rested":2,"item_purchase_floors":[21,21,38,38,38,38,46,46,53,53,53],"current_hp_per_floor":[54,54,54,54,54,54,47,51,51,51,46,46,28,27,50,60,74,70,71,64,64,69,55,60,32,32,55,55,61,47,62,67,54,74,77,79,69,74,62,67,67,58,63,63,74,74,84,86,86,44,76,76,81,74,54],"gold":76,"neow_bonus":"BOSS_RELIC","is_prod":false,"is_daily":false,"chose_seed":false,"campfire_upgraded":6,"win_rate":0,"timestamp":1607580229,"path_taken":["M","?","M","?","$","M","M","E","T","R","M","R","E","M","R","BOSS","M","M","?","$","?","E","M","E","T","R","?","E","M","E","R","BOSS","M","M","M","$","M","E","R","E","T","R","E","$","M","E","R","BOSS","R","$","E","BOSS"],"build_version":"2020-11-30","purchased_purges":3,"victory":true,"max_hp_per_floor":[70,65,65,65,65,65,65,79,79,79,79,79,79,79,79,79,79,79,79,79,79,79,79,79,79,79,79,79,79,79,79,79,79,79,79,79,79,79,79,79,79,86,86,86,86,86,86,86,86,86,86,86,86,86,86],"card_choices":[{"not_picked":["Infinite Blades","Prepared","Quick Slash"],"picked":"SKIP","floor":1},{"not_picked":["Skewer","Underhanded Strike"],"picked":"Dagger Throw","floor":3},{"not_picked":["Endless Agony","Distraction","Acrobatics"],"picked":"SKIP","floor":6},{"not_picked":["Sucker Punch","Riddle With Holes"],"picked":"Backstab","floor":7},{"not_picked":["Blade Dance","PiercingWail"],"picked":"Deadly Poison","floor":8},{"not_picked":["Dagger Spray","Terror"],"picked":"Poisoned Stab","floor":11},{"not_picked":["Heel Hook","Dodge and Roll"],"picked":"Die Die Die","floor":13},{"not_picked":["Dagger Spray","Prepared","Blade Dance"],"picked":"SKIP","floor":14},{"not_picked":["Storm of Steel","A Thousand Cuts"],"picked":"Malaise","floor":16},{"not_picked":["Outmaneuver+1","Bouncing Flask","Quick Slash"],"picked":"SKIP","floor":18},{"not_picked":["Blade Dance","Slice"],"picked":"Poisoned Stab+1","floor":19},{"not_picked":["Dagger Spray","Cloak And Dagger","Underhanded Strike+1"],"picked":"SKIP","floor":22},{"not_picked":["Terror+1","PiercingWail+1"],"picked":"Noxious Fumes+1","floor":23},{"not_picked":["Slice","Flying Knee+1","Eviscerate"],"picked":"SKIP","floor":24},{"not_picked":["Deadly Poison+1","Outmaneuver+1"],"picked":"Adrenaline+1","floor":25},{"not_picked":["Predator","Blade Dance+1","All Out Attack"],"picked":"SKIP","floor":29},{"not_picked":["Bane","Deflect+1"],"picked":"Blur+1","floor":30},{"not_picked":["Unload","Finisher","Sucker Punch"],"picked":"SKIP","floor":31},{"not_picked":["Tools of the Trade","Unload"],"picked":"After Image","floor":33},{"not_picked":["Predator+1","Accuracy"],"picked":"Bouncing Flask+1","floor":35},{"not_picked":["Underhanded Strike+1","Prepared+1","Quick Slash"],"picked":"SKIP","floor":37},{"not_picked":["Bouncing Flask+1","Sucker Punch+1"],"picked":"Crippling Poison+1","floor":39},{"not_picked":["Setup+1","Blade Dance+1"],"picked":"Expertise+1","floor":40},{"not_picked":["Flying Knee+1","Unload+1","Dagger Spray+1"],"picked":"SKIP","floor":42},{"not_picked":["Dagger Spray+1","Poisoned Stab+1","Endless Agony+1"],"picked":"SKIP","floor":45},{"not_picked":["Leg Sweep+1","Dagger Throw+1"],"picked":"Distraction+1","floor":47},{"not_picked":["Predator+1","Dodge and Roll+1","Flechettes+1"],"picked":"SKIP","floor":48},{"not_picked":["Concentrate+1","Glass Knife+1","Quick Slash+1"],"picked":"SKIP","floor":54},{"not_picked":["Concentrate+1","Glass Knife+1","Quick Slash+1"],"picked":"SKIP","floor":54}],"player_experience":185840,"relics_obtained":[{"floor":8,"key":"Mango"},{"floor":13,"key":"Toy Ornithopter"},{"floor":23,"key":"Toxic Egg 2"},{"floor":25,"key":"MawBank"},{"floor":26,"key":"Gambling Chip"},{"floor":29,"key":"PreservedInsect"},{"floor":31,"key":"Mercury Hourglass"},{"floor":40,"key":"Unceasing Top"},{"floor":42,"key":"Strawberry"},{"floor":43,"key":"Pantograph"},{"floor":45,"key":"InkBottle"},{"floor":48,"key":"CeramicFish"},{"floor":54,"key":"Art of War"}],"event_choices":[{"damage_healed":0,"gold_gain":0,"player_choice":"Lose Max HP","damage_taken":0,"relics_obtained":["Golden Idol"],"max_hp_gain":0,"max_hp_loss":5,"event_name":"Golden Idol","floor":2,"gold_loss":0},{"damage_healed":0,"gold_gain":0,"player_choice":"Forge","damage_taken":0,"max_hp_gain":0,"max_hp_loss":0,"event_name":"Accursed Blacksmith","floor":4,"gold_loss":0,"cards_upgraded":["Bouncing Flask"]},{"damage_healed":0,"gold_gain":75,"player_choice":"Touch","damage_taken":7,"max_hp_gain":0,"max_hp_loss":0,"event_name":"FaceTrader","floor":20,"gold_loss":0},{"damage_healed":0,"gold_gain":0,"player_choice":"Gave Idol","damage_taken":0,"relics_obtained":["Bloody Idol"],"max_hp_gain":0,"max_hp_loss":0,"event_name":"Forgotten Altar","floor":28,"relics_lost":["Golden Idol"],"gold_loss":0}],"is_beta":false,"boss_relics":[{"not_picked":["WristBlade","Fusion Hammer"],"picked":"SacredBark"},{"not_picked":["Black Star","Calling Bell"],"picked":"HoveringKite"}],"items_purged_floors":[5,38,46],"is_endless":false,"potions_floor_spawned":[3,6,11,13,14,19,22,23,31,37,39,45,48,54],"ascension_level":8}}