{"host":"y89x8uui45kcjy42","time":1607581772,"event":{"gold_per_floor":[110,110,124,124,138,138,151,151,174,202,202,213,213,36,36,132,132,142,154,154,171,171,197,197,223,248,248,276,276,276,294,294,294,294],"floor_reached":33,"playtime":981,"items_purged":["HollowMod:InfectedAttack"],"score":318,"play_id":"d905fbac-fb54-447b-ae7b-09f275855caf","local_time":"20201210152932","is_ascension_mode":true,"campfire_choices":[{"data":"HollowMod:HuntersJournal","floor":6,"key":"SMITH"},{"data":"HollowMod:HornetsHelp","floor":8,"key":"SMITH"},{"data":"HollowMod:FocusHealStart","floor":11,"key":"SMITH"},{"data":"HollowMod:MantisMark","floor":15,"key":"SMITH"},{"data":"HollowMod:BrokenVessel","floor":24,"key":"SMITH"},{"data":"HollowMod:InfectedCysts","floor":27,"key":"SMITH"},{"data":"HollowMod:BrokenVessel","floor":30,"key":"SMITH"},{"data":"HollowMod:InfectedAttack","floor":32,"key":"SMITH"}],"neow_cost":"TEN_PERCENT_HP_LOSS","seed_source_timestamp":5366203914500,"circlet_count":0,"master_deck":["HollowMod:QuickDashStart+1","HollowMod:QuickDashStart+1","HollowMod:QuickDashStart","HollowMod:FocusHealStart+1","HollowMod:PogoStrike","HollowMod:HowlingWraiths","HollowMod:HuntersJournal+1","HollowMod:MantisMark+1","HollowMod:InfectedAttack","HollowMod:InfectedAttack","HollowMod:InfectedAttack+1","HollowMod:HornetsHelp+1","HollowMod:BrokenVessel+1","HollowMod:BrokenVessel+1","HollowMod:InfectedCysts+1","HollowMod:NewGlowingWomb+1"],"relics":["HollowMod:VesselMask","StoneCalendar","Ancient Tea Set","Anchor","HornCleat","Cursed Key","Omamori","MealTicket","Letter Opener","Toxic Egg 2","Juzu Bracelet","War Paint"],"potions_floor_usage":[10,16,16,16,25,28,33],"damage_taken":[{"damage":0,"enemies":"Small Slimes","floor":1,"turns":3},{"damage":1,"enemies":"Cultist","floor":3,"turns":3},{"damage":25,"enemies":"Jaw Worm","floor":5,"turns":2},{"damage":24,"enemies":"Blue Slaver","floor":7,"turns":2},{"damage":27,"enemies":"Lagavulin","floor":10,"turns":3},{"damage":0,"enemies":"Exordium Thugs","floor":12,"turns":4},{"damage":13,"enemies":"The Guardian","floor":16,"turns":7},{"damage":0,"enemies":"2 Thieves","floor":18,"turns":3},{"damage":0,"enemies":"3 Byrds","floor":19,"turns":3},{"damage":23,"enemies":"Shelled Parasite and Fungi","floor":21,"turns":3},{"damage":24,"enemies":"Book of Stabbing","floor":23,"turns":4},{"damage":5,"enemies":"Slavers","floor":25,"turns":3},{"damage":5,"enemies":"Book of Stabbing","floor":28,"turns":3},{"damage":0,"enemies":"Centurion and Healer","floor":31,"turns":2},{"damage":67,"enemies":"Champ","floor":33,"turns":6}],"seed_played":"6721665443765896203","potions_obtained":[{"floor":5,"key":"SteroidPotion"},{"floor":12,"key":"LiquidBronze"},{"floor":21,"key":"Dexterity Potion"},{"floor":23,"key":"PowerPotion"},{"floor":31,"key":"SkillPotion"}],"is_trial":false,"path_per_floor":["M","?","M","?","M","R","M","R","T","E","R","M","T","$","R","B",null,"M","M","?","M","?","E","R","E","T","R","E","?","R","M","R","B"],"character_chosen":"THE_BUGKNIGHT","items_purchased":["PowerPotion","Strength Potion"],"campfire_rested":0,"item_purchase_floors":[14,14],"current_hp_per_floor":[68,68,67,67,48,48,30,30,30,3,3,9,9,9,9,8,68,68,68,68,45,45,27,27,28,28,28,33,55,55,55,55,0,0],"gold":294,"neow_bonus":"ONE_RARE_RELIC","is_prod":false,"is_daily":false,"chose_seed":false,"campfire_upgraded":8,"win_rate":0,"timestamp":1607581772,"path_taken":["M","?","?","?","M","R","M","R","T","E","R","M","?","?","R","BOSS","M","M","?","?","?","E","R","E","T","R","E","?","R","M","R","BOSS"],"build_version":"2020-11-30","purchased_purges":1,"victory":false,"max_hp_per_floor":[68,68,68,68,68,68,68,68,68,68,68,68,68,68,68,68,68,68,68,68,68,68,68,68,68,68,68,68,68,68,68,68,68,68],"card_choices":[{"not_picked":["HollowMod:DashSlash","HollowMod:GreatSlash"],"picked":"HollowMod:HowlingWraiths","floor":1},{"not_picked":["HollowMod:VengefulVoid","HollowMod:CoiledNail"],"picked":"HollowMod:MantisMark","floor":3},{"not_picked":["HollowMod:GrimmsGift","HollowMod:AbyssShriek","HollowMod:WraithStrike"],"picked":"SKIP","floor":5},{"not_picked":["HollowMod:GrimmsGift","HollowMod:HeavyBlow"],"picked":"HollowMod:HornetsHelp","floor":7},{"not_picked":["HollowMod:MonarchWings","HollowMod:HeavyBlow"],"picked":"HollowMod:BrokenVessel","floor":10},{"not_picked":["HollowMod:LifebloodCocoon","HollowMod:SharpenedNail"],"picked":"HollowMod:BrokenVessel","floor":12},{"not_picked":["HollowMod:VengefulVoid","HollowMod:NewJinnsSoul","HollowMod:SharpenedNail"],"picked":"SKIP","floor":18},{"not_picked":["HollowMod:GreatSlash","HollowMod:FallenFury"],"picked":"HollowMod:InfectedCysts","floor":19},{"not_picked":["HollowMod:GrimmsGift","HollowMod:CycloneSlash+1","HollowMod:DescendingDark"],"picked":"SKIP","floor":21},{"not_picked":["HollowMod:AbyssShriek+1","HollowMod:MantisMark","HollowMod:NewLittleFool"],"picked":"SKIP","floor":23},{"not_picked":["HollowMod:AbyssShriek+1","HollowMod:MantisMark","HollowMod:NewLittleFool"],"picked":"SKIP","floor":23},{"not_picked":["HollowMod:SharpenedNail","HollowMod:SiblingsSouls+1","HollowMod:InfectionAssault"],"picked":"SKIP","floor":25},{"not_picked":["HollowMod:DreamGate+1","HollowMod:DoubleDash+1"],"picked":"HollowMod:NewGlowingWomb+1","floor":28},{"not_picked":["HollowMod:SoulShaman+1","HollowMod:InfectedCysts+1","HollowMod:SiblingsSouls+1"],"picked":"SKIP","floor":31}],"player_experience":490646,"relics_obtained":[{"floor":9,"key":"Ancient Tea Set"},{"floor":10,"key":"Anchor"},{"floor":13,"key":"HornCleat"},{"floor":23,"key":"Letter Opener"},{"floor":25,"key":"Toxic Egg 2"},{"floor":26,"key":"Juzu Bracelet"},{"floor":28,"key":"War Paint"}],"event_choices":[{"damage_healed":0,"gold_gain":0,"player_choice":"1 cards matched","damage_taken":0,"max_hp_gain":0,"max_hp_loss":0,"event_name":"Match and Keep!","floor":2,"gold_loss":0,"cards_obtained":["HollowMod:HuntersJournal"]},{"cards_removed":["HollowMod:QuickDashStart"],"damage_healed":0,"gold_gain":0,"player_choice":"Offered Basic","damage_taken":0,"max_hp_gain":0,"max_hp_loss":0,"event_name":"Bonfire Elementals","floor":20,"gold_loss":0},{"damage_healed":0,"gold_gain":0,"player_choice":"Opened","damage_taken":0,"relics_obtained":["MealTicket"],"max_hp_gain":0,"max_hp_loss":0,"event_name":"The Mausoleum","floor":22,"gold_loss":0},{"damage_healed":22,"gold_gain":0,"player_choice":"Heal","damage_taken":0,"max_hp_gain":0,"max_hp_loss":0,"event_name":"The Library","floor":29,"gold_loss":0}],"is_beta":false,"boss_relics":[{"not_picked":["Empty Cage","Pandora\u0027s Box"],"picked":"Cursed Key"}],"items_purged_floors":[14],"is_endless":false,"potions_floor_spawned":[5,12,21,23,31],"killed_by":"Champ","ascension_level":1}}