{"host":"bxn2em57qlx5u4i0","time":1607562653,"event":{"gold_per_floor":[12,12,87,98,114,114,141,141,212,212,243,263,16,16,16,93,93,109,109,124,9,9,9,38,38,64,64,90,190,190,207,207,281,281,298,298,346,356,356,388,401,435,484,287,320,320,346,362,362,362,362,362,362,80,110,110],"floor_reached":57,"playtime":2608,"items_purged":["Strike_G","Strike_G"],"score":3418,"play_id":"35af36a2-ffb3-4d0e-a06e-5cd80f0a6c28","local_time":"20201209201053","is_ascension_mode":true,"campfire_choices":[{"data":"Flying Knee","floor":6.0,"key":"SMITH"},{"floor":8.0,"key":"REST"},{"data":"Predator","floor":10.0,"key":"SMITH"},{"data":"Accuracy","floor":15.0,"key":"SMITH"},{"data":"After Image","floor":23.0,"key":"SMITH"},{"data":"Terror","floor":25.0,"key":"SMITH"},{"data":"Reflex","floor":30.0,"key":"SMITH"},{"data":"After Image","floor":32.0,"key":"SMITH"},{"floor":46,"key":"RECALL"},{"data":"Bullet Time","floor":49,"key":"SMITH"},{"data":"Blade Dance","floor":53,"key":"SMITH"}],"neow_cost":"NO_GOLD","seed_source_timestamp":64859293105600,"circlet_count":0,"master_deck":["AscendersBane","Strike_G+1","Defend_G+1","Defend_G","Defend_G+1","Defend_G+1","Survivor","Neutralize","Tools of the Trade","Distraction","Blade Dance+1","Terror+1","Flying Knee+1","Predator+1","Accuracy+1","After Image+1","Blade Dance+1","Deflect","Adrenaline","Endless Agony+1","After Image+1","Reflex+1","Bullet Time+1","Madness","Madness","Blade Dance+1","Flash of Steel","Escape Plan","Backflip"],"special_seed":0,"relics":["Ring of the Snake","Anchor","StrikeDummy","MealTicket","Membership Card","Nunchaku","Black Star","Bag of Preparation","Oddly Smooth Stone","Whetstone","White Beast Statue","Calipers","Ginger","Shuriken","Busted Crown","Lizard Tail","Darkstone Periapt","CeramicFish","Akabeko","Bottled Tornado","Boot","Gambling Chip","Mummified Hand","Dead Branch","Toy Ornithopter","War Paint","Mercury Hourglass","Ninja Scroll"],"potions_floor_usage":[37,40,45,56],"damage_taken":[{"damage":8.0,"enemies":"2 Louse","floor":1.0,"turns":6.0},{"damage":4.0,"enemies":"Small Slimes","floor":4.0,"turns":3.0},{"damage":1.0,"enemies":"Jaw Worm","floor":5.0,"turns":5.0},{"damage":30.0,"enemies":"Gremlin Nob","floor":7.0,"turns":4.0},{"damage":14.0,"enemies":"3 Sentries","floor":11.0,"turns":7.0},{"damage":0.0,"enemies":"Large Slime","floor":12.0,"turns":4.0},{"damage":6.0,"enemies":"Hexaghost","floor":16.0,"turns":7.0},{"damage":23.0,"enemies":"3 Byrds","floor":18.0,"turns":6.0},{"damage":3.0,"enemies":"Spheric Guardian","floor":20.0,"turns":3.0},{"damage":20.0,"enemies":"Gremlin Leader","floor":24.0,"turns":6.0},{"damage":0.0,"enemies":"Slavers","floor":28.0,"turns":6.0},{"damage":0.0,"enemies":"Colosseum Slavers","floor":29.0,"turns":4.0},{"damage":0.0,"enemies":"Colosseum Nobs","floor":29.0,"turns":4.0},{"damage":0.0,"enemies":"Centurion and Healer","floor":31.0,"turns":3.0},{"damage":0.0,"enemies":"Champ","floor":33.0,"turns":6.0},{"damage":0.0,"enemies":"3 Darklings","floor":35.0,"turns":4.0},{"damage":0,"enemies":"2 Orb Walkers","floor":37,"turns":3},{"damage":4,"enemies":"3 Shapes","floor":38,"turns":4},{"damage":0,"enemies":"Nemesis","floor":40,"turns":5},{"damage":0,"enemies":"Writhing Mass","floor":41,"turns":5},{"damage":14,"enemies":"Giant Head","floor":42,"turns":6},{"damage":0,"enemies":"Reptomancer","floor":45,"turns":4},{"damage":0,"enemies":"4 Shapes","floor":47,"turns":3},{"damage":0,"enemies":"Transient","floor":48,"turns":5},{"damage":0,"enemies":"Donu and Deca","floor":50,"turns":4},{"damage":0,"enemies":"Awakened One","floor":51,"turns":6},{"damage":0,"enemies":"Shield and Spear","floor":55,"turns":2},{"damage":40,"enemies":"The Heart","floor":56,"turns":8}],"seed_played":"-886441756020732642","potions_obtained":[{"floor":7.0,"key":"Fruit Juice"},{"floor":16.0,"key":"Fire Potion"},{"floor":18.0,"key":"Strength Potion"},{"floor":24.0,"key":"EssenceOfSteel"},{"floor":28.0,"key":"Dexterity Potion"},{"floor":31.0,"key":"Poison Potion"},{"floor":33.0,"key":"SteroidPotion"},{"floor":37,"key":"Strength Potion"},{"floor":41,"key":"Dexterity Potion"},{"floor":45,"key":"Dexterity Potion"},{"floor":48,"key":"BlessingOfTheForge"}],"is_trial":false,"path_per_floor":["M","?","?","M","M","R","E","R","T","R","E","M","$","?","R","B",null,"M","?","M","$","?","R","E","R","T","T","E","?","R","M","R","B",null,"M","?","?","M","?","E","M","E","T","$","E","R","M","M","R","B","B",null,"R","$","E","B",null],"character_chosen":"THE_SILENT","items_purchased":["Membership Card","Nunchaku","Adrenaline","Endless Agony","Gambling Chip","Toy Ornithopter","War Paint","Flash of Steel","Escape Plan","Backflip"],"campfire_rested":1,"item_purchase_floors":[13,13,21,21,44,54,54,54,54,54],"current_hp_per_floor":[51,51,40,36,35,35,5,24,24,24,10,10,25,5,5,4,54,31,31,28,43,43,43,23,23,23,23,23,23,23,23,23,23,59,59,46,46,42,42,42,42,28,28,43,43,43,43,43,43,43,43,64,64,71,71,31],"gold":110,"neow_bonus":"TRANSFORM_TWO_CARDS","is_prod":false,"is_daily":false,"chose_seed":false,"campfire_upgraded":9,"win_rate":0,"timestamp":1607562653,"path_taken":["M","?","?","M","M","R","E","R","T","R","E","M","?","?","R","BOSS","M","?","?","$","?","R","E","R","T","?","E","?","R","M","R","BOSS","M","?","?","M","?","E","M","E","T","$","E","R","M","M","R","BOSS","BOSS","R","$","E","BOSS"],"build_version":"2020-11-30","purchased_purges":2,"victory":true,"max_hp_per_floor":[66,66,66,66,66,66,66,66,66,66,66,66,66,66,66,71,71,71,71,71,71,71,71,71,71,71,71,71,71,71,71,71,71,71,71,71,71,71,71,71,71,71,71,71,71,71,71,71,71,71,71,71,71,71,71,71],"relic_stats":{"Darkstone Periapt":0,"counters":[28,133],"CeramicFish":36,"Dead Branch":[170],"Bag of Preparation":[36],"Whetstone":["Endless Agony","Strike_G"],"Ginger":[6],"War Paint":["Blade Dance","Defend_G"],"Boot":[8],"Mercury Hourglass":[24],"Nunchaku":[47],"Lizard Tail":0,"Busted Crown":20,"Shuriken":[96],"Mummified Hand":[39],"Gambling Chip":[19],"MealTicket":52,"Black Star":6,"obtain_stats":[{"Darkstone Periapt":40,"Calipers":28,"CeramicFish":40,"Bag of Preparation":24,"Whetstone":26,"Ginger":29,"Bottled Tornado":42,"Boot":43,"Nunchaku":13,"Lizard Tail":37,"Mummified Hand":45,"Ninja Scroll":55,"Gambling Chip":44,"MealTicket":11,"Ring of the Snake":0,"Dead Branch":45,"Oddly Smooth Stone":24,"War Paint":54,"White Beast Statue":28,"Akabeko":42,"Mercury Hourglass":55,"Anchor":7,"Busted Crown":34,"Shuriken":29,"Black Star":17,"Membership Card":13,"StrikeDummy":9,"Toy Ornithopter":54},{"Darkstone Periapt":19,"Calipers":11,"CeramicFish":19,"Bag of Preparation":10,"Whetstone":10,"Ginger":13,"Bottled Tornado":21,"Boot":21,"Nunchaku":6,"Lizard Tail":17,"Mummified Hand":22,"Ninja Scroll":27,"Gambling Chip":21,"MealTicket":5,"Ring of the Snake":0,"Dead Branch":22,"Oddly Smooth Stone":10,"War Paint":26,"White Beast Statue":11,"Akabeko":21,"Mercury Hourglass":27,"Anchor":4,"Busted Crown":15,"Shuriken":13,"Black Star":7,"Membership Card":6,"StrikeDummy":4,"Toy Ornithopter":26},{"Darkstone Periapt":90,"Calipers":57,"CeramicFish":90,"Bag of Preparation":51,"Whetstone":51,"Ginger":65,"Bottled Tornado":101,"Boot":101,"Nunchaku":29,"Lizard Tail":81,"Mummified Hand":105,"Ninja Scroll":125,"Gambling Chip":101,"MealTicket":25,"Ring of the Snake":0,"Dead Branch":105,"Oddly Smooth Stone":51,"War Paint":123,"White Beast Statue":57,"Akabeko":101,"Mercury Hourglass":125,"Anchor":18,"Busted Crown":74,"Shuriken":65,"Black Star":36,"Membership Card":29,"StrikeDummy":18,"Toy Ornithopter":123}],"Toy Ornithopter":0,"Ring of the Snake":[58]},"card_choices":[{"not_picked":["Dodge and Roll","Calculated Gamble"],"picked":"Blade Dance","floor":1.0},{"not_picked":["Dagger Throw","Quick Slash"],"picked":"Terror","floor":4.0},{"not_picked":["Quick Slash","Slice"],"picked":"Flying Knee","floor":5.0},{"not_picked":["Heel Hook","Grand Finale"],"picked":"Predator","floor":7.0},{"not_picked":["Acrobatics","Deflect","Flying Knee"],"picked":"SKIP","floor":11.0},{"not_picked":["Cloak And Dagger","Sucker Punch"],"picked":"Accuracy","floor":12.0},{"not_picked":["A Thousand Cuts","Grand Finale"],"picked":"After Image","floor":16.0},{"not_picked":["Cloak And Dagger","Acrobatics"],"picked":"Blade Dance","floor":18.0},{"not_picked":["Concentrate+1","Underhanded Strike"],"picked":"Deflect","floor":20.0},{"not_picked":["Outmaneuver","Flying Knee"],"picked":"After Image","floor":24.0},{"not_picked":["Predator","Blade Dance"],"picked":"Reflex","floor":28.0},{"not_picked":["All Out Attack","Acrobatics","Well Laid Plans"],"picked":"SKIP","floor":31.0},{"not_picked":["Storm of Steel","Corpse Explosion"],"picked":"Bullet Time","floor":33.0},{"not_picked":["Dagger Throw"],"picked":"SKIP","floor":35.0},{"not_picked":["Caltrops"],"picked":"SKIP","floor":38},{"not_picked":["Predator"],"picked":"SKIP","floor":40},{"not_picked":["Slice"],"picked":"SKIP","floor":41},{"not_picked":["Masterful Stab"],"picked":"SKIP","floor":42},{"not_picked":["Slice+1"],"picked":"SKIP","floor":45},{"not_picked":["Slice+1"],"picked":"SKIP","floor":45},{"not_picked":[],"picked":"Blade Dance","floor":47},{"not_picked":["Slice+1"],"picked":"SKIP","floor":48},{"not_picked":["Slice"],"picked":"SKIP","floor":55},{"not_picked":["Slice"],"picked":"SKIP","floor":55}],"player_experience":2768989,"relics_obtained":[{"floor":7.0,"key":"Anchor"},{"floor":9.0,"key":"StrikeDummy"},{"floor":11.0,"key":"MealTicket"},{"floor":24.0,"key":"Bag of Preparation"},{"floor":24.0,"key":"Oddly Smooth Stone"},{"floor":26.0,"key":"Whetstone"},{"floor":28.0,"key":"White Beast Statue"},{"floor":28.0,"key":"Calipers"},{"floor":29.0,"key":"Ginger"},{"floor":29.0,"key":"Shuriken"},{"floor":37,"key":"Lizard Tail"},{"floor":40,"key":"Darkstone Periapt"},{"floor":40,"key":"CeramicFish"},{"floor":42,"key":"Akabeko"},{"floor":42,"key":"Bottled Tornado"},{"floor":43,"key":"Boot"},{"floor":45,"key":"Mummified Hand"},{"floor":45,"key":"Dead Branch"},{"floor":55,"key":"Mercury Hourglass"},{"floor":55,"key":"Ninja Scroll"}],"event_choices":[{"damage_healed":0.0,"max_hp_gain":0.0,"max_hp_loss":0.0,"gold_gain":0.0,"event_name":"Living Wall","player_choice":"Grow","floor":2.0,"gold_loss":0.0,"damage_taken":0.0,"cards_upgraded":["Blade Dance"]},{"damage_healed":0.0,"max_hp_gain":0.0,"max_hp_loss":0.0,"gold_gain":75.0,"event_name":"World of Goop","player_choice":"Gather Gold","floor":3.0,"gold_loss":0.0,"damage_taken":11.0},{"damage_healed":0.0,"max_hp_gain":0.0,"max_hp_loss":0.0,"gold_gain":0.0,"event_name":"Shining Light","player_choice":"Entered Light","floor":14.0,"gold_loss":0.0,"damage_taken":20.0,"cards_upgraded":["Defend_G","Defend_G"]},{"cards_removed":["Strike_G"],"damage_healed":0.0,"max_hp_gain":0.0,"max_hp_loss":0.0,"gold_gain":0.0,"event_name":"Purifier","player_choice":"Purged","floor":19.0,"gold_loss":0.0,"damage_taken":0.0},{"damage_healed":0.0,"max_hp_gain":0.0,"max_hp_loss":0.0,"gold_gain":0.0,"event_name":"Vampires","player_choice":"Ignored","floor":22.0,"gold_loss":0.0,"damage_taken":0.0},{"damage_healed":0.0,"max_hp_gain":0.0,"max_hp_loss":0.0,"gold_gain":0.0,"event_name":"Colosseum","player_choice":"Fight","floor":29.0,"gold_loss":0.0,"damage_taken":0.0},{"damage_healed":0.0,"max_hp_gain":0.0,"max_hp_loss":0.0,"gold_gain":0.0,"event_name":"Colosseum","player_choice":"Fought Nobs","floor":29.0,"gold_loss":0.0,"damage_taken":0.0},{"damage_healed":0.0,"max_hp_gain":0.0,"max_hp_loss":0.0,"gold_gain":0.0,"event_name":"Winding Halls","player_choice":"Embrace Madness","floor":36.0,"gold_loss":0.0,"damage_taken":13.0,"cards_obtained":["Madness","Madness"]},{"damage_healed":0,"gold_gain":0,"player_choice":"Fight","damage_taken":0,"max_hp_gain":0,"max_hp_loss":0,"event_name":"Mysterious Sphere","floor":37,"gold_loss":0},{"damage_healed":0,"gold_gain":0,"player_choice":"Ignored","damage_taken":0,"max_hp_gain":0,"max_hp_loss":0,"event_name":"Tomb of Lord Red Mask","floor":39,"gold_loss":0}],"is_beta":false,"boss_relics":[{"not_picked":["Empty Cage","Runic Pyramid"],"picked":"Black Star"},{"not_picked":["Cursed Key","Tiny House"],"picked":"Busted Crown"}],"items_purged_floors":[44,54],"is_endless":false,"potions_floor_spawned":[7,16,18,24,28,29,29,31,33,35,37,38,41,42,45,47,48,55],"ascension_level":20}}