{"host":"agga6lej02o7kt08","time":1607619923,"event":{"mods":["BaseMod","Colored Powertips","Colored Map","StSLib","Hubris","Hermit","Koishi","Marisa£¨Ùöéë¡¡Øª×âÞÞ£©","Minty Spire (QoL Compilation)","Better Third Choice","Replay The Spire","Spicy Shops","Aspiration","¡¼?Úª?ø«¡½REMEMod","Arknights The Spire","Infinite Spire"],"gold_per_floor":[119,137,217,277,133,133,147,147,147,147,47,78,78,112,112,211,211,222,340,355,104,119,119,144,144,171,296,308,324,324,349,349,476,476,518,570,570,626,679,679,729,807,807,504,563,563,613,685,685,685,685,685,985,1080,1134],"floor_reached":56,"playtime":3926,"items_purged":["ats:Defend Up","ats:Powerful Strike","ats:Powerful Strike","ats:Defend Up","ats:Powerful Strike"],"score":2821,"play_id":"2d64a1fe-8b57-4f7b-8f3e-71c85914e3b5","local_time":"20201211020523","is_ascension_mode":true,"campfire_choices":[{"data":"ats:Emotion Absorption","floor":6.0,"key":"SMITH"},{"data":"ats:Hook Shot","floor":13.0,"key":"SMITH"},{"data":"ats:Emotion Absorption","floor":15.0,"key":"SMITH"},{"data":"ats:Armor Crushing Shot","floor":23.0,"key":"SMITH"},{"data":"ats:Very Hot Blade","floor":32,"key":"SMITH"},{"data":"ats:Attack Strengthen","floor":40,"key":"SMITH"},{"data":"ats:Volcano","floor":46,"key":"SMITH"},{"floor":49,"key":"RECALL"}],"circlet_count":0,"master_deck":["ats:Armor Crushing Shot+1","ats:Defend Up+1","ats:Defend Up","ats:Emotion Absorption+1","ats:Emotion Absorption+1","ats:Wolf Pack+1","ats:Hook Shot+1","ats:Attack Strengthen+1","ats:Volcano+1","ats:Very Hot Blade+1","ats:Thorns+1","hubris:Greed","ats:Ignite+1"],"special_seed":0,"relics":["ats:Sanity","REME_ComplimentaryCards","Vajra","infinitespire:Golems Mask","hubris:Icosahedron","Smiling Mask","Turnip","REME_LowDesire","hubris:OldNail","REME_HandOfSuture","ats:Rhine Circuitry","aspiration:HummingbirdHeart","ats:Originium","infinitespire:Satchel","Singing Bowl","ats:Originium","Replay:Baseball","infinitespire:EvilPickle","Philosopher\u0027s Stone","Replay:Towering Pillar of Hats","Unceasing Top","Snack Pack","hubris:TenFootPole","Ring of Peace","Ring of Greed","Blue Doll","The Courier","aspiration:HatOfInfinitePower","ats:Originium","hubris:NiceRug","Replay:Rubber Ducky","Guide Book","Bottled Tornado","Frozen Eye","REME_ArchaeologicalTools"],"acts_visited":["Exordium","TheCity","TheBeyond","TheEnding"],"potions_floor_usage":[33,42,45,48,50,50,55,55,55,55],"damage_taken":[{"damage":0.0,"enemies":"Small Slimes","floor":1.0,"turns":3.0},{"damage":0.0,"enemies":"2 Louse","floor":2.0,"turns":4.0},{"damage":0.0,"enemies":"Jaw Worm","floor":7.0,"turns":3.0},{"damage":0.0,"enemies":"Replay:BlueRogue","floor":12.0,"turns":4.0},{"damage":0.0,"enemies":"Lagavulin","floor":14.0,"turns":6.0},{"damage":0.0,"enemies":"Hexaghost","floor":16.0,"turns":4.0},{"damage":0.0,"enemies":"Shell Parasite","floor":18.0,"turns":1.0},{"damage":1.0,"enemies":"2 Thieves","floor":19.0,"turns":5.0},{"damage":0.0,"enemies":"Chosen and Byrds","floor":20.0,"turns":2.0},{"damage":0.0,"enemies":"Sentry and Sphere","floor":22.0,"turns":1.0},{"damage":0.0,"enemies":"Gremlin Leader","floor":24.0,"turns":2.0},{"damage":0.0,"enemies":"Book of Stabbing","floor":27.0,"turns":2.0},{"damage":0.0,"enemies":"Cultist and Chosen","floor":28.0,"turns":1.0},{"damage":0,"enemies":"Centurion and Healer","floor":29,"turns":3},{"damage":0,"enemies":"Gremlin Leader","floor":31,"turns":2},{"damage":0,"enemies":"Pondfish","floor":33,"turns":6},{"damage":2,"enemies":"Orb Walker","floor":35,"turns":2},{"damage":3,"enemies":"3 Darklings","floor":36,"turns":5},{"damage":0,"enemies":"Sphere and 2 Shapes","floor":38,"turns":4},{"damage":0,"enemies":"Spire Growth","floor":39,"turns":1},{"damage":0,"enemies":"Mind Bloom Boss Battle","floor":41,"turns":3},{"damage":0,"enemies":"Giant Head","floor":42,"turns":3},{"damage":12,"enemies":"R_Hoarder","floor":45,"turns":8},{"damage":0,"enemies":"Reptomancer","floor":48,"turns":4},{"damage":0,"enemies":"Time Eater","floor":50,"turns":8},{"damage":0,"enemies":"hubris:Merchant","floor":53,"turns":2},{"damage":0,"enemies":"Shield and Spear","floor":54,"turns":2},{"damage":0,"enemies":"The Heart","floor":55,"turns":7}],"seed_played":"2388251245633410958","potions_obtained":[{"floor":1.0,"key":"LifebloodPotion"},{"floor":4.0,"key":"Reflective Coating"},{"floor":4.0,"key":"Death Potion"},{"floor":14.0,"key":"Swift Potion"},{"floor":19.0,"key":"Toxic Potion"},{"floor":24.0,"key":"Dexterity Potion"},{"floor":27.0,"key":"EssenceOfSteel"},{"floor":36,"key":"Adrenaline Potion"},{"floor":38,"key":"Adrenaline Potion"},{"floor":42,"key":"Fire Potion"},{"floor":53,"key":"Milkshake"},{"floor":53,"key":"GamblersBrew"},{"floor":53,"key":"Energy Potion"},{"floor":53,"key":"Languid Potion"},{"floor":54,"key":"Elixir"}],"is_trial":false,"path_per_floor":["M","M","?","?","$","R","M","?","T","?","$","E","R","E","R","B",null,"M","M","M","$","M","R","E","R","T","E","M","M","R","E","R","B",null,"M","M","?","M","M","R","?","E","T","$","E","R","?","E","R","B",null,"R","$","E","B",null],"character_chosen":"DOCTOR_CLASS","items_purchased":["ats:Hook Shot","ats:Rhine Circuitry","Snack Pack"],"campfire_rested":0,"item_purchase_floors":[5,21,44],"current_hp_per_floor":[65,65,65,37,37,37,37,61,61,61,61,61,61,61,61,61,69,69,68,68,68,68,68,68,68,68,70,70,72,72,74,74,76,79,79,78,78,78,80,80,82,84,84,84,85,85,85,90,90,90,90,90,104,104,104],"gold":1134,"neow_bonus":"THREE_CARDS","is_daily":false,"chose_seed":false,"campfire_upgraded":7,"win_rate":0,"timestamp":1607619923,"path_taken":["M","M","?","?","$","R","?","?","T","?","?","E","R","E","R","BOSS","M","M","?","$","M","R","E","R","T","E","M","M","R","E","R","BOSS","M","M","?","M","M","R","?","E","T","$","E","R","?","E","R","BOSS","R","$","E","BOSS"],"build_version":"2020-11-30","purchased_purges":5,"victory":true,"max_hp_per_floor":[72,72,72,72,72,72,72,72,72,72,72,72,72,72,72,72,72,72,72,72,72,72,72,72,72,72,74,74,76,76,78,78,80,80,82,84,80,80,82,82,84,86,86,86,88,88,88,90,90,90,90,90,104,104,104],"card_choices":[{"not_picked":["ats:Very Hot Blade","ats:Revitalization","ats:Consecutive Shot: Auto"],"picked":"SKIP","floor":1.0},{"not_picked":["ats:Mental Burst","ats:Rapid Magazine","ats:Curse Doll"],"picked":"SKIP","floor":2.0},{"not_picked":["ats:Counter Healing Mode","ats:True Silver Slash","ats:Encircling Forest"],"picked":"SKIP","floor":7.0},{"not_picked":["ats:Shell Defense","ats:Attack Strengthen","ats:Just Like an Apocalypse"],"picked":"SKIP","floor":12.0},{"not_picked":["ats:Cat Scratch","ats:Rapid Magazine","ats:Very Hot Blade"],"picked":"SKIP","floor":14.0},{"not_picked":["ats:Consecutive Shot: Auto+1","ats:Cat Scratch","ats:Red Shift","hubris:Insight"],"picked":"SKIP","floor":18.0},{"not_picked":["ats:Consecutive Shot: Auto+1","ats:Cat Scratch","ats:Red Shift","hubris:Insight"],"picked":"SKIP","floor":18.0},{"not_picked":["ats:Consecutive Shot: Auto+1","ats:Defend Order","ats:Support Order","Midas Touch"],"picked":"SKIP","floor":19.0},{"not_picked":["ats:Support Order","ats:Curse Doll","Replay:Dark Deal"],"picked":"ats:Attack Strengthen","floor":20.0},{"not_picked":["ats:Explosion Area Strengthen","ats:Ignite+1","hubris:Insight"],"picked":"ats:Volcano","floor":22.0},{"not_picked":["ats:Sunburst","ats:Cat Scratch","ats:Curse Doll+1","Survey Options"],"picked":"SKIP","floor":24.0},{"not_picked":["ats:Attack Strengthen","ats:Magnetic Hammer+1","ats:Overload","Crow Ritual"],"picked":"Singing Bowl","floor":27.0},{"not_picked":["ats:Shadow Raid","ats:Assault Order+1","Dramatic Entrance"],"picked":"ats:Very Hot Blade","floor":28.0},{"not_picked":["ats:Flexible Camouflage+1","ats:Just Like an Apocalypse","ats:Curse Doll+1","REME_BattleFury"],"picked":"Singing Bowl","floor":29},{"not_picked":["ats:Curse Doll","ats:Wolf Pack","ats:Shell Defense+1","Replay:Bootleg Shield Generator"],"picked":"Singing Bowl","floor":31},{"not_picked":["ats:Dogmatic Field","ats:Volcano","ats:Soul Rend","Magnetism"],"picked":"Singing Bowl","floor":33},{"not_picked":["ats:Revitalization","ats:Just Like an Apocalypse","ats:Counter Healing Mode","Trip"],"picked":"Singing Bowl","floor":35},{"not_picked":["ats:Shadow Raid","ats:Consecutive Shot: Auto+1","ats:Encircling Forest+1","Good Instincts+1"],"picked":"Singing Bowl","floor":36},{"not_picked":["ats:Overload+1","ats:Flexible Camouflage","Replay:Parry+1"],"picked":"ats:Thorns+1","floor":38},{"not_picked":["ats:Flexible Camouflage","ats:Shadow Raid","ats:Spore Proliferation","Swift Strike+1"],"picked":"Singing Bowl","floor":39},{"not_picked":["ats:Consecutive Shot: Auto+1","ats:Just Like an Apocalypse","ats:Fractured Body","Survey Options"],"picked":"Singing Bowl","floor":41},{"not_picked":["ats:Neurotoxin","ats:Automatic Cover+1","ats:Encircling Forest","Discovery"],"picked":"Singing Bowl","floor":42},{"not_picked":["ats:Defend Order+1","ats:Curse Doll","ats:Soul Rend","Panache"],"picked":"Singing Bowl","floor":45},{"not_picked":["ats:Overload+1","ats:Consecutive Shot: Auto+1","ats:Just Like an Apocalypse","Violence"],"picked":"Singing Bowl","floor":48},{"not_picked":["ats:Sunburst"],"picked":"Singing Bowl","floor":53},{"not_picked":["ats:Consecutive Shot: Auto"],"picked":"Singing Bowl","floor":53},{"not_picked":["ats:Assault Order"],"picked":"Singing Bowl","floor":53},{"not_picked":["ats:Hook Shot"],"picked":"Singing Bowl","floor":53},{"not_picked":["ats:Defend Order"],"picked":"Singing Bowl","floor":53},{"not_picked":["hubris:Ssssneak"],"picked":"Singing Bowl","floor":53},{"not_picked":["REME_AllRoundStrike+1"],"picked":"Singing Bowl","floor":53},{"not_picked":["ats:Chain Hook","ats:Shell Defense+1","Specialist"],"picked":"ats:Ignite+1","floor":54}],"player_experience":1082476,"relics_obtained":[{"floor":4.0,"key":"Vajra"},{"floor":9.0,"key":"infinitespire:Golems Mask"},{"floor":12.0,"key":"Smiling Mask"},{"floor":14.0,"key":"Turnip"},{"floor":17.0,"key":"hubris:OldNail"},{"floor":17.0,"key":"REME_HandOfSuture"},{"floor":24.0,"key":"aspiration:HummingbirdHeart"},{"floor":25.0,"key":"ats:Originium"},{"floor":26.0,"key":"infinitespire:Satchel"},{"floor":27.0,"key":"Singing Bowl"},{"floor":30,"key":"ats:Originium"},{"floor":31,"key":"Replay:Baseball"},{"floor":41,"key":"Replay:Towering Pillar of Hats"},{"floor":42,"key":"Unceasing Top"},{"floor":45,"key":"hubris:TenFootPole"},{"floor":47,"key":"Ring of Peace"},{"floor":47,"key":"Ring of Greed"},{"floor":47,"key":"Blue Doll"},{"floor":47,"key":"The Courier"},{"floor":48,"key":"aspiration:HatOfInfinitePower"},{"floor":52,"key":"ats:Originium"},{"floor":53,"key":"Replay:Rubber Ducky"},{"floor":53,"key":"Guide Book"},{"floor":53,"key":"Bottled Tornado"},{"floor":53,"key":"Frozen Eye"},{"floor":54,"key":"REME_ArchaeologicalTools"}],"event_choices":[{"damage_healed":24.0,"max_hp_gain":0.0,"max_hp_loss":0.0,"gold_gain":0.0,"event_name":"Big Fish","player_choice":"Banana","floor":8.0,"gold_loss":0.0,"damage_taken":0.0},{"damage_healed":0,"gold_gain":0,"player_choice":"Max HP","damage_taken":0,"max_hp_gain":0,"max_hp_loss":4,"event_name":"Winding Halls","floor":37,"gold_loss":0},{"damage_healed":0,"gold_gain":0,"player_choice":"Fight","damage_taken":0,"max_hp_gain":0,"max_hp_loss":0,"event_name":"MindBloom","floor":41,"gold_loss":0}],"is_beta":false,"boss_relics":[{"not_picked":["Kintsugi","aspiration:IroncladSkillbook"],"picked":"REME_LowDesire"},{"not_picked":["aspiration:MarisaSkillbook","Snecko Eye"],"picked":"Philosopher\u0027s Stone"}],"items_purged_floors":[5,11,21,21,44],"is_endless":false,"potions_floor_spawned":[1,14,19,24,27,29,36,38,41,42,54],"ascension_level":8}}