{"host":"zyn2zcp8fez1ptuq","time":1607606788,"event":{"mods":["BaseMod","StSLib","Downfall","BetterRewards","Hermit","Hubris","Minty Spire (QoL Compilation)","Replay The Spire","Robot Space Explorer","Shade Mod","Shop Mod","The Animator","The Cursed","The Jungle","The Necromancer","Infinite Spire"],"gold_per_floor":[110,110,110,29,29,29,29,48,48,12,27,45,45,62,62,163,163,181,198,198,209,228,228,63,73,146,157,14,30,56,69,69,164,164,181,198,215,215,215],"floor_reached":38,"playtime":3315,"items_purged":[],"score":567,"play_id":"c0f5cd73-57e1-4759-8c8b-93e0900f619f","local_time":"20201210082628","is_ascension_mode":false,"campfire_choices":[{"floor":6.0,"key":"REST"},{"data":"RobotSpaceExplorer:FreezeRay","floor":7.0,"key":"SMITH"},{"data":"RobotSpaceExplorer:StunGrenade","floor":15.0,"key":"SMITH"},{"floor":23.0,"key":"REST"},{"floor":32,"key":"REST"}],"circlet_count":0,"master_deck":["RobotSpaceExplorer:Strike","RobotSpaceExplorer:Strike","RobotSpaceExplorer:Strike","RobotSpaceExplorer:Strike","RobotSpaceExplorer:Defend","RobotSpaceExplorer:Defend+1","RobotSpaceExplorer:Defend","RobotSpaceExplorer:Defend","RobotSpaceExplorer:Scan","RobotSpaceExplorer:MiniLasers","RobotSpaceExplorer:DoubleBlock","RobotSpaceExplorer:FranticSearch","RobotSpaceExplorer:FrostMissile","RobotSpaceExplorer:FreezeRay+1","RobotSpaceExplorer:Probe","RobotSpaceExplorer:ShovelStrike","RobotSpaceExplorer:MiniDrones+1","RobotSpaceExplorer:Discharger","RobotSpaceExplorer:ShovelStrike","RobotSpaceExplorer:StunGrenade+1","RobotSpaceExplorer:Autoloader","RobotSpaceExplorer:FrostMissile","RobotSpaceExplorer:StunGrenade+1","RobotSpaceExplorer:Autoloader","RobotSpaceExplorer:SurgingShield","RobotSpaceExplorer:GearShield+1","RobotSpaceExplorer:Asteroid","RobotSpaceExplorer:MetalStrike","RobotSpaceExplorer:Fix+1","RobotSpaceExplorer:GlueShot","RobotSpaceExplorer:DualCore+1","RobotSpaceExplorer:BigMissile","RobotSpaceExplorer:Discharger","RobotSpaceExplorer:Explosion","RobotSpaceExplorer:MiniBoosters+1","RobotSpaceExplorer:SurgingStrike","RobotSpaceExplorer:DroneSwarm"],"special_seed":0,"relics":["RobotSpaceExplorer:RoboCore","infinitespire:Beetle Shell","Onion Ring","WingedGreaves","Replay:WaspNest","Painkiller Herb","Pantograph","Vajra","hubris:AstralHammer","SlaversCollar"],"acts_visited":["TheBeyond"],"potions_floor_usage":[31,33,33,38],"damage_taken":[{"damage":5.0,"enemies":"Small Slimes","floor":1.0,"turns":4.0},{"damage":3.0,"enemies":"Jaw Worm","floor":8.0,"turns":2.0},{"damage":0.0,"enemies":"Cultist","floor":11.0,"turns":2.0},{"damage":8.0,"enemies":"2 Fungi Beasts","floor":12.0,"turns":3.0},{"damage":0.0,"enemies":"Red Slaver","floor":14.0,"turns":2.0},{"damage":40.0,"enemies":"The Guardian","floor":16.0,"turns":10.0},{"damage":19.0,"enemies":"Shell Parasite","floor":18.0,"turns":6.0},{"damage":5.0,"enemies":"3 Byrds","floor":19.0,"turns":3.0},{"damage":12.0,"enemies":"Snake Plant","floor":21.0,"turns":5.0},{"damage":5.0,"enemies":"Chosen and Byrds","floor":22.0,"turns":4.0},{"damage":4.0,"enemies":"Centurion and Healer","floor":25.0,"turns":3.0},{"damage":18.0,"enemies":"Snake Plant","floor":27.0,"turns":5.0},{"damage":9.0,"enemies":"Shelled Parasite and Fungi","floor":29.0,"turns":4.0},{"damage":36.0,"enemies":"Gremlin Leader","floor":30.0,"turns":7.0},{"damage":5,"enemies":"Snecko","floor":31,"turns":4},{"damage":48,"enemies":"Collector","floor":33,"turns":7},{"damage":18,"enemies":"Orb Walker","floor":35,"turns":4},{"damage":32,"enemies":"3 Darklings","floor":36,"turns":3},{"damage":30,"enemies":"Writhing Mass","floor":37,"turns":4},{"damage":27,"enemies":"Transient","floor":38,"turns":2}],"seed_played":"5391359236289463170","potions_obtained":[{"floor":11.0,"key":"Adrenaline Potion"},{"floor":12.0,"key":"Explosive Potion"},{"floor":14.0,"key":"ColorlessPotion"},{"floor":19.0,"key":"Toxic Potion"},{"floor":21.0,"key":"EssenceOfSteel"},{"floor":22.0,"key":"Death Potion"},{"floor":30.0,"key":"Strength Potion"},{"floor":31,"key":"Explosive Potion"},{"floor":37,"key":"SpeedPotion"}],"is_trial":false,"path_per_floor":["M","?","?","$","?","R","R","M","T","$","M","M","?","M","R","B",null,"?","?","?","?","?","T","T","?","T","?","T","?","E","?","T","B",null,"?","?","?","?"],"character_chosen":"RobotSpaceExplorer","items_purchased":["RobotSpaceExplorer:Discharger","RobotSpaceExplorer:MiniDrones+1","infinitespire:Beetle Shell","Onion Ring","RobotSpaceExplorer:DoubleBlock","RobotSpaceExplorer:FranticSearch","RobotSpaceExplorer:FreezeRay","RobotSpaceExplorer:MiniDrones+1","RobotSpaceExplorer:Asteroid","RobotSpaceExplorer:MetalStrike","Vajra"],"campfire_rested":3,"item_purchase_floors":[0,0,0,0,0,0,4,10,24,24,28],"current_hp_per_floor":[32,32,37,37,37,61,61,58,58,58,58,50,50,50,50,10,80,61,56,56,44,39,63,63,59,59,47,47,44,14,9,33,16,80,68,42,18,0,0],"gold":215,"neow_bonus":"","is_daily":false,"chose_seed":false,"campfire_upgraded":2,"win_rate":0,"timestamp":1607606788,"path_taken":["M","?","?","$","?","R","R","M","T","$","M","?","?","?","R","BOSS","?","?","?","?","?","T","T","?","T","?","?","?","E","?","T","BOSS","?","?","?","?"],"build_version":"2020-11-30","purchased_purges":0,"victory":false,"max_hp_per_floor":[75,75,80,80,80,80,80,80,80,80,80,80,80,80,80,80,80,80,80,80,80,80,80,80,80,80,80,80,80,80,80,80,80,80,80,80,80,80,80],"card_choices":[{"not_picked":["RobotSpaceExplorer:Electropulse","RobotSpaceExplorer:GearShield"],"picked":"RobotSpaceExplorer:FrostMissile","floor":1.0},{"not_picked":["RobotSpaceExplorer:ExhaustFan","RobotSpaceExplorer:Calculate"],"picked":"RobotSpaceExplorer:ShovelStrike","floor":8.0},{"not_picked":["RobotSpaceExplorer:ScrapMissile","RobotSpaceExplorer:Arsenal"],"picked":"RobotSpaceExplorer:Discharger","floor":11.0},{"not_picked":["RobotSpaceExplorer:Counterblock","RobotSpaceExplorer:FranticSearch"],"picked":"RobotSpaceExplorer:ShovelStrike","floor":12.0},{"not_picked":["RobotSpaceExplorer:ScrapMissile","RobotSpaceExplorer:ShockKick"],"picked":"RobotSpaceExplorer:StunGrenade","floor":14.0},{"not_picked":["RobotSpaceExplorer:Multitool","RobotSpaceExplorer:Accelerator"],"picked":"RobotSpaceExplorer:Autoloader","floor":16.0},{"not_picked":["RobotSpaceExplorer:Pulsar","RobotSpaceExplorer:ScrapShield"],"picked":"RobotSpaceExplorer:FrostMissile","floor":18.0},{"not_picked":["RobotSpaceExplorer:ImprovisedAttack","RobotSpaceExplorer:ScrapShield"],"picked":"RobotSpaceExplorer:StunGrenade+1","floor":19.0},{"not_picked":["RobotSpaceExplorer:SlimeMissile+1","RobotSpaceExplorer:FranticSearch"],"picked":"RobotSpaceExplorer:SurgingShield","floor":21.0},{"not_picked":["RobotSpaceExplorer:SwiftStep","RobotSpaceExplorer:Probe"],"picked":"RobotSpaceExplorer:GearShield+1","floor":22.0},{"not_picked":["RobotSpaceExplorer:BigMissile+1","RobotSpaceExplorer:Probe"],"picked":"RobotSpaceExplorer:Fix+1","floor":25.0},{"not_picked":["RobotSpaceExplorer:SelfCleaning+1","RobotSpaceExplorer:PowerCollector"],"picked":"RobotSpaceExplorer:GlueShot","floor":27.0},{"not_picked":["RobotSpaceExplorer:ShovelStrike","RobotSpaceExplorer:JunkDive"],"picked":"RobotSpaceExplorer:DualCore+1","floor":29.0},{"not_picked":["RobotSpaceExplorer:ImprovisedAttack+1","RobotSpaceExplorer:Electroshield"],"picked":"RobotSpaceExplorer:BigMissile","floor":30.0},{"not_picked":["RobotSpaceExplorer:Blaster","RobotSpaceExplorer:Counterblock"],"picked":"RobotSpaceExplorer:Discharger","floor":31},{"not_picked":["RobotSpaceExplorer:Wormhole","RobotSpaceExplorer:HighVoltage"],"picked":"RobotSpaceExplorer:Explosion","floor":33},{"not_picked":["RobotSpaceExplorer:SurgingShield","RobotSpaceExplorer:DoubleFind+1"],"picked":"RobotSpaceExplorer:MiniBoosters+1","floor":35},{"not_picked":["RobotSpaceExplorer:MetalStrike","RobotSpaceExplorer:Probe+1"],"picked":"RobotSpaceExplorer:SurgingStrike","floor":36},{"not_picked":["RobotSpaceExplorer:SlimeMissile+1","RobotSpaceExplorer:ShovelStrike"],"picked":"RobotSpaceExplorer:DroneSwarm","floor":37}],"player_experience":447837,"relics_obtained":[{"floor":9.0,"key":"Replay:WaspNest"},{"floor":26.0,"key":"Pantograph"},{"floor":30.0,"key":"hubris:AstralHammer"}],"event_choices":[{"damage_healed":0.0,"max_hp_gain":5.0,"max_hp_loss":0.0,"gold_gain":0.0,"event_name":"Big Fish","player_choice":"Donut","floor":3.0,"gold_loss":0.0,"damage_taken":0.0},{"damage_healed":0.0,"max_hp_gain":0.0,"max_hp_loss":0.0,"gold_gain":0.0,"event_name":"Match and Keep!","player_choice":"2 cards matched","floor":5.0,"gold_loss":0.0,"damage_taken":0.0,"cards_obtained":["animator:Curse_Nutcracker","RobotSpaceExplorer:Probe"]},{"damage_healed":0.0,"max_hp_gain":0.0,"max_hp_loss":0.0,"gold_gain":0.0,"event_name":"Match and Keep!","player_choice":"2 cards matched","floor":5.0,"gold_loss":0.0,"damage_taken":0.0,"cards_obtained":["animator:Curse_Nutcracker","RobotSpaceExplorer:Probe"]},{"cards_removed":["animator:Curse_Nutcracker"],"damage_healed":0.0,"max_hp_gain":0.0,"max_hp_loss":0.0,"gold_gain":0.0,"event_name":"Fountain of Cleansing","player_choice":"Removed Curses","floor":13.0,"gold_loss":0.0,"damage_taken":0.0},{"damage_healed":0.0,"max_hp_gain":0.0,"max_hp_loss":0.0,"gold_gain":0.0,"event_name":"Duplicator","player_choice":"Copied","floor":20.0,"gold_loss":0.0,"damage_taken":0.0,"cards_obtained":["RobotSpaceExplorer:Autoloader"]}],"is_beta":false,"boss_relics":[{"not_picked":["hubris:VirtuousBlindfold","Coffee Dripper"],"picked":"Painkiller Herb"},{"not_picked":["Abe\u0027s Treasure","Calling Bell"],"picked":"SlaversCollar"}],"items_purged_floors":[],"is_endless":false,"potions_floor_spawned":[11,12,14,19,21,22,25,30,31,37],"killed_by":"Transient","ascension_level":0}}