{"host":"3a1sbpq1iuwiesnh","time":1607599827,"event":{"gold_per_floor":[116,130,130,130,55,84,84,95,120,145,164,164,164,184,184,184,184],"floor_reached":16,"playtime":445,"items_purged":["Defend_G"],"score":270,"play_id":"518bad2c-6086-49fa-8dad-885718b5cc7b","local_time":"20201210203027","is_ascension_mode":true,"campfire_choices":[{"data":"Cloak And Dagger","floor":7,"key":"SMITH"},{"floor":15,"key":"REST"}],"neow_cost":"NONE","seed_source_timestamp":18336137527800,"circlet_count":0,"master_deck":["AscendersBane","Strike_G","Strike_G","Strike_G","Strike_G","Defend_G","Defend_G","Defend_G","Defend_G","Survivor","Neutralize","Calculated Gamble","Cloak And Dagger+1","Choke","Calculated Gamble","Cloak And Dagger"],"special_seed":0,"relics":["Ring of the Snake","NeowsBlessing","Omamori","Kunai"],"potions_floor_usage":[10,16,16],"damage_taken":[{"damage":0.0,"enemies":"Cultist","floor":1.0,"turns":1.0},{"damage":0.0,"enemies":"Small Slimes","floor":2.0,"turns":1.0},{"damage":0,"enemies":"3 Sentries","floor":6,"turns":1},{"damage":0,"enemies":"Jaw Worm","floor":8,"turns":3},{"damage":38,"enemies":"Lagavulin","floor":10,"turns":6},{"damage":3,"enemies":"Blue Slaver","floor":11,"turns":3},{"damage":0,"enemies":"Exordium Thugs","floor":14,"turns":4},{"damage":39,"enemies":"Slime Boss","floor":16,"turns":8}],"seed_played":"8826003944321098874","potions_obtained":[{"floor":2,"key":"AttackPotion"},{"floor":8,"key":"PowerPotion"},{"floor":11,"key":"Weak Potion"}],"is_trial":false,"path_per_floor":["M","M","?","?","$","E","R","M","T","E","M","?","?","M","R","B"],"character_chosen":"THE_SILENT","items_purchased":[],"campfire_rested":1,"item_purchase_floors":[],"current_hp_per_floor":[59,59,52,57,57,57,57,57,57,19,16,16,16,16,37,0,0],"gold":184,"neow_bonus":"THREE_ENEMY_KILL","is_prod":false,"is_daily":false,"chose_seed":false,"campfire_upgraded":1,"win_rate":0,"timestamp":1607599827,"path_taken":["M","?","?","?","$","E","R","M","T","E","M","?","?","M","R","BOSS"],"build_version":"2020-11-30","purchased_purges":1,"victory":false,"max_hp_per_floor":[66,66,66,71,71,71,71,71,71,71,71,71,71,71,71,71,71],"relic_stats":{"counters":[8,27],"Kunai":[6],"obtain_stats":[{"NeowsBlessing":0,"Omamori":6,"Kunai":10,"Ring of the Snake":0},{"NeowsBlessing":0,"Omamori":3,"Kunai":5,"Ring of the Snake":0},{"NeowsBlessing":0,"Omamori":3,"Kunai":12,"Ring of the Snake":0}],"Ring of the Snake":[16]},"card_choices":[{"not_picked":["Sucker Punch","All Out Attack"],"picked":"Calculated Gamble","floor":1.0},{"not_picked":["Finisher","Quick Slash"],"picked":"Cloak And Dagger","floor":2},{"not_picked":["Finisher","Prepared"],"picked":"Choke","floor":6},{"not_picked":["Slice","Dash","Crippling Poison"],"picked":"SKIP","floor":8},{"not_picked":["Cloak And Dagger","Heel Hook"],"picked":"Calculated Gamble","floor":10},{"not_picked":["Skewer","Underhanded Strike"],"picked":"Cloak And Dagger","floor":11},{"not_picked":["Distraction","Underhanded Strike","Sucker Punch"],"picked":"SKIP","floor":14}],"player_experience":541840,"relics_obtained":[{"floor":6,"key":"Omamori"},{"floor":10,"key":"Kunai"}],"event_choices":[{"cards_removed":["Strike_G"],"damage_healed":0,"gold_gain":0,"player_choice":"Card Removal","damage_taken":7,"max_hp_gain":0,"max_hp_loss":0,"event_name":"Golden Wing","floor":3,"gold_loss":0},{"damage_healed":0,"gold_gain":0,"player_choice":"Donut","damage_taken":0,"max_hp_gain":5,"max_hp_loss":0,"event_name":"Big Fish","floor":4,"gold_loss":0},{"damage_healed":0,"gold_gain":0,"player_choice":"Fled","damage_taken":0,"max_hp_gain":0,"max_hp_loss":0,"event_name":"Scrap Ooze","floor":12,"gold_loss":0},{"damage_healed":0,"gold_gain":0,"player_choice":"Ignored","damage_taken":0,"max_hp_gain":0,"max_hp_loss":0,"event_name":"Shining Light","floor":13,"gold_loss":0}],"is_beta":false,"boss_relics":[],"items_purged_floors":[5],"is_endless":false,"potions_floor_spawned":[2,8,11],"killed_by":"Slime Boss","ascension_level":20}}