{"host":"l8n56n8abrvcftzc","time":1607558813,"event":{"gold_per_floor":[116,194,194,209,209,209,209,30,45,64,87,105,130,140,172,190,190,290,290,300,312,312,312,324,324,349,63,63,63,163,163,198,198,198,297,297,312,324,324,324,324,324,353,372,398,398,427,16,16,33,33,33,33,33,33,65,65],"floor_reached":58,"playtime":3513,"items_purged":["Strike_R","Strike_R","Strike_R","Defend_R","Strike_R","Defend_R"],"score":1638,"play_id":"bf21e3aa-3c41-4408-a136-e0a5fa7af0e6","local_time":"20201209160653","is_ascension_mode":false,"campfire_choices":[{"data":"Heavy Blade","floor":17,"key":"SMITH"},{"data":"Inflame","floor":25,"key":"SMITH"},{"data":"Inflame","floor":29,"key":"SMITH"},{"data":"Inflame","floor":31,"key":"SMITH"},{"data":"Replay:Undeath\u0027s Touch","floor":34,"key":"SMITH"},{"floor":42,"key":"REST"},{"floor":46,"key":"REST"},{"floor":49,"key":"RECALL"},{"floor":51,"key":"DIG"},{"data":"Body Slam","floor":54,"key":"SMITH"}],"neow_cost":"NONE","seed_source_timestamp":1299426412329100,"circlet_count":0,"master_deck":["Bash","Ghostly Armor+1","Inflame+1","Armaments+1","Inflame+1","Inflame+1","Warcry","Feed+1","Body Slam+1","Heavy Blade+1","Cleave","Reaper","Thunderclap+1","Replay:Undeath\u0027s Touch+1","Shrug It Off","Shrug It Off","hubris:ReadiedAction","Disarm","Replay:Undeath\u0027s Touch+1","Body Slam+1"],"relics":["Burning Blood","ReplayTheSpireMod:Lightbulb","hubris:Towel","ReplayFunnel","hubris:Reverence","War Paint","Electric Blood","Iron Hammer","aspiration:Lifesprig","Whetstone","Nunchaku","Runic Cube","hubris:EvacipatedBox","hubris:FruitBowl","aspiration:FrozenJewel","Orichalcum","Bag of Preparation","Ancient Tea Set","Replay:Multitool","hubris:SphereOfDissonance","Juzu Bracelet","Sundial","Replay:Kaleidoscope"],"potions_floor_usage":[10,43],"damage_taken":[{"damage":4,"enemies":"Jaw Worm","floor":1,"turns":5},{"damage":0,"enemies":"2 Louse","floor":4,"turns":3},{"damage":1,"enemies":"Cultist","floor":9,"turns":4},{"damage":0,"enemies":"Large Slime","floor":10,"turns":6},{"damage":23,"enemies":"Exordium Wildlife","floor":12,"turns":6},{"damage":34,"enemies":"3 Sentries","floor":13,"turns":12},{"damage":10,"enemies":"Red Slaver","floor":14,"turns":5},{"damage":21,"enemies":"Lagavulin","floor":15,"turns":7},{"damage":12,"enemies":"3 Louse","floor":16,"turns":3},{"damage":6,"enemies":"Hexaghost","floor":18,"turns":6},{"damage":20,"enemies":"3 Byrds","floor":20,"turns":5},{"damage":3,"enemies":"Shell Parasite","floor":21,"turns":4},{"damage":15,"enemies":"3 Cultists","floor":24,"turns":4},{"damage":17,"enemies":"Book of Stabbing","floor":26,"turns":3},{"damage":8,"enemies":"Slavers","floor":32,"turns":5},{"damage":29,"enemies":"Pondfish","floor":35,"turns":4},{"damage":5,"enemies":"Orb Walker","floor":37,"turns":3},{"damage":12,"enemies":"3 Shapes","floor":38,"turns":3},{"damage":19,"enemies":"R_Hoarder","floor":43,"turns":4},{"damage":5,"enemies":"Transient","floor":44,"turns":5},{"damage":6,"enemies":"Giant Head","floor":47,"turns":3},{"damage":3,"enemies":"Spire Growth","floor":50,"turns":2},{"damage":31,"enemies":"Awakened One","floor":52,"turns":4},{"damage":15,"enemies":"Shield and Spear","floor":56,"turns":3},{"damage":87,"enemies":"The Heart","floor":57,"turns":5}],"seed_played":"4456736043709052777","potions_obtained":[{"floor":1,"key":"Block Potion"},{"floor":4,"key":"Languid Potion"},{"floor":13,"key":"EntropicBrew"},{"floor":18,"key":"Weak Potion"},{"floor":37,"key":"DuplicationPotion"},{"floor":43,"key":"Energy Potion"}],"is_trial":false,"path_per_floor":["M","?","?","M","PTL","PTL","?","$","M","M","T","M","E","M","E","M","R","B",null,"M","M","?","T","M","R","E","$","T","R","?","R","E","?","R","B",null,"M","M","?","$","?","R","E","M","T","R","E","$","R","M","R_BF","B",null,"R","$","E","B",null],"character_chosen":"IRONCLAD","items_purchased":["Inflame","Warcry","Whetstone","Shrug It Off","hubris:EvacipatedBox","hubris:FruitBowl","aspiration:FrozenJewel","Orichalcum","hubris:SphereOfDissonance","Juzu Bracelet"],"campfire_rested":2,"item_purchase_floors":[8,8,27,27,40,40,40,40,48,48],"current_hp_per_floor":[85,85,78,84,84,84,84,84,85,88,88,74,50,50,38,35,35,35,105,103,109,109,109,111,111,100,100,100,100,100,100,113,113,113,94,122,126,124,124,27,27,66,57,73,73,112,112,112,112,130,130,108,130,130,130,130,61],"gold":65,"neow_bonus":"RANDOM_EVENT","is_prod":false,"is_daily":false,"chose_seed":false,"campfire_upgraded":6,"win_rate":0,"timestamp":1607558813,"path_taken":["M","?","?","M","PTL","PTL","?","?","M","M","T","M","E","?","E","M","R","BOSS","M","M","?","?","?","R","E","$","T","R","?","R","E","?","R","BOSS","M","M","?","?","?","R","E","M","T","R","E","$","R","M","R_BF","BOSS","R","$","E","BOSS"],"build_version":"2020-11-30","purchased_purges":6,"victory":true,"max_hp_per_floor":[85,85,85,85,85,85,85,85,85,88,88,91,95,99,102,105,105,105,105,108,111,111,111,114,114,114,114,114,114,114,114,118,118,118,122,122,126,130,130,130,130,130,130,130,130,130,130,130,130,130,130,130,130,130,130,130,130],"relic_stats":{"Nunchaku":[12],"counters":[25,114],"Sundial":[8],"Bag of Preparation":[12],"Juzu Bracelet":0,"Whetstone":["Thunderclap","Feed"],"War Paint":["Armaments","Ghostly Armor"],"Orichalcum":[48],"obtain_stats":[{"ReplayFunnel":11,"aspiration:Lifesprig":26,"hubris:SphereOfDissonance":48,"hubris:FruitBowl":40,"Bag of Preparation":43,"Replay:Multitool":47,"Juzu Bracelet":48,"Whetstone":27,"Replay:Kaleidoscope":56,"hubris:Towel":7,"War Paint":15,"Orichalcum":40,"Ancient Tea Set":45,"Burning Blood":0,"hubris:EvacipatedBox":40,"aspiration:FrozenJewel":40,"Nunchaku":32,"Sundial":51,"Iron Hammer":23,"ReplayTheSpireMod:Lightbulb":2,"Electric Blood":19,"hubris:Reverence":13,"Runic Cube":36},{"ReplayFunnel":4,"aspiration:Lifesprig":14,"hubris:SphereOfDissonance":21,"hubris:FruitBowl":18,"Bag of Preparation":19,"Replay:Multitool":21,"Juzu Bracelet":21,"Whetstone":14,"Replay:Kaleidoscope":24,"hubris:Towel":2,"War Paint":8,"Orichalcum":18,"Ancient Tea Set":20,"Burning Blood":0,"hubris:EvacipatedBox":18,"aspiration:FrozenJewel":18,"Nunchaku":15,"Sundial":22,"Iron Hammer":12,"ReplayTheSpireMod:Lightbulb":1,"Electric Blood":10,"hubris:Reverence":6,"Runic Cube":16},{"ReplayFunnel":18,"aspiration:Lifesprig":73,"hubris:SphereOfDissonance":100,"hubris:FruitBowl":88,"Bag of Preparation":92,"Replay:Multitool":100,"Juzu Bracelet":100,"Whetstone":73,"Replay:Kaleidoscope":109,"hubris:Towel":8,"War Paint":48,"Orichalcum":88,"Ancient Tea Set":97,"Burning Blood":0,"hubris:EvacipatedBox":88,"aspiration:FrozenJewel":88,"Nunchaku":78,"Sundial":102,"Iron Hammer":66,"ReplayTheSpireMod:Lightbulb":5,"Electric Blood":57,"hubris:Reverence":36,"Runic Cube":82}],"Burning Blood":127,"Runic Cube":[98]},"card_choices":[{"not_picked":["Wild Strike","Seeing Red"],"picked":"Ghostly Armor","floor":1},{"not_picked":["Body Slam","hubris:SharpeningStone"],"picked":"Inflame","floor":2},{"not_picked":["Life Link","Anger"],"picked":"Armaments","floor":4},{"not_picked":["Headbutt","Burning Pact"],"picked":"Feed","floor":9},{"not_picked":["Clothesline","ReplayTheSpireMod:Stacked","Havoc"],"picked":"SKIP","floor":10},{"not_picked":["hubris:StunningStrike","Combust","Pommel Strike"],"picked":"SKIP","floor":12},{"not_picked":["Evolve","Flex","Entrench"],"picked":"SKIP","floor":13},{"not_picked":["Headbutt","Abandon"],"picked":"Body Slam","floor":14},{"not_picked":["Run Through","Life Link"],"picked":"Heavy Blade","floor":15},{"not_picked":["Power Through","hubris:StunningStrike"],"picked":"Cleave","floor":16},{"not_picked":["Demonic Infusion","Impervious"],"picked":"Reaper","floor":18},{"not_picked":["ReplayReversal","Warcry"],"picked":"Thunderclap","floor":20},{"not_picked":["Feel No Pain","ReplayTheSpireMod:Strike From Hell","Carnage"],"picked":"SKIP","floor":21},{"not_picked":["Clash","True Grit+1"],"picked":"Seeing Red+1","floor":24},{"not_picked":["Exhume","Run Through+1","Fiend Fire"],"picked":"SKIP","floor":26},{"not_picked":["Run Through","Twin Strike+1","Iron Wave+1"],"picked":"SKIP","floor":32},{"not_picked":["Inflame","True Grit+1"],"picked":"hubris:ReadiedAction","floor":37},{"not_picked":["Metallicize","hubris:ReadiedAction"],"picked":"Disarm","floor":38},{"not_picked":["Burning Pact","Abandon","Thunderclap+1"],"picked":"SKIP","floor":43},{"not_picked":["Armaments","Carnage"],"picked":"Replay:Undeath\u0027s Touch+1","floor":44},{"not_picked":["Thunderclap","Perfected Strike+1","Pommel Strike"],"picked":"SKIP","floor":47},{"not_picked":["Sentinel","Wild Strike"],"picked":"Body Slam+1","floor":50},{"not_picked":["Power Through","Second Wind","Anger+1"],"picked":"SKIP","floor":56}],"player_experience":738324,"relics_obtained":[{"floor":2,"key":"ReplayTheSpireMod:Lightbulb"},{"floor":11,"key":"ReplayFunnel"},{"floor":13,"key":"hubris:Reverence"},{"floor":15,"key":"War Paint"},{"floor":23,"key":"Iron Hammer"},{"floor":26,"key":"aspiration:Lifesprig"},{"floor":32,"key":"Nunchaku"},{"floor":43,"key":"Bag of Preparation"},{"floor":45,"key":"Ancient Tea Set"},{"floor":47,"key":"Replay:Multitool"},{"floor":51,"key":"Sundial"},{"floor":56,"key":"Replay:Kaleidoscope"}],"event_choices":[{"damage_healed":0,"gold_gain":0,"player_choice":"Donut","damage_taken":0,"max_hp_gain":5,"max_hp_loss":0,"event_name":"Big Fish","floor":0,"gold_loss":0},{"cards_removed":["Defend_R"],"damage_healed":0,"gold_gain":0,"player_choice":"Card Removal","damage_taken":7,"max_hp_gain":0,"max_hp_loss":0,"event_name":"Golden Wing","floor":3,"gold_loss":0},{"damage_healed":0,"gold_gain":0,"cards_transformed":["Strike_R"],"player_choice":"Transformed","damage_taken":0,"max_hp_gain":0,"max_hp_loss":0,"event_name":"Transmorgrifier","floor":22,"gold_loss":0,"cards_obtained":["Replay:Undeath\u0027s Touch"]},{"damage_healed":0,"gold_gain":100,"player_choice":"Pray","damage_taken":0,"max_hp_gain":0,"max_hp_loss":0,"event_name":"Golden Shrine","floor":30,"gold_loss":0},{"cards_removed":["Defend_R"],"damage_healed":0,"gold_gain":0,"player_choice":"Purged","damage_taken":0,"max_hp_gain":0,"max_hp_loss":0,"event_name":"Purifier","floor":33,"gold_loss":0},{"damage_healed":0,"gold_gain":0,"player_choice":"Ignored","damage_taken":0,"max_hp_gain":0,"max_hp_loss":0,"event_name":"Tomb of Lord Red Mask","floor":39,"gold_loss":0},{"cards_removed":["Seeing Red"],"damage_healed":0,"gold_gain":0,"player_choice":"Removed Skill","damage_taken":0,"max_hp_gain":0,"max_hp_loss":0,"event_name":"Falling","floor":41,"gold_loss":0}],"is_beta":false,"boss_relics":[{"not_picked":["hubris:BlackHole","Ring of Chaos"],"picked":"Electric Blood"},{"not_picked":["Ooze Armor","hubris:VirtuousBlindfold"],"picked":"Runic Cube"}],"items_purged_floors":[8,27,40,40,40,40],"is_endless":false,"potions_floor_spawned":[1,4,13,18,21,24,26,35,37,43,50],"ascension_level":0}}