{"host":"rih3m63woujmecfd","time":1607597913,"event":{"gold_per_floor":[119,131,146,165,183,183,202,222,269,269,269,269,21,40,40,135,135,145,145,162,175,195,195,11,45,45,45,73,87,106,140,140,266,266,297,156,188,230,230,268,268,268,340,386,36,85,85,139,139,291,391,415,244,266,287,318,318,318,358,358,400,400,443,464,487,547,662,662,695,718,363,387,407,444,497,531,573,258,297,344,344,371,371,490,490,509,209,241,282,324,324,357,414,463,463,502,533,533,562,562,719,719,719],"floor_reached":102,"playtime":4960,"items_purged":["Hallucinations","Parasite","Exchange+1","Replay:Sluggish","Initiator+1","JA+1"],"score":2683,"play_id":"7e5dfbb4-df6c-410d-8c9f-9dea83739de0","local_time":"20201210185833","daily_mods":["Vintage","Heirloom","Time Dilation","Flight","DeadlyEvents","Elite Swarm","Lethality"],"is_ascension_mode":false,"campfire_choices":[{"data":"KidneyShot","floor":6,"key":"SMITH"},{"floor":10,"key":"REST"},{"floor":11,"key":"REST"},{"data":"FloweringNight","floor":23,"key":"SMITH"},{"floor":27,"key":"REST"},{"floor":32,"key":"REST"},{"data":"SurpressingFire","floor":41,"key":"SMITH"},{"data":"Initiator","floor":41,"key":"SMITH"},{"data":"Rearm","floor":42,"key":"SMITH"},{"data":"SilverBlades","floor":42,"key":"SMITH"},{"data":"Moonlight","floor":47,"key":"SMITH"},{"data":"Dilation","floor":47,"key":"SMITH"},{"data":"Strike_S","floor":49,"key":"SMITH"},{"data":"Exchange","floor":49,"key":"SMITH"},{"data":"Defend_S","floor":57,"key":"SMITH"},{"data":"FlawlessForm","floor":62,"key":"SMITH"},{"data":"ReplayUltimateDefense","floor":81,"key":"SMITH"},{"data":"JA","floor":81,"key":"SMITH"},{"floor":83,"key":"DIG"},{"data":"Alpha","floor":91,"key":"SMITH"},{"data":"Luminosity","floor":91,"key":"SMITH"},{"data":"Alpha+1","floor":100,"key":"PURGE"}],"neow_cost":"","seed_source_timestamp":0,"circlet_count":0,"master_deck":["Strike_S+1","Strike_S+1","Strike_S+1","Defend_S+1","Defend_S+1","Defend_S+1","Defend_S+1","KidneyShot+1","FloweringNight+1","AbeCurse","SilverBlades+1","Dilation+1","Rearm+1","SurpressingFire+1","Moonlight+1","FlawlessForm+1","Luminosity+1","ReplayUltimateDefense+1"],"relics":["SplendidAttire","Mango","Lantern","Sundial","Anchor","Gremlin Horn","BranchBurnRelic","StoneCalendar","Shuriken","PreservedInsect","MerchantsRug","Sling","Question Card","Abe\u0027s Treasure","Bronze Scales","Strawberry","Pear","Whetstone","Membership Card","Replay:Bottled Flurry","Ancient Tea Set","Singing Bowl","Pocketwatch","Replay:Bandana","Boot","Replay:Grab Bag","Cursed Key","Coffee Dripper","StoneMask","Snecko Heart","Replay:Rubber Ducky","ReplayTheSpireMod:CursedCoin","Replay:Arrowhead","Garlic","Pet Ghost","Unceasing Top","PocketWatch","Replay:WaspNest","Chameleon Ring","Blue Candle","Thread and Needle","Pen Nib","Broom","Replay:Wanted Poster","ReplayFunnel","Vajra","Guide Book","Blood Vial","Eternal Feather","BranchBurnRelic","Replay:PocketPolymizer","Mercury Hourglass","Omamori","Replay:Bronze Core","CaptainsWheel","Dream Catcher","Ice Cream","Replay:Baseball","PrismaticShard","War Paint","ReplayTheSpireMod:Lightbulb","Bird Faced Urn","ClockworkSouvenir","AntiCross","Akabeko","Tiny Chest","Du-Vu Doll","Centennial Puzzle","Iron Hammer","MealTicket","Gremlin Food","Nunchaku","Kunai","Incense Burner","Bottled Tornado","Blue Doll","Snack Pack","ReplayTheSpireMod:Shallot","Black Star"],"potions_floor_usage":[8,16,20,33,33,33],"damage_taken":[{"damage":10,"enemies":"Jaw Worm","floor":1,"turns":2},{"damage":13,"enemies":"Small Slimes","floor":2,"turns":3},{"damage":6,"enemies":"Cultist","floor":3,"turns":3},{"damage":0,"enemies":"Looter","floor":4,"turns":1},{"damage":16,"enemies":"Exordium Thugs","floor":5,"turns":3},{"damage":0,"enemies":"Blue Slaver","floor":7,"turns":2},{"damage":28,"enemies":"Gremlin Gang","floor":8,"turns":5},{"damage":0,"enemies":"Lots of Slimes","floor":14,"turns":1},{"damage":0,"enemies":"Slime Boss","floor":16,"turns":5},{"damage":9,"enemies":"Spheric Guardian","floor":18,"turns":3},{"damage":12,"enemies":"3 Byrds","floor":20,"turns":2},{"damage":4,"enemies":"Snecko","floor":21,"turns":3},{"damage":6,"enemies":"Centurion and Healer","floor":22,"turns":3},{"damage":34,"enemies":"Slavers","floor":25,"turns":3},{"damage":25,"enemies":"Gremlin Leader","floor":28,"turns":3},{"damage":37,"enemies":"Snake Plant","floor":29,"turns":3},{"damage":0,"enemies":"Sentry and Sphere","floor":30,"turns":3},{"damage":0,"enemies":"Snecko","floor":31,"turns":2},{"damage":37,"enemies":"Automaton","floor":33,"turns":7},{"damage":5,"enemies":"3 Shapes","floor":35,"turns":2},{"damage":2,"enemies":"Orb Walker","floor":37,"turns":2},{"damage":0,"enemies":"3 Darklings","floor":38,"turns":3},{"damage":0,"enemies":"R_Hoarder","floor":40,"turns":7},{"damage":0,"enemies":"Nemesis","floor":44,"turns":1},{"damage":0,"enemies":"Giant Head","floor":46,"turns":2},{"damage":0,"enemies":"R_Hoarder","floor":48,"turns":3},{"damage":1,"enemies":"Donu and Deca","floor":50,"turns":3},{"damage":0,"enemies":"Small Slimes","floor":52,"turns":1},{"damage":1,"enemies":"Jaw Worm","floor":54,"turns":1},{"damage":0,"enemies":"2 Louse","floor":55,"turns":1},{"damage":1,"enemies":"Red Slaver","floor":56,"turns":1},{"damage":1,"enemies":"Lagavulin","floor":59,"turns":1},{"damage":2,"enemies":"Replay:BlueRogue","floor":61,"turns":1},{"damage":0,"enemies":"Gremlin Nob","floor":63,"turns":1},{"damage":0,"enemies":"2 Fungi Beasts","floor":64,"turns":1},{"damage":2,"enemies":"Looter","floor":65,"turns":1},{"damage":2,"enemies":"The Guardian","floor":67,"turns":1},{"damage":0,"enemies":"Chosen","floor":69,"turns":1},{"damage":1,"enemies":"2 Thieves","floor":70,"turns":1},{"damage":0,"enemies":"Snake Plant","floor":72,"turns":1},{"damage":1,"enemies":"Snecko","floor":73,"turns":1},{"damage":0,"enemies":"Slavers","floor":74,"turns":1},{"damage":0,"enemies":"Replay:Snechameleon","floor":75,"turns":2},{"damage":1,"enemies":"Chosen and Byrds","floor":76,"turns":1},{"damage":0,"enemies":"Gremlin Leader","floor":77,"turns":1},{"damage":1,"enemies":"Book of Stabbing","floor":79,"turns":1},{"damage":1,"enemies":"Replay:Snechameleon","floor":80,"turns":1},{"damage":1,"enemies":"Centurion and Healer","floor":82,"turns":1},{"damage":2,"enemies":"Collector","floor":84,"turns":2},{"damage":0,"enemies":"Orb Walker","floor":86,"turns":1},{"damage":4,"enemies":"3 Darklings","floor":88,"turns":1},{"damage":2,"enemies":"Sphere and 2 Shapes","floor":89,"turns":2},{"damage":2,"enemies":"Maw","floor":90,"turns":2},{"damage":1,"enemies":"Writhing Mass","floor":92,"turns":1},{"damage":1,"enemies":"Transient","floor":93,"turns":4},{"damage":0,"enemies":"R_Hoarder","floor":94,"turns":2},{"damage":0,"enemies":"4 Shapes","floor":96,"turns":2},{"damage":0,"enemies":"Jaw Worm Horde","floor":97,"turns":1},{"damage":1,"enemies":"Writhing Mass","floor":99,"turns":1},{"damage":1,"enemies":"Donu and Deca","floor":101,"turns":3}],"seed_played":"-7962527998365197968","potions_obtained":[{"floor":1,"key":"Doom Potion"},{"floor":4,"key":"EssenceOfSteel"},{"floor":8,"key":"AttackPotion"},{"floor":15,"key":"Reflective Coating"},{"floor":15,"key":"DuplicationPotion"},{"floor":20,"key":"Death Potion"},{"floor":21,"key":"ColorlessPotion"},{"floor":30,"key":"ColorlessPotion"},{"floor":37,"key":"Swift Potion"},{"floor":46,"key":"Block Potion"},{"floor":50,"key":"Regen Potion"},{"floor":54,"key":"Dexterity Potion"},{"floor":55,"key":"EssenceOfSteel"},{"floor":59,"key":"SkillPotion"},{"floor":72,"key":"SpeedPotion"},{"floor":73,"key":"Weak Potion"},{"floor":76,"key":"Explosive Potion"},{"floor":77,"key":"Milkshake"},{"floor":82,"key":"FearPotion"},{"floor":84,"key":"Dexterity Potion"},{"floor":86,"key":"Explosive Potion"},{"floor":88,"key":"Adrenaline Potion"}],"is_trial":true,"path_per_floor":["M","M","M","M","M","R","M","M","T","R","R","?","$","M","R","B",null,"M","?","M","M","M","R","$","E","T","R","E","M","M","M","R","B",null,"M","$","M","M","?","E","R","R","T","E","$","E","R","E","R","B",null,"M","$","M","M","M","R","?","E","T","E","R","E","M","M","R","B",null,"M","M","$","M","M","E","E","M","E","$","E","E","R","M","R","B",null,"M","$","M","M","M","R","M","M","E","R","M","M","R","M","R","B",null],"character_chosen":"THE_SERVANT","items_purchased":["MerchantsRug","Sling","SilverBlades","Membership Card","ReplayTheSpireMod:CursedCoin","Replay:Arrowhead","Garlic","Rearm","SurpressingFire","Blue Candle","Thread and Needle","Moonlight","Vajra","Guide Book","Ice Cream","Replay:Baseball","PrismaticShard","Luminosity","ClockworkSouvenir","AntiCross","Akabeko","Iron Hammer","MealTicket"],"campfire_rested":4,"item_purchase_floors":[13,13,24,24,36,36,36,36,36,45,45,45,53,53,71,71,71,71,78,78,78,87,87],"current_hp_per_floor":[69,56,50,50,34,34,39,11,11,34,57,57,57,57,57,71,79,70,55,50,56,50,50,50,25,25,55,39,2,2,2,32,12,103,103,103,104,107,107,111,111,111,111,114,111,114,114,117,117,121,121,123,123,124,126,127,127,127,130,130,131,131,134,136,137,137,140,140,141,143,143,144,145,148,151,153,156,156,157,160,160,162,162,163,163,164,164,165,168,169,169,170,171,174,174,178,181,181,182,182,186,186,186],"gold":719,"neow_bonus":"","is_prod":false,"is_daily":false,"chose_seed":false,"campfire_upgraded":16,"win_rate":0.0,"timestamp":1607597913,"path_taken":["M","M","M","M","M","R","M","M","T","R","R","?","$","M","R","BOSS","M","?","M","M","M","R","$","E","T","R","E","M","?","M","R","BOSS","M","$","M","M","?","E","R","R","T","E","$","E","R","E","R","BOSS","M","$","M","M","M","R","?","E","T","E","R","E","M","M","R","BOSS","M","?","$","M","M","E","E","M","E","$","E","E","R","M","R","BOSS","M","$","M","M","M","R","M","M","E","R","M","M","R","M","R","BOSS"],"build_version":"2020-11-30","purchased_purges":6,"victory":false,"max_hp_per_floor":[79,79,79,79,79,79,79,79,79,79,79,79,79,79,79,79,79,79,84,91,101,101,101,101,101,101,101,101,101,101,101,101,103,103,106,106,107,108,108,111,111,111,111,114,111,114,114,117,117,121,121,123,123,124,126,127,127,127,130,130,131,131,134,136,137,137,140,140,141,143,143,144,145,148,151,153,156,156,157,160,160,162,162,163,163,164,164,165,168,169,169,170,171,174,174,178,181,181,182,182,186,186,186],"card_choices":[{"not_picked":["Embodiment","KillingDoll","Deny"],"picked":"FloweringNight","floor":16},{"not_picked":["Duplication","Sunlight","Embodiment"],"picked":"Dilation","floor":25},{"not_picked":["Sunlight","KillingDoll","LightFlow"],"picked":"Initiator","floor":28},{"not_picked":["FloweringNight","SoulSculpture","Sunlight","KillingDoll"],"picked":"Singing Bowl","floor":33},{"not_picked":["Sunlight","TheWorld","ForgedInTime","Initiator"],"picked":"Singing Bowl","floor":40},{"not_picked":["PendulumOfEternity","ForgedInTime","Embodiment","MurderousAura"],"picked":"Singing Bowl","floor":44},{"not_picked":["Initiator","PendulumOfEternity","Embodiment","LightFlow"],"picked":"Singing Bowl","floor":46},{"not_picked":["Initiator","PendulumOfEternity","ForgedInTime","Solidify"],"picked":"Singing Bowl","floor":48},{"not_picked":["Solidify","Deny","Initiator","Embodiment"],"picked":"Singing Bowl","floor":50},{"not_picked":["Dilation","Sunlight","TheWorld","SoulSculpture"],"picked":"Singing Bowl","floor":59},{"not_picked":["TheWorld","PendulumOfEternity","Deny"],"picked":"FlawlessForm","floor":61},{"not_picked":["FlawlessForm","Deny","MurderousAura","PendulumOfEternity"],"picked":"Singing Bowl","floor":63},{"not_picked":["Dilation","Embodiment","Deny","ForgedInTime"],"picked":"Singing Bowl","floor":67},{"not_picked":["EscapeVelocity","Judgement","Double Tap"],"picked":"JA","floor":74},{"not_picked":["Die Die Die","AbsoluteMagnitude","Fission","BloodyHallows"],"picked":"Singing Bowl","floor":75},{"not_picked":["Violence","FinalSpark","ReplayTheSpireMod:Brewmster","Dilation"],"picked":"Singing Bowl","floor":77},{"not_picked":["FlawlessForm","Night Terror","The Bomb"],"picked":"ReplayUltimateDefense","floor":79},{"not_picked":["hierophant:LocustPlague","Magnetism","Doppelganger","Buffer"],"picked":"Singing Bowl","floor":80},{"not_picked":["Storm of Steel","PendulumOfEternity","Feed"],"picked":"Alpha","floor":84},{"not_picked":["Duplication","hierophant:DivineIntervention","Metamorphosis","Poisoned Strike"],"picked":"Singing Bowl","floor":94},{"not_picked":["Core Surge","Buffer","CasketOfStar","Tools of the Trade"],"picked":"Singing Bowl","floor":101}],"player_experience":109689,"relics_obtained":[{"floor":1,"key":"Dead Branch"},{"floor":2,"key":"Lantern"},{"floor":3,"key":"Sundial"},{"floor":4,"key":"Anchor"},{"floor":5,"key":"Gremlin Horn"},{"floor":7,"key":"StoneCalendar"},{"floor":8,"key":"Shuriken"},{"floor":9,"key":"PreservedInsect"},{"floor":14,"key":"Question Card"},{"floor":18,"key":"Bronze Scales"},{"floor":20,"key":"Strawberry"},{"floor":21,"key":"Pear"},{"floor":22,"key":"Whetstone"},{"floor":25,"key":"Replay:Bottled Flurry"},{"floor":26,"key":"Ancient Tea Set"},{"floor":28,"key":"Singing Bowl"},{"floor":29,"key":"Pocketwatch"},{"floor":30,"key":"Replay:Bandana"},{"floor":31,"key":"Boot"},{"floor":35,"key":"Replay:Rubber Ducky"},{"floor":37,"key":"Pet Ghost"},{"floor":38,"key":"Unceasing Top"},{"floor":40,"key":"PocketWatch"},{"floor":43,"key":"Replay:WaspNest"},{"floor":44,"key":"Chameleon Ring"},{"floor":46,"key":"Pen Nib"},{"floor":48,"key":"Broom"},{"floor":52,"key":"ReplayFunnel"},{"floor":54,"key":"Blood Vial"},{"floor":55,"key":"Eternal Feather"},{"floor":56,"key":"Dead Branch"},{"floor":60,"key":"Replay:PocketPolymizer"},{"floor":64,"key":"Mercury Hourglass"},{"floor":65,"key":"Omamori"},{"floor":69,"key":"CaptainsWheel"},{"floor":70,"key":"Dream Catcher"},{"floor":72,"key":"War Paint"},{"floor":73,"key":"ReplayTheSpireMod:Lightbulb"},{"floor":76,"key":"Bird Faced Urn"},{"floor":82,"key":"Tiny Chest"},{"floor":83,"key":"Du-Vu Doll"},{"floor":86,"key":"Centennial Puzzle"},{"floor":88,"key":"Gremlin Food"},{"floor":89,"key":"Nunchaku"},{"floor":90,"key":"Kunai"},{"floor":92,"key":"Incense Burner"},{"floor":93,"key":"Bottled Tornado"},{"floor":96,"key":"Blue Doll"},{"floor":97,"key":"Snack Pack"},{"floor":99,"key":"ReplayTheSpireMod:Shallot"}],"event_choices":[{"damage_healed":0,"gold_gain":0,"player_choice":"Shed Blood","damage_taken":20,"max_hp_gain":5,"max_hp_loss":0,"event_name":"Forgotten Altar","floor":19,"gold_loss":0},{"cards_removed":["Strike_S"],"damage_healed":0,"gold_gain":0,"player_choice":"Removed Attack","damage_taken":0,"max_hp_gain":0,"max_hp_loss":0,"event_name":"Falling","floor":39,"gold_loss":0},{"damage_healed":0,"gold_gain":0,"player_choice":"0 cards matched","damage_taken":0,"max_hp_gain":0,"max_hp_loss":0,"event_name":"Match and Keep!","floor":58,"gold_loss":0,"cards_obtained":[]}],"is_beta":false,"boss_relics":[{"not_picked":["Honey Jar","Astrolabe"],"picked":"Abe\u0027s Treasure"},{"not_picked":["Fusion Hammer","ReplayTheSpireMod:Onyx Gauntlets"],"picked":"Replay:Grab Bag"},{"not_picked":["ChewingGum","Runic Dome"],"picked":"Cursed Key"},{"not_picked":["Velvet Choker","Sozu"],"picked":"Coffee Dripper"},{"not_picked":["Empty Cage","SacredBark"],"picked":"StoneMask"},{"not_picked":["Calling Bell","Kintsugi"],"picked":"Snecko Heart"},{"not_picked":["MysterySword","Snecko Eye"],"picked":"Replay:Wanted Poster"},{"not_picked":["Replay:Ancient Bell","Calling Bell"],"picked":"Replay:Bronze Core"},{"not_picked":["Fusion Hammer","Philosopher\u0027s Stone"],"picked":"SplendidAttire"},{"not_picked":["Runic Dome","Snecko Eye"],"picked":"Black Star"}],"items_purged_floors":[36,45,53,71,78,87],"is_endless":true,"potions_floor_spawned":[1,4,8,20,21,30,33,37,46,50,54,55,59,63,67,72,73,76,77,82,84,86,88,90,92,94,101],"ascension_level":0}}