{"host":"xcuflocadasoaqda","time":1607572169,"event":{"gold_per_floor":[112,132,132,157,82,82,115,115,186,229,279,279,299,314,314,412,412,455,494,494,151,151,208,208,233,233,266,304,319,319,344,344,415,415,460,460,504,504,545,545,603,658,658,505,562,562,562,603,603,603,603,603,603,226,319,319,319],"floor_reached":56,"playtime":8632,"items_purged":["Defend_P","Strike_P","Strike_P","Strike_P"],"score":2257,"play_id":"8a7bae6d-b305-4a60-b2ef-e72f4913ddf6","local_time":"20201209214929","is_ascension_mode":true,"campfire_choices":[{"data":"CutThroughFate","floor":6.0,"key":"SMITH"},{"floor":8.0,"key":"REST"},{"data":"Fasting2","floor":12.0,"key":"SMITH"},{"data":"CarveReality","floor":15.0,"key":"SMITH"},{"floor":24,"key":"REST"},{"data":"Wish","floor":30,"key":"SMITH"},{"data":"Conclude","floor":32,"key":"SMITH"},{"data":"WaveOfTheHand","floor":40,"key":"SMITH"},{"floor":46,"key":"RECALL"},{"data":"Wish","floor":49,"key":"SMITH"},{"data":"Worship","floor":53,"key":"SMITH"}],"neow_cost":"NONE","seed_source_timestamp":-8957389004242549972,"circlet_count":0,"master_deck":["AscendersBane","Defend_P","Defend_P","Eruption+1","Vigilance","CutThroughFate+1","WaveOfTheHand+1","Protect","Fasting2+1","Scrawl","CarveReality+1","Wish+1","Swivel","Worship+1","Conclude+1","CrushJoints+1","DeusExMachina","InnerPeace+1","Protect+1","TalkToTheHand+1","Wallop+1","Worship","Wish+1","WheelKick+1","FearNoEvil+1"],"special_seed":0,"relics":["Snecko Eye","Bloody Idol","Blood Vial","Pocketwatch","Velvet Choker","Membership Card","Happy Flower","Molten Egg 2","Meat on the Bone","Smiling Mask","TeardropLocket","Cursed Key","Question Card","Dead Branch","Strange Spoon","Lizard Tail","Bronze Scales","Whetstone","PrismaticShard","Pen Nib"],"potions_floor_usage":[25,42,50,55,56],"damage_taken":[{"damage":2.0,"enemies":"Jaw Worm","floor":1.0,"turns":3.0},{"damage":0.0,"enemies":"Cultist","floor":2.0,"turns":3.0},{"damage":10.0,"enemies":"2 Louse","floor":4.0,"turns":4.0},{"damage":44.0,"enemies":"3 Sentries","floor":7.0,"turns":14.0},{"damage":0.0,"enemies":"Gremlin Nob","floor":10.0,"turns":2.0},{"damage":0.0,"enemies":"Exordium Thugs","floor":13.0,"turns":3.0},{"damage":0.0,"enemies":"Blue Slaver","floor":14.0,"turns":2.0},{"damage":2.0,"enemies":"Hexaghost","floor":16.0,"turns":6.0},{"damage":17.0,"enemies":"3 Byrds","floor":18.0,"turns":4.0},{"damage":4.0,"enemies":"Chosen","floor":19.0,"turns":3.0},{"damage":22,"enemies":"Gremlin Leader","floor":23,"turns":6},{"damage":34,"enemies":"Slavers","floor":25,"turns":4},{"damage":5,"enemies":"Book of Stabbing","floor":27,"turns":3},{"damage":0,"enemies":"Sentry and Sphere","floor":28,"turns":2},{"damage":20,"enemies":"Snake Plant","floor":29,"turns":3},{"damage":10,"enemies":"Gremlin Leader","floor":31,"turns":3},{"damage":0,"enemies":"Champ","floor":33,"turns":4},{"damage":1,"enemies":"3 Shapes","floor":35,"turns":4},{"damage":3,"enemies":"3 Darklings","floor":37,"turns":2},{"damage":21,"enemies":"4 Shapes","floor":39,"turns":7},{"damage":40,"enemies":"Nemesis","floor":41,"turns":9},{"damage":8,"enemies":"2 Orb Walkers","floor":42,"turns":2},{"damage":28,"enemies":"Giant Head","floor":45,"turns":9},{"damage":8,"enemies":"Spire Growth","floor":48,"turns":4},{"damage":41,"enemies":"Time Eater","floor":50,"turns":9},{"damage":0,"enemies":"Donu and Deca","floor":51,"turns":8},{"damage":19,"enemies":"Shield and Spear","floor":55,"turns":6},{"damage":83,"enemies":"The Heart","floor":56,"turns":11}],"seed_played":"-5431776535760586838","potions_obtained":[{"floor":2.0,"key":"StancePotion"},{"floor":7.0,"key":"LiquidMemories"},{"floor":10.0,"key":"FearPotion"},{"floor":13.0,"key":"Swift Potion"},{"floor":18.0,"key":"Fire Potion"},{"floor":25,"key":"StancePotion"},{"floor":27,"key":"Ambrosia"},{"floor":33,"key":"LiquidMemories"},{"floor":42,"key":"Swift Potion"}],"is_trial":false,"path_per_floor":["M","M","?","M","$","R","E","R","T","E","?","R","M","M","R","B",null,"M","M","?","$","?","E","R","E","T","E","M","M","R","E","R","B",null,"M","?","M","?","M","R","E","?","T","$","E","R","?","M","R","B","B",null,"R","$","E","B"],"character_chosen":"WATCHER","items_purchased":["Membership Card","Happy Flower","Worship","Strange Spoon","Worship","Bronze Scales","Whetstone","FearNoEvil+1","PrismaticShard","LiquidMemories"],"campfire_rested":2,"item_purchase_floors":[21,21,21,44,44,54,54,54,54,54],"current_hp_per_floor":[59,59,59,49,49,49,5,23,23,25,25,25,27,29,29,29,54,39,37,37,37,37,27,45,18,18,32,44,43,43,40,40,47,58,62,62,62,59,48,48,32,43,43,43,39,39,39,43,43,16,30,52,52,52,50,0,0],"gold":319,"neow_bonus":"BOSS_RELIC","is_prod":false,"is_daily":false,"chose_seed":false,"campfire_upgraded":8,"win_rate":0,"timestamp":1607572169,"path_taken":["M","M","?","M","?","R","E","R","T","E","?","R","M","?","R","BOSS","M","?","?","?","?","E","R","E","T","E","M","M","R","E","R","BOSS","M","?","M","?","M","R","E","?","T","$","E","R","?","?","R","BOSS","BOSS","R","$","E","BOSS"],"build_version":"2020-11-30","purchased_purges":4,"victory":false,"max_hp_per_floor":[68,68,62,62,62,62,62,62,62,62,62,62,62,62,62,62,62,62,62,62,62,62,62,62,62,62,62,62,62,62,62,62,62,62,62,62,62,59,59,59,59,59,59,59,59,59,59,59,59,59,59,59,59,59,59,59,59],"relic_stats":{"Happy Flower":[32],"counters":[28,140],"Dead Branch":[44],"Pen Nib":[1],"Whetstone":["Eruption"],"Smiling Mask":38,"Cursed Key":0,"Question Card":4,"Blood Vial":44,"Strange Spoon":[28],"Lizard Tail":29,"Bloody Idol":111,"Bronze Scales":[210],"Snecko Eye":[284,249,246,234],"obtain_stats":[{"Happy Flower":21,"Golden Idol":3,"Dead Branch":42,"Velvet Choker":17,"Pen Nib":55,"TeardropLocket":31,"Whetstone":54,"Smiling Mask":27,"Cursed Key":34,"Question Card":41,"PrismaticShard":54,"Blood Vial":7,"Strange Spoon":44,"Lizard Tail":45,"Bloody Idol":22,"Bronze Scales":54,"Snecko Eye":0,"Molten Egg 2":25,"Membership Card":21,"PureWater":0,"Pocketwatch":10,"Meat on the Bone":26},{"Happy Flower":10,"Golden Idol":2,"Dead Branch":22,"Velvet Choker":8,"Pen Nib":27,"TeardropLocket":16,"Whetstone":26,"Smiling Mask":13,"Cursed Key":17,"Question Card":21,"PrismaticShard":26,"Blood Vial":4,"Strange Spoon":22,"Lizard Tail":23,"Bloody Idol":10,"Bronze Scales":26,"Snecko Eye":0,"Molten Egg 2":12,"Membership Card":10,"PureWater":0,"Pocketwatch":5,"Meat on the Bone":12},{"Happy Flower":44,"Golden Idol":6,"Dead Branch":93,"Velvet Choker":37,"Pen Nib":129,"TeardropLocket":65,"Whetstone":123,"Smiling Mask":57,"Cursed Key":69,"Question Card":91,"PrismaticShard":123,"Blood Vial":24,"Strange Spoon":93,"Lizard Tail":102,"Bloody Idol":44,"Bronze Scales":123,"Snecko Eye":0,"Molten Egg 2":54,"Membership Card":44,"PureWater":0,"Pocketwatch":26,"Meat on the Bone":54}],"Pocketwatch":[39],"Meat on the Bone":84},"card_choices":[{"not_picked":["EmptyBody","ClearTheMind"],"picked":"CutThroughFate","floor":1.0},{"not_picked":["ThirdEye","Evaluate"],"picked":"WaveOfTheHand","floor":2.0},{"not_picked":["Consecrate","Nirvana"],"picked":"Protect","floor":4.0},{"not_picked":["Study","WindmillStrike"],"picked":"Fasting2","floor":7.0},{"not_picked":["Consecrate","Weave"],"picked":"Scrawl","floor":10.0},{"not_picked":["Adaptation","FollowUp","ClearTheMind"],"picked":"SKIP","floor":13.0},{"not_picked":["Swivel","Indignation"],"picked":"CarveReality","floor":14.0},{"not_picked":["Blasphemy","MasterReality"],"picked":"Wish","floor":16.0},{"not_picked":["SashWhip","EmptyBody","ClearTheMind"],"picked":"SKIP","floor":18.0},{"not_picked":["Evaluate+1","MentalFortress"],"picked":"Swivel","floor":19},{"not_picked":["CutThroughFate","WaveOfTheHand"],"picked":"Conclude","floor":23},{"not_picked":["CutThroughFate+1","EmptyFist+1"],"picked":"CrushJoints+1","floor":25},{"not_picked":["Evaluate","Sanctity","ReachHeaven+1"],"picked":"SKIP","floor":27},{"not_picked":["EmptyFist+1","MentalFortress"],"picked":"DeusExMachina","floor":28},{"not_picked":["Crescendo","BowlingBash+1","Evaluate+1"],"picked":"SKIP","floor":29},{"not_picked":["FlurryOfBlows+1","Vengeance","ForeignInfluence+1"],"picked":"SKIP","floor":31},{"not_picked":["FlyingSleeves+1","BowlingBash+1"],"picked":"InnerPeace+1","floor":35},{"not_picked":["Adaptation","Prostrate","EmptyFist+1"],"picked":"SKIP","floor":37},{"not_picked":["EmptyFist+1","CrushJoints+1"],"picked":"Protect+1","floor":39},{"not_picked":["Perseverance","BattleHymn"],"picked":"TalkToTheHand+1","floor":41},{"not_picked":["BowlingBash+1","EmptyFist+1","SashWhip+1"],"picked":"Wallop+1","floor":42},{"not_picked":["Perseverance","EmptyFist+1","WaveOfTheHand"],"picked":"Wish","floor":45},{"not_picked":["PathToVictory+1","Consecrate+1","Evaluate","Judgement"],"picked":"SKIP","floor":48},{"not_picked":["Infinite Blades","Bouncing Flask+1","Streamline+1","Sentinel"],"picked":"SKIP","floor":55}],"player_experience":1675335,"relics_obtained":[{"floor":7.0,"key":"Blood Vial"},{"floor":10.0,"key":"Pocketwatch"},{"floor":25,"key":"Molten Egg 2"},{"floor":26,"key":"Meat on the Bone"},{"floor":27,"key":"Smiling Mask"},{"floor":31,"key":"TeardropLocket"},{"floor":41,"key":"Question Card"},{"floor":42,"key":"Dead Branch"},{"floor":45,"key":"Lizard Tail"},{"floor":55,"key":"Pen Nib"}],"event_choices":[{"damage_healed":0.0,"max_hp_gain":0.0,"max_hp_loss":6.0,"gold_gain":0.0,"event_name":"Golden Idol","player_choice":"Lose Max HP","floor":3.0,"gold_loss":0.0,"damage_taken":0.0,"relics_obtained":["Golden Idol"]},{"damage_healed":0.0,"max_hp_gain":0.0,"max_hp_loss":0.0,"gold_gain":50.0,"event_name":"Golden Shrine","player_choice":"Pray","floor":11.0,"gold_loss":0.0,"damage_taken":0.0},{"cards_removed":["Defend_P"],"damage_healed":0,"gold_gain":0,"player_choice":"Purged","damage_taken":0,"max_hp_gain":0,"max_hp_loss":0,"event_name":"Purifier","floor":20,"gold_loss":0},{"damage_healed":0,"gold_gain":0,"player_choice":"Gave Idol","damage_taken":0,"relics_obtained":["Bloody Idol"],"max_hp_gain":0,"max_hp_loss":0,"event_name":"Forgotten Altar","floor":22,"relics_lost":["Golden Idol"],"gold_loss":0},{"damage_healed":0,"gold_gain":0,"player_choice":"Ignored","damage_taken":0,"max_hp_gain":0,"max_hp_loss":0,"event_name":"Tomb of Lord Red Mask","floor":36,"gold_loss":0},{"damage_healed":0,"gold_gain":0,"player_choice":"Max HP","damage_taken":0,"max_hp_gain":0,"max_hp_loss":3,"event_name":"Winding Halls","floor":38,"gold_loss":0},{"damage_healed":0,"gold_gain":0,"player_choice":"Fight","damage_taken":0,"max_hp_gain":0,"max_hp_loss":0,"event_name":"Mysterious Sphere","floor":42,"gold_loss":0},{"damage_healed":0,"gold_gain":0,"cards_transformed":["Strike_P"],"player_choice":"Transformed","damage_taken":0,"max_hp_gain":0,"max_hp_loss":0,"event_name":"Transmorgrifier","floor":47,"gold_loss":0,"cards_obtained":["WheelKick"]}],"is_beta":false,"boss_relics":[{"not_picked":["SacredBark","Tiny House"],"picked":"Velvet Choker"},{"not_picked":["Runic Pyramid","Runic Dome"],"picked":"Cursed Key"}],"items_purged_floors":[5,21,44,54],"is_endless":false,"potions_floor_spawned":[2,7,10,13,18,25,27,31,33,37,42,45],"killed_by":"The Heart","ascension_level":20}}