{"host":"y89x8uui45kcjy42","time":1607580778,"event":{"gold_per_floor":[119,119,136,136,155,190,207,207,207,207,233,248,258,278,278,278,278],"floor_reached":16,"playtime":802,"items_purged":[],"score":120,"play_id":"4e2dc905-4fe4-4fe6-9c41-934c093b5354","local_time":"20201210151258","is_ascension_mode":true,"campfire_choices":[{"data":"HollowMod:DashSlash","floor":8,"key":"SMITH"},{"data":"HollowMod:GreatSlash","floor":10,"key":"SMITH"},{"data":"HollowMod:BrokenVessel","floor":15,"key":"SMITH"}],"neow_cost":"TEN_PERCENT_HP_LOSS","seed_source_timestamp":4550743906000,"circlet_count":0,"master_deck":["HollowMod:NailStrikeStart","HollowMod:NailStrikeStart","HollowMod:NailStrikeStart","HollowMod:QuickDashStart","HollowMod:QuickDashStart","HollowMod:QuickDashStart","HollowMod:FocusHealStart","HollowMod:PogoStrike","HollowMod:SoulVessel","HollowMod:DreamGate","HollowMod:BrokenVessel+1","HollowMod:DashSlash+1","Decay","HollowMod:SoulSplash","HollowMod:GreatSlash+1","HollowMod:NewJinnsSoul","HollowMod:DesolateDive","HollowMod:InfectedAttack","HollowMod:TaintedHusks"],"relics":["HollowMod:VesselMask","HollowMod:LifeEnderRelic","Mercury Hourglass","Kunai"],"potions_floor_usage":[6,7],"damage_taken":[{"damage":4,"enemies":"2 Louse","floor":1,"turns":3},{"damage":1,"enemies":"Jaw Worm","floor":3,"turns":4},{"damage":2,"enemies":"Cultist","floor":5,"turns":3},{"damage":16,"enemies":"HollowMod:MossKnight","floor":6,"turns":8},{"damage":23,"enemies":"Gremlin Gang","floor":7,"turns":5},{"damage":30,"enemies":"Lagavulin","floor":11,"turns":5},{"damage":7,"enemies":"Large Slime","floor":12,"turns":5},{"damage":0,"enemies":"3 Louse","floor":13,"turns":3},{"damage":12,"enemies":"2 Fungi Beasts","floor":14,"turns":3},{"damage":62,"enemies":"The Guardian","floor":16,"turns":7}],"seed_played":"1586741709923295951","potions_obtained":[{"floor":1,"key":"ColorlessPotion"},{"floor":5,"key":"LiquidBronze"},{"floor":7,"key":"SmokeBomb"},{"floor":12,"key":"SmokeBomb"},{"floor":13,"key":"SteroidPotion"}],"is_trial":false,"path_per_floor":["M","?","M","?","M","E","M","R","T","R","E","M","M","M","R","B"],"character_chosen":"THE_BUGKNIGHT","items_purchased":[],"campfire_rested":0,"item_purchase_floors":[],"current_hp_per_floor":[64,64,63,63,66,50,33,33,33,33,9,2,2,62,62,0,0],"gold":278,"neow_bonus":"TRANSFORM_TWO_CARDS","is_prod":false,"is_daily":false,"chose_seed":false,"campfire_upgraded":3,"win_rate":0,"timestamp":1607580778,"path_taken":["M","?","M","?","?","E","?","R","T","R","E","M","M","M","R","BOSS"],"build_version":"2020-11-30","purchased_purges":0,"victory":false,"max_hp_per_floor":[68,68,68,68,68,68,68,68,68,68,68,68,68,68,68,68,68],"card_choices":[{"not_picked":["HollowMod:SharpenedShadows","HollowMod:SiblingsSouls"],"picked":"HollowMod:BrokenVessel","floor":1},{"not_picked":["HollowMod:ShadowDash","HollowMod:SiblingsSouls"],"picked":"HollowMod:DashSlash","floor":3},{"not_picked":["HollowMod:SoulVessel","HollowMod:CycloneSlash"],"picked":"HollowMod:SoulSplash","floor":5},{"not_picked":["HollowMod:DreamGate","HollowMod:CrystalDash"],"picked":"HollowMod:GreatSlash","floor":6},{"not_picked":["HollowMod:ShapeofUnn","HollowMod:DashSlash","HollowMod:ShadowDash"],"picked":"SKIP","floor":7},{"not_picked":["HollowMod:PureVessel","HollowMod:FallenFury"],"picked":"HollowMod:NewJinnsSoul","floor":11},{"not_picked":["HollowMod:CornifersMapStart","HollowMod:VengefulVoid"],"picked":"HollowMod:DesolateDive","floor":12},{"not_picked":["HollowMod:CrystalDash","HollowMod:SoulStrike"],"picked":"HollowMod:InfectedAttack","floor":13},{"not_picked":["HollowMod:GoodIntentions","HollowMod:InfectionAssault"],"picked":"HollowMod:TaintedHusks","floor":14}],"player_experience":489844,"relics_obtained":[{"floor":6,"key":"HollowMod:LifeEnderRelic"},{"floor":9,"key":"Mercury Hourglass"},{"floor":11,"key":"Kunai"}],"event_choices":[{"damage_healed":0,"gold_gain":0,"player_choice":"Cursed","damage_taken":0,"max_hp_gain":0,"max_hp_loss":0,"event_name":"Wheel of Change","floor":4,"gold_loss":0,"cards_obtained":["Decay"]}],"is_beta":false,"boss_relics":[],"items_purged_floors":[],"is_endless":false,"potions_floor_spawned":[1,5,7,12,13],"killed_by":"The Guardian","ascension_level":1}}