{"host":"r6jigiblrojhp6xe","time":1607584450,"event":{"gold_per_floor":[113,113,55,70,145,170,170,183,210,210,227,282,282,326,326,412,412,412,412],"floor_reached":18,"playtime":365,"items_purged":[],"score":386,"play_id":"e6ea36d3-5667-4a6d-8141-035f79a2f2f0","local_time":"20201210161410","is_ascension_mode":true,"campfire_choices":[{"data":"Carnage","floor":10.0,"key":"SMITH"},{"data":"Bash","floor":13.0,"key":"SMITH"},{"data":"Uppercut","floor":15.0,"key":"SMITH"}],"neow_cost":"NONE","seed_source_timestamp":406103173752500,"circlet_count":0,"master_deck":["AscendersBane","Strike_R","Strike_R","Strike_R","Strike_R","Defend_R","Defend_R","Defend_R","Defend_R","Bash+1","Carnage+1","Shrug It Off","Fiend Fire","Battle Trance","Uppercut+1","Reaper"],"special_seed":0,"relics":["Black Blood","NeowsBlessing","Vajra","FaceOfCleric","CeramicFish","MealTicket","Omamori"],"potions_floor_usage":[18],"damage_taken":[{"damage":0.0,"enemies":"Small Slimes","floor":1.0,"turns":1.0},{"damage":0.0,"enemies":"Cultist","floor":4.0,"turns":1.0},{"damage":0.0,"enemies":"Gremlin Nob","floor":6.0,"turns":1.0},{"damage":0.0,"enemies":"2 Louse","floor":8.0,"turns":3.0},{"damage":30.0,"enemies":"Gremlin Gang","floor":11.0,"turns":5.0},{"damage":24.0,"enemies":"3 Sentries","floor":14.0,"turns":6.0},{"damage":35.0,"enemies":"Slime Boss","floor":16.0,"turns":11.0},{"damage":54,"enemies":"3 Byrds","floor":18,"turns":5}],"seed_played":"-7542102715595633374","potions_obtained":[{"floor":6.0,"key":"SteroidPotion"},{"floor":8.0,"key":"Block Potion"}],"is_trial":false,"path_per_floor":["M","?","$","M","?","E","?","M","T","R","M","T","R","E","R","B",null,"M"],"character_chosen":"IRONCLAD","items_purchased":["Shrug It Off"],"campfire_rested":0,"item_purchase_floors":[3],"current_hp_per_floor":[74,74,74,75,64,70,70,76,76,76,53,53,53,36,36,8,61,13,13],"gold":412,"neow_bonus":"THREE_ENEMY_KILL","is_prod":false,"is_daily":false,"chose_seed":false,"campfire_upgraded":3,"win_rate":0,"timestamp":1607584450,"path_taken":["M","?","?","M","?","E","?","?","T","R","M","?","R","E","R","BOSS","M"],"build_version":"2020-11-30","purchased_purges":0,"victory":false,"max_hp_per_floor":[75,75,75,75,75,75,75,76,76,76,77,77,77,78,78,79,79,79,79],"relic_stats":{"FaceOfCleric":4,"counters":[8,33],"CeramicFish":18,"Black Blood":36,"MealTicket":0,"obtain_stats":[{"NeowsBlessing":0,"FaceOfCleric":7,"CeramicFish":9,"Vajra":6,"Black Blood":17,"MealTicket":12,"Omamori":14,"Burning Blood":0},{"NeowsBlessing":0,"FaceOfCleric":3,"CeramicFish":4,"Vajra":3,"Black Blood":7,"MealTicket":5,"Omamori":6,"Burning Blood":0},{"NeowsBlessing":0,"FaceOfCleric":3,"CeramicFish":6,"Vajra":3,"Black Blood":28,"MealTicket":11,"Omamori":17,"Burning Blood":0}]},"card_choices":[{"not_picked":["Flex","Shrug It Off"],"picked":"Carnage","floor":1.0},{"not_picked":["Dropkick","Thunderclap","Headbutt"],"picked":"SKIP","floor":4.0},{"not_picked":["Headbutt","Perfected Strike"],"picked":"Fiend Fire","floor":6.0},{"not_picked":["Warcry","Carnage"],"picked":"Battle Trance","floor":8.0},{"not_picked":["Burning Pact","Cleave","Anger"],"picked":"SKIP","floor":11.0},{"not_picked":["Heavy Blade","Iron Wave"],"picked":"Uppercut","floor":14.0},{"not_picked":["Barricade","Corruption"],"picked":"Reaper","floor":16.0}],"player_experience":492881,"relics_obtained":[{"floor":6.0,"key":"Vajra"},{"floor":9.0,"key":"CeramicFish"},{"floor":12.0,"key":"MealTicket"},{"floor":14.0,"key":"Omamori"}],"event_choices":[{"cards_removed":["Strike_R"],"damage_healed":0.0,"max_hp_gain":0.0,"max_hp_loss":0.0,"gold_gain":0.0,"event_name":"Purifier","player_choice":"Purged","floor":2.0,"gold_loss":0.0,"damage_taken":0.0},{"damage_healed":0.0,"max_hp_gain":0.0,"max_hp_loss":0.0,"gold_gain":75.0,"event_name":"World of Goop","player_choice":"Gather Gold","floor":5.0,"gold_loss":0.0,"damage_taken":11.0},{"damage_healed":0.0,"max_hp_gain":0.0,"max_hp_loss":0.0,"gold_gain":0.0,"event_name":"FaceTrader","player_choice":"Trade","floor":7.0,"gold_loss":0.0,"damage_taken":0.0,"relics_obtained":["FaceOfCleric"]}],"is_beta":false,"boss_relics":[{"not_picked":["Tiny House","Busted Crown"],"picked":"Black Blood"}],"items_purged_floors":[],"is_endless":false,"potions_floor_spawned":[6,8,14],"killed_by":"3 Byrds","ascension_level":20}}