{"host":"x1qj4d8ympd5jdqh","time":1607608447,"event":{"gold_per_floor":[109,109,126,146,71,97,22,81,81,94,35,35,52,79,79,153,153,163,163,88,105,118,158,167,208,208,217,245,10,34,44,53,126,126,154,166,175,175,225,225,259,259,259,290,290,290,308,342,342,342,362],"floor_reached":52,"playtime":1758,"items_purged":["Pain","Strike_R"],"score":2037,"play_id":"742112af-ed9a-4354-8470-c0eb2826158e","local_time":"20201210225407","is_ascension_mode":true,"campfire_choices":[{"floor":12.0,"key":"REST"},{"floor":15.0,"key":"REST"},{"floor":24.0,"key":"REST"},{"floor":27.0,"key":"REST"},{"floor":32.0,"key":"REST"},{"data":"Evolve","floor":40.0,"key":"SMITH"},{"data":"Dark Embrace","floor":42.0,"key":"SMITH"},{"floor":49,"key":"REST"}],"neow_cost":"NONE","seed_source_timestamp":10714802629800,"circlet_count":0,"master_deck":["AscendersBane","Strike_R","Strike_R","Defend_R","Defend_R","Defend_R","Defend_R","Bash","Body Slam","Sword Boomerang","Corruption","Wild Strike","Shrug It Off+1","Power Through+1","Flame Barrier+1","Immolate","Bludgeon","Necronomicurse","Second Wind+1","Evolve+1","Dark Embrace+1","Fire Breathing","Entrench+1","Feel No Pain","Burning Pact+1","Warcry+1","Power Through+1","Body Slam+1","Magnetism","Seeing Red+1"],"special_seed":0,"relics":["Burning Blood","NeowsBlessing","WarpedTongs","Gambling Chip","Singing Bowl","Toxic Egg 2","Dream Catcher","Philosopher\u0027s Stone","Necronomicon","CeramicFish","Ancient Tea Set","Blue Candle","Charon\u0027s Ashes","Busted Crown","Ice Cream","Art of War","Meat on the Bone","Potion Belt"],"potions_floor_usage":[50,51,51],"damage_taken":[{"damage":0.0,"enemies":"Jaw Worm","floor":1.0,"turns":1.0},{"damage":1.0,"enemies":"Cultist","floor":3.0,"turns":1.0},{"damage":0.0,"enemies":"2 Louse","floor":4.0,"turns":1.0},{"damage":44.0,"enemies":"3 Sentries","floor":6.0,"turns":10.0},{"damage":32.0,"enemies":"Gremlin Nob","floor":8.0,"turns":4.0},{"damage":9.0,"enemies":"Large Slime","floor":10.0,"turns":4.0},{"damage":0.0,"enemies":"3 Louse","floor":13.0,"turns":5.0},{"damage":32.0,"enemies":"Gremlin Nob","floor":14.0,"turns":4.0},{"damage":25.0,"enemies":"The Guardian","floor":16.0,"turns":9.0},{"damage":9.0,"enemies":"Chosen","floor":18.0,"turns":4.0},{"damage":16.0,"enemies":"Shell Parasite","floor":21.0,"turns":3.0},{"damage":0.0,"enemies":"Snake Plant","floor":22.0,"turns":2.0},{"damage":10.0,"enemies":"Slavers","floor":23.0,"turns":5.0},{"damage":47.0,"enemies":"Gremlin Leader","floor":25.0,"turns":6.0},{"damage":40.0,"enemies":"Book of Stabbing","floor":28.0,"turns":4.0},{"damage":0.0,"enemies":"3 Cultists","floor":30.0,"turns":2.0},{"damage":9.0,"enemies":"Centurion and Healer","floor":31.0,"turns":5.0},{"damage":20.0,"enemies":"Automaton","floor":33.0,"turns":6.0},{"damage":0.0,"enemies":"3 Shapes","floor":35.0,"turns":3.0},{"damage":11.0,"enemies":"3 Darklings","floor":36.0,"turns":3.0},{"damage":13.0,"enemies":"2 Orb Walkers","floor":39.0,"turns":3.0},{"damage":19.0,"enemies":"Nemesis","floor":41.0,"turns":5.0},{"damage":14,"enemies":"Reptomancer","floor":44,"turns":5},{"damage":28,"enemies":"Transient","floor":47,"turns":6},{"damage":30,"enemies":"Nemesis","floor":48,"turns":5},{"damage":34,"enemies":"Time Eater","floor":50,"turns":5},{"damage":30,"enemies":"Donu and Deca","floor":51,"turns":4}],"seed_played":"1679653386084792583","potions_obtained":[{"floor":1.0,"key":"LiquidBronze"},{"floor":10.0,"key":"ColorlessPotion"},{"floor":13.0,"key":"CultistPotion"},{"floor":14.0,"key":"Fire Potion"},{"floor":21.0,"key":"EssenceOfSteel"},{"floor":23.0,"key":"BlessingOfTheForge"},{"floor":28.0,"key":"DistilledChaos"},{"floor":30.0,"key":"ColorlessPotion"},{"floor":41.0,"key":"LiquidBronze"},{"floor":47,"key":"Strength Potion"},{"floor":48,"key":"Energy Potion"}],"is_trial":false,"path_per_floor":["M","?","M","M","$","E","?","?","T","M","$","R","M","E","R","B",null,"M","?","?","M","M","E","R","E","T","R","E","$","M","M","R","B",null,"M","M","?","?","?","R","E","R","T","E","?","?","M","E","R","B","B",null],"character_chosen":"IRONCLAD","items_purchased":["Shrug It Off+1","Feel No Pain","Burning Pact+1"],"campfire_rested":6,"item_purchase_floors":[11,29,29],"current_hp_per_floor":[74,74,75,75,75,37,37,11,11,10,10,33,39,13,36,17,62,61,40,40,32,38,34,58,17,17,41,9,9,15,14,39,27,72,78,75,69,69,64,64,53,53,53,47,47,47,39,27,57,41,29],"gold":362,"neow_bonus":"THREE_ENEMY_KILL","is_prod":false,"is_daily":false,"chose_seed":false,"campfire_upgraded":2,"win_rate":0,"timestamp":1607608447,"path_taken":["M","?","M","?","?","E","?","?","T","M","$","R","M","E","R","BOSS","M","?","?","M","M","E","R","E","T","R","E","$","M","?","R","BOSS","M","M","?","?","?","R","E","R","T","E","?","?","M","E","R","BOSS","BOSS"],"build_version":"2020-11-30","purchased_purges":2,"victory":true,"max_hp_per_floor":[75,75,75,75,75,75,75,75,75,77,77,77,77,77,77,77,77,79,79,79,81,81,81,81,81,81,81,83,83,83,85,85,87,87,87,89,93,93,95,95,97,97,97,99,99,94,96,96,98,98,98],"card_choices":[{"not_picked":["Carnage","Armaments"],"picked":"Body Slam","floor":1.0},{"not_picked":["Intimidate","Second Wind"],"picked":"Sword Boomerang","floor":3.0},{"not_picked":["Flex","True Grit"],"picked":"Headbutt","floor":4.0},{"not_picked":["Perfected Strike","Seeing Red"],"picked":"Corruption","floor":6.0},{"not_picked":["Burning Pact","Dark Embrace"],"picked":"Wild Strike","floor":8.0},{"not_picked":["Twin Strike","Pommel Strike","Anger"],"picked":"Singing Bowl","floor":10.0},{"not_picked":["Body Slam","Pummel"],"picked":"Power Through+1","floor":13.0},{"not_picked":["Headbutt","Wild Strike"],"picked":"Flame Barrier+1","floor":14.0},{"not_picked":["Clash","Warcry+1"],"picked":"Immolate","floor":15.0},{"not_picked":["Reaper","Fiend Fire"],"picked":"Bludgeon","floor":16.0},{"not_picked":["Flex+1","Wild Strike","Anger"],"picked":"Singing Bowl","floor":18.0},{"not_picked":["Sword Boomerang","Iron Wave+1","Havoc+1"],"picked":"Singing Bowl","floor":21.0},{"not_picked":["Whirlwind","Armaments+1"],"picked":"Second Wind+1","floor":22.0},{"not_picked":["Pummel","Shrug It Off+1"],"picked":"Evolve","floor":23.0},{"not_picked":["Flex+1","Wild Strike"],"picked":"Dark Embrace","floor":24.0},{"not_picked":["Pommel Strike","Rupture"],"picked":"Fire Breathing","floor":25.0},{"not_picked":["Body Slam","Carnage"],"picked":"Entrench+1","floor":27.0},{"not_picked":["Pommel Strike","Intimidate+1","Whirlwind"],"picked":"Singing Bowl","floor":28.0},{"not_picked":["Pommel Strike","Rampage"],"picked":"Warcry+1","floor":30.0},{"not_picked":["Searing Blow","Perfected Strike+1","Entrench+1"],"picked":"Singing Bowl","floor":31.0},{"not_picked":["Cleave","Anger"],"picked":"Power Through+1","floor":32.0},{"not_picked":["Limit Break+1","Berserk","Corruption"],"picked":"Singing Bowl","floor":33.0},{"not_picked":[],"picked":"Body Slam+1","floor":35.0},{"not_picked":["Evolve"],"picked":"Singing Bowl","floor":36.0},{"not_picked":[],"picked":"Magnetism","floor":37.0},{"not_picked":["Panache"],"picked":"Singing Bowl","floor":37.0},{"not_picked":["Good Instincts+1"],"picked":"Singing Bowl","floor":37.0},{"not_picked":["Clothesline"],"picked":"Singing Bowl","floor":39.0},{"not_picked":["Carnage"],"picked":"Singing Bowl","floor":41.0},{"not_picked":["Perfected Strike"],"picked":"Singing Bowl","floor":44},{"not_picked":["Wild Strike"],"picked":"Singing Bowl","floor":47},{"not_picked":[],"picked":"Seeing Red+1","floor":48},{"not_picked":["Pommel Strike+1"],"picked":"Singing Bowl","floor":49}],"player_experience":1302425,"relics_obtained":[{"floor":6.0,"key":"Gambling Chip"},{"floor":8.0,"key":"Singing Bowl"},{"floor":9.0,"key":"Toxic Egg 2"},{"floor":14.0,"key":"Dream Catcher"},{"floor":19.0,"key":"Necronomicon"},{"floor":23.0,"key":"CeramicFish"},{"floor":25.0,"key":"Ancient Tea Set"},{"floor":26.0,"key":"Blue Candle"},{"floor":28.0,"key":"Charon\u0027s Ashes"},{"floor":39.0,"key":"Ice Cream"},{"floor":41.0,"key":"Art of War"},{"floor":44,"key":"Meat on the Bone"},{"floor":48,"key":"Potion Belt"}],"event_choices":[{"damage_healed":0.0,"max_hp_gain":0.0,"max_hp_loss":0.0,"gold_gain":0.0,"event_name":"Accursed Blacksmith","player_choice":"Rummage","floor":2.0,"gold_loss":0.0,"damage_taken":0.0,"relics_obtained":["WarpedTongs"],"cards_obtained":["Pain"]},{"cards_removed":["Strike_R"],"damage_healed":0.0,"max_hp_gain":0.0,"max_hp_loss":0.0,"gold_gain":0.0,"event_name":"The Cleric","player_choice":"Card Removal","floor":7.0,"gold_loss":75.0,"damage_taken":0.0},{"damage_healed":0.0,"max_hp_gain":0.0,"max_hp_loss":0.0,"gold_gain":0.0,"event_name":"Dead Adventurer","player_choice":"Searched \u00271\u0027 times","floor":8.0,"gold_loss":0.0,"damage_taken":0.0},{"damage_healed":0.0,"max_hp_gain":0.0,"max_hp_loss":0.0,"gold_gain":0.0,"event_name":"Cursed Tome","player_choice":"Obtained Book","floor":19.0,"gold_loss":0.0,"damage_taken":21.0},{"cards_removed":["Strike_R"],"damage_healed":0.0,"max_hp_gain":0.0,"max_hp_loss":0.0,"gold_gain":0.0,"event_name":"Beggar","player_choice":"Gave Gold","floor":20.0,"gold_loss":75.0,"damage_taken":0.0},{"damage_healed":0.0,"max_hp_gain":0.0,"max_hp_loss":0.0,"gold_gain":0.0,"event_name":"SensoryStone","player_choice":"Memory 3","floor":37.0,"gold_loss":0.0,"damage_taken":10.0},{"cards_removed":["Headbutt"],"damage_healed":0.0,"max_hp_gain":0.0,"max_hp_loss":0.0,"gold_gain":0.0,"event_name":"Falling","player_choice":"Removed Attack","floor":38.0,"gold_loss":0.0,"damage_taken":0.0},{"damage_healed":0.0,"max_hp_gain":0.0,"max_hp_loss":0.0,"gold_gain":0.0,"event_name":"Mysterious Sphere","player_choice":"Fight","floor":39.0,"gold_loss":0.0,"damage_taken":0.0},{"damage_healed":0,"gold_gain":0,"player_choice":"Ignored","damage_taken":0,"max_hp_gain":0,"max_hp_loss":0,"event_name":"Tomb of Lord Red Mask","floor":45,"gold_loss":0},{"damage_healed":0,"gold_gain":0,"player_choice":"Max HP","damage_taken":0,"max_hp_gain":0,"max_hp_loss":5,"event_name":"Winding Halls","floor":46,"gold_loss":0}],"is_beta":false,"boss_relics":[{"not_picked":["Runic Cube","Velvet Choker"],"picked":"Philosopher\u0027s Stone"},{"not_picked":["Tiny House","Coffee Dripper"],"picked":"Busted Crown"}],"items_purged_floors":[5,29],"is_endless":false,"potions_floor_spawned":[1,10,13,14,21,23,28,30,41,47,48],"ascension_level":20}}