{"host":"9vecvdjkx64cw9bo","time":1607612132,"event":{"mods":["BaseMod","StSLib","Custom Start","SuperFastMode","Keyboard Shortcuts","Minty Spire (QoL Compilation)","Quick Restart"],"gold_per_floor":[115,115,127,52,52,81,95,129,154,154,189,189,89,109,109,182,182,192,212,212,127,177,177,188,188,188,188,215,215,90,104,104,181,181,191,41,41,66,66,100,100,131,131,143,143,143,157,157,157,157,157],"floor_reached":52,"playtime":665,"items_purged":["Strike_R","Strike_R","Defend_R","Bash"],"score":2355,"play_id":"640eca6e-5e4f-467e-b05c-1a01fbd786a8","local_time":"20201210235532","is_ascension_mode":true,"campfire_choices":[{"data":"Whirlwind","floor":12.0,"key":"SMITH"},{"data":"Seeing Red","floor":15.0,"key":"SMITH"},{"data":"Flex","floor":23,"key":"SMITH"},{"data":"Bloodletting","floor":27,"key":"SMITH"},{"data":"Limit Break","floor":32,"key":"SMITH"},{"floor":41,"key":"REST"},{"floor":46,"key":"REST"},{"floor":49,"key":"REST"}],"circlet_count":0,"master_deck":["AscendersBane","Whirlwind+1","Flex+1","Bloodletting+1","Disarm","Seeing Red+1","Limit Break+1","Dark Embrace","Offering"],"special_seed":0,"relics":["Burning Blood","NeowsBlessing","Chemical X","Pen Nib","Juzu Bracelet","Toy Ornithopter","Vajra","Unceasing Top","Odd Mushroom","Empty Cage","Sundial","TungstenRod","Gambling Chip","Dream Catcher","Fusion Hammer","StoneCalendar","Blood Vial","Kunai","Red Skull"],"acts_visited":["Exordium","TheCity","TheBeyond"],"potions_floor_usage":[33],"damage_taken":[{"damage":0.0,"enemies":"Small Slimes","floor":1.0,"turns":1.0},{"damage":0.0,"enemies":"Cultist","floor":3.0,"turns":1.0},{"damage":0.0,"enemies":"Lagavulin","floor":6.0,"turns":1.0},{"damage":0.0,"enemies":"2 Louse","floor":7.0,"turns":2.0},{"damage":35.0,"enemies":"Gremlin Nob","floor":8.0,"turns":4.0},{"damage":5.0,"enemies":"Lagavulin","floor":11.0,"turns":4.0},{"damage":0.0,"enemies":"The Mushroom Lair","floor":14.0,"turns":1.0},{"damage":0,"enemies":"The Guardian","floor":16,"turns":2},{"damage":0,"enemies":"3 Byrds","floor":18,"turns":1},{"damage":7,"enemies":"2 Thieves","floor":19,"turns":2},{"damage":22,"enemies":"Shelled Parasite and Fungi","floor":24,"turns":2},{"damage":41,"enemies":"Book of Stabbing","floor":28,"turns":5},{"damage":0,"enemies":"3 Cultists","floor":31,"turns":1},{"damage":0,"enemies":"Automaton","floor":33,"turns":2},{"damage":0,"enemies":"3 Darklings","floor":35,"turns":1},{"damage":0,"enemies":"Mind Bloom Boss Battle","floor":38,"turns":2},{"damage":0,"enemies":"Reptomancer","floor":40,"turns":2},{"damage":7,"enemies":"Nemesis","floor":42,"turns":1},{"damage":25,"enemies":"3 Shapes","floor":44,"turns":1},{"damage":5,"enemies":"Writhing Mass","floor":47,"turns":1},{"damage":31,"enemies":"Donu and Deca","floor":50,"turns":2},{"damage":22,"enemies":"Time Eater","floor":51,"turns":2}],"seed_played":"-4910791963278907146","potions_obtained":[{"floor":1.0,"key":"ColorlessPotion"},{"floor":3.0,"key":"Weak Potion"},{"floor":16,"key":"Dexterity Potion"},{"floor":19,"key":"DuplicationPotion"},{"floor":31,"key":"DuplicationPotion"},{"floor":42,"key":"Ancient Potion"},{"floor":47,"key":"DuplicationPotion"}],"is_trial":false,"path_per_floor":["M","?","M","$","?","E","M","E","T","?","E","R","$","?","R","B",null,"M","M","?","?","?","R","M","T","T","R","E","?","$","M","R","B",null,"M","$","?","?","?","E","R","E","T","M","?","R","M","$","R","B","B",null],"character_chosen":"IRONCLAD","items_purchased":[],"campfire_rested":3,"item_purchase_floors":[],"current_hp_per_floor":[74,74,75,75,49,55,61,32,32,9,15,15,15,21,21,27,63,69,68,68,68,68,68,52,52,52,52,17,17,17,23,23,34,65,71,71,71,75,75,75,75,74,74,56,56,75,75,75,75,50,36],"gold":157,"neow_bonus":"THREE_ENEMY_KILL","is_daily":false,"chose_seed":false,"campfire_upgraded":5,"win_rate":1,"timestamp":1607612132,"path_taken":["M","?","?","?","?","E","M","E","T","?","E","R","$","?","R","BOSS","M","M","?","?","?","R","M","?","T","R","E","?","$","M","R","BOSS","M","$","?","?","?","E","R","E","T","M","?","R","M","?","R","BOSS","BOSS"],"build_version":"2020-11-30","purchased_purges":4,"victory":true,"max_hp_per_floor":[75,75,75,75,75,75,75,75,75,75,75,75,75,75,75,75,75,75,75,75,75,75,75,75,75,75,75,75,75,75,75,75,75,75,75,75,75,75,75,75,75,75,75,75,75,75,75,75,75,75,75],"card_choices":[{"not_picked":["Combust","Thunderclap"],"picked":"Whirlwind","floor":1.0},{"not_picked":["Shrug It Off","Uppercut"],"picked":"Flex","floor":3.0},{"not_picked":["Clash","Rupture","Entrench"],"picked":"SKIP","floor":6.0},{"not_picked":["Dual Wield","Clash"],"picked":"Bloodletting","floor":7.0},{"not_picked":["Whirlwind","Flame Barrier"],"picked":"Disarm","floor":8.0},{"not_picked":["Metallicize","Brutality"],"picked":"Seeing Red","floor":11.0},{"not_picked":["Iron Wave","Uppercut","Sever Soul"],"picked":"SKIP","floor":18},{"not_picked":["Rampage","True Grit","Anger+1"],"picked":"SKIP","floor":19},{"not_picked":["Pommel Strike","Carnage","Bloodletting+1"],"picked":"SKIP","floor":24},{"not_picked":["Feel No Pain+1","Heavy Blade","Iron Wave"],"picked":"SKIP","floor":28},{"not_picked":["Warcry","Reckless Charge","Pommel Strike"],"picked":"SKIP","floor":31},{"not_picked":["Warcry","Wild Strike","Blood for Blood"],"picked":"SKIP","floor":35},{"not_picked":["Rage","Iron Wave+1"],"picked":"Offering","floor":40},{"not_picked":["Clash","Headbutt","Juggernaut"],"picked":"SKIP","floor":42},{"not_picked":["Havoc","Intimidate","Clothesline"],"picked":"SKIP","floor":44},{"not_picked":["Hemokinesis","Havoc+1","Rage+1"],"picked":"SKIP","floor":47}],"player_experience":775466,"relics_obtained":[{"floor":6.0,"key":"Juzu Bracelet"},{"floor":8.0,"key":"Toy Ornithopter"},{"floor":9.0,"key":"Vajra"},{"floor":11.0,"key":"Unceasing Top"},{"floor":14.0,"key":"Odd Mushroom"},{"floor":25,"key":"TungstenRod"},{"floor":26,"key":"Gambling Chip"},{"floor":28,"key":"Dream Catcher"},{"floor":38,"key":"StoneCalendar"},{"floor":40,"key":"Blood Vial"},{"floor":42,"key":"Kunai"},{"floor":43,"key":"Red Skull"}],"event_choices":[{"cards_removed":["Strike_R"],"damage_healed":0.0,"max_hp_gain":0.0,"max_hp_loss":0.0,"gold_gain":0.0,"event_name":"Wheel of Change","player_choice":"Card Removal","floor":2.0,"gold_loss":0.0,"damage_taken":0.0},{"damage_healed":0.0,"max_hp_gain":0.0,"max_hp_loss":0.0,"gold_gain":0.0,"event_name":"Scrap Ooze","player_choice":"Success","floor":5.0,"gold_loss":0.0,"damage_taken":26.0,"relics_obtained":["Pen Nib"]},{"damage_healed":0.0,"max_hp_gain":0.0,"max_hp_loss":0.0,"gold_gain":0.0,"event_name":"Shining Light","player_choice":"Entered Light","floor":10.0,"gold_loss":0.0,"damage_taken":23.0,"cards_upgraded":["Strike_R","Defend_R"]},{"damage_healed":0.0,"max_hp_gain":0.0,"max_hp_loss":0.0,"gold_gain":0.0,"event_name":"Mushrooms","player_choice":"Fought Mushrooms","floor":14.0,"gold_loss":0.0,"damage_taken":0.0},{"damage_healed":0,"gold_gain":0,"player_choice":"Ignored","damage_taken":0,"max_hp_gain":0,"max_hp_loss":0,"event_name":"The Mausoleum","floor":20,"gold_loss":0},{"damage_healed":0,"gold_gain":0,"player_choice":"Obtained Relic","damage_taken":0,"relics_obtained":["Sundial"],"max_hp_gain":0,"max_hp_loss":0,"event_name":"Addict","floor":21,"gold_loss":85},{"damage_healed":0,"gold_gain":50,"player_choice":"Stole From Cult","damage_taken":0,"max_hp_gain":0,"max_hp_loss":0,"event_name":"Nest","floor":22,"gold_loss":0},{"damage_healed":0,"gold_gain":0,"cards_transformed":["Defend_R","Strike_R"],"player_choice":"Became Test Subject","damage_taken":0,"max_hp_gain":0,"max_hp_loss":0,"event_name":"Drug Dealer","floor":29,"gold_loss":0,"cards_obtained":["Limit Break","Dark Embrace"]},{"damage_healed":0,"gold_gain":0,"player_choice":"0 cards matched","damage_taken":0,"max_hp_gain":0,"max_hp_loss":0,"event_name":"Match and Keep!","floor":37,"gold_loss":0,"cards_obtained":[]},{"damage_healed":0,"gold_gain":0,"player_choice":"Fight","damage_taken":0,"max_hp_gain":0,"max_hp_loss":0,"event_name":"MindBloom","floor":38,"gold_loss":0},{"damage_healed":0,"gold_gain":0,"player_choice":"Cursed","damage_taken":0,"max_hp_gain":0,"max_hp_loss":0,"event_name":"Wheel of Change","floor":39,"gold_loss":0,"cards_obtained":["Decay"]},{"cards_removed":["Defend_R"],"damage_healed":0,"gold_gain":0,"player_choice":"Purged","damage_taken":0,"max_hp_gain":0,"max_hp_loss":0,"event_name":"Purifier","floor":45,"gold_loss":0}],"is_beta":false,"boss_relics":[{"not_picked":["Black Star","Black Blood"],"picked":"Empty Cage"},{"not_picked":["Sozu","Coffee Dripper"],"picked":"Fusion Hammer"}],"items_purged_floors":[4,13,30,36],"is_endless":false,"potions_floor_spawned":[1,3,7,16,19,24,31,42,44,47],"ascension_level":20}}