{"host":"gn6ds4edjslinxdh","time":1607558497,"event":{"gold_per_floor":[99,99,99,99,99,99,99,99,99,99,99,99,99,99,99,99,99,99,99,99,99,99,99,99,99,99,99,99,24,24,24,24,24,24,24,24,24,24,24],"floor_reached":38,"playtime":3022,"items_purged":[],"score":553,"play_id":"3d27324a-2b15-4700-880e-19be6f7c21bb","local_time":"20201209160137","is_ascension_mode":true,"campfire_choices":[{"data":"Eruption","floor":6.0,"key":"SMITH"},{"data":"FollowUp","floor":8.0,"key":"SMITH"},{"floor":12.0,"key":"REST"},{"floor":15.0,"key":"REST"},{"data":"SashWhip","floor":23.0,"key":"SMITH"},{"data":"Blasphemy","floor":25.0,"key":"SMITH"},{"data":"Crescendo","floor":27.0,"key":"SMITH"},{"data":"SandsOfTime","floor":30.0,"key":"SMITH"},{"data":"Conclude","floor":32.0,"key":"SMITH"}],"neow_cost":"NONE","seed_source_timestamp":0,"circlet_count":0,"master_deck":["Strike_P","Strike_P","Strike_P","Defend_P","Defend_P","Defend_P","Defend_P","Eruption+1","Vigilance","FlurryOfBlows","Meditate","Protect","FollowUp+1","TalkToTheHand+1","FlurryOfBlows","Conclude+1","EmptyFist","SashWhip+1","Blasphemy+1","Protect","Sanctity","Crescendo+1","ReachHeaven","Halt+1","MentalFortress+1","SandsOfTime+1","CutThroughFate","SpiritShield+1","MentalFortress+1"],"special_seed":0,"relics":["Ectoplasm","Lantern","Letter Opener","Singing Bowl","Dream Catcher","Sozu","Toxic Egg 2","Torii","Blue Candle","Philosopher\u0027s Stone"],"potions_floor_usage":[],"damage_taken":[{"damage":0.0,"enemies":"Small Slimes","floor":1.0,"turns":2.0},{"damage":0.0,"enemies":"Cultist","floor":2.0,"turns":2.0},{"damage":9.0,"enemies":"2 Louse","floor":4.0,"turns":2.0},{"damage":0.0,"enemies":"2 Fungi Beasts","floor":5.0,"turns":5.0},{"damage":18.0,"enemies":"Lagavulin","floor":7.0,"turns":5.0},{"damage":43.0,"enemies":"Gremlin Nob","floor":10.0,"turns":4.0},{"damage":0.0,"enemies":"3 Sentries","floor":13.0,"turns":3.0},{"damage":0.0,"enemies":"Exordium Wildlife","floor":14.0,"turns":4.0},{"damage":10.0,"enemies":"The Guardian","floor":16.0,"turns":8.0},{"damage":18.0,"enemies":"3 Byrds","floor":18.0,"turns":5.0},{"damage":0.0,"enemies":"Chosen","floor":19.0,"turns":4.0},{"damage":12.0,"enemies":"Snake Plant","floor":20.0,"turns":6.0},{"damage":0.0,"enemies":"3 Cultists","floor":21.0,"turns":4.0},{"damage":0.0,"enemies":"Centurion and Healer","floor":22.0,"turns":5.0},{"damage":12.0,"enemies":"Gremlin Leader","floor":24.0,"turns":7.0},{"damage":0.0,"enemies":"Cultist and Chosen","floor":28.0,"turns":4.0},{"damage":26.0,"enemies":"Slavers","floor":31.0,"turns":4.0},{"damage":13.0,"enemies":"Automaton","floor":33.0,"turns":6.0},{"damage":15,"enemies":"3 Shapes","floor":35,"turns":3},{"damage":35,"enemies":"3 Darklings","floor":36,"turns":4},{"damage":33,"enemies":"2 Orb Walkers","floor":38,"turns":2}],"seed_played":"9155574306814189828","potions_obtained":[{"floor":5.0,"key":"SpeedPotion"},{"floor":10.0,"key":"Fire Potion"},{"floor":13.0,"key":"Regen Potion"}],"is_trial":false,"path_per_floor":["M","M","?","M","M","R","E","R","T","E","?","R","E","M","R","B",null,"M","M","M","M","M","R","E","R","T","R","M","?","R","E","R","B",null,"M","M","?","?"],"character_chosen":"WATCHER","items_purchased":[],"campfire_rested":2,"item_purchase_floors":[],"current_hp_per_floor":[72,72,77,68,68,68,50,50,50,7,7,30,30,30,53,43,77,59,59,47,47,47,47,50,50,50,50,50,50,50,24,24,11,77,62,29,29,0,0],"gold":24,"neow_bonus":"BOSS_RELIC","is_prod":false,"is_daily":false,"chose_seed":false,"campfire_upgraded":7,"win_rate":0,"timestamp":1607558497,"path_taken":["M","M","?","M","M","R","E","R","T","E","?","R","E","?","R","BOSS","M","M","M","M","M","R","E","R","T","R","M","?","R","E","R","BOSS","BOSS","M","M","?","?"],"build_version":"2020-11-30","purchased_purges":0,"victory":false,"max_hp_per_floor":[72,72,77,77,77,77,77,77,77,77,77,77,77,77,77,77,77,77,77,77,77,77,77,77,77,77,77,77,77,77,77,77,77,77,77,79,75,75,75],"relic_stats":{"Sozu":5,"Dream Catcher":1,"Singing Bowl":2,"Torii":13,"counters":[21,89],"Blue Candle":[0],"Ectoplasm":553,"Letter Opener":[103],"obtain_stats":[{"Sozu":17,"Lantern":7,"Dream Catcher":13,"Singing Bowl":10,"Torii":26,"Blue Candle":31,"Philosopher\u0027s Stone":34,"Ectoplasm":0,"Letter Opener":9,"PureWater":0,"Toxic Egg 2":24},{"Sozu":9,"Lantern":5,"Dream Catcher":7,"Singing Bowl":6,"Torii":15,"Blue Candle":17,"Philosopher\u0027s Stone":18,"Ectoplasm":0,"Letter Opener":5,"PureWater":0,"Toxic Egg 2":15},{"Sozu":35,"Lantern":16,"Dream Catcher":23,"Singing Bowl":20,"Torii":66,"Blue Candle":74,"Philosopher\u0027s Stone":80,"Ectoplasm":0,"Letter Opener":16,"PureWater":0,"Toxic Egg 2":66}]},"card_choices":[{"not_picked":["Prostrate","JustLucky"],"picked":"FlurryOfBlows","floor":1.0},{"not_picked":["Halt","EmptyBody"],"picked":"Meditate","floor":2.0},{"not_picked":["PathToVictory","EmptyBody"],"picked":"Protect","floor":4.0},{"not_picked":["ClearTheMind","ThirdEye"],"picked":"FollowUp","floor":5.0},{"not_picked":["Consecrate","Indignation"],"picked":"TalkToTheHand","floor":7.0},{"not_picked":["MasterReality","EmptyBody"],"picked":"FlurryOfBlows","floor":10.0},{"not_picked":["EmptyBody","WindmillStrike"],"picked":"Conclude","floor":13.0},{"not_picked":["ThirdEye","Pray"],"picked":"EmptyFist","floor":14.0},{"not_picked":["FlurryOfBlows","Consecrate"],"picked":"SashWhip","floor":15.0},{"not_picked":["Brilliance","ConjureBlade"],"picked":"Blasphemy","floor":16.0},{"not_picked":["FlyingSleeves","Evaluate"],"picked":"Protect","floor":18.0},{"not_picked":["PathToVictory","JustLucky"],"picked":"Sanctity","floor":19.0},{"not_picked":["Worship","Consecrate"],"picked":"Crescendo","floor":20.0},{"not_picked":["Protect","Omniscience"],"picked":"ReachHeaven","floor":21.0},{"not_picked":["SashWhip","Weave"],"picked":"Halt+1","floor":22.0},{"not_picked":["EmptyFist+1","CrushJoints"],"picked":"MentalFortress+1","floor":24.0},{"not_picked":["Evaluate+1","Wallop"],"picked":"SandsOfTime","floor":28.0},{"not_picked":["Evaluate+1","SashWhip"],"picked":"CutThroughFate","floor":31.0},{"not_picked":["Establishment","Ragnarok"],"picked":"SpiritShield+1","floor":33},{"not_picked":["Consecrate","FlurryOfBlows+1"],"picked":"MentalFortress+1","floor":35},{"not_picked":["Consecrate+1","Protect+1","ThirdEye+1"],"picked":"Singing Bowl","floor":36}],"player_experience":488556,"relics_obtained":[{"floor":7.0,"key":"Lantern"},{"floor":9.0,"key":"Letter Opener"},{"floor":10.0,"key":"Singing Bowl"},{"floor":13.0,"key":"Dream Catcher"},{"floor":24.0,"key":"Toxic Egg 2"},{"floor":26.0,"key":"Torii"},{"floor":31.0,"key":"Blue Candle"}],"event_choices":[{"damage_healed":0.0,"max_hp_gain":5.0,"max_hp_loss":0.0,"gold_gain":0.0,"event_name":"Big Fish","player_choice":"Donut","floor":3.0,"gold_loss":0.0,"damage_taken":0.0},{"damage_healed":0.0,"max_hp_gain":0.0,"max_hp_loss":0.0,"gold_gain":0.0,"event_name":"Accursed Blacksmith","player_choice":"Forge","floor":11.0,"gold_loss":0.0,"damage_taken":0.0,"cards_upgraded":["TalkToTheHand"]},{"cards_removed":["Strike_P"],"damage_healed":0.0,"max_hp_gain":0.0,"max_hp_loss":0.0,"gold_gain":0.0,"event_name":"Beggar","player_choice":"Gave Gold","floor":29.0,"gold_loss":75.0,"damage_taken":0.0},{"damage_healed":0,"gold_gain":0,"player_choice":"Max HP","damage_taken":0,"max_hp_gain":0,"max_hp_loss":4,"event_name":"Winding Halls","floor":37,"gold_loss":0},{"damage_healed":0,"gold_gain":0,"player_choice":"Fight","damage_taken":0,"max_hp_gain":0,"max_hp_loss":0,"event_name":"Mysterious Sphere","floor":38,"gold_loss":0}],"is_beta":false,"boss_relics":[{"not_picked":["Cursed Key","Coffee Dripper"],"picked":"Sozu"},{"not_picked":["Runic Dome","Snecko Eye"],"picked":"Philosopher\u0027s Stone"}],"items_purged_floors":[],"is_endless":false,"potions_floor_spawned":[5,10,13,18,19,28,33,35],"killed_by":"2 Orb Walkers","ascension_level":4}}