{"host":"qnteex8t7okfghms","time":1607610248,"event":{"mods":["BaseMod","StSLib","The Jungle","Shop Mod","Replay The Spire","Hermit","Relic Stats","Colored Map","Colored Powertips","Hubris","The Construct","The Cursed","The Runesmith","Better Match","Better Note","Better Sensory Stone","BetterRewards","Minty Spire (QoL Compilation)","Spicy Shops","The Gatherer","Better Third Choice","Luminous","Downfall","Marisa£®ÏF”Í°°ƒß¿Ì…≥£©","The Bug Knight","The Servant 0.9.4"],"gold_per_floor":[114,134,146,160,176,206,206,218,218,218,237,237,237,271,271,374,374,387,397,240,255,265,293,293,320,366,395,395,430,443,474,474,474,474],"floor_reached":33,"playtime":2190,"items_purged":["Defend_S"],"score":423,"play_id":"17f5610d-42a8-4a00-9585-be9c7d063bff","local_time":"20201210222408","is_ascension_mode":false,"campfire_choices":[{"floor":7.0,"key":"REST"},{"data":"TheWorld","floor":10.0,"key":"SMITH"},{"floor":15.0,"key":"REST"},{"floor":24.0,"key":"RECALL"},{"floor":32.0,"key":"REST"}],"circlet_count":0,"master_deck":["Strike_S","Strike_S","Strike_S","Strike_S","Defend_S","Defend_S","Defend_S","KidneyShot","Exchange","BottledTime","Moonlight","TheWorld","TheWorld+1","Rearm","SilverBlades","SilverBlades","Starlight","KillingDoll","Ricochet+1"],"special_seed":0,"relics":["Uniform","hubris:SphereOfDissonance","Singing Bowl","hubris:DeckOfHolding","Juzu Bracelet","hubris:Icosahedron","Pen Nib","hubris:FunFungus","Cursed Key","TheAbacus","Potion Belt","Replay:Wax Seal","Kunai","Spirit Poop","Replay:Towering Pillar of Hats","Gremlin Horn"],"acts_visited":["theJungle:Jungle"],"potions_floor_usage":[33,33,33],"damage_taken":[{"damage":0.0,"enemies":"Cultist","floor":1.0,"turns":2.0},{"damage":3.0,"enemies":"Jaw Worm","floor":2.0,"turns":2.0},{"damage":0.0,"enemies":"2 Louse","floor":3.0,"turns":2.0},{"damage":9.0,"enemies":"Large Slime","floor":4.0,"turns":5.0},{"damage":7.0,"enemies":"Exordium Wildlife","floor":5.0,"turns":5.0},{"damage":12.0,"enemies":"HollowMod:MossKnight","floor":6.0,"turns":6.0},{"damage":2.0,"enemies":"Looter","floor":8.0,"turns":2.0},{"damage":3.0,"enemies":"3 Louse","floor":11.0,"turns":5.0},{"damage":33.0,"enemies":"Fading Forest","floor":16.0,"turns":11.0},{"damage":23.0,"enemies":"theJungle:MUSHROOMGANG","floor":18.0,"turns":12.0},{"damage":0.0,"enemies":"Shell Parasite","floor":19.0,"turns":3.0},{"damage":2.0,"enemies":"theJungle:Snecko_Cultist_And_Trap","floor":21.0,"turns":6.0},{"damage":0.0,"enemies":"theJungle:Lyon","floor":22.0,"turns":2.0},{"damage":27.0,"enemies":"theJungle:2_Phrogs","floor":23.0,"turns":7.0},{"damage":21.0,"enemies":"theJungle:Cassacara","floor":25.0,"turns":4.0},{"damage":0.0,"enemies":"theJungle:MamaSnecko","floor":27.0,"turns":3.0},{"damage":27.0,"enemies":"theJungle:2_Phrogs","floor":29.0,"turns":6.0},{"damage":12.0,"enemies":"theJungle:SlimyTreeVines","floor":30.0,"turns":7.0},{"damage":18.0,"enemies":"theJungle:MamaSnecko","floor":31.0,"turns":4.0},{"damage":35,"enemies":"theJungle:TotemBoss","floor":33,"turns":4}],"seed_played":"-2709074993428214719","potions_obtained":[{"floor":5.0,"key":"PowerPotion"},{"floor":6.0,"key":"ColorlessPotion"},{"floor":8.0,"key":"Fire Potion"},{"floor":16.0,"key":"Swift Potion"},{"floor":22.0,"key":"EssenceOfSteel"},{"floor":23.0,"key":"Adrenaline Potion"},{"floor":25.0,"key":"Toxic Potion"},{"floor":30.0,"key":"Dexterity Potion"}],"is_trial":false,"path_per_floor":["M","M","M","M","M","E","R","M","T","R","M","?","?","?","R","B",null,"M","M","$","M","M","E","R","E","T","E","?","E","M","E","R","B"],"character_chosen":"THE_SERVANT","items_purchased":["hubris:SphereOfDissonance","BottledTime","Moonlight","TheWorld","Singing Bowl","TheAbacus","SilverBlades"],"campfire_rested":3,"item_purchase_floors":[0,0,0,0,0,20,20],"current_hp_per_floor":[36,35,37,30,25,15,38,38,38,38,37,40,40,25,49,32,85,85,87,87,89,89,62,62,41,41,44,47,22,23,7,35,0,0],"gold":474,"neow_bonus":"","is_daily":false,"chose_seed":false,"campfire_upgraded":1,"win_rate":0.0,"timestamp":1607610248,"path_taken":["M","?","M","M","M","E","R","M","T","R","M","?","?","?","R","BOSS","M","M","$","M","M","E","R","E","T","E","?","E","M","E","R","BOSS"],"build_version":"2020-11-30","purchased_purges":1,"victory":false,"max_hp_per_floor":[67,69,71,73,75,77,77,79,79,79,81,81,81,83,83,85,85,85,87,87,89,89,89,89,89,89,91,91,93,93,95,95,95,95],"relic_stats":{"TheAbacus":[132],"Singing Bowl":30,"Gremlin Horn":[5,5],"counters":[44,156],"Pen Nib":[15],"Juzu Bracelet":0,"Kunai":[11],"Cursed Key":1,"obtain_stats":[{"Replay:PocketPolymizer":43,"Singing Bowl":0,"Gremlin Horn":31,"sneckomod:BlankCard":12,"Spirit Poop":28,"hubris:SlimyHat":27,"Juzu Bracelet":9,"Uniform":0,"Ginger":10,"theJungle:PaperFaux":22,"construct:ClockworkPhoenix":25,"Smiling Mask":21,"Cursed Key":17,"Lizard Tail":48,"hubris:Icosahedron":12,"TheAbacus":20,"DollysMirror":45,"MealTicket":6,"hubris:DeckOfHolding":6,"hubris:CuriousFeather":37,"hubris:FunFungus":14,"Kunai":27,"Replay:Bottled Eggs":9,"Toxic Egg 2":25,"Replay:Wax Seal":25,"Potion Belt":23,"Girya":28,"Runesmith:Nanobots":26,"hubris:DuctTape":28,"Replay:Towering Pillar of Hats":29,"hubris:SphereOfDissonance":0,"hubris:MedicalManual":14,"Pen Nib":13,"Omamori":8,"hubris:Towel":2,"Frozen Egg 2":25,"Question Card":23,"SlaversCollar":34,"hubris:Spice":25,"construct:Cogwheel":0,"Bird Faced Urn":46,"ChewingGum":17,"Molten Egg 2":25,"Unceasing Top":40},{"Replay:PocketPolymizer":20,"Singing Bowl":24,"Gremlin Horn":43,"sneckomod:BlankCard":6,"Spirit Poop":40,"hubris:SlimyHat":12,"Juzu Bracelet":31,"Uniform":0,"Ginger":5,"theJungle:PaperFaux":9,"construct:ClockworkPhoenix":11,"Smiling Mask":9,"Cursed Key":33,"Lizard Tail":23,"hubris:Icosahedron":32,"TheAbacus":35,"DollysMirror":21,"MealTicket":3,"hubris:DeckOfHolding":30,"hubris:CuriousFeather":17,"hubris:FunFungus":32,"Kunai":40,"Replay:Bottled Eggs":4,"Toxic Egg 2":11,"Replay:Wax Seal":39,"Potion Belt":38,"Girya":12,"Runesmith:Nanobots":11,"hubris:DuctTape":12,"Replay:Towering Pillar of Hats":41,"hubris:SphereOfDissonance":24,"hubris:MedicalManual":7,"Pen Nib":32,"Omamori":4,"hubris:Towel":1,"Frozen Egg 2":11,"Question Card":10,"SlaversCollar":15,"hubris:Spice":11,"construct:Cogwheel":0,"Bird Faced Urn":22,"ChewingGum":8,"Molten Egg 2":11,"Unceasing Top":19},{"Replay:PocketPolymizer":52,"Singing Bowl":58,"Gremlin Horn":152,"sneckomod:BlankCard":15,"Spirit Poop":135,"hubris:SlimyHat":36,"Juzu Bracelet":82,"Uniform":0,"Ginger":14,"theJungle:PaperFaux":25,"construct:ClockworkPhoenix":31,"Smiling Mask":25,"Cursed Key":98,"Lizard Tail":55,"hubris:Icosahedron":87,"TheAbacus":113,"DollysMirror":53,"MealTicket":8,"hubris:DeckOfHolding":80,"hubris:CuriousFeather":44,"hubris:FunFungus":87,"Kunai":135,"Replay:Bottled Eggs":12,"Toxic Egg 2":31,"Replay:Wax Seal":132,"Potion Belt":128,"Girya":36,"Runesmith:Nanobots":33,"hubris:DuctTape":36,"Replay:Towering Pillar of Hats":141,"hubris:SphereOfDissonance":58,"hubris:MedicalManual":18,"Pen Nib":87,"Omamori":12,"hubris:Towel":2,"Frozen Egg 2":31,"Question Card":29,"SlaversCollar":42,"hubris:Spice":33,"construct:Cogwheel":0,"Bird Faced Urn":54,"ChewingGum":22,"Molten Egg 2":31,"Unceasing Top":51}]},"card_choices":[{"not_picked":["Potential","Replace","Alleviate"],"picked":"Singing Bowl","floor":1.0},{"not_picked":["Starlight","KillingDoll","Hightail"],"picked":"Singing Bowl","floor":2.0},{"not_picked":["Revamp","Snipe","BottledTime"],"picked":"Singing Bowl","floor":3.0},{"not_picked":["Spin","TimeWarp","Moonlight"],"picked":"Singing Bowl","floor":4.0},{"not_picked":["Snipe","DoubleEdge","TimeWarp"],"picked":"Singing Bowl","floor":5.0},{"not_picked":["Unruled","Ricochet","BottledTime"],"picked":"Singing Bowl","floor":6.0},{"not_picked":["StarChef","SpecialFormula","Potential"],"picked":"Singing Bowl","floor":8.0},{"not_picked":["Revamp","TimeWarp","Replace"],"picked":"Singing Bowl","floor":11.0},{"not_picked":["Luminosity","Foresight","Ricochet"],"picked":"Singing Bowl","floor":14.0},{"not_picked":["FlawlessForm","Deny","FloweringNight"],"picked":"Singing Bowl","floor":16.0},{"not_picked":["DoubleEdge+1","Unruled"],"picked":"Rearm","floor":18.0},{"not_picked":["Alleviate","WasteNot","Barrier"],"picked":"Singing Bowl","floor":19.0},{"not_picked":["SpecialFormula","DoubleEdge","Spin"],"picked":"Singing Bowl","floor":21.0},{"not_picked":["DoubleEdge","ShiftingGears+1"],"picked":"SilverBlades","floor":22.0},{"not_picked":["Replace+1","Alleviate"],"picked":"Starlight","floor":23.0},{"not_picked":["Defy","FanOfKnives"],"picked":"KillingDoll","floor":25.0},{"not_picked":["FlawlessForm","Unruled+1","ShiftingGears"],"picked":"Singing Bowl","floor":27.0},{"not_picked":["Misdirection+1","ShatteredReality","Revamp"],"picked":"Singing Bowl","floor":29.0},{"not_picked":["GearUp","Replace"],"picked":"Ricochet+1","floor":30.0},{"not_picked":["Alleviate","DoubleEdge","Read"],"picked":"Singing Bowl","floor":31.0}],"player_experience":316976,"relics_obtained":[{"floor":6.0,"key":"hubris:DeckOfHolding"},{"floor":9.0,"key":"Juzu Bracelet"},{"floor":14.0,"key":"hubris:FunFungus"},{"floor":23.0,"key":"Potion Belt"},{"floor":25.0,"key":"Replay:Wax Seal"},{"floor":27.0,"key":"Kunai"},{"floor":29.0,"key":"Replay:Towering Pillar of Hats"},{"floor":31.0,"key":"Gremlin Horn"}],"event_choices":[{"damage_healed":0.0,"max_hp_gain":0.0,"max_hp_loss":0.0,"gold_gain":0.0,"event_name":"betterThird:BetterScrap","player_choice":"Relic ","floor":13.0,"gold_loss":0.0,"damage_taken":3.0,"cards_obtained":["Fasting2"]},{"cards_removed":["Voices"],"damage_healed":0.0,"max_hp_gain":0.0,"max_hp_loss":0.0,"gold_gain":0.0,"event_name":"Bonfire Elementals","player_choice":"Offered Curse","floor":28.0,"gold_loss":0.0,"damage_taken":0.0,"relics_obtained":["Spirit Poop"]}],"is_beta":false,"boss_relics":[{"not_picked":["Astrolabe","hubris:Stopwatch"],"picked":"Cursed Key"}],"items_purged_floors":[0],"is_endless":false,"potions_floor_spawned":[5,6,8,11,16,22,23,25,30,31],"killed_by":"theJungle:TotemBoss","ascension_level":0}}