{"host":"2pgz2fctomabfk86","time":1607595417,"event":{"gold_per_floor":[117,117,117,130,130,130,55,55,55,55,72,85,105,30,30,106,106,118,118,68,168,233,233,283,283,331,345,363,133,183,196,196,270,270,286,302,314,86,136,136,165,175,223,256,306,318,381,407,407,407],"floor_reached":51,"playtime":2141,"items_purged":["Strike_P","Strike_P","Defend_P","Defend_P"],"score":1416,"play_id":"5e221b3c-fedb-4214-b592-4f2c7714cf8e","local_time":"20201210191657","is_ascension_mode":true,"campfire_choices":[{"data":"Ragnarok","floor":6.0,"key":"SMITH"},{"data":"ClearTheMind","floor":10.0,"key":"SMITH"},{"data":"EmptyMind","floor":15.0,"key":"SMITH"},{"data":"Devotion","floor":23.0,"key":"SMITH"},{"data":"Halt","floor":25.0,"key":"SMITH"},{"data":"TalkToTheHand","floor":32.0,"key":"SMITH"},{"data":"MentalFortress","floor":40.0,"key":"SMITH"},{"floor":49,"key":"REST"}],"neow_cost":"NONE","seed_source_timestamp":0,"circlet_count":0,"master_deck":["AscendersBane","Defend_P+1","Eruption+1","Vigilance","Ragnarok+1","ClearTheMind+1","Halt+1","Worship","Crescendo","EmptyMind+1","Indignation","Devotion+1","Protect","TalkToTheHand+1","EmptyMind","Brilliance","MentalFortress+1","EmptyBody+1","Madness","Establishment","Panacea","Protect","Worship"],"special_seed":0,"relics":["PureWater","StoneCalendar","Sozu","SsserpentHead","Akabeko","Membership Card","Damaru","Snecko Eye","Lizard Tail","Bronze Scales","Nunchaku","Boot","Darkstone Periapt"],"potions_floor_usage":[],"damage_taken":[{"damage":8.0,"enemies":"2 Louse","floor":1.0,"turns":3.0},{"damage":0.0,"enemies":"Small Slimes","floor":4.0,"turns":2.0},{"damage":1.0,"enemies":"Cultist","floor":11.0,"turns":4.0},{"damage":0.0,"enemies":"Blue Slaver","floor":12.0,"turns":1.0},{"damage":0.0,"enemies":"Large Slime","floor":13.0,"turns":4.0},{"damage":8.0,"enemies":"The Guardian","floor":16.0,"turns":7.0},{"damage":16.0,"enemies":"3 Byrds","floor":18.0,"turns":4.0},{"damage":0.0,"enemies":"Spheric Guardian","floor":22.0,"turns":2.0},{"damage":0.0,"enemies":"Cultist and Chosen","floor":27.0,"turns":2.0},{"damage":0.0,"enemies":"Chosen and Byrds","floor":28.0,"turns":4.0},{"damage":0.0,"enemies":"Centurion and Healer","floor":31.0,"turns":1.0},{"damage":8.0,"enemies":"Automaton","floor":33.0,"turns":6.0},{"damage":0.0,"enemies":"Orb Walker","floor":35.0,"turns":1.0},{"damage":1.0,"enemies":"3 Darklings","floor":36.0,"turns":4.0},{"damage":0.0,"enemies":"Writhing Mass","floor":37.0,"turns":1.0},{"damage":0.0,"enemies":"Nemesis","floor":41.0,"turns":3.0},{"damage":17,"enemies":"Transient","floor":42,"turns":5},{"damage":0,"enemies":"Giant Head","floor":44,"turns":6},{"damage":0,"enemies":"Spire Growth","floor":46,"turns":4},{"damage":0,"enemies":"Jaw Worm Horde","floor":47,"turns":4},{"damage":25,"enemies":"Nemesis","floor":48,"turns":3},{"damage":12,"enemies":"Donu and Deca","floor":50,"turns":7}],"seed_played":"5487338243637908665","potions_obtained":[{"floor":4.0,"key":"BlessingOfTheForge"},{"floor":12.0,"key":"Ambrosia"},{"floor":13.0,"key":"Fire Potion"}],"is_trial":false,"path_per_floor":["M","?","?","M","?","R","$","?","T","R","M","M","M","?","R","B",null,"M","?","$","?","M","R","?","R","T","M","M","$","?","M","R","B",null,"M","M","M","$","?","R","E","M","T","E","?","M","M","E","R","B",null],"character_chosen":"WATCHER","items_purchased":["Membership Card","Damaru","Lizard Tail"],"campfire_rested":1,"item_purchase_floors":[29,29,38],"current_hp_per_floor":[53,33,33,33,55,55,55,51,51,51,50,50,50,50,50,42,62,46,46,46,46,46,46,46,46,46,46,46,46,46,46,46,38,61,61,60,60,60,48,48,48,31,31,31,31,31,31,6,26,14],"gold":407,"neow_bonus":"ONE_RANDOM_RARE_CARD","is_prod":false,"is_daily":false,"chose_seed":false,"campfire_upgraded":7,"win_rate":0,"timestamp":1607595417,"path_taken":["M","?","?","?","?","R","$","?","T","R","M","?","M","?","R","BOSS","M","?","?","?","?","R","?","R","T","M","M","?","?","M","R","BOSS","M","M","M","$","?","R","E","M","T","E","?","M","?","E","R","BOSS"],"build_version":"2020-11-30","purchased_purges":4,"victory":true,"max_hp_per_floor":[68,68,68,68,68,68,68,68,68,68,68,68,68,68,68,68,68,68,68,68,68,68,68,68,68,68,68,68,68,68,68,68,68,68,68,68,68,68,68,68,68,68,68,68,68,68,68,68,68,68],"card_choices":[{"not_picked":["Crescendo","CutThroughFate"],"picked":"ClearTheMind","floor":1.0},{"not_picked":["Crescendo","SignatureMove"],"picked":"Worship","floor":4.0},{"not_picked":["WindmillStrike","Consecrate"],"picked":"Crescendo","floor":11.0},{"not_picked":["EmptyBody","Nirvana"],"picked":"EmptyMind","floor":12.0},{"not_picked":["Crescendo","EmptyFist"],"picked":"Indignation","floor":13.0},{"not_picked":["Ragnarok","Wish"],"picked":"Devotion","floor":16.0},{"not_picked":["CutThroughFate","EmptyFist"],"picked":"Protect","floor":18.0},{"not_picked":["CrushJoints","SandsOfTime","Indignation"],"picked":"SKIP","floor":22.0},{"not_picked":["Protect","FlyingSleeves","Consecrate"],"picked":"SKIP","floor":27.0},{"not_picked":["ClearTheMind","ThirdEye"],"picked":"TalkToTheHand","floor":28.0},{"not_picked":["Nirvana","ClearTheMind"],"picked":"EmptyMind","floor":31.0},{"not_picked":["Blasphemy","Alpha"],"picked":"Brilliance","floor":33.0},{"not_picked":["Tantrum+1","Crescendo"],"picked":"MentalFortress","floor":35.0},{"not_picked":["Perseverance","JustLucky+1","Meditate"],"picked":"SKIP","floor":36.0},{"not_picked":["WindmillStrike","Evaluate"],"picked":"EmptyBody+1","floor":37.0},{"not_picked":["EmptyFist+1","FollowUp"],"picked":"Establishment","floor":41.0},{"not_picked":["FlyingSleeves","CutThroughFate","ForeignInfluence+1"],"picked":"SKIP","floor":42},{"not_picked":["LessonLearned","Crescendo+1","FlyingSleeves"],"picked":"SKIP","floor":44},{"not_picked":["Study","JustLucky+1"],"picked":"Protect","floor":46},{"not_picked":["BowlingBash+1","Consecrate","ClearTheMind"],"picked":"SKIP","floor":47},{"not_picked":["BowlingBash","Halt"],"picked":"Worship","floor":48}],"player_experience":862907,"relics_obtained":[{"floor":9.0,"key":"StoneCalendar"},{"floor":26.0,"key":"Akabeko"},{"floor":41.0,"key":"Bronze Scales"},{"floor":43,"key":"Nunchaku"},{"floor":44,"key":"Boot"},{"floor":48,"key":"Darkstone Periapt"}],"event_choices":[{"damage_healed":0.0,"max_hp_gain":0.0,"max_hp_loss":0.0,"gold_gain":0.0,"event_name":"Shining Light","player_choice":"Entered Light","floor":2.0,"gold_loss":0.0,"damage_taken":20.0,"cards_upgraded":["Eruption","Defend_P"]},{"damage_healed":0.0,"max_hp_gain":0.0,"max_hp_loss":0.0,"gold_gain":0.0,"cards_transformed":["Strike_P"],"event_name":"Transmorgrifier","player_choice":"Transformed","floor":3.0,"gold_loss":0.0,"damage_taken":0.0,"cards_obtained":["Halt"]},{"damage_healed":22.0,"max_hp_gain":0.0,"max_hp_loss":0.0,"gold_gain":0.0,"event_name":"Big Fish","player_choice":"Banana","floor":5.0,"gold_loss":0.0,"damage_taken":0.0},{"damage_healed":0.0,"max_hp_gain":0.0,"max_hp_loss":0.0,"gold_gain":0.0,"event_name":"The Woman in Blue","player_choice":"Bought 0 Potions","floor":8.0,"gold_loss":0.0,"damage_taken":0.0},{"cards_removed":["Defend_P"],"damage_healed":0.0,"max_hp_gain":0.0,"max_hp_loss":0.0,"gold_gain":0.0,"event_name":"The Cleric","player_choice":"Card Removal","floor":14.0,"gold_loss":75.0,"damage_taken":0.0},{"damage_healed":0.0,"max_hp_gain":0.0,"max_hp_loss":0.0,"gold_gain":0.0,"event_name":"FaceTrader","player_choice":"Trade","floor":19.0,"gold_loss":0.0,"damage_taken":0.0,"relics_obtained":["SsserpentHead"]},{"damage_healed":0.0,"max_hp_gain":0.0,"max_hp_loss":0.0,"gold_gain":50.0,"event_name":"Nest","player_choice":"Stole From Cult","floor":21.0,"gold_loss":0.0,"damage_taken":0.0},{"cards_removed":["Strike_P"],"damage_healed":0.0,"max_hp_gain":0.0,"max_hp_loss":0.0,"gold_gain":0.0,"event_name":"Bonfire Elementals","player_choice":"Offered Basic","floor":24.0,"gold_loss":0.0,"damage_taken":0.0},{"damage_healed":0.0,"max_hp_gain":0.0,"max_hp_loss":0.0,"gold_gain":0.0,"event_name":"The Mausoleum","player_choice":"Ignored","floor":30.0,"gold_loss":0.0,"damage_taken":0.0},{"damage_healed":0.0,"max_hp_gain":0.0,"max_hp_loss":0.0,"gold_gain":0.0,"event_name":"Winding Halls","player_choice":"Embrace Madness","floor":39.0,"gold_loss":0.0,"damage_taken":12.0,"cards_obtained":["Madness","Madness"]},{"damage_healed":0,"gold_gain":0,"cards_transformed":["Madness"],"player_choice":"Transformed","damage_taken":0,"max_hp_gain":0,"max_hp_loss":0,"event_name":"Transmorgrifier","floor":45,"gold_loss":0,"cards_obtained":["Panacea"]}],"is_beta":false,"boss_relics":[{"not_picked":["Calling Bell","Tiny House"],"picked":"Sozu"},{"not_picked":["SlaversCollar","Black Star"],"picked":"Snecko Eye"}],"items_purged_floors":[7,20,29,38],"is_endless":false,"potions_floor_spawned":[4,12,13,18,27,33,35,41,44],"ascension_level":15}}