{"host":"7gewg82ormp6yt4e","time":1607601126,"event":{"gold_per_floor":[115,390,402,415,490,490,517,517,588,588,621,635,118,134,134,211,211,230,230,142,160,160,160,193,193,245,245,275,32,51,64,64,143,143,156,156,156,174,184,184,184],"floor_reached":40,"playtime":2319,"items_purged":["Regret","Regret"],"score":918,"play_id":"0b9b289f-2a5f-4626-9adf-12a2f166b9f6","local_time":"20201210205206","is_ascension_mode":true,"campfire_choices":[{"floor":6,"key":"REST"},{"floor":8,"key":"REST"},{"floor":15,"key":"REST"},{"floor":23,"key":"REST"},{"floor":25,"key":"REST"},{"floor":27,"key":"RECALL"},{"floor":32,"key":"REST"}],"neow_cost":"NONE","seed_source_timestamp":1025235057424700,"circlet_count":0,"master_deck":["AscendersBane","Survivor","Neutralize","Dagger Spray","Poisoned Stab","Crippling Poison","Poisoned Stab","Acrobatics","Riddle With Holes","Bane","Malaise","Backflip","Footwork+1","Deadly Poison+1","Noxious Fumes","Catalyst","Sucker Punch+1","PiercingWail","PiercingWail","Burst","Calculated Gamble","After Image","Catalyst","Dagger Throw+1","Underhanded Strike+1","Dagger Spray+1","Distraction","Catalyst","Quick Slash+1","Sucker Punch+1","Well Laid Plans"],"relics":["Fusion Hammer","Orichalcum","HornCleat","Ornamental Fan","Pocketwatch","Cursed Key","Oddly Smooth Stone","Smiling Mask","Molten Egg 2","Membership Card","Pandora\u0027s Box"],"potions_floor_usage":[7,16,28,33],"damage_taken":[{"damage":4,"enemies":"Jaw Worm","floor":1,"turns":4},{"damage":6,"enemies":"Cultist","floor":3,"turns":5},{"damage":4,"enemies":"2 Louse","floor":4,"turns":2},{"damage":19,"enemies":"3 Sentries","floor":7,"turns":9},{"damage":39,"enemies":"Gremlin Nob","floor":11,"turns":5},{"damage":1,"enemies":"Blue Slaver","floor":12,"turns":4},{"damage":0,"enemies":"3 Louse","floor":14,"turns":2},{"damage":10,"enemies":"Hexaghost","floor":16,"turns":9},{"damage":10,"enemies":"Chosen","floor":18,"turns":6},{"damage":4,"enemies":"3 Byrds","floor":21,"turns":5},{"damage":8,"enemies":"Book of Stabbing","floor":24,"turns":8},{"damage":32,"enemies":"Slavers","floor":28,"turns":6},{"damage":13,"enemies":"Shelled Parasite and Fungi","floor":30,"turns":5},{"damage":4,"enemies":"Sentry and Sphere","floor":31,"turns":5},{"damage":53,"enemies":"Champ","floor":33,"turns":13},{"damage":1,"enemies":"Orb Walker","floor":35,"turns":5},{"damage":7,"enemies":"3 Darklings","floor":38,"turns":5},{"damage":0,"enemies":"Transient","floor":39,"turns":6},{"damage":61,"enemies":"Giant Head","floor":40,"turns":6}],"seed_played":"3537346787747079097","potions_obtained":[{"floor":4,"key":"Strength Potion"},{"floor":12,"key":"Ancient Potion"},{"floor":14,"key":"Weak Potion"},{"floor":16,"key":"Swift Potion"},{"floor":28,"key":"Dexterity Potion"},{"floor":33,"key":"SteroidPotion"}],"is_trial":false,"path_per_floor":["M","?","M","M","?","R","E","R","T","?","E","M","$","M","R","B",null,"M","?","$","M","$","R","E","R","T","R","E","$","M","M","R","B",null,"M","?","?","M","M","E"],"character_chosen":"THE_SILENT","items_purchased":["Pocketwatch","FairyPotion","Footwork","Membership Card","Sucker Punch+1"],"campfire_rested":6,"item_purchase_floors":[13,13,20,29,29],"current_hp_per_floor":[55,55,49,45,34,53,34,53,53,58,19,18,18,18,39,29,61,51,31,31,27,27,49,41,63,63,63,31,31,18,14,36,22,63,62,62,62,55,55,0,0],"gold":184,"neow_bonus":"BOSS_RELIC","is_prod":false,"is_daily":false,"chose_seed":false,"campfire_upgraded":0,"win_rate":0,"timestamp":1607601126,"path_taken":["M","?","?","M","?","R","E","R","T","?","E","M","$","M","R","BOSS","M","?","?","M","$","R","E","R","T","R","E","$","M","M","R","BOSS","M","?","?","?","M","E"],"build_version":"2020-11-30","purchased_purges":2,"victory":false,"max_hp_per_floor":[66,66,66,66,66,66,66,66,66,71,71,71,71,71,71,71,71,71,76,76,76,76,76,76,76,76,76,76,76,76,76,76,76,76,76,72,72,72,72,72,72],"relic_stats":{"counters":[19,110],"Ornamental Fan":[104],"Pandora\u0027s Box":["Calculated Gamble","After Image","Catalyst","Dagger Throw","Underhanded Strike","Dagger Spray","Distraction","Catalyst","Quick Slash","Sucker Punch"],"Orichalcum":[144],"Cursed Key":1,"Smiling Mask":0,"obtain_stats":[{"HornCleat":9,"Ornamental Fan":11,"Oddly Smooth Stone":24,"Molten Egg 2":28,"Pandora\u0027s Box":34,"Fusion Hammer":0,"Membership Card":29,"Orichalcum":7,"Cursed Key":17,"Smiling Mask":26,"Ring of the Snake":0,"Pocketwatch":13},{"HornCleat":4,"Ornamental Fan":5,"Oddly Smooth Stone":11,"Molten Egg 2":12,"Pandora\u0027s Box":15,"Fusion Hammer":0,"Membership Card":12,"Orichalcum":4,"Cursed Key":8,"Smiling Mask":11,"Ring of the Snake":0,"Pocketwatch":6},{"HornCleat":20,"Ornamental Fan":25,"Oddly Smooth Stone":59,"Molten Egg 2":65,"Pandora\u0027s Box":88,"Fusion Hammer":0,"Membership Card":65,"Orichalcum":20,"Cursed Key":40,"Smiling Mask":59,"Ring of the Snake":0,"Pocketwatch":29}],"Pocketwatch":[129]},"card_choices":[{"not_picked":["Flying Knee","Prepared"],"picked":"Dagger Spray","floor":1},{"not_picked":["Dagger Throw","Deadly Poison"],"picked":"Poisoned Stab","floor":3},{"not_picked":["Dagger Throw","Endless Agony"],"picked":"Crippling Poison","floor":4},{"not_picked":["Deflect","Bullet Time"],"picked":"Poisoned Stab","floor":7},{"not_picked":["Deadly Poison","Outmaneuver"],"picked":"Acrobatics","floor":11},{"not_picked":["Dagger Spray","Bane"],"picked":"Riddle With Holes","floor":12},{"not_picked":["Blade Dance","Tools of the Trade"],"picked":"Bane","floor":14},{"not_picked":["Glass Knife","Unload"],"picked":"Malaise","floor":16},{"not_picked":["Dagger Throw","Quick Slash"],"picked":"Backflip","floor":18},{"not_picked":["Dodge and Roll","Poisoned Stab"],"picked":"Deadly Poison+1","floor":21},{"not_picked":["Skewer","Bullet Time"],"picked":"Noxious Fumes","floor":24},{"not_picked":["Crippling Poison","Sucker Punch+1"],"picked":"Catalyst","floor":28},{"not_picked":["Sucker Punch+1","Underhanded Strike+1"],"picked":"PiercingWail","floor":30},{"not_picked":["Underhanded Strike+1","Terror"],"picked":"PiercingWail","floor":31},{"not_picked":["Die Die Die+1","Venomology"],"picked":"Burst","floor":33},{"not_picked":["Noxious Fumes","Cloak And Dagger","Dagger Throw+1"],"picked":"SKIP","floor":35},{"not_picked":["Eviscerate+1","Flying Knee+1","Noxious Fumes"],"picked":"SKIP","floor":38},{"not_picked":["Eviscerate+1","PiercingWail"],"picked":"Well Laid Plans","floor":39}],"player_experience":2298042,"relics_obtained":[{"floor":7,"key":"Orichalcum"},{"floor":9,"key":"HornCleat"},{"floor":11,"key":"Ornamental Fan"},{"floor":24,"key":"Oddly Smooth Stone"},{"floor":26,"key":"Smiling Mask"},{"floor":28,"key":"Molten Egg 2"}],"event_choices":[{"damage_healed":0,"gold_gain":275,"player_choice":"Desecrate","damage_taken":0,"max_hp_gain":0,"max_hp_loss":0,"event_name":"Golden Shrine","floor":2,"gold_loss":0,"cards_obtained":["Regret"]},{"damage_healed":0,"gold_gain":75,"player_choice":"Gather Gold","damage_taken":11,"max_hp_gain":0,"max_hp_loss":0,"event_name":"World of Goop","floor":5,"gold_loss":0},{"damage_healed":0,"gold_gain":0,"player_choice":"Donut","damage_taken":0,"max_hp_gain":5,"max_hp_loss":0,"event_name":"Big Fish","floor":10,"gold_loss":0},{"damage_healed":0,"gold_gain":0,"player_choice":"Shed Blood","damage_taken":25,"max_hp_gain":5,"max_hp_loss":0,"event_name":"Forgotten Altar","floor":19,"gold_loss":0},{"damage_healed":0,"gold_gain":0,"player_choice":"Max HP","damage_taken":0,"max_hp_gain":0,"max_hp_loss":4,"event_name":"Winding Halls","floor":36,"gold_loss":0},{"damage_healed":0,"gold_gain":0,"player_choice":"Upgraded","damage_taken":0,"max_hp_gain":0,"max_hp_loss":0,"event_name":"Upgrade Shrine","floor":37,"gold_loss":0,"cards_upgraded":["Footwork"]}],"is_beta":false,"boss_relics":[{"not_picked":["Busted Crown","SacredBark"],"picked":"Cursed Key"},{"not_picked":["WristBlade","Calling Bell"],"picked":"Pandora\u0027s Box"}],"items_purged_floors":[13,29],"is_endless":false,"potions_floor_spawned":[4,12,14,16,28,31,33],"killed_by":"Giant Head","ascension_level":20}}