{"host":"qyjrmrr57odine7m","time":1607602032,"event":{"gold_per_floor":[114,129,144,159,174,204,204,219,219,149,164,14,14,44,44,144,144,159,174,189,204,219,249,264,279,304,313,13,52,67,94,115,227,239,266,278,299,311,338,380,407,428,515,207,216,246,255,294,303,303],"floor_reached":51,"playtime":4989,"items_purged":[],"score":993,"play_id":"d65b779b-c953-44e5-9e87-0edf89786ed2","local_time":"20201210120712","daily_mods":["Allstar","Vintage","Night Terrors"],"is_ascension_mode":false,"campfire_choices":[{"data":"Anger","floor":7,"key":"SMITH"},{"floor":13,"key":"REST"},{"data":"SandsOfTime","floor":15,"key":"SMITH"},{"data":"Bandage Up+1","floor":27,"key":"PURGE"},{"data":"Bandage Up+1","floor":32,"key":"PURGE"},{"data":"Bandage Up+1","floor":42,"key":"PURGE"},{"data":"Ghostly+1","floor":47,"key":"PURGE"},{"data":"Ghostly+1","floor":49,"key":"PURGE"}],"neow_cost":"","seed_source_timestamp":0,"circlet_count":0,"master_deck":["Defend_P+1","Vigilance+1","Master of Strategy+1","The Bomb+1","Secret Technique+1","Consecrate+1","WindmillStrike+1","Establishment+1","SandsOfTime+1","Perseverance+1","Protect+1","Swift Strike+1","LikeWater+1","Evaluate+1","Ghostly+1"],"special_seed":18606,"relics":["PureWater","Hammer of Thor","Seething Fire","Anvil of the Gods","Boot","Bronze Scales","GoldenEye","Smiling Mask","Darkstone Periapt","Torii","Eternal Feather","Frozen Egg 2","Ornamental Fan","Omamori","Peace Pipe","Cursed Key","Potion Belt","Juzu Bracelet","Pantograph","Meat on the Bone","Bottled Flame","CeramicFish","Gremlin Horn","Damaru","Calipers","Bag of Marbles","MawBank","StrikeDummy","SacredBark","Art of War","Lantern","Nunchaku","Happy Flower","Shuriken","Ancient Tea Set","Du-Vu Doll","Regal Pillow"],"potions_floor_usage":[18,29,29,39,50,50],"damage_taken":[{"damage":0,"enemies":"Cultist","floor":1,"turns":2},{"damage":0,"enemies":"2 Louse","floor":2,"turns":2},{"damage":0,"enemies":"Jaw Worm","floor":3,"turns":3},{"damage":0,"enemies":"Blue Slaver","floor":4,"turns":3},{"damage":4,"enemies":"Large Slime","floor":5,"turns":3},{"damage":2,"enemies":"Lagavulin","floor":6,"turns":6},{"damage":0,"enemies":"2 Fungi Beasts","floor":8,"turns":2},{"damage":0,"enemies":"Blue Slaver","floor":11,"turns":4},{"damage":14,"enemies":"Gremlin Nob","floor":14,"turns":3},{"damage":8,"enemies":"The Guardian","floor":16,"turns":8},{"damage":0,"enemies":"Chosen","floor":18,"turns":3},{"damage":0,"enemies":"Shell Parasite","floor":19,"turns":4},{"damage":0,"enemies":"Shelled Parasite and Fungi","floor":20,"turns":4},{"damage":1,"enemies":"Snake Plant","floor":21,"turns":3},{"damage":0,"enemies":"Snecko","floor":22,"turns":5},{"damage":18,"enemies":"Slavers","floor":23,"turns":4},{"damage":0,"enemies":"Cultist and Chosen","floor":24,"turns":3},{"damage":2,"enemies":"Chosen and Byrds","floor":25,"turns":5},{"damage":0,"enemies":"Book of Stabbing","floor":29,"turns":3},{"damage":0,"enemies":"Centurion and Healer","floor":30,"turns":7},{"damage":0,"enemies":"Snake Plant","floor":31,"turns":4},{"damage":1,"enemies":"Automaton","floor":33,"turns":9},{"damage":10,"enemies":"Orb Walker","floor":35,"turns":3},{"damage":11,"enemies":"3 Darklings","floor":39,"turns":3},{"damage":24,"enemies":"Giant Head","floor":40,"turns":8},{"damage":0,"enemies":"Maw","floor":41,"turns":6},{"damage":0,"enemies":"Nemesis","floor":46,"turns":9},{"damage":1,"enemies":"Reptomancer","floor":48,"turns":8},{"damage":2,"enemies":"Time Eater","floor":50,"turns":10}],"seed_played":"8996604888150855735","potions_obtained":[{"floor":1,"key":"EssenceOfSteel"},{"floor":2,"key":"StancePotion"},{"floor":6,"key":"PowerPotion"},{"floor":19,"key":"Fire Potion"},{"floor":20,"key":"StancePotion"},{"floor":21,"key":"Swift Potion"},{"floor":29,"key":"Energy Potion"},{"floor":35,"key":"SpeedPotion"},{"floor":40,"key":"Weak Potion"}],"is_trial":false,"path_per_floor":["M","M","M","M","M","E","R","M","T","$","M","$","R","E","R","B",null,"M","M","M","M","M","E","M","M","T","R","$","E","M","M","R","B",null,"M","$","?","?","M","E","M","R","T","$","?","E","R","E","R","B",null],"character_chosen":"WATCHER","items_purchased":["WindmillStrike","Omamori","Calipers","LikeWater+1","CultistPotion","Ancient Tea Set"],"campfire_rested":1,"item_purchase_floors":[10,12,28,44,44,44],"current_hp_per_floor":[72,72,72,72,68,66,66,66,66,66,66,66,67,53,62,60,67,67,67,67,67,67,55,55,53,53,62,62,67,67,67,67,67,67,57,57,57,57,52,34,40,46,46,46,69,69,73,72,73,71],"gold":303,"neow_bonus":"","is_prod":false,"is_daily":true,"chose_seed":false,"campfire_upgraded":2,"win_rate":0,"timestamp":1607602032,"path_taken":["M","M","M","M","M","E","R","M","T","$","M","$","R","E","R","BOSS","M","M","M","M","M","E","M","M","T","R","$","E","M","M","R","BOSS","M","$","?","?","M","E","M","R","T","$","?","E","R","E","R","BOSS"],"build_version":"2020-11-30","purchased_purges":0,"victory":true,"max_hp_per_floor":[72,72,72,72,72,72,72,72,72,72,72,72,67,67,67,67,67,67,67,67,67,67,67,67,67,67,67,67,67,67,67,67,67,67,67,67,67,67,67,67,67,67,67,67,73,73,73,73,73,73],"card_choices":[{"not_picked":["FlurryOfBlows","Collect"],"picked":"Consecrate","floor":6},{"not_picked":["CrushJoints","WreathOfFlame","Swivel"],"picked":"SKIP","floor":14},{"not_picked":["Halt","Perseverance","InnerPeace"],"picked":"SKIP","floor":23},{"not_picked":["Wallop","JustLucky+1"],"picked":"Protect","floor":29},{"not_picked":["Mind Blast","PanicButton"],"picked":"Swift Strike","floor":37},{"not_picked":["Sanctity+1","EmptyBody+1","EmptyFist"],"picked":"SKIP","floor":40},{"not_picked":["PathToVictory+1","SashWhip+1","Omniscience"],"picked":"SKIP","floor":46},{"not_picked":["Conclude","EmptyBody"],"picked":"Evaluate","floor":48}],"player_experience":1131045,"relics_obtained":[{"floor":1,"key":"Boot"},{"floor":2,"key":"Bronze Scales"},{"floor":3,"key":"GoldenEye"},{"floor":4,"key":"Smiling Mask"},{"floor":5,"key":"Darkstone Periapt"},{"floor":6,"key":"Torii"},{"floor":8,"key":"Eternal Feather"},{"floor":9,"key":"Frozen Egg 2"},{"floor":11,"key":"Ornamental Fan"},{"floor":14,"key":"Peace Pipe"},{"floor":18,"key":"Potion Belt"},{"floor":19,"key":"Juzu Bracelet"},{"floor":20,"key":"Pantograph"},{"floor":21,"key":"Meat on the Bone"},{"floor":22,"key":"Bottled Flame"},{"floor":23,"key":"CeramicFish"},{"floor":25,"key":"Gremlin Horn"},{"floor":26,"key":"Damaru"},{"floor":29,"key":"Bag of Marbles"},{"floor":30,"key":"MawBank"},{"floor":31,"key":"StrikeDummy"},{"floor":35,"key":"Art of War"},{"floor":39,"key":"Lantern"},{"floor":40,"key":"Nunchaku"},{"floor":41,"key":"Happy Flower"},{"floor":43,"key":"Shuriken"},{"floor":46,"key":"Du-Vu Doll"},{"floor":48,"key":"Regal Pillow"}],"event_choices":[{"damage_healed":0,"gold_gain":0,"player_choice":"Memory 1","damage_taken":0,"max_hp_gain":0,"max_hp_loss":0,"event_name":"SensoryStone","floor":37,"gold_loss":0},{"cards_removed":["Eruption"],"damage_healed":0,"gold_gain":0,"player_choice":"Removed Attack","damage_taken":0,"max_hp_gain":0,"max_hp_loss":0,"event_name":"Falling","floor":38,"gold_loss":0},{"damage_healed":17,"gold_gain":0,"player_choice":"Writhe","damage_taken":0,"max_hp_gain":0,"max_hp_loss":0,"event_name":"Winding Halls","floor":45,"gold_loss":0,"cards_obtained":["Writhe"]}],"is_beta":false,"boss_relics":[{"not_picked":["Runic Dome","Black Star"],"picked":"Cursed Key"},{"not_picked":["VioletLotus","Astrolabe"],"picked":"SacredBark"}],"items_purged_floors":[],"is_endless":false,"potions_floor_spawned":[1,2,6,8,14,19,20,21,25,29,35,40,41],"ascension_level":0}}