{"host":"tyfpg4h531zkrrpn","time":1607586920,"event":{"gold_per_floor":[111,58,70,70,70,70,99,99,124,124,124,143,172,190,190,288,288,288],"floor_reached":17,"playtime":354,"items_purged":[],"score":288,"play_id":"974f55b1-38f6-4f8b-9b93-7ac3f7ca677b","local_time":"20201209235520","is_ascension_mode":true,"campfire_choices":[{"data":"Zap","floor":6.0,"key":"SMITH"},{"floor":11,"key":"RECALL"},{"data":"Barrage","floor":15,"key":"SMITH"}],"neow_cost":"NONE","seed_source_timestamp":324943173300,"circlet_count":0,"master_deck":["Barrage","Fusion","Genetic Algorithm","Force Field","Beam Cell","Fission","MostiFishMod:Impulse","MostiFishMod:Impulse","Skim","MostiFishMod:GatherIntelligence","Static Discharge","Rainbow","All For One","MostiFishMod:InterfaceCompatibility","Machine Learning","Meteor Strike","Thunder Strike"],"special_seed":0,"relics":["Cracked Core","DaveBox","DSteel32","PreservedInsect","Question Card","War Paint","Potion Belt","Symbiotic Virus","ImportantClient","FixedStarFall"],"potions_floor_usage":[],"damage_taken":[{"damage":0.0,"enemies":"Small Slimes","floor":1.0,"turns":2.0},{"damage":3.0,"enemies":"2 Louse","floor":3.0,"turns":2.0},{"damage":8,"enemies":"3 Sentries","floor":7,"turns":5},{"damage":0,"enemies":"Jaw Worm","floor":12,"turns":2},{"damage":6,"enemies":"Gremlin Nob","floor":13,"turns":3},{"damage":1,"enemies":"Exordium Wildlife","floor":14,"turns":3},{"damage":0,"enemies":"Slime Boss","floor":16,"turns":4}],"seed_played":"-3448344411425506412","potions_obtained":[{"floor":1.0,"key":"ColorlessPotion"},{"floor":3.0,"key":"Fire Potion"},{"floor":14,"key":"DuplicationPotion"},{"floor":16,"key":"PowerPotion"}],"is_trial":false,"path_per_floor":["M","$","M","?","$","R","E","?","T","?","R","M","E","M","R","B",null],"character_chosen":"DEFECT","items_purchased":["Ball Lightning"],"campfire_rested":0,"item_purchase_floors":[2],"current_hp_per_floor":[68,68,65,65,65,65,57,57,57,50,50,50,44,43,43,43,67,67],"gold":288,"neow_bonus":"RANDOM_COMMON_RELIC","is_prod":false,"is_daily":false,"chose_seed":false,"campfire_upgraded":2,"win_rate":0,"timestamp":1607586920,"path_taken":["M","$","M","?","$","R","E","?","T","?","R","M","E","M","R","BOSS"],"build_version":"2020-11-30","purchased_purges":0,"victory":false,"max_hp_per_floor":[75,75,75,75,75,75,75,75,75,75,75,75,75,75,75,75,75,75],"card_choices":[{"not_picked":["Skim","Tempest"],"picked":"Ball Lightning","floor":1.0},{"not_picked":["Lockon","Stack","Barrage"],"picked":"Cold Snap","floor":3.0},{"not_picked":["Biased Cognition","Beam Cell","Reinforced Body"],"picked":"Barrage","floor":7},{"not_picked":["Fusion","Static Discharge","Hologram"],"picked":"Conserve Battery","floor":12},{"not_picked":["Redo","Conserve Battery","Auto Shields"],"picked":"Leap","floor":13},{"not_picked":["Hologram","Genetic Algorithm","Blizzard"],"picked":"Sweeping Beam","floor":14},{"not_picked":["MostiFishMod:TalkingToTheRain","MostiFishMod:Impulse","Machine Learning"],"picked":"MostiFishMod:GatherIntelligence","floor":16}],"player_experience":554548,"relics_obtained":[{"floor":1.0,"key":"Question Card"},{"floor":7,"key":"War Paint"},{"floor":9,"key":"Potion Belt"},{"floor":13,"key":"Symbiotic Virus"},{"floor":16,"key":"ImportantClient"}],"event_choices":[{"damage_healed":0.0,"max_hp_gain":0.0,"max_hp_loss":0.0,"gold_gain":0.0,"cards_transformed":["Strike_B"],"event_name":"Living Wall","player_choice":"Change","floor":4.0,"gold_loss":0.0,"damage_taken":0.0,"cards_obtained":["BootSequence"]},{"damage_healed":0,"gold_gain":0,"player_choice":"Ignored","damage_taken":0,"max_hp_gain":0,"max_hp_loss":0,"event_name":"Liars Game","floor":8,"gold_loss":0},{"cards_removed":["Strike_B"],"damage_healed":0,"gold_gain":0,"player_choice":"Card Removal","damage_taken":7,"max_hp_gain":0,"max_hp_loss":0,"event_name":"Golden Wing","floor":10,"gold_loss":0}],"is_beta":false,"boss_relics":[{"not_picked":["BirthdayGift-Tetrahedron","BloodWine"],"picked":"FixedStarFall"}],"items_purged_floors":[],"is_endless":false,"potions_floor_spawned":[1,3,14,16],"ascension_level":7}}