{"host":"tfkz8stxzb1up54p","time":1607559445,"event":{"gold_per_floor":[857,893,935,707,743,743,743,779,779,168,198,198,258,306,306,606,606,660,711,756,804,852,888,888,888,912,912,966,996,1041,1074,1074,1383,1383,1422,1467,1503,1557,1614,1614,1656,1689,1757,1817,1817,1877,1946,2009,2021,2033],"floor_reached":51,"playtime":4878,"items_purged":["Combust","Warcry"],"score":861,"play_id":"4b678eef-632a-43c2-b982-271213c5fd23","local_time":"20201210001725","daily_mods":["Insanity","Vintage","Allstar","Heirloom","Time Dilation","Midas"],"is_ascension_mode":false,"campfire_choices":[{"floor":6,"key":"REST"},{"floor":12,"key":"REST"},{"floor":15,"key":"REST"},{"floor":24,"key":"REST"},{"floor":27,"key":"REST"},{"floor":32,"key":"REST"},{"floor":40,"key":"DIG"},{"floor":45,"key":"DIG"},{"floor":49,"key":"DIG"}],"neow_cost":"","seed_source_timestamp":0,"circlet_count":0,"master_deck":["Feel No Pain","Rupture","Evolve","Twin Strike","Twin Strike","Clothesline","Flex+1","Clothesline+1","Pommel Strike","Headbutt","Flex","Whirlwind","Cleave","Sword Boomerang","Dark Embrace","Pommel Strike","Armaments","Wild Strike","Infernal Blade","Heavy Blade","Dark Embrace","Feel No Pain","Perfected Strike","Searing Blow","Pommel Strike","Body Slam","Disarm","Pummel","Cleave","Warcry","Headbutt+1","Wild Strike","Evolve","Armaments","Warcry","Armaments","Warcry","Twin Strike","Warcry+1","Armaments","Thunderclap","Shockwave","Armaments","Sentinel","Fire Breathing","Rupture","Flex","Dramatic Entrance","PanicButton","Dark Shackles","Secret Weapon","Secret Technique","Demon Form","Limit Break+1"],"relics":["Burning Blood","Turnip","Bronze Scales","Bird Faced Urn","War Paint","Whetstone","Darkstone Periapt","Mummified Hand","HornCleat","Matryoshka","Gremlin Horn","Strawberry","PreservedInsect","Omamori","Busted Crown","Charon\u0027s Ashes","Toxic Egg 2","Boot","Happy Flower","Smiling Mask","Mango","Centennial Puzzle","MealTicket","Red Skull","Akabeko","Anchor","Toy Ornithopter","Calling Bell","Art of War","InkBottle","Shovel","Mercury Hourglass","Ancient Tea Set","CeramicFish","Letter Opener","Meat on the Bone","Bag of Marbles","Oddly Smooth Stone","Question Card","Prayer Wheel","White Beast Statue","Frozen Egg 2","MawBank","Kunai","Bag of Preparation","Pantograph","Pocketwatch"],"potions_floor_usage":[13,16,18,19,33,37,44,46,48,50,50,50],"damage_taken":[{"damage":6,"enemies":"2 Louse","floor":1,"turns":2},{"damage":0,"enemies":"Cultist","floor":2,"turns":1},{"damage":0,"enemies":"Small Slimes","floor":3,"turns":1},{"damage":0,"enemies":"3 Louse","floor":5,"turns":1},{"damage":6,"enemies":"Red Slaver","floor":8,"turns":3},{"damage":0,"enemies":"Looter","floor":11,"turns":2},{"damage":0,"enemies":"Large Slime","floor":13,"turns":1},{"damage":0,"enemies":"Lots of Slimes","floor":14,"turns":1},{"damage":31,"enemies":"Hexaghost","floor":16,"turns":4},{"damage":13,"enemies":"Spheric Guardian","floor":18,"turns":4},{"damage":0,"enemies":"2 Thieves","floor":19,"turns":1},{"damage":1,"enemies":"Centurion and Healer","floor":20,"turns":3},{"damage":0,"enemies":"Snake Plant","floor":21,"turns":2},{"damage":0,"enemies":"3 Cultists","floor":22,"turns":3},{"damage":4,"enemies":"Centurion and Healer","floor":23,"turns":3},{"damage":0,"enemies":"Snecko","floor":28,"turns":3},{"damage":0,"enemies":"3 Cultists","floor":29,"turns":2},{"damage":6,"enemies":"Cultist and Chosen","floor":30,"turns":2},{"damage":5,"enemies":"Centurion and Healer","floor":31,"turns":2},{"damage":8,"enemies":"Automaton","floor":33,"turns":6},{"damage":0,"enemies":"Orb Walker","floor":35,"turns":3},{"damage":0,"enemies":"3 Darklings","floor":37,"turns":1},{"damage":0,"enemies":"Transient","floor":38,"turns":5},{"damage":8,"enemies":"Writhing Mass","floor":39,"turns":3},{"damage":0,"enemies":"4 Shapes","floor":41,"turns":1},{"damage":5,"enemies":"Transient","floor":42,"turns":5},{"damage":0,"enemies":"Sphere and 2 Shapes","floor":44,"turns":1},{"damage":0,"enemies":"Maw","floor":46,"turns":4},{"damage":0,"enemies":"Jaw Worm Horde","floor":47,"turns":1},{"damage":9,"enemies":"Transient","floor":48,"turns":5},{"damage":13,"enemies":"Awakened One","floor":50,"turns":3}],"seed_played":"-1050460839292669023","potions_obtained":[{"floor":1,"key":"ColorlessPotion"},{"floor":5,"key":"SteroidPotion"},{"floor":8,"key":"Strength Potion"},{"floor":14,"key":"Ancient Potion"},{"floor":16,"key":"SkillPotion"},{"floor":20,"key":"ColorlessPotion"},{"floor":28,"key":"Swift Potion"},{"floor":31,"key":"ElixirPotion"},{"floor":33,"key":"SkillPotion"},{"floor":37,"key":"SkillPotion"},{"floor":44,"key":"Block Potion"},{"floor":46,"key":"DuplicationPotion"},{"floor":47,"key":"Block Potion"},{"floor":48,"key":"FearPotion"}],"is_trial":true,"path_per_floor":["M","M","M","$","M","R","?","M","T","$","M","R","M","M","R","B",null,"M","M","M","M","M","M","R","?","T","R","M","M","M","M","R","B",null,"M","T","M","M","M","R","M","M","T","M","R","M","M","M","R","B",null],"character_chosen":"IRONCLAD","items_purchased":["Whetstone","Matryoshka","Gremlin Horn"],"campfire_rested":6,"item_purchase_floors":[4,10,10],"current_hp_per_floor":[80,80,80,80,80,80,73,77,77,77,87,87,87,87,87,68,87,82,87,87,87,87,101,101,101,101,101,101,101,101,101,101,101,101,101,101,101,101,101,101,101,101,101,101,101,101,101,100,100,98],"gold":2045,"neow_bonus":"","is_prod":false,"is_daily":false,"chose_seed":false,"campfire_upgraded":0,"win_rate":0,"timestamp":1607559445,"path_taken":["M","M","M","$","M","R","?","M","T","$","M","R","M","M","R","BOSS","M","M","M","M","M","M","R","?","T","R","M","M","M","M","R","BOSS","M","?","M","M","?","R","M","M","T","M","R","M","M","M","R","BOSS"],"build_version":"2020-11-30","purchased_purges":2,"victory":true,"max_hp_per_floor":[80,80,80,80,80,80,80,80,80,80,87,87,87,87,87,87,87,87,87,87,87,87,101,101,101,101,101,101,101,101,101,101,101,101,101,101,101,101,101,101,101,101,101,101,101,101,101,101,101,101],"card_choices":[{"not_picked":["Corruption","Immolate"],"picked":"Demon Form","floor":16},{"not_picked":[],"picked":"Limit Break+1","floor":33}],"player_experience":1195332,"relics_obtained":[{"floor":1,"key":"Bronze Scales"},{"floor":2,"key":"Bird Faced Urn"},{"floor":3,"key":"War Paint"},{"floor":5,"key":"Darkstone Periapt"},{"floor":8,"key":"Mummified Hand"},{"floor":9,"key":"HornCleat"},{"floor":11,"key":"Strawberry"},{"floor":13,"key":"PreservedInsect"},{"floor":14,"key":"Omamori"},{"floor":18,"key":"Charon\u0027s Ashes"},{"floor":19,"key":"Toxic Egg 2"},{"floor":20,"key":"Boot"},{"floor":21,"key":"Happy Flower"},{"floor":22,"key":"Smiling Mask"},{"floor":23,"key":"Mango"},{"floor":26,"key":"Centennial Puzzle"},{"floor":26,"key":"MealTicket"},{"floor":28,"key":"Red Skull"},{"floor":29,"key":"Akabeko"},{"floor":30,"key":"Anchor"},{"floor":31,"key":"Toy Ornithopter"},{"floor":34,"key":"Art of War"},{"floor":34,"key":"InkBottle"},{"floor":34,"key":"Shovel"},{"floor":35,"key":"Mercury Hourglass"},{"floor":36,"key":"Ancient Tea Set"},{"floor":36,"key":"CeramicFish"},{"floor":37,"key":"Letter Opener"},{"floor":38,"key":"Meat on the Bone"},{"floor":39,"key":"Bag of Marbles"},{"floor":40,"key":"Oddly Smooth Stone"},{"floor":41,"key":"Question Card"},{"floor":42,"key":"Prayer Wheel"},{"floor":43,"key":"White Beast Statue"},{"floor":44,"key":"Frozen Egg 2"},{"floor":45,"key":"MawBank"},{"floor":46,"key":"Kunai"},{"floor":47,"key":"Bag of Preparation"},{"floor":48,"key":"Pantograph"},{"floor":49,"key":"Pocketwatch"}],"event_choices":[{"cards_removed":["Warcry"],"damage_healed":0,"gold_gain":0,"player_choice":"Card Removal","damage_taken":7,"max_hp_gain":0,"max_hp_loss":0,"event_name":"Golden Wing","floor":7,"gold_loss":0},{"damage_healed":0,"gold_gain":0,"player_choice":"Ignored","damage_taken":0,"max_hp_gain":0,"max_hp_loss":0,"event_name":"NoteForYourself","floor":25,"gold_loss":0}],"is_beta":false,"boss_relics":[{"not_picked":["Philosopher\u0027s Stone","Runic Cube"],"picked":"Busted Crown"},{"not_picked":["Coffee Dripper","Black Blood"],"picked":"Calling Bell"}],"items_purged_floors":[4,10],"is_endless":false,"potions_floor_spawned":[1,5,8,14,16,20,28,29,31,33,37,38,44,46,47,48],"ascension_level":0}}