{"host":"27hat5v0dffgaxzm","time":1607626877,"event":{"mods":["BaseMod","Highlight Path","Minty Spire (QoL Compilation)","Quick Restart","Permanent Neow","Colored Map","Colored Powertips"],"gold_per_floor":[114,114,127,138,153,153,184,184,210,242,260,132,132,132,132,209,209,219,219,231,241,241,241,241],"floor_reached":23,"playtime":777,"items_purged":["Strike_G"],"score":402,"play_id":"a3c6bfa6-ec73-4a5c-bc78-87e8fc050554","local_time":"20201211040117","is_ascension_mode":true,"campfire_choices":[{"data":"Cloak And Dagger","floor":6.0,"key":"SMITH"},{"data":"Neutralize","floor":8.0,"key":"SMITH"},{"data":"After Image","floor":15.0,"key":"SMITH"}],"circlet_count":0,"master_deck":["AscendersBane","Strike_G","Strike_G","Strike_G","Defend_G","Defend_G","Defend_G","Defend_G","Survivor","Neutralize+1","Backstab","Infinite Blades","Cloak And Dagger+1","Slice","After Image+1","Expertise","Accuracy","Envenom","CurseOfTheBell","Backstab","Backflip","Acrobatics"],"special_seed":0,"relics":["WristBlade","Blood Vial","Smiling Mask","Akabeko","Calling Bell","Orichalcum","Blue Candle","Ginger","Shuriken"],"acts_visited":["Exordium","TheCity"],"potions_floor_usage":[23],"damage_taken":[{"damage":1.0,"enemies":"Small Slimes","floor":1.0,"turns":4.0},{"damage":0.0,"enemies":"Cultist","floor":3.0,"turns":3.0},{"damage":3.0,"enemies":"Jaw Worm","floor":4.0,"turns":4.0},{"damage":7.0,"enemies":"Exordium Thugs","floor":5.0,"turns":4.0},{"damage":2.0,"enemies":"Lagavulin","floor":7.0,"turns":4.0},{"damage":19.0,"enemies":"3 Sentries","floor":10.0,"turns":8.0},{"damage":0.0,"enemies":"2 Fungi Beasts","floor":11.0,"turns":2.0},{"damage":4.0,"enemies":"Hexaghost","floor":16.0,"turns":9.0},{"damage":18.0,"enemies":"3 Byrds","floor":18.0,"turns":5.0},{"damage":17,"enemies":"Shell Parasite","floor":20,"turns":6},{"damage":20,"enemies":"Centurion and Healer","floor":21,"turns":7},{"damage":13,"enemies":"Book of Stabbing","floor":23,"turns":3}],"seed_played":"-245348530113139503","potions_obtained":[{"floor":4.0,"key":"EssenceOfSteel"},{"floor":5.0,"key":"Strength Potion"},{"floor":10.0,"key":"Poison Potion"},{"floor":21,"key":"Weak Potion"}],"is_trial":false,"path_per_floor":["M","?","M","M","M","R","E","R","T","E","M","$","?","?","R","B",null,"M","?","M","M","T","E"],"character_chosen":"THE_SILENT","items_purchased":["Accuracy"],"campfire_rested":0,"item_purchase_floors":[12],"current_hp_per_floor":[58,58,58,55,48,48,46,46,46,29,31,31,31,31,31,29,57,41,41,26,8,8,0,0],"gold":241,"neow_bonus":"BOSS_RELIC","is_daily":false,"chose_seed":false,"campfire_upgraded":3,"win_rate":0,"timestamp":1607626877,"path_taken":["M","?","M","M","M","R","E","R","T","E","M","?","?","?","R","BOSS","M","?","M","M","?","E"],"build_version":"2020-11-30","purchased_purges":1,"victory":false,"max_hp_per_floor":[66,66,66,66,66,66,66,66,66,66,66,66,66,66,66,66,66,66,66,66,66,66,66,66],"card_choices":[{"not_picked":["PiercingWail","Prepared"],"picked":"Backstab","floor":1.0},{"not_picked":["Dash","Crippling Poison"],"picked":"Cloak And Dagger","floor":3.0},{"not_picked":["Acrobatics","Prepared"],"picked":"Slice","floor":4.0},{"not_picked":["Sucker Punch","Deadly Poison","Riddle With Holes"],"picked":"SKIP","floor":5.0},{"not_picked":["Dagger Spray","Deadly Poison","Quick Slash"],"picked":"SKIP","floor":7.0},{"not_picked":["Dodge and Roll","Footwork"],"picked":"After Image","floor":10.0},{"not_picked":["Underhanded Strike","Riddle With Holes"],"picked":"Expertise","floor":11.0},{"not_picked":["After Image","Storm of Steel"],"picked":"Envenom","floor":16.0},{"not_picked":["Slice","Backflip"],"picked":"Backstab","floor":18.0},{"not_picked":["Terror","Bouncing Flask"],"picked":"Backflip","floor":20},{"not_picked":["Sucker Punch","Outmaneuver"],"picked":"Acrobatics","floor":21}],"player_experience":297978,"relics_obtained":[{"floor":7.0,"key":"Blood Vial"},{"floor":9.0,"key":"Smiling Mask"},{"floor":10.0,"key":"Akabeko"},{"floor":17.0,"key":"Orichalcum"},{"floor":17.0,"key":"Blue Candle"},{"floor":17.0,"key":"Ginger"},{"floor":22,"key":"Shuriken"}],"event_choices":[{"damage_healed":0.0,"max_hp_gain":0.0,"max_hp_loss":0.0,"gold_gain":0.0,"cards_transformed":["Strike_G"],"event_name":"Transmorgrifier","player_choice":"Transformed","floor":2.0,"gold_loss":0.0,"damage_taken":0.0,"cards_obtained":["Infinite Blades"]},{"damage_healed":0.0,"max_hp_gain":0.0,"max_hp_loss":0.0,"gold_gain":0.0,"event_name":"Liars Game","player_choice":"Ignored","floor":13.0,"gold_loss":0.0,"damage_taken":0.0},{"cards_removed":["Defend_G"],"damage_healed":0.0,"max_hp_gain":0.0,"max_hp_loss":0.0,"gold_gain":0.0,"event_name":"Living Wall","player_choice":"Forget","floor":14.0,"gold_loss":0.0,"damage_taken":0.0},{"damage_healed":0.0,"max_hp_gain":0.0,"max_hp_loss":0.0,"gold_gain":0.0,"event_name":"Ghosts","player_choice":"Ignored","floor":19.0,"gold_loss":0.0,"damage_taken":0.0}],"is_beta":false,"boss_relics":[{"not_picked":["SlaversCollar","Cursed Key"],"picked":"Calling Bell"}],"items_purged_floors":[12],"is_endless":false,"potions_floor_spawned":[4,5,10,21],"killed_by":"Book of Stabbing","ascension_level":20}}