{"host":"gn6ds4edjslinxdh","time":1607578621,"event":{"gold_per_floor":[112,129,129,144,159,159,184,198,198,223,173,173,188,217,217,321,321,336,62,79,29,44,44,55,85,112,112,141,155,180,191,191,292,292,307,324,324,336,351,378,378,412,439,31,61,70,70,99,99,99],"floor_reached":51,"playtime":19090,"items_purged":["Strike_P","Defend_P","Defend_P","Strike_P"],"score":1068,"play_id":"12d4cc18-db98-4604-88a4-309209dfea82","local_time":"20201209213701","is_ascension_mode":true,"campfire_choices":[{"data":"Eruption","floor":6.0,"key":"SMITH"},{"data":"TalkToTheHand","floor":15.0,"key":"SMITH"},{"data":"Vault","floor":23.0,"key":"SMITH"},{"data":"LikeWater","floor":27.0,"key":"SMITH"},{"floor":32.0,"key":"REST"},{"data":"CrushJoints","floor":41.0,"key":"SMITH"},{"data":"MentalFortress","floor":47.0,"key":"SMITH"},{"data":"MentalFortress","floor":49.0,"key":"SMITH"}],"neow_cost":"NONE","seed_source_timestamp":457460210156800,"circlet_count":0,"master_deck":["Defend_P","Defend_P","Eruption+1","Vigilance+1","Protect+1","CarveReality+1","TalkToTheHand+1","Vault+1","Wireheading","FearNoEvil","DeceiveReality","DeceiveReality","ReachHeaven+1","Establishment","LikeWater+1","Crescendo+1","FlurryOfBlows","WaveOfTheHand+1","Wallop+1","Meditate","MentalFortress+1","Crescendo","DeusExMachina","CrushJoints+1","Indignation+1","CutThroughFate+1","MentalFortress+1","Master of Strategy","FearNoEvil"],"special_seed":0,"relics":["SacredBark","Bottled Flame","Smiling Mask","Orichalcum","Pear","Black Star","OrangePellets","Darkstone Periapt","Omamori","War Paint","Happy Flower","Nunchaku","Ornamental Fan","Regal Pillow","Coffee Dripper","Oddly Smooth Stone","Akabeko","CeramicFish","Pen Nib","Strawberry","Whetstone","Bag of Preparation","Potion Belt","StoneCalendar"],"potions_floor_usage":[50],"damage_taken":[{"damage":0.0,"enemies":"2 Louse","floor":1.0,"turns":4.0},{"damage":12.0,"enemies":"Cultist","floor":2.0,"turns":7.0},{"damage":0.0,"enemies":"Small Slimes","floor":4.0,"turns":4.0},{"damage":1.0,"enemies":"Blue Slaver","floor":5.0,"turns":7.0},{"damage":8.0,"enemies":"3 Sentries","floor":7.0,"turns":6.0},{"damage":8.0,"enemies":"2 Fungi Beasts","floor":8.0,"turns":3.0},{"damage":0.0,"enemies":"Gremlin Nob","floor":10.0,"turns":3.0},{"damage":0.0,"enemies":"Large Slime","floor":13.0,"turns":3.0},{"damage":18.0,"enemies":"3 Sentries","floor":14.0,"turns":11.0},{"damage":0.0,"enemies":"Slime Boss","floor":16.0,"turns":6.0},{"damage":6.0,"enemies":"Spheric Guardian","floor":18.0,"turns":3.0},{"damage":2.0,"enemies":"Chosen","floor":20.0,"turns":8.0},{"damage":0.0,"enemies":"Snecko","floor":22.0,"turns":5.0},{"damage":7.0,"enemies":"3 Cultists","floor":24.0,"turns":6.0},{"damage":3.0,"enemies":"Book of Stabbing","floor":25.0,"turns":6.0},{"damage":8.0,"enemies":"Gremlin Leader","floor":28.0,"turns":5.0},{"damage":21.0,"enemies":"Snake Plant","floor":29.0,"turns":3.0},{"damage":13.0,"enemies":"Book of Stabbing","floor":30.0,"turns":6.0},{"damage":0.0,"enemies":"Centurion and Healer","floor":31.0,"turns":5.0},{"damage":1.0,"enemies":"Champ","floor":33.0,"turns":11.0},{"damage":0.0,"enemies":"3 Darklings","floor":35.0,"turns":6.0},{"damage":5.0,"enemies":"Orb Walker","floor":36.0,"turns":5.0},{"damage":0.0,"enemies":"Maw","floor":38.0,"turns":7.0},{"damage":0.0,"enemies":"Transient","floor":39.0,"turns":6.0},{"damage":26.0,"enemies":"Reptomancer","floor":40.0,"turns":8.0},{"damage":5.0,"enemies":"Nemesis","floor":42.0,"turns":6.0},{"damage":0.0,"enemies":"Giant Head","floor":45.0,"turns":8.0},{"damage":0.0,"enemies":"Sphere and 2 Shapes","floor":48.0,"turns":4.0},{"damage":19,"enemies":"Awakened One","floor":50,"turns":14}],"seed_played":"8124260285228572560","potions_obtained":[{"floor":2.0,"key":"EssenceOfSteel"},{"floor":4.0,"key":"Fire Potion"},{"floor":5.0,"key":"Ambrosia"},{"floor":7.0,"key":"Block Potion"},{"floor":13.0,"key":"Regen Potion"},{"floor":16.0,"key":"EssenceOfSteel"},{"floor":20.0,"key":"GamblersBrew"},{"floor":25.0,"key":"SpeedPotion"},{"floor":29.0,"key":"Swift Potion"},{"floor":33.0,"key":"LiquidMemories"},{"floor":38.0,"key":"Dexterity Potion"},{"floor":40.0,"key":"FearPotion"}],"is_trial":false,"path_per_floor":["M","M","?","M","M","R","E","M","T","E","$","?","M","E","R","B",null,"M","$","M","$","M","R","M","E","T","R","E","M","E","M","R","B",null,"M","M","?","M","M","E","R","E","T","$","E","?","R","M","R","B",null],"character_chosen":"WATCHER","items_purchased":["LikeWater","OrangePellets","Whetstone","Bag of Preparation","MentalFortress"],"campfire_rested":1,"item_purchase_floors":[19,19,44,44,44],"current_hp_per_floor":[72,60,60,60,59,59,51,43,43,43,43,43,43,82,82,82,82,76,76,74,74,74,74,67,64,64,64,56,35,22,22,61,60,82,82,77,77,77,77,51,51,46,53,53,53,53,53,53,53,34],"gold":99,"neow_bonus":"BOSS_RELIC","is_prod":false,"is_daily":false,"chose_seed":false,"campfire_upgraded":7,"win_rate":0,"timestamp":1607578621,"path_taken":["M","M","?","M","M","R","E","M","T","E","$","?","M","E","R","BOSS","M","$","M","$","?","R","M","E","T","R","E","M","E","M","R","BOSS","M","M","?","M","?","E","R","E","T","$","E","?","R","M","R","BOSS"],"build_version":"2020-11-30","purchased_purges":4,"victory":true,"max_hp_per_floor":[72,72,72,72,72,72,72,72,72,72,72,72,72,82,82,82,82,82,82,82,82,82,82,82,82,82,82,82,82,82,82,82,82,82,82,82,82,82,82,82,82,82,89,89,89,89,89,89,89,89],"relic_stats":{"Darkstone Periapt":0,"Regal Pillow":15,"Happy Flower":[29],"counters":[29,176],"CeramicFish":27,"StoneCalendar":[52],"Pen Nib":[6],"Bag of Preparation":[6],"Whetstone":["ReachHeaven","CarveReality"],"Orichalcum":[66],"War Paint":["Protect","Vigilance"],"Smiling Mask":250,"OrangePellets":[9],"Nunchaku":[22],"Ornamental Fan":[184],"Black Star":6,"obtain_stats":[{"Darkstone Periapt":25,"Regal Pillow":30,"SacredBark":0,"CeramicFish":42,"StoneCalendar":45,"Bag of Preparation":44,"Whetstone":44,"Smiling Mask":9,"Nunchaku":28,"Strawberry":43,"Potion Belt":45,"Pear":14,"Happy Flower":28,"Oddly Smooth Stone":40,"Pen Nib":42,"Omamori":25,"Orichalcum":10,"War Paint":26,"Akabeko":40,"OrangePellets":19,"Bottled Flame":7,"Ornamental Fan":30,"Black Star":17,"Coffee Dripper":34,"PureWater":0},{"Darkstone Periapt":15,"Regal Pillow":18,"SacredBark":0,"CeramicFish":26,"StoneCalendar":27,"Bag of Preparation":26,"Whetstone":26,"Smiling Mask":6,"Nunchaku":16,"Strawberry":26,"Potion Belt":27,"Pear":9,"Happy Flower":16,"Oddly Smooth Stone":25,"Pen Nib":26,"Omamori":15,"Orichalcum":7,"War Paint":15,"Akabeko":25,"OrangePellets":11,"Bottled Flame":5,"Ornamental Fan":18,"Black Star":10,"Coffee Dripper":20,"PureWater":0},{"Darkstone Periapt":82,"Regal Pillow":96,"SacredBark":0,"CeramicFish":150,"StoneCalendar":158,"Bag of Preparation":150,"Whetstone":150,"Smiling Mask":31,"Nunchaku":87,"Strawberry":150,"Potion Belt":158,"Pear":48,"Happy Flower":87,"Oddly Smooth Stone":144,"Pen Nib":150,"Omamori":82,"Orichalcum":34,"War Paint":82,"Akabeko":144,"OrangePellets":57,"Bottled Flame":28,"Ornamental Fan":96,"Black Star":54,"Coffee Dripper":112,"PureWater":0}]},"card_choices":[{"not_picked":["Prostrate","JustLucky"],"picked":"Protect","floor":1.0},{"not_picked":["Evaluate","Vengeance"],"picked":"CarveReality","floor":2.0},{"not_picked":["DeceiveReality","Prostrate"],"picked":"TalkToTheHand","floor":4.0},{"not_picked":["WreathOfFlame","Swivel","Pray"],"picked":"SKIP","floor":5.0},{"not_picked":["Evaluate","EmptyFist"],"picked":"Vault","floor":7.0},{"not_picked":["Swivel","Perseverance"],"picked":"Wireheading","floor":8.0},{"not_picked":["Fasting2","FollowUp"],"picked":"FearNoEvil","floor":10.0},{"not_picked":["CarveReality","PathToVictory"],"picked":"DeceiveReality","floor":13.0},{"not_picked":["EmptyMind","Pray"],"picked":"ReachHeaven","floor":14.0},{"not_picked":["Brilliance","Vault"],"picked":"Establishment","floor":16.0},{"not_picked":["FollowUp+1","BowlingBash","Worship"],"picked":"SKIP","floor":18.0},{"not_picked":["EmptyBody","EmptyFist"],"picked":"Crescendo+1","floor":20.0},{"not_picked":["FlyingSleeves+1","EmptyFist"],"picked":"FlurryOfBlows","floor":22.0},{"not_picked":["JustLucky","Sanctity"],"picked":"WaveOfTheHand+1","floor":24.0},{"not_picked":["SpiritShield","Consecrate"],"picked":"Wallop+1","floor":25.0},{"not_picked":["Fasting2+1","Sanctity"],"picked":"Meditate","floor":28.0},{"not_picked":["Consecrate","ThirdEye","Prostrate"],"picked":"SKIP","floor":29.0},{"not_picked":["Crescendo","EmptyFist"],"picked":"MentalFortress","floor":30.0},{"not_picked":["Evaluate","PathToVictory"],"picked":"Crescendo","floor":31.0},{"not_picked":["Establishment","Judgement"],"picked":"DeusExMachina","floor":33.0},{"not_picked":["EmptyFist+1","ThirdEye+1","FlyingSleeves"],"picked":"SKIP","floor":35.0},{"not_picked":["ThirdEye","Fasting2"],"picked":"CrushJoints","floor":36.0},{"not_picked":["FollowUp","FlurryOfBlows+1"],"picked":"Indignation+1","floor":38.0},{"not_picked":["SashWhip+1","Worship+1"],"picked":"CutThroughFate+1","floor":39.0},{"not_picked":["SashWhip","BowlingBash","ThirdEye"],"picked":"SKIP","floor":40.0},{"not_picked":["JustLucky","Protect","SashWhip"],"picked":"SKIP","floor":42.0},{"not_picked":["DeceiveReality","Prostrate","Fasting2+1"],"picked":"SKIP","floor":45.0},{"not_picked":["Thinking Ahead","Magnetism"],"picked":"Master of Strategy","floor":46.0},{"not_picked":["JustLucky","CrushJoints"],"picked":"FearNoEvil","floor":48.0}],"player_experience":488556,"relics_obtained":[{"floor":7.0,"key":"Bottled Flame"},{"floor":9.0,"key":"Smiling Mask"},{"floor":10.0,"key":"Orichalcum"},{"floor":14.0,"key":"Pear"},{"floor":25.0,"key":"Darkstone Periapt"},{"floor":25.0,"key":"Omamori"},{"floor":26.0,"key":"War Paint"},{"floor":28.0,"key":"Happy Flower"},{"floor":28.0,"key":"Nunchaku"},{"floor":30.0,"key":"Ornamental Fan"},{"floor":30.0,"key":"Regal Pillow"},{"floor":40.0,"key":"Oddly Smooth Stone"},{"floor":40.0,"key":"Akabeko"},{"floor":42.0,"key":"CeramicFish"},{"floor":42.0,"key":"Pen Nib"},{"floor":43.0,"key":"Strawberry"},{"floor":45.0,"key":"Potion Belt"},{"floor":45.0,"key":"StoneCalendar"}],"event_choices":[{"damage_healed":0.0,"max_hp_gain":0.0,"max_hp_loss":0.0,"gold_gain":0.0,"event_name":"Liars Game","player_choice":"Ignored","floor":3.0,"gold_loss":0.0,"damage_taken":0.0},{"damage_healed":0.0,"max_hp_gain":0.0,"max_hp_loss":0.0,"gold_gain":0.0,"cards_transformed":["Strike_P"],"event_name":"Transmorgrifier","player_choice":"Transformed","floor":12.0,"gold_loss":0.0,"damage_taken":0.0,"cards_obtained":["DeceiveReality"]},{"cards_removed":["Strike_P"],"damage_healed":0.0,"max_hp_gain":0.0,"max_hp_loss":0.0,"gold_gain":0.0,"event_name":"Bonfire Elementals","player_choice":"Offered Basic","floor":37.0,"gold_loss":0.0,"damage_taken":0.0},{"damage_healed":0.0,"max_hp_gain":0.0,"max_hp_loss":0.0,"gold_gain":0.0,"event_name":"SensoryStone","player_choice":"Memory 1","floor":46.0,"gold_loss":0.0,"damage_taken":0.0}],"is_beta":false,"boss_relics":[{"not_picked":["Sozu","Tiny House"],"picked":"Black Star"},{"not_picked":["Cursed Key","Snecko Eye"],"picked":"Coffee Dripper"}],"items_purged_floors":[11,19,21,44],"is_endless":false,"potions_floor_spawned":[2,4,5,7,13,16,20,25,29,31,33,38,40],"ascension_level":4}}