{"host":"4nqeo0vu1vuav7gg","time":1607630068,"event":{"mods":["BaseMod","AchievementEnabler","Block Reminder","Colored Map","Colored Powertips","Highlight Path","Minty Spire (QoL Compilation)","Quick Restart","Rare Cards Sparkle","Relic Relevance Reorder","StSLib"],"gold_per_floor":[114,132,152,152,168,196,196,196,196],"floor_reached":8,"playtime":373,"items_purged":[],"score":87,"play_id":"737dfd5e-6bf4-4456-af33-f3dd8b1417f7","local_time":"20201210205428","is_ascension_mode":true,"campfire_choices":[{"floor":7,"key":"REST"}],"circlet_count":0,"master_deck":["AscendersBane","Strike_B","Strike_B","Strike_B","Defend_B","Defend_B","Defend_B","Defend_B","Zap","Dualcast","Static Discharge","Sweeping Beam","Fusion","Machine Learning","Conserve Battery","Chaos"],"relics":["Cracked Core","StoneCalendar"],"acts_visited":["Exordium"],"potions_floor_usage":[6,6],"damage_taken":[{"damage":1,"enemies":"Cultist","floor":1,"turns":4},{"damage":3,"enemies":"2 Louse","floor":2,"turns":2},{"damage":9,"enemies":"Jaw Worm","floor":3,"turns":4},{"damage":29,"enemies":"Large Slime","floor":5,"turns":6},{"damage":18,"enemies":"Lagavulin","floor":6,"turns":7},{"damage":35,"enemies":"Gremlin Nob","floor":8,"turns":3}],"seed_played":"683565757548254026","potions_obtained":[{"floor":1,"key":"GamblersBrew"},{"floor":3,"key":"SpeedPotion"},{"floor":5,"key":"CultistPotion"}],"is_trial":false,"path_per_floor":["M","M","M","?","M","E","R","E"],"character_chosen":"DEFECT","items_purchased":[],"campfire_rested":1,"item_purchase_floors":[],"current_hp_per_floor":[63,60,51,51,22,4,30,0,0],"gold":196,"neow_bonus":"TWENTY_PERCENT_HP_BONUS","is_daily":false,"chose_seed":false,"campfire_upgraded":0,"win_rate":0,"timestamp":1607630068,"path_taken":["M","?","M","?","?","E","R","E"],"build_version":"2020-11-30","purchased_purges":0,"victory":false,"max_hp_per_floor":[89,89,89,89,89,89,89,89,89],"card_choices":[{"not_picked":["Skim","Beam Cell"],"picked":"Static Discharge","floor":1},{"not_picked":["Leap","Compile Driver"],"picked":"Sweeping Beam","floor":2},{"not_picked":["Streamline","Rebound"],"picked":"Fusion","floor":3},{"not_picked":["Beam Cell","Skim"],"picked":"Conserve Battery","floor":5},{"not_picked":["Barrage","Steam Power"],"picked":"Chaos","floor":6}],"player_experience":872073,"relics_obtained":[{"floor":6,"key":"StoneCalendar"}],"event_choices":[{"damage_healed":0,"gold_gain":0,"cards_transformed":["Strike_B"],"player_choice":"Transformed","damage_taken":0,"max_hp_gain":0,"max_hp_loss":0,"event_name":"Transmorgrifier","floor":4,"gold_loss":0,"cards_obtained":["Machine Learning"]}],"is_beta":false,"boss_relics":[],"items_purged_floors":[],"is_endless":false,"potions_floor_spawned":[1,3,5],"killed_by":"Gremlin Nob","ascension_level":10}}