{"host":"gx04ak8ofzo346nl","time":1607613726,"event":{"mods":["BaseMod","Colored Map","StSLib","Downfall","Googly Eyes","Minty Spire (QoL Compilation)","The Animator","The Cursed","The Servant 0.9.4","Duelist Mod","Friendly Minions","Replay The Spire","The Construct","The Disciple","The Necromancer"],"gold_per_floor":[113,128,138,154,167,167,167],"floor_reached":6,"playtime":668,"items_purged":[],"score":40,"play_id":"6df8c39b-2a47-4e30-bf4d-3a8ea51510f6","local_time":"20201210072206","is_ascension_mode":false,"campfire_choices":[],"circlet_count":0,"master_deck":["construct:Strike_Gold","construct:Strike_Gold","construct:Strike_Gold","construct:Strike_Gold","construct:Strike_Gold","construct:Defend_Gold","construct:Defend_Gold","construct:Defend_Gold","construct:Defend_Gold","construct:Defend_Gold","construct:AttackMode","construct:DefenseMode","construct:ModeShift","construct:Forcefield","construct:Zapper","construct:Anticipate","construct:ScopeCore"],"relics":["construct:Cogwheel"],"acts_visited":["Exordium"],"potions_floor_usage":[6],"damage_taken":[{"damage":13,"enemies":"Jaw Worm","floor":1,"turns":4},{"damage":5,"enemies":"Small Slimes","floor":2,"turns":4},{"damage":20,"enemies":"Cultist","floor":3,"turns":8},{"damage":15,"enemies":"Exordium Wildlife","floor":4,"turns":5},{"damage":35,"enemies":"Gremlin Gang","floor":5,"turns":10},{"damage":22,"enemies":"Lagavulin","floor":6,"turns":7}],"seed_played":"7729838695399950117","potions_obtained":[{"floor":4,"key":"SpeedPotion"}],"is_trial":false,"path_per_floor":["M","M","M","M","M","E"],"character_chosen":"THE_CONSTRUCT_MOD","items_purchased":[],"campfire_rested":0,"item_purchase_floors":[],"current_hp_per_floor":[80,75,55,40,5,0,0],"gold":167,"neow_bonus":"TEN_PERCENT_HP_BONUS","is_daily":false,"chose_seed":false,"campfire_upgraded":0,"win_rate":0.0,"timestamp":1607613726,"path_taken":["M","M","M","M","M","E"],"build_version":"2020-11-30","purchased_purges":0,"victory":false,"max_hp_per_floor":[93,93,93,93,93,93,93],"card_choices":[{"not_picked":["construct:FierceBash","construct:FlakBarrage"],"picked":"construct:ModeShift","floor":1},{"not_picked":["construct:Autoturret","construct:Anticipate"],"picked":"construct:Forcefield","floor":2},{"not_picked":["construct:FocusedBeam","construct:Anticipate"],"picked":"construct:Zapper","floor":3},{"not_picked":["construct:VentSteam","construct:FlakBarrage"],"picked":"construct:Anticipate","floor":4},{"not_picked":["construct:Synchronize","construct:Construct_Overclock"],"picked":"construct:ScopeCore","floor":5}],"player_experience":155883,"relics_obtained":[],"event_choices":[],"is_beta":false,"boss_relics":[],"items_purged_floors":[],"is_endless":false,"potions_floor_spawned":[4],"killed_by":"Lagavulin","ascension_level":0}}