{"host":"reugk9pd1uotrglt","time":1607561909,"event":{"gold_per_floor":[115,115,115,115,134,134,169,182,182,182,182,182],"floor_reached":11,"playtime":403,"items_purged":[],"score":142,"play_id":"08a3e1f9-0e83-43c7-af03-b889c0db9db0","local_time":"20201210015829","is_ascension_mode":true,"campfire_choices":[{"data":"Bane","floor":6.0,"key":"SMITH"}],"neow_cost":"NONE","seed_source_timestamp":257038508050300,"circlet_count":0,"master_deck":["AscendersBane","Strike_G","Strike_G","Strike_G","Strike_G","Strike_G","Defend_G","Defend_G","Defend_G","Defend_G","Defend_G","Survivor","Neutralize+1","Bane+1","Injury","Noxious Fumes","Skewer","Underhanded Strike"],"special_seed":0,"relics":["Snecko Eye","Golden Idol","Pear","Eternal Feather","Meat on the Bone"],"potions_floor_usage":[7],"damage_taken":[{"damage":2.0,"enemies":"Small Slimes","floor":1.0,"turns":5.0},{"damage":2.0,"enemies":"Jaw Worm","floor":5.0,"turns":3.0},{"damage":30,"enemies":"Gremlin Nob","floor":7,"turns":4},{"damage":0,"enemies":"2 Louse","floor":8,"turns":2},{"damage":17,"enemies":"3 Sentries","floor":11,"turns":4}],"seed_played":"-2515728405529490259","potions_obtained":[{"floor":5.0,"key":"Poison Potion"}],"is_trial":false,"path_per_floor":["M","?","?","?","M","R","E","M","T","?","E"],"character_chosen":"THE_SILENT","items_purchased":[],"campfire_rested":0,"item_purchase_floors":[],"current_hp_per_floor":[57,57,57,57,55,55,35,35,35,9,0,0],"gold":182,"neow_bonus":"BOSS_RELIC","is_prod":false,"is_daily":false,"chose_seed":false,"campfire_upgraded":1,"win_rate":0,"timestamp":1607561909,"path_taken":["M","?","?","?","?","R","E","M","T","?","E"],"build_version":"2020-11-30","purchased_purges":0,"victory":false,"max_hp_per_floor":[66,66,66,66,66,66,76,76,76,76,76,76],"card_choices":[{"not_picked":["Slice","Blade Dance"],"picked":"Bane","floor":1.0},{"not_picked":["Concentrate","Cloak And Dagger"],"picked":"Noxious Fumes","floor":5.0},{"not_picked":["Deflect","Cloak And Dagger"],"picked":"Skewer","floor":7},{"not_picked":["Bouncing Flask","Backflip"],"picked":"Underhanded Strike","floor":8}],"player_experience":1488943,"relics_obtained":[{"floor":7,"key":"Pear"},{"floor":9,"key":"Eternal Feather"}],"event_choices":[{"damage_healed":0.0,"max_hp_gain":0.0,"max_hp_loss":0.0,"gold_gain":0.0,"event_name":"Living Wall","player_choice":"Grow","floor":2.0,"gold_loss":0.0,"damage_taken":0.0,"cards_upgraded":["Neutralize"]},{"damage_healed":0.0,"max_hp_gain":0.0,"max_hp_loss":0.0,"gold_gain":0.0,"event_name":"Liars Game","player_choice":"Ignored","floor":3.0,"gold_loss":0.0,"damage_taken":0.0},{"damage_healed":0.0,"max_hp_gain":0.0,"max_hp_loss":0.0,"gold_gain":0.0,"event_name":"Golden Idol","player_choice":"Take Wound","floor":4.0,"gold_loss":0.0,"damage_taken":0.0,"relics_obtained":["Golden Idol"],"cards_obtained":["Injury"]},{"damage_healed":0,"gold_gain":0,"player_choice":"Success","damage_taken":26,"relics_obtained":["Meat on the Bone"],"max_hp_gain":0,"max_hp_loss":0,"event_name":"Scrap Ooze","floor":10,"gold_loss":0}],"is_beta":false,"boss_relics":[],"items_purged_floors":[],"is_endless":false,"potions_floor_spawned":[5],"killed_by":"3 Sentries","ascension_level":20}}