{"host":"dpbezu80jg8zk7un","time":1607619243,"event":{"mods":["BaseMod","Colored Map","Colored Powertips","Minty Spire (QoL Compilation)","StSLib","SuperFastMode","Custom Start","Quick Restart","DeckTracker"],"gold_per_floor":[114,130,130,55,55,55,55,85,112,112,29,63,74,106,106,183,183,198,54,54,54,54,54,66,98,98,198,230,242,179,208,220,307,319,347,376,388,400,430,442,275,328,353,165,193,143,143,154,154,154,154,154,154,80,107,107],"floor_reached":57,"playtime":1738,"items_purged":["Defend_P","Defend_P","Strike_P","Worship+1","EmptyFist+1","LessonLearned+1"],"score":3210,"play_id":"f5de3718-3b57-4fe6-a734-c018eca70d31","local_time":"20201211015403","is_ascension_mode":true,"campfire_choices":[{"data":"Eruption","floor":6.0,"key":"SMITH"},{"data":"EmptyFist","floor":10.0,"key":"SMITH"},{"data":"Adaptation","floor":15.0,"key":"SMITH"},{"floor":23.0,"key":"REST"},{"floor":29.0,"key":"REST"},{"floor":32.0,"key":"RECALL"},{"floor":40.0,"key":"REST"},{"floor":49,"key":"REST"},{"floor":53,"key":"REST"}],"circlet_count":0,"master_deck":["AscendersBane","Eruption+1","Vigilance+1","FearNoEvil+1","InnerPeace+1","Adaptation+1","Adaptation+1","MentalFortress+1","Vault+1","Purity"],"special_seed":0,"relics":["PureWater","NeowsBlessing","The Courier","Smiling Mask","Akabeko","Frozen Egg 2","VioletLotus","Pen Nib","Mango","Question Card","MawBank","Runic Pyramid","Happy Flower","Bronze Scales","Centennial Puzzle","OrangePellets","Eternal Feather","Shuriken"],"acts_visited":["Exordium","TheCity","TheBeyond","TheEnding"],"potions_floor_usage":[56],"damage_taken":[{"damage":0.0,"enemies":"Cultist","floor":1.0,"turns":1.0},{"damage":0.0,"enemies":"Small Slimes","floor":2.0,"turns":1.0},{"damage":0.0,"enemies":"3 Sentries","floor":8.0,"turns":1.0},{"damage":7.0,"enemies":"Lagavulin","floor":12.0,"turns":4.0},{"damage":0.0,"enemies":"2 Louse","floor":13.0,"turns":1.0},{"damage":12.0,"enemies":"3 Sentries","floor":14.0,"turns":5.0},{"damage":17.0,"enemies":"Hexaghost","floor":16.0,"turns":7.0},{"damage":21.0,"enemies":"Shell Parasite","floor":18.0,"turns":3.0},{"damage":0.0,"enemies":"Spheric Guardian","floor":24.0,"turns":2.0},{"damage":5.0,"enemies":"Gremlin Leader","floor":25.0,"turns":2.0},{"damage":8.0,"enemies":"Colosseum Slavers","floor":27.0,"turns":3.0},{"damage":0.0,"enemies":"Colosseum Nobs","floor":27.0,"turns":4.0},{"damage":29.0,"enemies":"Slavers","floor":28.0,"turns":3.0},{"damage":0.0,"enemies":"Snake Plant","floor":31.0,"turns":2.0},{"damage":0.0,"enemies":"Automaton","floor":33.0,"turns":2.0},{"damage":6.0,"enemies":"3 Shapes","floor":35.0,"turns":2.0},{"damage":0.0,"enemies":"3 Darklings","floor":36.0,"turns":2.0},{"damage":3.0,"enemies":"Transient","floor":39.0,"turns":6.0},{"damage":0.0,"enemies":"Giant Head","floor":45.0,"turns":3.0},{"damage":0,"enemies":"Maw","floor":48,"turns":2},{"damage":0,"enemies":"Donu and Deca","floor":50,"turns":3},{"damage":0,"enemies":"Awakened One","floor":51,"turns":3},{"damage":33,"enemies":"Shield and Spear","floor":55,"turns":2},{"damage":6,"enemies":"The Heart","floor":56,"turns":5}],"seed_played":"-7425611299246402440","potions_obtained":[{"floor":1.0,"key":"LiquidBronze"},{"floor":2.0,"key":"Ancient Potion"},{"floor":12.0,"key":"Fire Potion"},{"floor":16.0,"key":"Strength Potion"},{"floor":27.0,"key":"FearPotion"},{"floor":35.0,"key":"Swift Potion"}],"is_trial":false,"path_per_floor":["M","M","?","$","?","R","?","E","T","R","$","E","M","E","R","B",null,"M","$","?","?","?","R","M","E","T","?","E","R","?","M","R","B",null,"M","M","?","?","M","R","$","T","T","$","E","$","?","M","R","B","B",null,"R","$","E","B",null],"character_chosen":"WATCHER","items_purchased":["Adaptation","Adaptation+1","MentalFortress+1","Happy Flower","OrangePellets","Purity"],"campfire_rested":5,"item_purchase_floors":[11,19,19,41,44,54],"current_hp_per_floor":[61,61,66,66,66,66,44,44,44,44,44,37,37,25,25,8,57,36,36,36,36,36,57,57,52,52,58,29,55,55,55,55,55,79,73,73,63,63,60,86,86,86,86,86,86,86,86,86,87,87,87,87,87,87,54,48],"gold":107,"neow_bonus":"THREE_ENEMY_KILL","is_daily":false,"chose_seed":false,"campfire_upgraded":3,"win_rate":0,"timestamp":1607619243,"path_taken":["M","?","?","$","?","R","?","E","T","R","?","E","M","E","R","BOSS","M","$","?","?","?","R","?","E","T","?","E","R","?","M","R","BOSS","M","M","?","?","M","R","$","?","T","?","E","$","?","M","R","BOSS","BOSS","R","$","E","BOSS"],"build_version":"2020-11-30","purchased_purges":6,"victory":true,"max_hp_per_floor":[68,68,73,73,73,73,73,73,73,73,73,73,73,73,73,73,73,73,73,73,73,73,73,73,73,73,87,87,87,87,87,87,87,87,87,87,87,87,87,87,87,87,87,87,87,87,87,87,87,87,87,87,87,87,87,87],"card_choices":[{"not_picked":["Wallop","EmptyBody","Perseverance"],"picked":"SKIP","floor":1.0},{"not_picked":["Nirvana","Protect"],"picked":"EmptyFist","floor":2.0},{"not_picked":["FlurryOfBlows","Nirvana"],"picked":"InnerPeace","floor":8.0},{"not_picked":["MasterReality","LikeWater","Crescendo"],"picked":"SKIP","floor":12.0},{"not_picked":["Pray","CutThroughFate","JustLucky"],"picked":"SKIP","floor":13.0},{"not_picked":["ForeignInfluence","Collect","DevaForm+1"],"picked":"SKIP","floor":14.0},{"not_picked":["BowlingBash","SashWhip","Worship"],"picked":"SKIP","floor":18.0},{"not_picked":["Tantrum","EmptyFist","Prostrate"],"picked":"SKIP","floor":24.0},{"not_picked":["BattleHymn+1","Collect","ClearTheMind+1"],"picked":"SKIP","floor":25.0},{"not_picked":["Protect","SashWhip","Halt","Consecrate"],"picked":"SKIP","floor":28.0},{"not_picked":["EmptyBody","EmptyFist","Wish","WheelKick"],"picked":"SKIP","floor":31.0},{"not_picked":["Wish","Alpha","Ragnarok"],"picked":"Vault","floor":33.0},{"not_picked":["PathToVictory+1","Prostrate","Study+1","FollowUp"],"picked":"SKIP","floor":35.0},{"not_picked":["Adaptation+1","ClearTheMind","Nirvana+1","Perseverance"],"picked":"SKIP","floor":36.0},{"not_picked":["Collect","LikeWater+1","SashWhip+1","Crescendo"],"picked":"SKIP","floor":39.0},{"not_picked":["Worship+1","SpiritShield","Halt+1","Evaluate"],"picked":"SKIP","floor":45.0},{"not_picked":["Protect","Crescendo","Collect+1","Halt+1"],"picked":"SKIP","floor":48},{"not_picked":["Brilliance","FlurryOfBlows","Consecrate+1","ReachHeaven"],"picked":"SKIP","floor":55}],"player_experience":2736658,"relics_obtained":[{"floor":8.0,"key":"The Courier"},{"floor":9.0,"key":"Smiling Mask"},{"floor":12.0,"key":"Akabeko"},{"floor":14.0,"key":"Frozen Egg 2"},{"floor":25.0,"key":"Pen Nib"},{"floor":27.0,"key":"Mango"},{"floor":27.0,"key":"Question Card"},{"floor":28.0,"key":"MawBank"},{"floor":42.0,"key":"Bronze Scales"},{"floor":43.0,"key":"Centennial Puzzle"},{"floor":45.0,"key":"Eternal Feather"},{"floor":55,"key":"Shuriken"}],"event_choices":[{"damage_healed":0.0,"max_hp_gain":5.0,"max_hp_loss":0.0,"gold_gain":0.0,"event_name":"Big Fish","player_choice":"Donut","floor":3.0,"gold_loss":0.0,"damage_taken":0.0},{"damage_healed":0.0,"max_hp_gain":0.0,"max_hp_loss":0.0,"gold_gain":0.0,"cards_transformed":["Strike_P"],"event_name":"Living Wall","player_choice":"Change","floor":5.0,"gold_loss":0.0,"damage_taken":0.0,"cards_obtained":["FearNoEvil"]},{"damage_healed":0.0,"max_hp_gain":0.0,"max_hp_loss":0.0,"gold_gain":0.0,"event_name":"Shining Light","player_choice":"Entered Light","floor":7.0,"gold_loss":0.0,"damage_taken":22.0,"cards_upgraded":["Strike_P","Strike_P"]},{"cards_removed":["Defend_P"],"damage_healed":0.0,"max_hp_gain":0.0,"max_hp_loss":0.0,"gold_gain":0.0,"event_name":"Back to Basics","player_choice":"Elegance","floor":20.0,"gold_loss":0.0,"damage_taken":0.0},{"damage_healed":0.0,"max_hp_gain":0.0,"max_hp_loss":0.0,"gold_gain":0.0,"cards_transformed":["Strike_P","Defend_P"],"event_name":"Drug Dealer","player_choice":"Became Test Subject","floor":21.0,"gold_loss":0.0,"damage_taken":0.0,"cards_obtained":["Worship","LessonLearned"]},{"damage_healed":0.0,"max_hp_gain":0.0,"max_hp_loss":0.0,"gold_gain":0.0,"event_name":"Colosseum","player_choice":"Fight","floor":27.0,"gold_loss":0.0,"damage_taken":0.0},{"damage_healed":0.0,"max_hp_gain":0.0,"max_hp_loss":0.0,"gold_gain":0.0,"event_name":"Colosseum","player_choice":"Fought Nobs","floor":27.0,"gold_loss":0.0,"damage_taken":0.0},{"cards_removed":["Strike_P"],"damage_healed":0.0,"max_hp_gain":0.0,"max_hp_loss":0.0,"gold_gain":0.0,"event_name":"Beggar","player_choice":"Gave Gold","floor":30.0,"gold_loss":75.0,"damage_taken":0.0},{"damage_healed":0.0,"max_hp_gain":0.0,"max_hp_loss":0.0,"gold_gain":0.0,"event_name":"SensoryStone","player_choice":"Memory 3","floor":37.0,"gold_loss":0.0,"damage_taken":10.0},{"damage_healed":0.0,"max_hp_gain":0.0,"max_hp_loss":0.0,"gold_gain":0.0,"event_name":"Tomb of Lord Red Mask","player_choice":"Ignored","floor":38.0,"gold_loss":0.0,"damage_taken":0.0},{"damage_healed":0,"gold_gain":0,"player_choice":"0 cards matched","damage_taken":0,"max_hp_gain":0,"max_hp_loss":0,"event_name":"Match and Keep!","floor":47,"gold_loss":0,"cards_obtained":[]}],"is_beta":false,"boss_relics":[{"not_picked":["Sozu","Black Star"],"picked":"VioletLotus"},{"not_picked":["Pandora\u0027s Box","Empty Cage"],"picked":"Runic Pyramid"}],"items_purged_floors":[4,11,19,41,44,46],"is_endless":false,"potions_floor_spawned":[1,2,12,16,27,27,28,31,33,35,45,55],"ascension_level":20}}