{"host":"q3i87yx2dgqr54co","time":1607639035,"event":{"mods":["BaseMod","Minty Spire (QoL Compilation)","DeckTracker","Quick Restart","Colored Map","Highlight Path","Block Reminder","Colored Powertips","Relic Sorter","Relic Stats","Permanent Neow"],"gold_per_floor":[117,135,15,33,33,64,77,77,77,252,202,202,212,212,212,309,309,328,346,358,377,390,390,390],"floor_reached":23,"playtime":1952,"items_purged":[],"score":220,"play_id":"e62e5255-d23d-4065-aeca-7bba5bae3a15","local_time":"20201210172355","is_ascension_mode":false,"campfire_choices":[{"floor":8.0,"key":"RECALL"},{"floor":12.0,"key":"REST"},{"data":"Heavy Blade","floor":15.0,"key":"SMITH"}],"circlet_count":0,"master_deck":["Strike_R","Strike_R","Strike_R","Strike_R","Strike_R","Defend_R","Defend_R","Defend_R","Defend_R","Bash","Armaments","Armaments","Second Wind","Blood for Blood","Battle Trance","Shrug It Off","Inflame","Heavy Blade+1","Demon Form","Rampage+1","Anger","Pommel Strike+1","Dual Wield"],"special_seed":0,"relics":["Burning Blood","Magic Flower","Mercury Hourglass","Mark of Pain"],"acts_visited":["Exordium","TheCity"],"potions_floor_usage":[22,23,23],"damage_taken":[{"damage":3.0,"enemies":"2 Louse","floor":1.0,"turns":2.0},{"damage":3.0,"enemies":"Small Slimes","floor":2.0,"turns":4.0},{"damage":8.0,"enemies":"Jaw Worm","floor":4.0,"turns":5.0},{"damage":38.0,"enemies":"Gremlin Nob","floor":6.0,"turns":6.0},{"damage":22.0,"enemies":"Large Slime","floor":7.0,"turns":10.0},{"damage":9.0,"enemies":"Blue Slaver","floor":13.0,"turns":4.0},{"damage":54.0,"enemies":"Hexaghost","floor":16.0,"turns":9.0},{"damage":5,"enemies":"Spheric Guardian","floor":18,"turns":3},{"damage":8,"enemies":"Chosen","floor":19,"turns":5},{"damage":21,"enemies":"Shelled Parasite and Fungi","floor":20,"turns":4},{"damage":29,"enemies":"3 Cultists","floor":21,"turns":5},{"damage":19,"enemies":"Snake Plant","floor":22,"turns":5},{"damage":56,"enemies":"Slavers","floor":23,"turns":4}],"seed_played":"5843548210192644680","potions_obtained":[{"floor":4.0,"key":"Block Potion"},{"floor":16.0,"key":"GamblersBrew"},{"floor":18,"key":"Weak Potion"},{"floor":21,"key":"ColorlessPotion"}],"is_trial":false,"path_per_floor":["M","M","$","M","?","E","M","R","T","?","?","R","M","?","R","B",null,"M","M","M","M","M","E"],"character_chosen":"IRONCLAD","items_purchased":["Second Wind","Blood for Blood"],"campfire_rested":1,"item_purchase_floors":[3,3],"current_hp_per_floor":[96,96,96,94,87,55,42,42,42,42,42,70,70,70,70,25,96,96,96,84,64,54,0,0],"gold":390,"neow_bonus":"TWENTY_PERCENT_HP_BONUS","is_daily":false,"chose_seed":false,"campfire_upgraded":1,"win_rate":0,"timestamp":1607639035,"path_taken":["M","M","$","M","?","E","M","R","T","?","?","R","M","?","R","BOSS","M","M","M","M","M","E"],"build_version":"2020-11-30","purchased_purges":0,"victory":false,"max_hp_per_floor":[96,96,96,96,96,96,96,96,96,96,96,96,96,96,96,96,96,96,96,96,96,96,96,96],"relic_stats":{"counters":[13,66],"Magic Flower":[20],"obtain_stats":[{"Magic Flower":6,"Mark of Pain":17,"Burning Blood":0,"Mercury Hourglass":9},{"Magic Flower":4,"Mark of Pain":7,"Burning Blood":0,"Mercury Hourglass":5},{"Magic Flower":17,"Mark of Pain":40,"Burning Blood":0,"Mercury Hourglass":27}],"Burning Blood":85,"Mercury Hourglass":[150]},"card_choices":[{"not_picked":["Headbutt","Thunderclap"],"picked":"Armaments","floor":1.0},{"not_picked":["Twin Strike","Warcry"],"picked":"Armaments","floor":2.0},{"not_picked":["Uppercut","Warcry"],"picked":"Battle Trance","floor":4.0},{"not_picked":["Power Through","Fire Breathing"],"picked":"Shrug It Off","floor":6.0},{"not_picked":["Sword Boomerang","Headbutt"],"picked":"Inflame","floor":7.0},{"not_picked":["Ghostly Armor","Flame Barrier"],"picked":"Heavy Blade","floor":13.0},{"not_picked":["Fiend Fire","Limit Break"],"picked":"Demon Form","floor":16.0},{"not_picked":["Searing Blow","True Grit","Headbutt"],"picked":"SKIP","floor":18},{"not_picked":["Twin Strike","Sever Soul"],"picked":"Rampage+1","floor":19},{"not_picked":["Battle Trance","Infernal Blade"],"picked":"Anger","floor":20},{"not_picked":["Carnage","Cleave+1"],"picked":"Pommel Strike+1","floor":21},{"not_picked":["Whirlwind","Fire Breathing"],"picked":"Dual Wield","floor":22}],"player_experience":78471,"relics_obtained":[{"floor":6.0,"key":"Magic Flower"},{"floor":9.0,"key":"Mercury Hourglass"}],"event_choices":[{"cards_removed":["Regret"],"damage_healed":0.0,"max_hp_gain":0.0,"max_hp_loss":0.0,"gold_gain":0.0,"event_name":"Golden Wing","player_choice":"Card Removal","floor":5.0,"gold_loss":0.0,"damage_taken":7.0},{"damage_healed":0.0,"max_hp_gain":0.0,"max_hp_loss":0.0,"gold_gain":175.0,"event_name":"Liars Game","player_choice":"AGREE","floor":10.0,"gold_loss":0.0,"damage_taken":0.0,"cards_obtained":["Doubt"]},{"cards_removed":["Doubt"],"damage_healed":0.0,"max_hp_gain":0.0,"max_hp_loss":0.0,"gold_gain":0.0,"event_name":"The Cleric","player_choice":"Card Removal","floor":11.0,"gold_loss":50.0,"damage_taken":0.0},{"damage_healed":0.0,"max_hp_gain":0.0,"max_hp_loss":0.0,"gold_gain":0.0,"event_name":"Golden Idol","player_choice":"Ignored","floor":14.0,"gold_loss":0.0,"damage_taken":0.0}],"is_beta":false,"boss_relics":[{"not_picked":["Snecko Eye","Empty Cage"],"picked":"Mark of Pain"}],"items_purged_floors":[],"is_endless":false,"potions_floor_spawned":[4,16,18,21],"killed_by":"Slavers","ascension_level":0}}