{"host":"w4b7hmige5bnqipq","time":1607639637,"event":{"mods":["BaseMod","Minty Spire (QoL Compilation)","SuperFastMode","Rare Cards Sparkle","everything is the same but u backflip on backflip","slay the spire mod where everything is the same but ironclad has a cowboy hat"],"gold_per_floor":[12,36,55,72,89,89,99,99,125,125,150,75,86,115,115,190,190,201,211,211,229,67,67,102,17,17,33,33,63,81,105,105,180,180,190,190,235,235,245,245,277,294,294,294,311,338,349,383,383,383,383,383],"floor_reached":51,"playtime":2453,"items_purged":["Strike_G"],"score":1724,"play_id":"1d760e07-5d80-4820-bf33-48089bf62f23","local_time":"20201211073357","is_ascension_mode":true,"campfire_choices":[{"data":"Noxious Fumes","floor":6.0,"key":"SMITH"},{"data":"Backstab","floor":8.0,"key":"SMITH"},{"data":"Bane","floor":15.0,"key":"SMITH"},{"data":"Adrenaline","floor":23.0,"key":"SMITH"},{"data":"Finisher","floor":28.0,"key":"SMITH"},{"data":"Leg Sweep","floor":32.0,"key":"SMITH"},{"data":"Footwork","floor":40.0,"key":"SMITH"},{"floor":44,"key":"REST"},{"floor":49,"key":"RECALL"}],"circlet_count":0,"master_deck":["AscendersBane","Strike_G+1","Strike_G","Strike_G","Defend_G","Defend_G","Defend_G","Survivor","Neutralize","Escape Plan","Backstab+1","Riddle With Holes+1","Noxious Fumes+1","Blade Dance","Bane+1","Infinite Blades","Leg Sweep+1","Adrenaline+1","Finisher+1","Acrobatics","After Image","Escape Plan+1","Night Terror+1","Good Instincts+1","Backflip+1","Footwork+1","Acrobatics+1","Blade Dance+1","Cloak And Dagger+1","Tactician+1"],"special_seed":0,"relics":["Ring of the Snake","Anchor","Whetstone","HornCleat","Bronze Scales","WristBlade","Oddly Smooth Stone","Bag of Marbles","Blood Vial","Toxic Egg 2","Juzu Bracelet","Snake Skull","SlaversCollar","Gambling Chip","Letter Opener","Lantern","Bird Faced Urn"],"acts_visited":["Exordium","TheCity","TheBeyond"],"potions_floor_usage":[48,50,50,50],"damage_taken":[{"damage":3.0,"enemies":"Cultist","floor":1.0,"turns":5.0},{"damage":0.0,"enemies":"Jaw Worm","floor":3.0,"turns":4.0},{"damage":0.0,"enemies":"2 Louse","floor":4.0,"turns":3.0},{"damage":10.0,"enemies":"Large Slime","floor":5.0,"turns":7.0},{"damage":1.0,"enemies":"Looter","floor":7.0,"turns":4.0},{"damage":15.0,"enemies":"Lagavulin","floor":11.0,"turns":5.0},{"damage":0.0,"enemies":"Blue Slaver","floor":13.0,"turns":2.0},{"damage":0.0,"enemies":"Gremlin Nob","floor":14.0,"turns":3.0},{"damage":15.0,"enemies":"Hexaghost","floor":16.0,"turns":8.0},{"damage":0.0,"enemies":"Spheric Guardian","floor":18.0,"turns":1.0},{"damage":7.0,"enemies":"Shell Parasite","floor":19.0,"turns":4.0},{"damage":1.0,"enemies":"Cultist and Chosen","floor":21.0,"turns":5.0},{"damage":0.0,"enemies":"Gremlin Leader","floor":24.0,"turns":3.0},{"damage":0.0,"enemies":"Centurion and Healer","floor":27.0,"turns":3.0},{"damage":0.0,"enemies":"Slavers","floor":29.0,"turns":1.0},{"damage":1.0,"enemies":"Snake Plant","floor":30.0,"turns":3.0},{"damage":34.0,"enemies":"Champ","floor":33.0,"turns":11.0},{"damage":4.0,"enemies":"3 Darklings","floor":35.0,"turns":7.0},{"damage":22.0,"enemies":"2 Orb Walkers","floor":37.0,"turns":4.0},{"damage":0.0,"enemies":"Orb Walker","floor":39.0,"turns":2.0},{"damage":3.0,"enemies":"Giant Head","floor":41.0,"turns":7.0},{"damage":11,"enemies":"Writhing Mass","floor":42,"turns":5},{"damage":6,"enemies":"Transient","floor":45,"turns":6},{"damage":0,"enemies":"Reptomancer","floor":46,"turns":5},{"damage":0,"enemies":"Sphere and 2 Shapes","floor":47,"turns":2},{"damage":7,"enemies":"Nemesis","floor":48,"turns":7},{"damage":39,"enemies":"Awakened One","floor":50,"turns":17},{"damage":30,"enemies":"Time Eater","floor":51,"turns":4}],"seed_played":"-345794284185214247","potions_obtained":[{"floor":3.0,"key":"SkillPotion"},{"floor":7.0,"key":"Fire Potion"},{"floor":11.0,"key":"EssenceOfSteel"},{"floor":13.0,"key":"DuplicationPotion"},{"floor":19.0,"key":"Weak Potion"},{"floor":21.0,"key":"FearPotion"},{"floor":27.0,"key":"PowerPotion"},{"floor":30.0,"key":"SpeedPotion"},{"floor":37.0,"key":"Explosive Potion"},{"floor":48,"key":"EntropicBrew"}],"is_trial":false,"path_per_floor":["M","T","M","M","M","R","M","R","T","T","E","$","M","E","R","B",null,"M","M","?","M","$","R","E","?","T","M","R","E","M","T","R","B",null,"M","?","?","?","M","R","E","M","T","R","M","E","M","E","R","B","B"],"character_chosen":"THE_SILENT","items_purchased":["Oddly Smooth Stone"],"campfire_rested":1,"item_purchase_floors":[22],"current_hp_per_floor":[56,56,56,56,46,46,45,45,45,45,30,30,30,30,30,15,53,53,46,59,58,58,58,58,58,58,60,60,62,63,63,63,31,57,55,55,35,35,37,37,36,27,27,46,42,44,46,41,41,6,0,0],"gold":383,"neow_bonus":"REMOVE_TWO","is_daily":false,"chose_seed":false,"campfire_upgraded":7,"win_rate":0,"timestamp":1607639637,"path_taken":["M","?","M","?","M","R","M","R","T","?","E","?","M","E","R","BOSS","M","M","?","M","$","R","E","?","T","M","R","E","M","?","R","BOSS","M","?","?","?","M","R","E","M","T","R","M","E","M","E","R","BOSS","BOSS"],"build_version":"2020-11-30","purchased_purges":1,"victory":false,"max_hp_per_floor":[66,66,66,66,66,66,66,66,66,66,66,66,66,66,66,66,66,66,66,66,66,66,66,66,66,66,66,66,66,66,66,66,66,66,66,66,66,66,66,66,66,66,66,66,66,66,66,66,66,66,66,66],"card_choices":[{"not_picked":["Poisoned Stab","Underhanded Strike"],"picked":"Escape Plan","floor":1.0},{"not_picked":["Flechettes","Terror"],"picked":"Backstab","floor":3.0},{"not_picked":["Deadly Poison","Cloak And Dagger"],"picked":"Riddle With Holes","floor":4.0},{"not_picked":["Deadly Poison","Accuracy"],"picked":"Noxious Fumes","floor":5.0},{"not_picked":["Dodge and Roll","Outmaneuver"],"picked":"Blade Dance","floor":7.0},{"not_picked":["Poisoned Stab","PiercingWail"],"picked":"Bane","floor":11.0},{"not_picked":["Skewer","Leg Sweep"],"picked":"Infinite Blades","floor":13.0},{"not_picked":["Flechettes","Riddle With Holes"],"picked":"Leg Sweep","floor":14.0},{"not_picked":["Glass Knife","Bullet Time"],"picked":"Adrenaline","floor":16.0},{"not_picked":["Dagger Spray","Backstab"],"picked":"Finisher","floor":18.0},{"not_picked":["Heel Hook","Deadly Poison","Predator"],"picked":"SKIP","floor":19.0},{"not_picked":["Predator","Deflect","All Out Attack+1"],"picked":"SKIP","floor":21.0},{"not_picked":["Deadly Poison+1","Dagger Spray"],"picked":"Acrobatics","floor":24.0},{"not_picked":["Quick Slash","Flying Knee","All Out Attack"],"picked":"SKIP","floor":27.0},{"not_picked":["Underhanded Strike","Expertise+1"],"picked":"After Image","floor":29.0},{"not_picked":["Outmaneuver+1","Underhanded Strike"],"picked":"Escape Plan+1","floor":30.0},{"not_picked":["Malaise+1","Tools of the Trade"],"picked":"Night Terror+1","floor":33.0},{"not_picked":["Leg Sweep+1","Dagger Throw","PiercingWail+1"],"picked":"SKIP","floor":35.0},{"not_picked":["Dramatic Entrance","Trip+1"],"picked":"Good Instincts+1","floor":36.0},{"not_picked":["Poisoned Stab","Dagger Spray"],"picked":"Backflip+1","floor":37.0},{"not_picked":["Deadly Poison+1","Blur+1"],"picked":"Footwork","floor":39.0},{"not_picked":["Quick Slash","Flying Knee"],"picked":"Acrobatics+1","floor":41.0},{"not_picked":["Crippling Poison+1","Infinite Blades","Backflip+1"],"picked":"SKIP","floor":42},{"not_picked":["Dodge and Roll+1","Footwork"],"picked":"Blade Dance+1","floor":45},{"not_picked":["Flechettes","PiercingWail+1"],"picked":"Cloak And Dagger+1","floor":46},{"not_picked":["Backflip+1","Dagger Spray","Flechettes+1"],"picked":"SKIP","floor":47},{"not_picked":["Phantasmal Killer+1","Deflect+1"],"picked":"Tactician+1","floor":48}],"player_experience":372246,"relics_obtained":[{"floor":2.0,"key":"Anchor"},{"floor":9.0,"key":"Whetstone"},{"floor":10.0,"key":"HornCleat"},{"floor":14.0,"key":"Bronze Scales"},{"floor":24.0,"key":"Bag of Marbles"},{"floor":26.0,"key":"Toxic Egg 2"},{"floor":29.0,"key":"Juzu Bracelet"},{"floor":31.0,"key":"Snake Skull"},{"floor":37.0,"key":"Gambling Chip"},{"floor":41.0,"key":"Letter Opener"},{"floor":46,"key":"Lantern"},{"floor":48,"key":"Bird Faced Urn"}],"event_choices":[{"damage_healed":13.0,"max_hp_gain":0.0,"max_hp_loss":0.0,"gold_gain":0.0,"event_name":"The Library","player_choice":"Heal","floor":20.0,"gold_loss":0.0,"damage_taken":0.0},{"damage_healed":0.0,"max_hp_gain":0.0,"max_hp_loss":0.0,"gold_gain":0.0,"event_name":"Addict","player_choice":"Obtained Relic","floor":25.0,"gold_loss":85.0,"damage_taken":0.0,"relics_obtained":["Blood Vial"]},{"damage_healed":0.0,"max_hp_gain":0.0,"max_hp_loss":0.0,"gold_gain":0.0,"event_name":"SensoryStone","player_choice":"Memory 1","floor":36.0,"gold_loss":0.0,"damage_taken":0.0},{"damage_healed":0.0,"max_hp_gain":0.0,"max_hp_loss":0.0,"gold_gain":0.0,"event_name":"Mysterious Sphere","player_choice":"Fight","floor":37.0,"gold_loss":0.0,"damage_taken":0.0},{"cards_removed":["Defend_G"],"damage_healed":0.0,"max_hp_gain":0.0,"max_hp_loss":0.0,"gold_gain":0.0,"event_name":"Falling","player_choice":"Removed Skill","floor":38.0,"gold_loss":0.0,"damage_taken":0.0}],"is_beta":false,"boss_relics":[{"not_picked":["SacredBark","Sozu"],"picked":"WristBlade"},{"not_picked":["Empty Cage","Pandora\u0027s Box"],"picked":"SlaversCollar"}],"items_purged_floors":[12],"is_endless":false,"potions_floor_spawned":[3,7,11,13,19,21,27,30,37,41,42,46,48],"killed_by":"Time Eater","ascension_level":20}}