{"host":"61ejhfsushs0xmcl","time":1607615293,"event":{"mods":["BaseMod","StSLib","Colored Map","Gold Saver","Minty Spire (QoL Compilation)","TestMod","Waifu the Spire","Act Like it!","篝火指南","Spicy Shops","MostiFishMod","Marisa（F雨　魔理沙）","Replay The Spire","Dota2Spire","The Dragon Tamer"],"gold_per_floor":[3325,3325,3325,2277,2277,2308,1651,1651,1702,1735,1751,1777,1787,1803,1803,1877,1877,1889,1889,1889,1301,1053,1053,1079,1079,1079,1098,1115,1115,1148,1161,1161,1237,1237,1257,962,1362,1362,1376,1376,1376,1376,946,976,1052,1052,1052,1072,1072,1100,1100,1100,1100,1100,1100,880,913,913],"floor_reached":59,"playtime":2191,"items_purged":["Strike_R","Defend_R","Defend_R","Hemokinesis","Sickly","Strike_R","Strike_R+1","Defend_R+1","Bash"],"score":2469,"play_id":"478ff32d-fc16-4b58-b97e-c68b63890557","local_time":"20201210234813","is_ascension_mode":true,"campfire_choices":[{"data":"Replay:Many Hands","floor":8.0,"key":"SMITH"},{"data":"Dark Embrace","floor":15.0,"key":"SMITH"},{"data":"Rupture","floor":23,"key":"SMITH"},{"data":"Rupture","floor":29,"key":"SMITH"},{"data":"Demonic Infusion","floor":32,"key":"SMITH"},{"floor":42,"key":"RECALL"},{"data":"Evolve","floor":46,"key":"SMITH"},{"data":"Berserk","floor":49,"key":"SMITH"},{"data":"Disarm","floor":51,"key":"SMITH"},{"data":"Reaper","floor":55,"key":"SMITH"}],"circlet_count":0,"master_deck":["AscendersBane","Strike_R+1","Defend_R+1","Evolve+1","Hemokinesis+1","Replay:Many Hands+1","Dark Embrace+1","Reaper+1","Disarm+1","Rupture+1","Rupture+1","Demonic Infusion+1","Berserk+1","CurseOfTheBell","MostiFishMod:FireWorks+1"],"special_seed":0,"relics":["Burning Blood","testmod-TestBox","testmod-AssaultLearning","HereWithMe","Question Card","Bag of Preparation","testmod-IndustrialRevolution","Blue Doll","War Paint","ReplayTheSpireMod:Lightbulb","Replay:Mystery Machine","Lee\u0027s Waffle","Dota2Spire:OrchidMalevolence","Happy Flower","Whetstone","Snack Pack","ImportantClient","Runic Cube","Ring of Searing","Replay:Baseball","Dota2Spire:MonkeyKingBar","Replay:Ringing Soul","Replay:Rubber Ducky","MealTicket","Vajra","Calling Bell","Dota2Spire:EchoSabre","Question Card","Another Sword","TheAbacus","DaveBox","BrkXgEgg","Dota2Spire:OctarineCore","The Courier","Red Skull","Pantograph"],"acts_visited":["Exordium","TheCity","TheBeyond","TheEnding"],"potions_floor_usage":[33,58,58],"damage_taken":[{"damage":0.0,"enemies":"Cultist","floor":1.0,"turns":2.0},{"damage":9.0,"enemies":"Gremlin Nob","floor":6.0,"turns":3.0},{"damage":16.0,"enemies":"Lagavulin","floor":10.0,"turns":3.0},{"damage":4.0,"enemies":"Small Slimes","floor":11.0,"turns":2.0},{"damage":4.0,"enemies":"Gremlin Nob","floor":12.0,"turns":2.0},{"damage":2.0,"enemies":"Jaw Worm","floor":13.0,"turns":1.0},{"damage":12.0,"enemies":"3 Louse","floor":14.0,"turns":2.0},{"damage":63.0,"enemies":"Fading Forest","floor":16.0,"turns":7.0},{"damage":17.0,"enemies":"Spheric Guardian","floor":18.0,"turns":3.0},{"damage":7,"enemies":"Gremlin Leader","floor":24,"turns":2},{"damage":13,"enemies":"3 Byrds","floor":27,"turns":3},{"damage":15,"enemies":"3 Cultists","floor":28,"turns":3},{"damage":15,"enemies":"Book of Stabbing","floor":30,"turns":2},{"damage":12,"enemies":"Snecko","floor":31,"turns":3},{"damage":65,"enemies":"Collector","floor":33,"turns":4},{"damage":47,"enemies":"3 Shapes","floor":35,"turns":2},{"damage":0,"enemies":"Orb Walker","floor":39,"turns":1},{"damage":9,"enemies":"Reptomancer","floor":44,"turns":2},{"damage":6,"enemies":"Spire Growth","floor":48,"turns":1},{"damage":9,"enemies":"R_Hoarder","floor":50,"turns":2},{"damage":23,"enemies":"Donu and Deca","floor":52,"turns":2},{"damage":19,"enemies":"Replay:Hell Engine","floor":53,"turns":2},{"damage":44,"enemies":"Shield and Spear","floor":57,"turns":2},{"damage":90,"enemies":"The Heart","floor":58,"turns":5}],"seed_played":"1303803436597390615","potions_obtained":[{"floor":6.0,"key":"Venom Potion"},{"floor":16.0,"key":"FearPotion"},{"floor":24,"key":"Regen Potion"},{"floor":44,"key":"Dota2Spire:HealingSalve"}],"is_trial":false,"path_per_floor":["M","T","?","$","?","E","$","R","T","E","M","E","M","M","R","B",null,"M","?","?","$","$","R","E","?","T","M","M","R","E","M","R","B",null,"M","$","?","?","M","PTL","PTL","R","$","E","T","R","?","M","R","E","R","B","B",null,"R","$","E","B",null],"character_chosen":"IRONCLAD","items_purchased":["Bag of Preparation","testmod-IndustrialRevolution","Evolve","Hemokinesis","Blue Doll","War Paint","testmod-TestPotion","Replay:Mystery Machine","Lee\u0027s Waffle","Dota2Spire:OrchidMalevolence","Replay:Baseball","Rupture","Dota2Spire:MonkeyKingBar","Replay:Ringing Soul","TheAbacus"],"campfire_rested":0,"item_purchase_floors":[4,4,4,4,4,4,4,7,7,7,21,21,21,22,36],"current_hp_per_floor":[74,74,74,74,74,71,82,82,82,72,74,76,82,78,78,35,70,63,63,63,63,63,63,64,64,64,83,78,78,73,81,81,40,79,56,71,71,71,79,79,79,79,91,93,93,93,93,94,94,93,93,94,85,92,92,94,60,23],"gold":913,"neow_bonus":"HUNDRED_GOLD","is_daily":false,"chose_seed":false,"campfire_upgraded":9,"win_rate":0,"timestamp":1607615293,"path_taken":["M","?","?","?","?","E","$","R","T","E","M","E","M","?","R","BOSS","M","?","?","?","$","R","E","?","T","M","M","R","E","?","R","BOSS","M","$","?","?","M","PTL","PTL","R","$","E","T","R","?","?","R","E","R","BOSS","BOSS","R","$","E","BOSS"],"build_version":"2020-11-30","purchased_purges":9,"victory":true,"max_hp_per_floor":[75,75,75,75,75,75,82,82,82,82,82,82,82,82,82,82,82,82,82,82,82,82,82,82,82,82,85,85,85,85,85,85,88,91,91,91,91,91,91,91,91,91,91,94,94,94,94,94,94,94,94,94,94,94,94,94,94,94],"card_choices":[{"not_picked":["Iron Wave","Wild Strike","Run Through"],"picked":"SKIP","floor":1.0},{"not_picked":["Replay:Undeath\u0027s Touch","Sword Boomerang","Run Through"],"picked":"Replay:Many Hands","floor":6.0},{"not_picked":["Pommel Strike","Flex","MostiFishMod:404NotFound","Massacre"],"picked":"SKIP","floor":10.0},{"not_picked":["Armaments","ReplayReversal","Blood for Blood","Power Through"],"picked":"SKIP","floor":11.0},{"not_picked":["Massacre","Clash","Replay:Undeath\u0027s Touch","Armaments"],"picked":"SKIP","floor":12.0},{"not_picked":["Anger","Clash","Defy Death","Cleave"],"picked":"SKIP","floor":13.0},{"not_picked":["Anger","Clash","Defy Death","Cleave"],"picked":"SKIP","floor":13.0},{"not_picked":["Shrug It Off","Pommel Strike","Heavy Blade"],"picked":"Dark Embrace","floor":14.0},{"not_picked":["Limit Break","Corruption","Double Tap"],"picked":"Reaper","floor":16.0},{"not_picked":["Flex","Inflame","Headbutt","Clash"],"picked":"SKIP","floor":18.0},{"not_picked":["Anger","Burning Pact","Perfected Strike","Cleave"],"picked":"SKIP","floor":24},{"not_picked":["Iron Wave","ReplayTheSpireMod:LeadingStrike+1","Bloodletting"],"picked":"Demonic Infusion","floor":27},{"not_picked":["Thunderclap","Sword Boomerang","Pommel Strike","ReplayTheSpireMod:LeadingStrike"],"picked":"SKIP","floor":28},{"not_picked":["Body Slam","ReplayTheSpireMod:Stacked","Defy Death","Warcry"],"picked":"SKIP","floor":30},{"not_picked":["Armaments","Uppercut","ReplayTheSpireMod:Strike From Hell","Spot Weakness"],"picked":"SKIP","floor":31},{"not_picked":["MostiFishMod:NewArrival","MostiFishMod:UniRed","MostiFishMod:ChineseTea"],"picked":"Berserk","floor":33},{"not_picked":["Iron Wave","Abandon","Rage+1","Searing Blow","Heavy Blade"],"picked":"SKIP","floor":35},{"not_picked":["Sword Boomerang","Sever Soul","Uppercut+1","Wild Strike","Spot Weakness+1"],"picked":"SKIP","floor":39},{"not_picked":["Clash","Thunderclap+1","Carnage","Wild Strike"],"picked":"MostiFishMod:FireWorks+1","floor":44},{"not_picked":["Heavy Blade","Pommel Strike","Twin Strike+1","True Grit+1","Shrug It Off+1"],"picked":"SKIP","floor":48},{"not_picked":["Searing Blow","Reckless Charge","MostiFishMod:NewArrival+1","Spot Weakness","Flex"],"picked":"SKIP","floor":50},{"not_picked":["Seeing Red","Cleave","Reckless Charge","Body Slam","Demon Form+1"],"picked":"SKIP","floor":57}],"player_experience":774148,"relics_obtained":[{"floor":1.0,"key":"Question Card"},{"floor":6.0,"key":"ReplayTheSpireMod:Lightbulb"},{"floor":9.0,"key":"Happy Flower"},{"floor":10.0,"key":"Whetstone"},{"floor":12.0,"key":"Snack Pack"},{"floor":16.0,"key":"ImportantClient"},{"floor":20.0,"key":"Ring of Searing"},{"floor":20.0,"key":"ReplayTheSpireMod:Ring of Exchange"},{"floor":24,"key":"Replay:Rubber Ducky"},{"floor":26,"key":"MealTicket"},{"floor":30,"key":"Vajra"},{"floor":34,"key":"Dota2Spire:EchoSabre"},{"floor":34,"key":"Question Card"},{"floor":34,"key":"Another Sword"},{"floor":44,"key":"Dota2Spire:OctarineCore"},{"floor":45,"key":"The Courier"},{"floor":50,"key":"Red Skull"},{"floor":57,"key":"Pantograph"}],"event_choices":[{"damage_healed":0.0,"max_hp_gain":0.0,"max_hp_loss":0.0,"gold_gain":0.0,"event_name":"Upgrade Shrine","player_choice":"Upgraded","floor":5.0,"gold_loss":0.0,"damage_taken":0.0,"cards_upgraded":["Hemokinesis"]},{"damage_healed":0.0,"max_hp_gain":0.0,"max_hp_loss":0.0,"gold_gain":0.0,"event_name":"The Library","player_choice":"Read","floor":19.0,"gold_loss":0.0,"damage_taken":0.0,"cards_obtained":["Disarm"]},{"damage_healed":0,"gold_gain":0,"player_choice":"0 cards matched","damage_taken":0,"max_hp_gain":0,"max_hp_loss":0,"event_name":"Match and Keep!","floor":25,"gold_loss":0,"cards_obtained":[]},{"damage_healed":0,"gold_gain":400,"player_choice":"Sell","damage_taken":0,"max_hp_gain":0,"max_hp_loss":0,"event_name":"恩洛斯的盘子","floor":37,"relics_lost":["DaveBox"],"gold_loss":0},{"damage_healed":0,"gold_gain":0,"player_choice":"Swap Relic","damage_taken":0,"relics_obtained":["DaveBox"],"max_hp_gain":0,"max_hp_loss":0,"event_name":"给自己的盒子","floor":38,"relics_lost":["ReplayTheSpireMod:Ring of Exchange"],"gold_loss":0},{"damage_healed":0,"gold_gain":0,"player_choice":"Ignored","damage_taken":0,"max_hp_gain":0,"max_hp_loss":0,"event_name":"SecretPortal","floor":47,"gold_loss":0}],"is_beta":false,"boss_relics":[{"not_picked":["testmod-Prudence","testmod-TimeTraveler"],"picked":"Runic Cube"},{"not_picked":["Runic Dome","ReplayTheSpireMod:DimensionalGlitch"],"picked":"Calling Bell"}],"items_purged_floors":[4,4,7,21,22,36,43,43,56],"is_endless":false,"potions_floor_spawned":[6,12,16,24,27,31,44,50],"ascension_level":20}}