{"host":"w3inebsqralru4zj","time":1607618184,"event":{"mods":["BaseMod","AchievementEnabler","StSLib","Aspiration","Better Altar","Better Match","Better Note","Better Sensory Stone","Better Skull","Better Third Choice","BetterRewards","CCEM","Colored Map","Conspire","Downfall","GifTheSpireLib","Googly Eyes","Halation","Highlight Path","Hubris","Infinite Spire","Jedi Mod","Marisa????????","Mimic Mod","Minty Spire (QoL Compilation)","Permanent Neow","Replay The Spire","Shade Mod","Shop Mod","Spicy Shops","Stuff the Spire","everything is the same but u backflip on backflip"],"gold_per_floor":[119,119,131,131,54,54,54],"floor_reached":6,"playtime":529,"items_purged":[],"score":36,"play_id":"3ac5ea06-c131-44b7-bd4c-3e417c713509","local_time":"20201210173624","is_ascension_mode":true,"campfire_choices":[],"circlet_count":0,"master_deck":["Strike_G","Strike_G","Strike_G","Strike_G","Strike_G","Defend_G","Defend_G","Defend_G","Defend_G","Defend_G","Survivor","Neutralize","Poisoned Stab","infinitespire:UltimateForm","StuffTheSpire:CuriosityCurse","Accuracy"],"relics":["ReplayTheSpireMod:DimensionalGlitch","hubris:EvacipatedBox","hubris:KleinBottle","CCEMRelics:GrindingGear"],"acts_visited":["Exordium"],"potions_floor_usage":[6],"damage_taken":[{"damage":0,"enemies":"Cultist","floor":1,"turns":4},{"damage":1,"enemies":"conspire:RoseBush","floor":3,"turns":3},{"damage":32,"enemies":"3 Sentries","floor":6,"turns":4}],"seed_played":"-2872240562263550137","potions_obtained":[{"floor":1,"key":"Toxic Potion"}],"is_trial":false,"path_per_floor":["M","$","M","?","$","E"],"character_chosen":"THE_SILENT","items_purchased":["hubris:EvacipatedBox","hubris:KleinBottle","Accuracy"],"campfire_rested":0,"item_purchase_floors":[2,2,5],"current_hp_per_floor":[70,32,31,31,31,0,0],"gold":54,"neow_bonus":"BOSS_RELIC","is_daily":false,"chose_seed":false,"campfire_upgraded":0,"win_rate":0,"timestamp":1607618184,"path_taken":["M","?","?","?","?","E"],"build_version":"2020-11-30","purchased_purges":0,"victory":false,"max_hp_per_floor":[70,70,70,70,70,70,70],"card_choices":[{"not_picked":["StuffTheSpire:Fury","Deadly Poison"],"picked":"Poisoned Stab","floor":1},{"not_picked":["ReplayTheSpireMod:Book of Names","infinitespire:TheBestDefense"],"picked":"infinitespire:UltimateForm","floor":2},{"not_picked":["hubris:Counter","jedi:pocketpoison","Quick Slash"],"picked":"SKIP","floor":3}],"player_experience":166666,"relics_obtained":[],"event_choices":[],"is_beta":false,"boss_relics":[],"items_purged_floors":[],"is_endless":false,"potions_floor_spawned":[1],"killed_by":"3 Sentries","ascension_level":1}}