{"host":"9el4dfae55z5uwq4","time":1607638231,"event":{"mods":["BaseMod","Colored Map","StSLib","Colored Powertips","Custom Start","DeckTracker","Minty Spire (QoL Compilation)","SuperFastMode","Lobotomy"],"gold_per_floor":[11,29,46,46,46,46,56,84,110,70,96,96,111,130,130,130,130],"floor_reached":16,"playtime":420,"items_purged":[],"score":224,"play_id":"0cc17ac8-e444-41cd-af2a-311147107314","local_time":"20201211071031","is_ascension_mode":true,"campfire_choices":[{"data":"Calculated Gamble","floor":6.0,"key":"SMITH"},{"floor":12.0,"key":"REST"},{"data":"Terror","floor":15,"key":"SMITH"}],"circlet_count":0,"master_deck":["AscendersBane","Strike_G","Strike_G","Strike_G","Defend_G","Defend_G","Defend_G","Survivor","Neutralize","Underhanded Strike","Calculated Gamble+1","Dagger Spray","Distraction","Prepared","Dagger Throw","Escape Plan","Terror+1","Crippling Poison"],"special_seed":0,"relics":["Ring of the Snake","Ancient Tea Set","Orichalcum","Bag of Marbles"],"acts_visited":["Exordium"],"potions_floor_usage":[],"damage_taken":[{"damage":2.0,"enemies":"Jaw Worm","floor":1.0,"turns":7.0},{"damage":0.0,"enemies":"Small Slimes","floor":2.0,"turns":4.0},{"damage":0.0,"enemies":"2 Louse","floor":3.0,"turns":4.0},{"damage":1.0,"enemies":"Lots of Slimes","floor":7.0,"turns":3.0},{"damage":8.0,"enemies":"3 Sentries","floor":8.0,"turns":5.0},{"damage":38.0,"enemies":"Lagavulin","floor":11.0,"turns":6.0},{"damage":0,"enemies":"Looter","floor":13,"turns":2},{"damage":0,"enemies":"2 Fungi Beasts","floor":14,"turns":3},{"damage":24,"enemies":"The Guardian","floor":16,"turns":12}],"seed_played":"7622110413551980657","potions_obtained":[{"floor":1.0,"key":"BlessingOfTheForge"},{"floor":2.0,"key":"FearPotion"}],"is_trial":false,"path_per_floor":["M","M","M","?","?","R","M","E","T","$","E","R","M","M","R","B"],"character_chosen":"THE_SILENT","items_purchased":["Escape Plan"],"campfire_rested":1,"item_purchase_floors":[10],"current_hp_per_floor":[57,57,57,50,50,50,49,41,41,41,3,22,22,22,22,0,0],"gold":130,"neow_bonus":"REMOVE_TWO","is_daily":false,"chose_seed":false,"campfire_upgraded":2,"win_rate":0,"timestamp":1607638231,"path_taken":["M","M","M","?","?","R","M","E","T","$","E","R","M","M","R","BOSS"],"build_version":"2020-11-30","purchased_purges":0,"victory":false,"max_hp_per_floor":[66,66,66,66,66,66,66,66,66,66,66,66,66,66,66,66,66],"card_choices":[{"not_picked":["Concentrate","Flying Knee"],"picked":"Underhanded Strike","floor":1.0},{"not_picked":["PiercingWail","Dodge and Roll"],"picked":"Calculated Gamble","floor":2.0},{"not_picked":["Quick Slash","Deflect"],"picked":"Dagger Spray","floor":3.0},{"not_picked":["PiercingWail","Cloak And Dagger"],"picked":"Prepared","floor":7.0},{"not_picked":["Slice","Calculated Gamble"],"picked":"Dagger Throw","floor":8.0},{"not_picked":["Catalyst","Caltrops"],"picked":"Terror","floor":11.0},{"not_picked":["Bane","Flying Knee"],"picked":"Crippling Poison","floor":13},{"not_picked":["Tools of the Trade","Endless Agony","Heel Hook"],"picked":"SKIP","floor":14}],"player_experience":1545456,"relics_obtained":[{"floor":8.0,"key":"Ancient Tea Set"},{"floor":9.0,"key":"Orichalcum"},{"floor":11.0,"key":"Bag of Marbles"}],"event_choices":[{"cards_removed":["Strike_G"],"damage_healed":0.0,"max_hp_gain":0.0,"max_hp_loss":0.0,"gold_gain":0.0,"event_name":"Golden Wing","player_choice":"Card Removal","floor":4.0,"gold_loss":0.0,"damage_taken":7.0},{"damage_healed":0.0,"max_hp_gain":0.0,"max_hp_loss":0.0,"gold_gain":0.0,"cards_transformed":["Defend_G"],"event_name":"Living Wall","player_choice":"Change","floor":5.0,"gold_loss":0.0,"damage_taken":0.0,"cards_obtained":["Distraction"]}],"is_beta":false,"boss_relics":[],"items_purged_floors":[],"is_endless":false,"potions_floor_spawned":[1,2,7],"killed_by":"The Guardian","ascension_level":20}}