{"host":"if1wlbw8xytv625o","time":1607573285,"event":{"gold_per_floor":[118,118,118,43,118,152,152,195,195,195,208,208,251,275,275,405,405,425,425,9,9,41,67,67,167,218,252,269,269,269,300,300,403,403,420,468,468,518,96,96,113,113,113,113,147,147,162,187,187,187],"floor_reached":51,"playtime":7001,"items_purged":["Strike_G","Strike_G","Strike_G"],"score":1364,"play_id":"5a4f9838-c9fe-4426-a5e4-a2b81786bd9d","local_time":"20201209230805","is_ascension_mode":true,"campfire_choices":[{"data":"Blade Dance","floor":7.0,"key":"SMITH"},{"floor":10.0,"key":"REST"},{"data":"Neutralize","floor":15.0,"key":"SMITH"},{"data":"Accuracy","floor":24.0,"key":"SMITH"},{"data":"Glass Knife","floor":30,"key":"SMITH"},{"data":"Noxious Fumes","floor":32,"key":"SMITH"},{"data":"Malaise","floor":40,"key":"SMITH"},{"data":"Endless Agony","floor":44,"key":"PURGE"},{"data":"Catalyst","floor":46,"key":"SMITH"},{"data":"A Thousand Cuts","floor":49,"key":"SMITH"}],"neow_cost":"NONE","seed_source_timestamp":36749786769641,"circlet_count":0,"master_deck":["AscendersBane","Strike_G","Defend_G","Defend_G","Defend_G","Survivor+1","Neutralize+1","Quick Slash+1","Blade Dance+1","Heel Hook","Malaise+1","All Out Attack","Footwork","Tools of the Trade","Backstab","Accuracy+1","Noxious Fumes+1","Dramatic Entrance","Glass Knife+1","Envenom","Dash+1","Corpse Explosion","Choke","Leg Sweep","Dash","Dark Shackles","Mind Blast","Apotheosis","Underhanded Strike","Catalyst+1","A Thousand Cuts+1"],"special_seed":0,"relics":["Ring of the Snake","NeowsBlessing","Bloody Idol","Centennial Puzzle","CaptainsWheel","Kunai","Prayer Wheel","Snecko Eye","Sling","Red Mask","Snake Skull","Vajra","HornCleat","Meat on the Bone","Mummified Hand","Coffee Dripper","Peace Pipe","TungstenRod","Mango","Ginger","Toy Ornithopter","Smiling Mask"],"potions_floor_usage":[33,48,48,50],"damage_taken":[{"damage":0.0,"enemies":"Jaw Worm","floor":1.0,"turns":1.0},{"damage":0.0,"enemies":"Lagavulin","floor":6.0,"turns":1.0},{"damage":0.0,"enemies":"3 Sentries","floor":8.0,"turns":1.0},{"damage":1.0,"enemies":"2 Louse","floor":11.0,"turns":2.0},{"damage":2.0,"enemies":"Lagavulin","floor":13.0,"turns":5.0},{"damage":0.0,"enemies":"Small Slimes","floor":14.0,"turns":3.0},{"damage":2.0,"enemies":"The Guardian","floor":16.0,"turns":11.0},{"damage":3.0,"enemies":"Shell Parasite","floor":18.0,"turns":6.0},{"damage":2.0,"enemies":"Masked Bandits","floor":22.0,"turns":4.0},{"damage":24.0,"enemies":"Slavers","floor":23.0,"turns":4.0},{"damage":12.0,"enemies":"Gremlin Leader","floor":27.0,"turns":6.0},{"damage":0.0,"enemies":"3 Byrds","floor":28.0,"turns":5.0},{"damage":0,"enemies":"Book of Stabbing","floor":31,"turns":4},{"damage":52,"enemies":"Collector","floor":33,"turns":8},{"damage":9,"enemies":"3 Darklings","floor":35,"turns":3},{"damage":0,"enemies":"2 Orb Walkers","floor":36,"turns":2},{"damage":0,"enemies":"Mind Bloom Boss Battle","floor":38,"turns":6},{"damage":2,"enemies":"Orb Walker","floor":41,"turns":2},{"damage":0,"enemies":"Nemesis","floor":45,"turns":5},{"damage":0,"enemies":"Maw","floor":47,"turns":4},{"damage":2,"enemies":"Giant Head","floor":48,"turns":6},{"damage":45,"enemies":"Awakened One","floor":50,"turns":10}],"seed_played":"-1896546368333377214","potions_obtained":[{"floor":8.0,"key":"Strength Potion"},{"floor":11.0,"key":"Swift Potion"},{"floor":23.0,"key":"Explosive Potion"},{"floor":28,"key":"Weak Potion"},{"floor":31,"key":"BlessingOfTheForge"},{"floor":38,"key":"Block Potion"},{"floor":42,"key":"Weak Potion"},{"floor":45,"key":"SkillPotion"},{"floor":48,"key":"Weak Potion"}],"is_trial":false,"path_per_floor":["M","?","?","$","?","E","R","E","T","R","M","?","E","M","R","B",null,"M","?","$","?","?","E","R","?","T","E","M","T","R","E","R","B",null,"M","?","?","?","$","R","M","?","T","R","E","R","M","E","R","B",null],"character_chosen":"THE_SILENT","items_purchased":["Noxious Fumes","Sling","Dramatic Entrance","Mango"],"campfire_rested":1,"item_purchase_floors":[20,20,20,39],"current_hp_per_floor":[63,63,50,50,39,39,39,39,39,58,57,50,48,48,48,46,60,57,57,57,57,60,41,41,46,51,44,49,49,49,54,54,19,54,50,55,45,50,64,64,67,67,67,67,72,72,77,79,79,51],"gold":187,"neow_bonus":"THREE_ENEMY_KILL","is_prod":false,"is_daily":false,"chose_seed":false,"campfire_upgraded":8,"win_rate":0,"timestamp":1607573285,"path_taken":["M","?","?","$","?","E","R","E","T","R","M","?","E","M","R","BOSS","M","?","$","?","?","E","R","?","T","E","?","?","R","E","R","BOSS","M","?","?","?","?","R","?","?","T","R","E","R","?","E","R","BOSS"],"build_version":"2020-11-30","purchased_purges":3,"victory":true,"max_hp_per_floor":[70,65,65,65,65,65,65,65,65,65,65,65,65,65,65,65,65,65,65,65,65,65,65,65,65,65,65,65,65,65,65,65,65,65,65,65,65,65,79,79,79,79,79,79,79,79,79,79,79,79],"card_choices":[{"not_picked":["Slice","Blur"],"picked":"Quick Slash","floor":1.0},{"not_picked":["Prepared","Sucker Punch"],"picked":"Blade Dance","floor":6.0},{"not_picked":["Tactician","Dagger Spray","Outmaneuver"],"picked":"SKIP","floor":8.0},{"not_picked":["Dodge and Roll","Acrobatics"],"picked":"Heel Hook","floor":11.0},{"not_picked":["Backstab","Cloak And Dagger"],"picked":"Malaise","floor":13.0},{"not_picked":["Backflip","Dodge and Roll"],"picked":"All Out Attack","floor":14.0},{"not_picked":["Escape Plan","PiercingWail"],"picked":"Footwork","floor":14.0},{"not_picked":["Night Terror","A Thousand Cuts"],"picked":"Tools of the Trade","floor":16.0},{"not_picked":["Dash","PiercingWail+1"],"picked":"Backstab","floor":18.0},{"not_picked":["Deadly Poison","Outmaneuver+1"],"picked":"Accuracy","floor":18.0},{"not_picked":["Setup","Heel Hook","Flying Knee"],"picked":"SKIP","floor":23.0},{"not_picked":["Deadly Poison","Deflect"],"picked":"Envenom","floor":27.0},{"not_picked":["Dagger Spray","PiercingWail","Backflip"],"picked":"SKIP","floor":28},{"not_picked":["Concentrate","Deadly Poison","Bane"],"picked":"SKIP","floor":28},{"not_picked":["Endless Agony","Dagger Throw"],"picked":"Dash+1","floor":31},{"not_picked":["Night Terror","Grand Finale"],"picked":"Corpse Explosion","floor":33},{"not_picked":["Calculated Gamble","Dagger Throw"],"picked":"Choke","floor":35},{"not_picked":["Bane","Cloak And Dagger"],"picked":"Leg Sweep","floor":35},{"not_picked":["Footwork+1","Leg Sweep+1"],"picked":"Dash","floor":36},{"not_picked":["Thinking Ahead","PanicButton"],"picked":"Dark Shackles","floor":37},{"not_picked":["Flash of Steel","Panacea"],"picked":"Mind Blast","floor":37},{"not_picked":["Forethought","Sadistic Nature"],"picked":"Apotheosis","floor":37},{"not_picked":["Deadly Poison","Dagger Spray+1"],"picked":"Underhanded Strike","floor":38},{"not_picked":["Dagger Throw","Flying Knee+1"],"picked":"Catalyst","floor":41},{"not_picked":["Bane","PiercingWail","Sucker Punch"],"picked":"SKIP","floor":41},{"not_picked":["Slice+1","Dodge and Roll","Prepared+1"],"picked":"SKIP","floor":45},{"not_picked":["Quick Slash","Dodge and Roll"],"picked":"A Thousand Cuts","floor":47},{"not_picked":["Dagger Throw","Masterful Stab","Distraction"],"picked":"SKIP","floor":47},{"not_picked":["Dash","Doppelganger","Dagger Spray+1"],"picked":"SKIP","floor":48}],"player_experience":1036638,"relics_obtained":[{"floor":6.0,"key":"Centennial Puzzle"},{"floor":8.0,"key":"CaptainsWheel"},{"floor":9.0,"key":"Kunai"},{"floor":13.0,"key":"Prayer Wheel"},{"floor":22.0,"key":"Red Mask"},{"floor":23.0,"key":"Snake Skull"},{"floor":26.0,"key":"Vajra"},{"floor":27.0,"key":"HornCleat"},{"floor":29,"key":"Meat on the Bone"},{"floor":31,"key":"Mummified Hand"},{"floor":36,"key":"Peace Pipe"},{"floor":38,"key":"TungstenRod"},{"floor":43,"key":"Ginger"},{"floor":45,"key":"Toy Ornithopter"},{"floor":48,"key":"Smiling Mask"}],"event_choices":[{"damage_healed":0.0,"max_hp_gain":0.0,"max_hp_loss":5.0,"gold_gain":0.0,"event_name":"Golden Idol","player_choice":"Lose Max HP","floor":2.0,"gold_loss":0.0,"damage_taken":0.0,"relics_obtained":["Golden Idol"]},{"damage_healed":0.0,"max_hp_gain":0.0,"max_hp_loss":0.0,"gold_gain":0.0,"event_name":"Shining Light","player_choice":"Entered Light","floor":3.0,"gold_loss":0.0,"damage_taken":13.0,"cards_upgraded":["Quick Slash","Survivor"]},{"damage_healed":0.0,"max_hp_gain":0.0,"max_hp_loss":0.0,"gold_gain":75.0,"event_name":"World of Goop","player_choice":"Gather Gold","floor":5.0,"gold_loss":0.0,"damage_taken":11.0},{"cards_removed":["Defend_G"],"damage_healed":0.0,"max_hp_gain":0.0,"max_hp_loss":0.0,"gold_gain":0.0,"event_name":"Golden Wing","player_choice":"Card Removal","floor":12.0,"gold_loss":0.0,"damage_taken":7.0},{"damage_healed":0.0,"max_hp_gain":0.0,"max_hp_loss":0.0,"gold_gain":0.0,"event_name":"Forgotten Altar","player_choice":"Gave Idol","floor":19.0,"relics_lost":["Golden Idol"],"gold_loss":0.0,"damage_taken":0.0,"relics_obtained":["Bloody Idol"]},{"damage_healed":0.0,"max_hp_gain":0.0,"max_hp_loss":0.0,"gold_gain":0.0,"cards_transformed":["Strike_G","Defend_G"],"event_name":"Drug Dealer","player_choice":"Became Test Subject","floor":21.0,"gold_loss":0.0,"damage_taken":0.0,"cards_obtained":["Glass Knife","Endless Agony"]},{"damage_healed":0.0,"max_hp_gain":0.0,"max_hp_loss":0.0,"gold_gain":0.0,"event_name":"Masked Bandits","player_choice":"Fought Bandits","floor":22.0,"gold_loss":0.0,"damage_taken":0.0},{"damage_healed":0.0,"max_hp_gain":0.0,"max_hp_loss":0.0,"gold_gain":100.0,"event_name":"Golden Shrine","player_choice":"Pray","floor":25.0,"gold_loss":0.0,"damage_taken":0.0},{"damage_healed":0,"gold_gain":0,"player_choice":"Fight","damage_taken":0,"max_hp_gain":0,"max_hp_loss":0,"event_name":"Mysterious Sphere","floor":36,"gold_loss":0},{"damage_healed":0,"gold_gain":0,"player_choice":"Memory 3","damage_taken":10,"max_hp_gain":0,"max_hp_loss":0,"event_name":"SensoryStone","floor":37,"gold_loss":0},{"damage_healed":0,"gold_gain":0,"player_choice":"Fight","damage_taken":0,"max_hp_gain":0,"max_hp_loss":0,"event_name":"MindBloom","floor":38,"gold_loss":0},{"damage_healed":0,"gold_gain":0,"player_choice":"Got Potions","damage_taken":0,"max_hp_gain":0,"max_hp_loss":0,"event_name":"Lab","floor":42,"gold_loss":0}],"is_beta":false,"boss_relics":[{"not_picked":["Ring of the Serpent","Runic Dome"],"picked":"Snecko Eye"},{"not_picked":["SlaversCollar","Sozu"],"picked":"Coffee Dripper"}],"items_purged_floors":[4,20,39],"is_endless":false,"potions_floor_spawned":[8,11,13,23,28,31,38,45,48],"ascension_level":12}}