{"host":"p9t7qd83igtcp2bh","time":1607607537,"event":{"gold_per_floor":[116,132,142,142,25,25,41,52,78,95,95,110,4,29,29,130,130,142,156,156,16,16,16,16,16,16,44,44,44],"floor_reached":28,"playtime":925,"items_purged":["Parasite","Strike_P","Strike_P"],"score":369,"play_id":"8816e595-9677-42f7-9160-1a3450c52e28","local_time":"20201210223857","is_ascension_mode":true,"campfire_choices":[{"data":"WindmillStrike","floor":6.0,"key":"SMITH"},{"data":"Eruption","floor":11.0,"key":"SMITH"},{"floor":15.0,"key":"REST"},{"data":"Establishment","floor":23.0,"key":"SMITH"},{"data":"MentalFortress","floor":25.0,"key":"SMITH"}],"neow_cost":"CURSE","seed_source_timestamp":856114809551500,"circlet_count":0,"master_deck":["AscendersBane","Strike_P","Defend_P","Defend_P","Defend_P","Eruption+1","Vigilance","DeusExMachina","DeceiveReality","WindmillStrike+1","EmptyFist","Consecrate","MentalFortress+1","Crescendo","WheelKick","EmptyMind","Establishment+1","FlurryOfBlows","EmptyBody+1","WindmillStrike+1","Protect"],"special_seed":0,"relics":["PureWater","Sundial","Vajra","Membership Card","Omamori","SacredBark","Enchiridion","Potion Belt","Matryoshka","Orichalcum"],"potions_floor_usage":[27,27],"damage_taken":[{"damage":9.0,"enemies":"2 Louse","floor":1.0,"turns":4.0},{"damage":0.0,"enemies":"Cultist","floor":2.0,"turns":3.0},{"damage":0.0,"enemies":"Small Slimes","floor":3.0,"turns":2.0},{"damage":0.0,"enemies":"3 Louse","floor":7.0,"turns":2.0},{"damage":4.0,"enemies":"Red Slaver","floor":8.0,"turns":5.0},{"damage":20.0,"enemies":"Exordium Thugs","floor":10.0,"turns":2.0},{"damage":0.0,"enemies":"3 Louse","floor":12.0,"turns":1.0},{"damage":5.0,"enemies":"3 Sentries","floor":14.0,"turns":3.0},{"damage":8.0,"enemies":"The Guardian","floor":16.0,"turns":10.0},{"damage":9.0,"enemies":"Shell Parasite","floor":18.0,"turns":4.0},{"damage":5.0,"enemies":"Spheric Guardian","floor":19.0,"turns":4.0},{"damage":27,"enemies":"Slavers","floor":27,"turns":4},{"damage":6,"enemies":"Snake Plant","floor":28,"turns":1}],"seed_played":"5628241689615295198","potions_obtained":[{"floor":1.0,"key":"FearPotion"},{"floor":4.0,"key":"Ambrosia"},{"floor":12.0,"key":"ColorlessPotion"},{"floor":18.0,"key":"PowerPotion"}],"is_trial":false,"path_per_floor":["M","M","M","?","$","R","M","M","T","M","R","M","$","E","R","B",null,"M","M","?","$","?","R","$","R","T","E","M"],"character_chosen":"WATCHER","items_purchased":["Sundial","Membership Card","Potion Belt"],"campfire_rested":1,"item_purchase_floors":[5,13,21],"current_hp_per_floor":[56,56,56,56,56,56,56,52,52,32,32,32,32,27,47,39,62,53,48,32,32,32,32,32,32,32,5,0,0],"gold":44,"neow_bonus":"TRANSFORM_TWO_CARDS","is_prod":false,"is_daily":false,"chose_seed":false,"campfire_upgraded":4,"win_rate":0,"timestamp":1607607537,"path_taken":["M","M","M","?","$","R","M","M","T","M","R","M","?","E","R","BOSS","M","M","?","$","?","R","$","R","T","E","?"],"build_version":"2020-11-30","purchased_purges":3,"victory":false,"max_hp_per_floor":[72,72,72,72,69,69,69,69,69,69,69,69,69,69,69,69,69,69,69,69,69,69,69,69,69,69,69,69,69],"card_choices":[{"not_picked":["Fasting2","Halt"],"picked":"WindmillStrike","floor":1.0},{"not_picked":["Protect","EmptyBody"],"picked":"EmptyFist","floor":2.0},{"not_picked":["LikeWater","Protect"],"picked":"Consecrate","floor":3.0},{"not_picked":["FollowUp","Halt"],"picked":"MentalFortress","floor":7.0},{"not_picked":["Alpha","Protect"],"picked":"Crescendo","floor":8.0},{"not_picked":["Evaluate","Consecrate","WaveOfTheHand"],"picked":"SKIP","floor":10.0},{"not_picked":["Evaluate","Consecrate","WaveOfTheHand"],"picked":"SKIP","floor":10.0},{"not_picked":["CarveReality","FlyingSleeves"],"picked":"WheelKick","floor":12.0},{"not_picked":["BowlingBash","FollowUp"],"picked":"EmptyMind","floor":14.0},{"not_picked":["DeusExMachina","Judgement"],"picked":"Establishment","floor":16.0},{"not_picked":["SandsOfTime","LikeWater"],"picked":"FlurryOfBlows","floor":18.0},{"not_picked":["Sanctity+1","ThirdEye+1"],"picked":"EmptyBody+1","floor":19.0},{"not_picked":["Fasting2+1","CutThroughFate"],"picked":"Protect","floor":27}],"player_experience":537879,"relics_obtained":[{"floor":9.0,"key":"Vajra"},{"floor":14.0,"key":"Omamori"},{"floor":20.0,"key":"Enchiridion"},{"floor":26.0,"key":"Matryoshka"},{"floor":27,"key":"Orichalcum"}],"event_choices":[{"damage_healed":0.0,"max_hp_gain":0.0,"max_hp_loss":0.0,"gold_gain":0.0,"event_name":"Lab","player_choice":"Got Potions","floor":4.0,"gold_loss":0.0,"damage_taken":0.0},{"damage_healed":0.0,"max_hp_gain":0.0,"max_hp_loss":0.0,"gold_gain":0.0,"event_name":"Cursed Tome","player_choice":"Obtained Book","floor":20.0,"gold_loss":0.0,"damage_taken":16.0},{"damage_healed":0.0,"max_hp_gain":0.0,"max_hp_loss":0.0,"gold_gain":0.0,"event_name":"Duplicator","player_choice":"Copied","floor":22.0,"gold_loss":0.0,"damage_taken":0.0,"cards_obtained":["WindmillStrike"]}],"is_beta":false,"boss_relics":[{"not_picked":["Calling Bell","Astrolabe"],"picked":"SacredBark"}],"items_purged_floors":[5,13,21],"is_endless":false,"potions_floor_spawned":[1,7,12,18],"killed_by":"Snake Plant","ascension_level":11}}