{"host":"zkqorkqsr6o67e8b","time":1607573479,"event":{"gold_per_floor":[111,127,142,157,170,170,170],"floor_reached":6,"playtime":311,"items_purged":[],"score":76,"play_id":"7dfefe94-888d-4edf-9edb-621bdf528078","local_time":"20201210121119","is_ascension_mode":true,"campfire_choices":[],"neow_cost":"NONE","seed_source_timestamp":12856083422900,"circlet_count":0,"master_deck":["AscendersBane","alterego_mod:Strike","alterego_mod:Strike","alterego_mod:Strike","alterego_mod:Strike","alterego_mod:Defend","alterego_mod:Defend","alterego_mod:Defend","alterego_mod:Defend","alterego_mod:Impale","alterego_mod:BigMeatyClaws","alterego_mod:BrynhildrsRune","alterego_mod:AlterEgo","alterego_mod:BeGentle","alterego_mod:TrashNCrash"],"special_seed":0,"relics":["alterego_mod:MasochisticConstitution","REME_ComplimentaryCards","NeowsBlessing"],"potions_floor_usage":[6],"damage_taken":[{"damage":7.0,"enemies":"Cultist","floor":1.0,"turns":5.0},{"damage":4.0,"enemies":"Jaw Worm","floor":2.0,"turns":2.0},{"damage":2.0,"enemies":"Small Slimes","floor":3.0,"turns":2.0},{"damage":8.0,"enemies":"Blue Slaver","floor":4.0,"turns":9.0},{"damage":17.0,"enemies":"Looter","floor":5.0,"turns":3.0},{"damage":67,"enemies":"Gremlin Nob","floor":6,"turns":5}],"seed_played":"-6866823352577772803","potions_obtained":[{"floor":3.0,"key":"Weak Potion"},{"floor":4.0,"key":"SkillPotion"},{"floor":5.0,"key":"Swift Potion"}],"is_trial":false,"path_per_floor":["M","M","M","M","M","E"],"character_chosen":"The_Alterego","items_purchased":[],"campfire_rested":0,"item_purchase_floors":[],"current_hp_per_floor":[60,64,68,68,52,0,0],"gold":170,"neow_bonus":"THREE_ENEMY_KILL","is_prod":false,"is_daily":false,"chose_seed":false,"campfire_upgraded":0,"win_rate":0,"timestamp":1607573479,"path_taken":["M","M","M","M","M","E"],"build_version":"2020-11-30","purchased_purges":0,"victory":false,"max_hp_per_floor":[66,67,68,69,70,70,70],"card_choices":[{"not_picked":["alterego_mod:PurpleHair","alterego_mod:Mirror","alterego_mod:GoddessCore"],"picked":"SKIP","floor":1.0},{"not_picked":["alterego_mod:BiFurious","alterego_mod:Bunnysuit"],"picked":"alterego_mod:BeGentle","floor":2.0},{"not_picked":["alterego_mod:PurpleHair","alterego_mod:Punishment"],"picked":"alterego_mod:TrashNCrash","floor":3.0},{"not_picked":["alterego_mod:Bunnysuit","alterego_mod:BeGentle","alterego_mod:Rip"],"picked":"SKIP","floor":4.0},{"not_picked":["alterego_mod:DestructionOfProperty","alterego_mod:DiscoLights","alterego_mod:SuperDuperMasochism"],"picked":"SKIP","floor":5.0}],"player_experience":650365,"relics_obtained":[],"event_choices":[],"is_beta":false,"boss_relics":[],"items_purged_floors":[],"is_endless":false,"potions_floor_spawned":[3,4,5],"killed_by":"Gremlin Nob","ascension_level":18}}