{"host":"bz6gkvdcavhdnmlv","time":1607558466,"event":{"gold_per_floor":[99,109,128,128,38,38,38,50,66,93,112,136,64,64,79,179,179,104,121,156,156,156],"floor_reached":21,"playtime":1589,"items_purged":[],"score":199,"play_id":"c91469d5-2e4e-4ad9-a38e-61982b8c5cb3","local_time":"20201209190106","is_ascension_mode":false,"campfire_choices":[{"data":"Slimebound:Split","floor":4,"key":"SMITH"}],"neow_cost":"CURSE","seed_source_timestamp":1745544697270500,"circlet_count":0,"master_deck":["Slimebound:Strike_Slimebound","Slimebound:Strike_Slimebound","Slimebound:Strike_Slimebound","Slimebound:Tackle","Slimebound:Defend_Slimebound+1","Slimebound:Defend_Slimebound","Slimebound:Defend_Slimebound+1","Slimebound:Defend_Slimebound","Slimebound:Split+1","Slimebound:CorrosiveSpit","Overencumbered","Slimebound:SplitLeeching","Slimebound:Chomp","Slimebound:PressTheAttack","Slimebound:LivingWall","Slimebound:LeechingTouch","Slimebound:Gluttony","Slimebound:RainOfGoop","Slimebound:Overexert","Slimebound:Schlurp","Slimebound:OozeBath+1","expansioncontent:FaceSlap","Slimebound:Repurpose","Slimebound:OozeBath","Slimebound:SplitMire","Slimebound:HauntingLick+1"],"relics":["Slimebound:AbsorbEndCombat","aspiration:HiddenCompartment","halation:TwoAmDonut","Odd Mushroom","downfall:HeartBlessingGreen","War Paint"],"potions_floor_usage":[5,10,10,16,16,20],"damage_taken":[{"damage":17,"enemies":"Cultist","floor":2,"turns":4},{"damage":9,"enemies":"Small Slimes","floor":3,"turns":3},{"damage":12,"enemies":"downfall:FleeingMerchant","floor":5,"turns":4},{"damage":21,"enemies":"Jaw Worm","floor":8,"turns":3},{"damage":14,"enemies":"2 Fungi Beasts","floor":9,"turns":3},{"damage":43,"enemies":"Gremlin Nob","floor":10,"turns":4},{"damage":16,"enemies":"Blue Slaver","floor":11,"turns":3},{"damage":18,"enemies":"The Mushroom Lair","floor":12,"turns":4},{"damage":15,"enemies":"downfall:FleeingMerchant","floor":13,"turns":4},{"damage":25,"enemies":"Gremlin Gang","floor":15,"turns":4},{"damage":61,"enemies":"downfall:CharBossWatcher","floor":16,"turns":8},{"damage":17,"enemies":"Chosen","floor":19,"turns":4},{"damage":63,"enemies":"Book of Stabbing","floor":20,"turns":6},{"damage":46,"enemies":"Snake Plant","floor":21,"turns":3}],"seed_played":"-8609316676725182319","potions_obtained":[{"floor":1,"key":"hexamod:EctoCoolerPotion"},{"floor":1,"key":"FearPotion"},{"floor":2,"key":"Elixir"},{"floor":8,"key":"Adrenaline Potion"},{"floor":11,"key":"Flashbang"},{"floor":15,"key":"conspire:TimeTravelPotion"},{"floor":20,"key":"Doom Potion"}],"is_trial":false,"path_per_floor":["R_BF","M","M","R","$","?","T","M","M","E","M","?","$","?","M","B",null,"R_BF","M","E","M"],"character_chosen":"SLIMEBOUND","items_purchased":["Slimebound:PressTheAttack","Slimebound:Schlurp"],"campfire_rested":0,"item_purchase_floors":[5,13],"current_hp_per_floor":[72,67,70,70,72,72,72,67,66,47,55,69,72,72,66,48,72,72,67,36,0,0],"gold":156,"neow_bonus":"TWENTY_PERCENT_HP_BONUS","is_prod":false,"is_daily":false,"chose_seed":false,"campfire_upgraded":1,"win_rate":0.0,"timestamp":1607558466,"path_taken":["R_BF","M","M","R","?","?","T","M","?","E","M","?","$","?","M","BOSS","R_BF","M","E","M"],"build_version":"2020-11-30","purchased_purges":0,"victory":false,"max_hp_per_floor":[72,72,72,72,72,72,72,72,72,72,72,72,72,72,72,72,72,72,72,72,72,72],"card_choices":[{"not_picked":["Slimebound:ViciousTackle","Slimebound:Grow"],"picked":"Slimebound:SplitLeeching","floor":2},{"not_picked":["Slimebound:SplitBruiser","Slimebound:AcidTongue"],"picked":"Slimebound:Chomp","floor":3},{"not_picked":["Slimebound:SplitMire","Slimebound:SplitLeeching"],"picked":"Slimebound:LivingWall","floor":8},{"not_picked":["Slimebound:SplitMire","Slimebound:FirmFortitude"],"picked":"Slimebound:LeechingTouch","floor":9},{"not_picked":["Slimebound:Replication","Slimebound:RainOfGoop"],"picked":"Slimebound:Gluttony","floor":10},{"not_picked":["Slimebound:ForwardTackle","Slimebound:SplitAcid"],"picked":"Slimebound:RainOfGoop","floor":11},{"not_picked":["Slimebound:ViciousTackle","Slimebound:ComboTackle"],"picked":"Slimebound:Overexert","floor":12},{"not_picked":["Slimebound:BestDefense","Slimebound:GrowthPunch"],"picked":"Slimebound:Repurpose","floor":15},{"not_picked":["Slimebound:MinionMaster","Slimebound:Overexert"],"picked":"Slimebound:OozeBath","floor":16},{"not_picked":["Slimebound:SplitAcid","Slimebound:GoopSpray"],"picked":"Slimebound:SplitMire","floor":19},{"not_picked":["Slimebound:LeechingTouch","Slimebound:LeechEnergy"],"picked":"Slimebound:HauntingLick+1","floor":20}],"player_experience":188452,"relics_obtained":[{"floor":7,"key":"aspiration:HiddenCompartment"},{"floor":10,"key":"halation:TwoAmDonut"},{"floor":12,"key":"Odd Mushroom"},{"floor":20,"key":"War Paint"}],"event_choices":[{"damage_healed":0,"gold_gain":0,"player_choice":"Ignored","damage_taken":0,"max_hp_gain":0,"max_hp_loss":0,"event_name":"Purifier","floor":6,"gold_loss":0},{"damage_healed":0,"gold_gain":0,"player_choice":"Fought Mushrooms","damage_taken":0,"max_hp_gain":0,"max_hp_loss":0,"event_name":"Mushrooms","floor":12,"gold_loss":0}],"is_beta":false,"boss_relics":[{"not_picked":["halation:SmartPhone","energizedSpire:MagnifyingGlass","energizedSpire:SpiderWeb"]}],"items_purged_floors":[],"is_endless":false,"potions_floor_spawned":[2,8,11,15,20],"killed_by":"Snake Plant","ascension_level":0}}