{"host":"t7mx8yfj1no5p62f","time":1607608687,"event":{"mods":["BaseMod","StSLib","Colored Map","Colored Powertips","Minty Spire (QoL Compilation)","Relic Stats"],"gold_per_floor":[113,133,208,208,224,251,251,251,251,251,15,15,33,48,48,144,144,158,174,224,224,224,224,149,183,209,241,252,285,285,311,311,389,389,402,454,454,474,493,493,528,27,27,27,47,78,90,90,90,90,90,90,90,6,38,38],"floor_reached":57,"playtime":2871,"items_purged":["Strike_G+1"],"score":2857,"play_id":"fbd2858e-74d0-4d08-9d51-bced25c39e2f","local_time":"20201210085807","is_ascension_mode":true,"campfire_choices":[{"floor":7.0,"key":"REST"},{"data":"Crippling Poison","floor":10.0,"key":"SMITH"},{"data":"Noxious Fumes","floor":15.0,"key":"SMITH"},{"data":"Wraith Form v2","floor":23.0,"key":"SMITH"},{"data":"Footwork","floor":30.0,"key":"SMITH"},{"data":"Neutralize","floor":32.0,"key":"SMITH"},{"data":"Noxious Fumes","floor":40,"key":"SMITH"},{"floor":44,"key":"RECALL"},{"data":"Wraith Form v2","floor":49,"key":"SMITH"},{"data":"Footwork","floor":53,"key":"SMITH"}],"circlet_count":0,"master_deck":["AscendersBane","Strike_G+1","Strike_G+1","Strike_G+1","Defend_G+1","Defend_G+1","Defend_G+1","Defend_G+1","Defend_G+1","Survivor","Neutralize+1","Predator","Dagger Throw","Crippling Poison+1","Calculated Gamble","Footwork+1","Dagger Spray+1","Noxious Fumes+1","Wraith Form v2+1","Backflip","Noxious Fumes+1","Dash+1","Reflex","Venomology","Corpse Explosion","Acrobatics+1","Prepared+1","After Image","PiercingWail","Escape Plan+1","Wraith Form v2+1","Footwork+1","Blind"],"special_seed":0,"relics":["Ring of the Snake","Shovel","Paper Crane","Molten Egg 2","OrangePellets","Coffee Dripper","Nloth\u0027s Gift","Turnip","Ginger","Bronze Scales","Dream Catcher","Runic Pyramid","StoneCalendar","Shuriken","Lee\u0027s Waffle","Mummified Hand","Pocketwatch","PreservedInsect","Art of War"],"acts_visited":["Exordium","TheCity","TheBeyond","TheEnding"],"potions_floor_usage":[39,41,50,51,56,56],"damage_taken":[{"damage":0.0,"enemies":"Small Slimes","floor":1.0,"turns":3.0},{"damage":1.0,"enemies":"2 Louse","floor":2.0,"turns":4.0},{"damage":1.0,"enemies":"Cultist","floor":5.0,"turns":3.0},{"damage":38.0,"enemies":"Lagavulin","floor":6.0,"turns":8.0},{"damage":1.0,"enemies":"Looter","floor":13.0,"turns":4.0},{"damage":0.0,"enemies":"3 Louse","floor":14.0,"turns":1.0},{"damage":35.0,"enemies":"The Guardian","floor":16.0,"turns":11.0},{"damage":0.0,"enemies":"Chosen","floor":18.0,"turns":4.0},{"damage":0.0,"enemies":"3 Byrds","floor":19.0,"turns":3.0},{"damage":10.0,"enemies":"Slavers","floor":25.0,"turns":4.0},{"damage":0.0,"enemies":"Gremlin Leader","floor":27.0,"turns":6.0},{"damage":5.0,"enemies":"Shelled Parasite and Fungi","floor":28.0,"turns":6.0},{"damage":14.0,"enemies":"Book of Stabbing","floor":29.0,"turns":7.0},{"damage":12.0,"enemies":"Champ","floor":33.0,"turns":17.0},{"damage":1.0,"enemies":"Orb Walker","floor":35.0,"turns":5.0},{"damage":2.0,"enemies":"2 Orb Walkers","floor":36.0,"turns":4.0},{"damage":12.0,"enemies":"3 Darklings","floor":38.0,"turns":3.0},{"damage":0,"enemies":"Writhing Mass","floor":39,"turns":7},{"damage":3,"enemies":"Nemesis","floor":41,"turns":7},{"damage":3,"enemies":"4 Shapes","floor":45,"turns":3},{"damage":0,"enemies":"Giant Head","floor":46,"turns":9},{"damage":2,"enemies":"Maw","floor":47,"turns":7},{"damage":7,"enemies":"Time Eater","floor":50,"turns":14},{"damage":24,"enemies":"Awakened One","floor":51,"turns":29},{"damage":0,"enemies":"Shield and Spear","floor":55,"turns":6},{"damage":34,"enemies":"The Heart","floor":56,"turns":12}],"seed_played":"8164705259729328065","potions_obtained":[{"floor":1.0,"key":"Fruit Juice"},{"floor":13.0,"key":"Regen Potion"},{"floor":16.0,"key":"Strength Potion"},{"floor":19.0,"key":"AttackPotion"},{"floor":25.0,"key":"GamblersBrew"},{"floor":27.0,"key":"EssenceOfSteel"},{"floor":36.0,"key":"CultistPotion"}],"is_trial":false,"path_per_floor":["M","M","?","?","M","E","R","?","T","R","$","?","M","M","R","B",null,"M","M","?","?","?","R","$","E","T","E","M","E","R","T","R","B",null,"M","?","?","M","M","R","E","$","T","R","M","E","M","?","R","B","B",null,"R","$","E","B",null],"character_chosen":"THE_SILENT","items_purchased":["OrangePellets","Footwork","Lee\u0027s Waffle","Mummified Hand","PiercingWail","GamblersBrew"],"campfire_rested":1,"item_purchase_floors":[11,11,42,42,42,54],"current_hp_per_floor":[59,58,47,47,46,8,26,26,26,26,26,26,25,25,25,10,47,47,47,47,47,47,47,47,37,37,37,32,18,18,18,18,6,46,45,43,43,31,31,31,28,63,63,63,60,60,58,48,48,56,32,55,55,55,55,36],"gold":38,"neow_bonus":"ONE_RARE_RELIC","is_daily":false,"chose_seed":false,"campfire_upgraded":8,"win_rate":0,"timestamp":1607608687,"path_taken":["M","M","?","?","M","E","R","?","T","R","$","?","?","M","R","BOSS","M","M","?","?","?","R","$","E","T","E","?","E","R","?","R","BOSS","M","?","?","M","M","R","E","$","T","R","?","E","M","?","R","BOSS","BOSS","R","$","E","BOSS"],"build_version":"2020-11-30","purchased_purges":1,"victory":true,"max_hp_per_floor":[60,60,60,60,60,60,60,54,54,54,54,54,54,54,54,59,59,59,59,59,59,59,59,59,59,59,59,59,59,59,59,59,59,59,59,59,56,56,56,56,56,63,63,63,63,63,63,63,63,63,63,63,63,63,63,63],"relic_stats":{"Lee\u0027s Waffle":35,"counters":[26,187],"StoneCalendar":[267],"PreservedInsect":77,"Ginger":[19],"OrangePellets":[15],"Dream Catcher":0,"Shovel":0,"Shuriken":[15],"Mummified Hand":[58],"Bronze Scales":[638],"Turnip":[21],"Nloth\u0027s Gift":3,"Art of War":[2],"obtain_stats":[{"Lee\u0027s Waffle":42,"Golden Idol":8,"StoneCalendar":36,"PreservedInsect":46,"Ginger":27,"Paper Crane":6,"OrangePellets":11,"Dream Catcher":31,"Shovel":0,"Shuriken":41,"Mummified Hand":42,"Bronze Scales":29,"Molten Egg 2":9,"Turnip":25,"Coffee Dripper":17,"Nloth\u0027s Gift":22,"Art of War":55,"Ring of the Snake":0,"Runic Pyramid":34,"Pocketwatch":43},{"Lee\u0027s Waffle":19,"Golden Idol":4,"StoneCalendar":16,"PreservedInsect":21,"Ginger":11,"Paper Crane":4,"OrangePellets":4,"Dream Catcher":13,"Shovel":0,"Shuriken":19,"Mummified Hand":19,"Bronze Scales":13,"Molten Egg 2":4,"Turnip":10,"Coffee Dripper":7,"Nloth\u0027s Gift":9,"Art of War":25,"Ring of the Snake":0,"Runic Pyramid":14,"Pocketwatch":19},{"Lee\u0027s Waffle":107,"Golden Idol":18,"StoneCalendar":90,"PreservedInsect":119,"Ginger":51,"Paper Crane":18,"OrangePellets":18,"Dream Catcher":64,"Shovel":0,"Shuriken":107,"Mummified Hand":107,"Bronze Scales":64,"Molten Egg 2":18,"Turnip":45,"Coffee Dripper":34,"Nloth\u0027s Gift":41,"Art of War":175,"Ring of the Snake":0,"Runic Pyramid":81,"Pocketwatch":107}],"Ring of the Snake":[52],"Pocketwatch":[3]},"card_choices":[{"not_picked":["Poisoned Stab","Underhanded Strike"],"picked":"Predator","floor":1.0},{"not_picked":["Backflip","Catalyst"],"picked":"Dagger Throw","floor":2.0},{"not_picked":["Riddle With Holes","Endless Agony"],"picked":"Crippling Poison","floor":5.0},{"not_picked":["Dodge and Roll","Distraction"],"picked":"Calculated Gamble","floor":6.0},{"not_picked":["Envenom","Reflex"],"picked":"Dagger Spray+1","floor":13.0},{"not_picked":["Sucker Punch+1","All Out Attack+1"],"picked":"Noxious Fumes","floor":14.0},{"not_picked":["After Image","Doppelganger"],"picked":"Wraith Form v2","floor":16.0},{"not_picked":["Underhanded Strike+1","Prepared"],"picked":"Backflip","floor":18.0},{"not_picked":["Dodge and Roll","Calculated Gamble"],"picked":"Noxious Fumes","floor":19.0},{"not_picked":["Storm of Steel","Underhanded Strike+1"],"picked":"Dash+1","floor":25.0},{"not_picked":["Riddle With Holes+1","Poisoned Stab+1","Noxious Fumes"],"picked":"SKIP","floor":27.0},{"not_picked":["Flying Knee+1","Underhanded Strike+1"],"picked":"Reflex","floor":28.0},{"not_picked":["Reflex","Noxious Fumes"],"picked":"Venomology","floor":29.0},{"not_picked":["Glass Knife+1","Adrenaline"],"picked":"Corpse Explosion","floor":33.0},{"not_picked":["Sucker Punch+1","Quick Slash+1","Slice+1"],"picked":"SKIP","floor":35.0},{"not_picked":["Terror","Unload+1"],"picked":"Acrobatics+1","floor":36.0},{"not_picked":["Outmaneuver","Bouncing Flask","Sucker Punch+1"],"picked":"SKIP","floor":38.0},{"not_picked":["Backstab+1","Caltrops"],"picked":"Prepared+1","floor":39},{"not_picked":["Outmaneuver","Flying Knee+1"],"picked":"After Image","floor":41},{"not_picked":["Outmaneuver","Deadly Poison"],"picked":"Escape Plan+1","floor":45},{"not_picked":["Poisoned Stab+1","Dagger Spray+1"],"picked":"Wraith Form v2","floor":46},{"not_picked":["Predator+1","Slice+1"],"picked":"Footwork","floor":47},{"not_picked":["The Bomb","Jack Of All Trades"],"picked":"Blind","floor":48},{"not_picked":["Setup","Noxious Fumes","Dagger Spray+1"],"picked":"SKIP","floor":55}],"player_experience":1525742,"relics_obtained":[{"floor":6.0,"key":"Paper Crane"},{"floor":9.0,"key":"Molten Egg 2"},{"floor":25.0,"key":"Turnip"},{"floor":27.0,"key":"Ginger"},{"floor":29.0,"key":"Bronze Scales"},{"floor":31.0,"key":"Dream Catcher"},{"floor":36.0,"key":"StoneCalendar"},{"floor":41,"key":"Shuriken"},{"floor":43,"key":"Pocketwatch"},{"floor":46,"key":"PreservedInsect"},{"floor":55,"key":"Art of War"}],"event_choices":[{"damage_healed":0.0,"max_hp_gain":0.0,"max_hp_loss":0.0,"gold_gain":75.0,"event_name":"World of Goop","player_choice":"Gather Gold","floor":3.0,"gold_loss":0.0,"damage_taken":11.0},{"damage_healed":0.0,"max_hp_gain":0.0,"max_hp_loss":0.0,"gold_gain":0.0,"event_name":"Liars Game","player_choice":"Ignored","floor":4.0,"gold_loss":0.0,"damage_taken":0.0},{"damage_healed":0.0,"max_hp_gain":0.0,"max_hp_loss":6.0,"gold_gain":0.0,"event_name":"Golden Idol","player_choice":"Lose Max HP","floor":8.0,"gold_loss":0.0,"damage_taken":0.0,"relics_obtained":["Golden Idol"]},{"cards_removed":["Strike_G"],"damage_healed":0.0,"max_hp_gain":0.0,"max_hp_loss":0.0,"gold_gain":0.0,"event_name":"Purifier","player_choice":"Purged","floor":12.0,"gold_loss":0.0,"damage_taken":0.0},{"damage_healed":0.0,"max_hp_gain":0.0,"max_hp_loss":0.0,"gold_gain":50.0,"event_name":"Nest","player_choice":"Stole From Cult","floor":20.0,"gold_loss":0.0,"damage_taken":0.0},{"damage_healed":0.0,"max_hp_gain":0.0,"max_hp_loss":0.0,"gold_gain":0.0,"event_name":"Back to Basics","player_choice":"Simplicity","floor":21.0,"gold_loss":0.0,"damage_taken":0.0,"cards_upgraded":["Strike_G","Strike_G","Strike_G","Strike_G","Defend_G","Defend_G","Defend_G","Defend_G","Defend_G"]},{"damage_healed":0.0,"max_hp_gain":0.0,"max_hp_loss":0.0,"gold_gain":0.0,"event_name":"N\u0027loth","player_choice":"Traded Relic","floor":22.0,"relics_lost":["Golden Idol"],"gold_loss":0.0,"damage_taken":0.0,"relics_obtained":["Nloth\u0027s Gift"]},{"damage_healed":0.0,"max_hp_gain":0.0,"max_hp_loss":0.0,"gold_gain":0.0,"event_name":"Mysterious Sphere","player_choice":"Fight","floor":36.0,"gold_loss":0.0,"damage_taken":0.0},{"damage_healed":0.0,"max_hp_gain":0.0,"max_hp_loss":3.0,"gold_gain":0.0,"event_name":"Winding Halls","player_choice":"Max HP","floor":37.0,"gold_loss":0.0,"damage_taken":0.0},{"damage_healed":0,"gold_gain":0,"player_choice":"Memory 3","damage_taken":10,"max_hp_gain":0,"max_hp_loss":0,"event_name":"SensoryStone","floor":48,"gold_loss":0}],"is_beta":false,"boss_relics":[{"not_picked":["SlaversCollar","Runic Dome"],"picked":"Coffee Dripper"},{"not_picked":["Empty Cage","Astrolabe"],"picked":"Runic Pyramid"}],"items_purged_floors":[24],"is_endless":false,"potions_floor_spawned":[1,13,16,19,25,27,35,36,45,47],"ascension_level":20}}