{"host":"ocllwaoi18j60ltd","time":1607619675,"event":{"mods":["BaseMod","Quick Restart","StSLib","SuperFastMode","DeckTracker","Permanent Neow","Minty Spire (QoL Compilation)"],"gold_per_floor":[114,114,129,204,215,215,215,240,240,240,260,280,308,319,319,391,391,411,424,424,439,151,151,171,171,171,183,183,183,183,216,216,293,293,303,303,314,328,344,344,357,387,387,125,125,159,170,170,170],"floor_reached":48,"playtime":2137,"items_purged":["Strike_B","Defend_B"],"score":1098,"play_id":"47fec62c-034a-47a0-8704-fb0ef7857851","local_time":"20201211020115","is_ascension_mode":true,"campfire_choices":[{"data":"Chaos","floor":6.0,"key":"SMITH"},{"data":"Zap","floor":10.0,"key":"SMITH"},{"data":"Dualcast","floor":15.0,"key":"SMITH"},{"floor":23.0,"key":"REST"},{"data":"Blizzard","floor":29.0,"key":"SMITH"},{"floor":32.0,"key":"REST"},{"data":"Defragment","floor":40.0,"key":"SMITH"},{"floor":45.0,"key":"REST"}],"circlet_count":0,"master_deck":["AscendersBane","Defend_B","Defend_B","Zap+1","Dualcast+1","Chaos+1","Sweeping Beam","Cold Snap","BootSequence","Blizzard+1","Echo Form","Glacier","Hello World","Glacier+1","Loop","Compile Driver","Undo","Defragment+1","Compile Driver","Consume"],"special_seed":0,"relics":["Cracked Core","Meat on the Bone","Pen Nib","Darkstone Periapt","Inserter","Oddly Smooth Stone","Ornamental Fan","Cursed Key","Anchor","Art of War","Symbiotic Virus"],"acts_visited":["Exordium","TheCity","TheBeyond"],"potions_floor_usage":[46,46,47],"damage_taken":[{"damage":2.0,"enemies":"2 Louse","floor":1.0,"turns":3.0},{"damage":7.0,"enemies":"Jaw Worm","floor":3.0,"turns":3.0},{"damage":5.0,"enemies":"Small Slimes","floor":5.0,"turns":3.0},{"damage":20.0,"enemies":"3 Sentries","floor":8.0,"turns":8.0},{"damage":11.0,"enemies":"Exordium Thugs","floor":11.0,"turns":3.0},{"damage":11.0,"enemies":"Large Slime","floor":12.0,"turns":4.0},{"damage":1.0,"enemies":"Lagavulin","floor":13.0,"turns":6.0},{"damage":0.0,"enemies":"3 Louse","floor":14.0,"turns":2.0},{"damage":27.0,"enemies":"Slime Boss","floor":16.0,"turns":10.0},{"damage":37.0,"enemies":"3 Byrds","floor":18.0,"turns":5.0},{"damage":23.0,"enemies":"Shell Parasite","floor":19.0,"turns":8.0},{"damage":24.0,"enemies":"Snake Plant","floor":21.0,"turns":6.0},{"damage":7.0,"enemies":"3 Cultists","floor":24.0,"turns":6.0},{"damage":17.0,"enemies":"Chosen and Byrds","floor":27.0,"turns":8.0},{"damage":21.0,"enemies":"Slavers","floor":31.0,"turns":5.0},{"damage":44.0,"enemies":"Collector","floor":33.0,"turns":14.0},{"damage":13.0,"enemies":"3 Shapes","floor":35.0,"turns":7.0},{"damage":26.0,"enemies":"3 Darklings","floor":37.0,"turns":6.0},{"damage":13.0,"enemies":"4 Shapes","floor":38.0,"turns":7.0},{"damage":14.0,"enemies":"Spire Growth","floor":39.0,"turns":7.0},{"damage":16.0,"enemies":"Sphere and 2 Shapes","floor":41.0,"turns":8.0},{"damage":15.0,"enemies":"Giant Head","floor":42.0,"turns":10.0},{"damage":30,"enemies":"Reptomancer","floor":46,"turns":10},{"damage":34,"enemies":"4 Shapes","floor":47,"turns":6},{"damage":25,"enemies":"Transient","floor":48,"turns":5}],"seed_played":"-2879224289047937829","potions_obtained":[{"floor":5.0,"key":"Explosive Potion"},{"floor":7.0,"key":"EntropicBrew"},{"floor":11.0,"key":"PotionOfCapacity"},{"floor":13.0,"key":"EssenceOfDarkness"},{"floor":18.0,"key":"ColorlessPotion"},{"floor":19.0,"key":"Swift Potion"},{"floor":21.0,"key":"DistilledChaos"},{"floor":27.0,"key":"LiquidMemories"},{"floor":33.0,"key":"BlessingOfTheForge"},{"floor":35.0,"key":"GamblersBrew"},{"floor":38.0,"key":"FocusPotion"},{"floor":46,"key":"PowerPotion"}],"is_trial":false,"path_per_floor":["M","?","M","?","M","R","?","E","T","R","M","M","E","M","R","B",null,"M","M","?","M","$","R","M","?","T","M","?","R","?","E","R","B",null,"M","?","M","M","M","R","M","E","T","$","R","E","M","M"],"character_chosen":"DEFECT","items_purchased":["Oddly Smooth Stone","PowerPotion","Art of War"],"campfire_rested":3,"item_purchase_floors":[22,22,44],"current_hp_per_floor":[62,62,55,44,39,39,39,34,34,34,35,36,47,47,47,32,61,36,25,25,13,13,34,39,39,39,34,34,34,34,25,46,14,57,44,71,45,44,42,42,38,35,35,35,56,38,16,0,0],"gold":170,"neow_bonus":"TRANSFORM_CARD","is_daily":false,"chose_seed":false,"campfire_upgraded":5,"win_rate":0,"timestamp":1607619675,"path_taken":["M","?","M","?","M","R","?","E","T","R","M","M","E","M","R","BOSS","M","M","?","M","$","R","M","?","T","M","?","R","?","E","R","BOSS","M","?","M","?","M","R","?","E","T","?","R","E","M","M"],"build_version":"2020-11-30","purchased_purges":2,"victory":false,"max_hp_per_floor":[71,71,71,71,71,71,71,71,71,71,71,71,71,71,71,71,71,71,71,71,71,71,71,71,71,71,71,71,71,71,71,71,71,71,71,71,71,71,71,71,71,71,71,71,71,71,71,71,71],"card_choices":[{"not_picked":["Go for the Eyes","Lockon"],"picked":"Sweeping Beam","floor":1.0},{"not_picked":["Stack","Double Energy"],"picked":"Cold Snap","floor":3.0},{"not_picked":["Turbo","Stack","Hologram"],"picked":"SKIP","floor":5.0},{"not_picked":["Capacitor","Cold Snap"],"picked":"BootSequence","floor":8.0},{"not_picked":["White Noise","Machine Learning"],"picked":"Hello World","floor":11.0},{"not_picked":["Sweeping Beam","Beam Cell","Stack"],"picked":"SKIP","floor":12.0},{"not_picked":["Gash","Redo"],"picked":"Blizzard","floor":13.0},{"not_picked":["Hello World","Go for the Eyes","Stack"],"picked":"SKIP","floor":14.0},{"not_picked":["Thunder Strike","Machine Learning"],"picked":"Echo Form","floor":16.0},{"not_picked":["Leap","Redo","Hologram"],"picked":"SKIP","floor":18.0},{"not_picked":["Streamline","Heatsinks","Leap"],"picked":"SKIP","floor":19.0},{"not_picked":["Rebound+1","Multi-Cast"],"picked":"Glacier+1","floor":21.0},{"not_picked":["Steam Power","Hologram"],"picked":"Loop","floor":24.0},{"not_picked":["Lockon","Stack","Fusion"],"picked":"SKIP","floor":27.0},{"not_picked":["Hologram","White Noise"],"picked":"Undo","floor":31.0},{"not_picked":["Auto Shields+1","Stack+1","Go for the Eyes"],"picked":"SKIP","floor":35.0},{"not_picked":["Heatsinks+1","Melter+1","Steam"],"picked":"SKIP","floor":37.0},{"not_picked":["Conserve Battery","Turbo"],"picked":"Defragment","floor":38.0},{"not_picked":["Redo","Cold Snap","Ball Lightning"],"picked":"SKIP","floor":39.0},{"not_picked":["Glacier","Stack","Rebound+1"],"picked":"SKIP","floor":41.0},{"not_picked":["Gash","Double Energy","Cold Snap"],"picked":"SKIP","floor":42.0},{"not_picked":["Hello World","Beam Cell"],"picked":"Compile Driver","floor":46},{"not_picked":["Barrage","Stack"],"picked":"Consume","floor":47}],"player_experience":821799,"relics_obtained":[{"floor":8.0,"key":"Meat on the Bone"},{"floor":9.0,"key":"Pen Nib"},{"floor":13.0,"key":"Darkstone Periapt"},{"floor":31.0,"key":"Ornamental Fan"},{"floor":42.0,"key":"Anchor"},{"floor":46,"key":"Symbiotic Virus"}],"event_choices":[{"damage_healed":0.0,"max_hp_gain":0.0,"max_hp_loss":0.0,"gold_gain":0.0,"event_name":"Shining Light","player_choice":"Ignored","floor":2.0,"gold_loss":0.0,"damage_taken":0.0},{"damage_healed":0.0,"max_hp_gain":0.0,"max_hp_loss":0.0,"gold_gain":75.0,"event_name":"World of Goop","player_choice":"Gather Gold","floor":4.0,"gold_loss":0.0,"damage_taken":11.0},{"damage_healed":0.0,"max_hp_gain":0.0,"max_hp_loss":0.0,"gold_gain":0.0,"event_name":"Lab","player_choice":"Got Potions","floor":7.0,"gold_loss":0.0,"damage_taken":0.0},{"damage_healed":0.0,"max_hp_gain":0.0,"max_hp_loss":0.0,"gold_gain":0.0,"cards_transformed":["Strike_B","Strike_B"],"event_name":"Drug Dealer","player_choice":"Became Test Subject","floor":20.0,"gold_loss":0.0,"damage_taken":0.0,"cards_obtained":["Glacier","Hello World"]},{"damage_healed":0.0,"max_hp_gain":0.0,"max_hp_loss":0.0,"gold_gain":0.0,"event_name":"Vampires","player_choice":"Ignored","floor":25.0,"gold_loss":0.0,"damage_taken":0.0},{"damage_healed":0.0,"max_hp_gain":0.0,"max_hp_loss":0.0,"gold_gain":0.0,"event_name":"The Mausoleum","player_choice":"Ignored","floor":28.0,"gold_loss":0.0,"damage_taken":0.0},{"damage_healed":0.0,"max_hp_gain":0.0,"max_hp_loss":0.0,"gold_gain":0.0,"cards_transformed":["Defend_B"],"event_name":"Transmorgrifier","player_choice":"Transformed","floor":30.0,"gold_loss":0.0,"damage_taken":0.0,"cards_obtained":["Compile Driver"]},{"cards_removed":["Hello World"],"damage_healed":27.0,"max_hp_gain":0.0,"max_hp_loss":0.0,"gold_gain":0.0,"event_name":"Bonfire Elementals","player_choice":"Offered Uncommon","floor":36.0,"gold_loss":0.0,"damage_taken":0.0}],"is_beta":false,"boss_relics":[{"not_picked":["Runic Dome","Sozu"],"picked":"Inserter"},{"not_picked":["Calling Bell","Pandora\u0027s Box"],"picked":"Cursed Key"}],"items_purged_floors":[22,44],"is_endless":false,"potions_floor_spawned":[5,11,13,18,19,21,27,33,35,38,41,46],"killed_by":"Transient","ascension_level":20}}