{"host":"6z6y4ky8uzsz1dpj","time":1607609200,"event":{"gold_per_floor":[85,85,6,11,17,17,20,30,30,105,109,114,123,121,121,209,209,213,213,287,328,2,2,2,62,62,62,121,165,165,227,227,342,342,432,542,642,733,935,1150,1150,1262,1262,1262,1397,973,1099,1099,1099,1095],"floor_reached":51,"playtime":2267,"items_purged":["hierophant:Strike_Hierophant","hierophant:Strike_Hierophant","hierophant:Defend_Hierophant"],"score":1315,"play_id":"25e5e378-10c0-4371-b645-ff7d4922ed87","local_time":"20201210090640","is_ascension_mode":false,"campfire_choices":[{"data":"hierophant:Charity","floor":6.0,"key":"SMITH"},{"data":"hierophant:Remorse","floor":15.0,"key":"SMITH"},{"data":"hierophant:CursedGold","floor":23.0,"key":"SMITH"},{"data":"hierophant:Charity","floor":27.0,"key":"SMITH"},{"data":"hierophant:Refuge","floor":30.0,"key":"SMITH"},{"data":"Mayhem","floor":32.0,"key":"SMITH"},{"data":"hierophant:EyeForCoin","floor":41.0,"key":"SMITH"},{"floor":44,"key":"REST"},{"floor":49,"key":"RECALL"}],"neow_cost":"","seed_source_timestamp":342814279934800,"circlet_count":0,"master_deck":["hierophant:Punish+1","hierophant:Defend_Hierophant","hierophant:Defend_Hierophant","hierophant:ChurchCoffers","hierophant:Charity+1","hierophant:Doubloon+1","Mayhem+1","hierophant:Doubloon+1","hierophant:Remorse","hierophant:Doubloon+1","hierophant:Remorse+1","hierophant:Refuge+1","hierophant:Doubloon+1","hierophant:Smite+1","hierophant:RustyCrate","hierophant:Doubloon+1","hierophant:Doubloon+1","hierophant:MintersHammer","hierophant:Doubloon+1","hierophant:CursedGold+1","hierophant:OrnateBuckler+1","hierophant:Charity+1","hierophant:Doubloon+1","hierophant:TollTheBells+1","hierophant:BulkyChest","hierophant:RustyCrate","hierophant:Doubloon+1","hierophant:Doubloon+1","hierophant:MorningPrayer+1","hierophant:EyeForCoin+1","hierophant:Doubloon+1","hierophant:Doubloon+1","hierophant:Doubloon","hierophant:Doubloon+1","hierophant:Dazzle","hierophant:Doubloon+1"],"special_seed":0,"relics":["hierophant:PropheticMaskRelic","Bag of Preparation","Whetstone","Mummified Hand","CaptainsWheel","Mirror","Black Star","hubris:Icosahedron","Anchor","Replay:WaspNest","Blood Vial","Replay:Bottled Flurry","Gremlin Food","ReplayTheSpireMod:Lightbulb","Potion Belt","White Beast Statue","Empty Cage","Omamori","Ornamental Fan","Centennial Puzzle","Pen Nib","Pondfish Scales","hubris:MysteriousPyramids","hubris:BundleOfHerbs","Bottled Lightning"],"potions_floor_usage":[45],"damage_taken":[{"damage":0.0,"enemies":"2 Louse","floor":1.0,"turns":1.0},{"damage":0.0,"enemies":"Cultist","floor":4.0,"turns":2.0},{"damage":17.0,"enemies":"Small Slimes","floor":5.0,"turns":3.0},{"damage":7.0,"enemies":"2 Fungi Beasts","floor":7.0,"turns":2.0},{"damage":1.0,"enemies":"Gremlin Nob","floor":8.0,"turns":3.0},{"damage":1.0,"enemies":"3 Louse","floor":11.0,"turns":2.0},{"damage":0.0,"enemies":"3 Sentries","floor":12.0,"turns":2.0},{"damage":11.0,"enemies":"Exordium Wildlife","floor":13.0,"turns":3.0},{"damage":0.0,"enemies":"Lagavulin","floor":14.0,"turns":4.0},{"damage":6.0,"enemies":"Hexaghost","floor":16.0,"turns":5.0},{"damage":12.0,"enemies":"Shell Parasite","floor":18.0,"turns":3.0},{"damage":0.0,"enemies":"3 Byrds","floor":20.0,"turns":1.0},{"damage":5.0,"enemies":"Sentry and Sphere","floor":21.0,"turns":3.0},{"damage":9.0,"enemies":"Slavers","floor":25.0,"turns":3.0},{"damage":0.0,"enemies":"3 Cultists","floor":28.0,"turns":2.0},{"damage":0.0,"enemies":"Book of Stabbing","floor":29.0,"turns":4.0},{"damage":0.0,"enemies":"Gremlin Leader","floor":31.0,"turns":2.0},{"damage":19.0,"enemies":"hubris:MusketHawk","floor":33.0,"turns":6.0},{"damage":0.0,"enemies":"3 Shapes","floor":35.0,"turns":3.0},{"damage":0.0,"enemies":"Orb Walker","floor":36.0,"turns":1.0},{"damage":0.0,"enemies":"4 Shapes","floor":37.0,"turns":3.0},{"damage":21.0,"enemies":"Maw","floor":38.0,"turns":5.0},{"damage":8.0,"enemies":"R_Hoarder","floor":40.0,"turns":6.0},{"damage":0,"enemies":"Giant Head","floor":42,"turns":5},{"damage":7,"enemies":"Reptomancer","floor":45,"turns":6},{"damage":0,"enemies":"Writhing Mass","floor":47,"turns":2},{"damage":0,"enemies":"Awakened One","floor":50,"turns":3}],"seed_played":"8568354018031333521","potions_obtained":[{"floor":1.0,"key":"BlessingOfTheForge"},{"floor":4.0,"key":"Strength Potion"},{"floor":7.0,"key":"DuplicationPotion"},{"floor":11.0,"key":"Adrenaline Potion"},{"floor":14.0,"key":"PowerPotion"},{"floor":20.0,"key":"Languid Potion"},{"floor":33.0,"key":"Block Potion"},{"floor":35.0,"key":"ColorlessPotion"},{"floor":36.0,"key":"FearPotion"},{"floor":37.0,"key":"Dexterity Potion"},{"floor":47,"key":"LiquidBronze"}],"is_trial":false,"path_per_floor":["M","?","$","M","M","R","M","E","T","?","M","E","M","E","R","B",null,"M","?","M","M","$","R","$","E","T","R","M","E","R","E","R","B",null,"M","M","M","M","?","E","R","E","T","R","E","$","M","?","R","B",null],"character_chosen":"HIEROPHANT","items_purchased":["hierophant:Charity","Mayhem","hierophant:Refuge","hierophant:Charity","Anchor","Bottled Lightning","hierophant:Doubloon"],"campfire_rested":1,"item_purchase_floors":[0,0,3,22,22,46,46],"current_hp_per_floor":[75,75,75,75,58,58,51,50,50,39,38,38,27,27,27,21,75,63,63,63,58,58,58,58,49,49,49,51,53,53,55,55,38,75,75,75,75,54,24,18,18,20,20,42,37,37,39,39,39,41],"gold":1095,"neow_bonus":"","is_prod":false,"is_daily":false,"chose_seed":false,"campfire_upgraded":7,"win_rate":0,"timestamp":1607609200,"path_taken":["M","?","$","?","M","R","M","E","T","?","M","E","M","E","R","BOSS","M","?","M","M","$","R","$","E","T","R","M","E","R","E","R","BOSS","M","M","M","M","?","E","R","E","T","R","E","$","M","?","R","BOSS"],"build_version":"2020-11-30","purchased_purges":3,"victory":true,"max_hp_per_floor":[75,75,75,75,75,75,75,75,75,75,75,75,75,75,75,75,75,75,75,75,75,75,75,75,75,75,75,75,75,75,75,75,75,75,75,75,75,75,75,75,75,75,75,75,75,75,75,75,75,75],"card_choices":[{"not_picked":["hierophant:AuricShield","hierophant:SealAway"],"picked":"hierophant:Remorse","floor":1.0},{"not_picked":["hierophant:Glossolalia","hierophant:AuricBeam","hierophant:SealAway"],"picked":"SKIP","floor":4.0},{"not_picked":["hierophant:Batter","hierophant:FieryStrike","hierophant:Encroach"],"picked":"SKIP","floor":5.0},{"not_picked":["hierophant:Sermon","hierophant:Encroach"],"picked":"hierophant:Smite","floor":7.0},{"not_picked":["hierophant:SealAway","hierophant:Embezzle","hierophant:Purify"],"picked":"SKIP","floor":8.0},{"not_picked":["hierophant:ConvertCurrency","hierophant:HolyVerse","hierophant:Encroach"],"picked":"SKIP","floor":11.0},{"not_picked":["hierophant:FieryStrike","hierophant:Encroach"],"picked":"hierophant:RustyCrate","floor":12.0},{"not_picked":["hierophant:Kindle","hierophant:Upheaval","hierophant:Prophecy"],"picked":"SKIP","floor":13.0},{"not_picked":["hierophant:DisplayOfPower","hierophant:FlamingChariot","hierophant:HammerAndAnvil"],"picked":"SKIP","floor":14.0},{"not_picked":["hierophant:DeathKnell","hierophant:DivineIntervention"],"picked":"hierophant:MintersHammer","floor":16.0},{"not_picked":["hierophant:ThreeLashes+1","hierophant:Zeal","hierophant:DisplayOfPower"],"picked":"SKIP","floor":18.0},{"not_picked":["hierophant:ConvertCurrency","hierophant:Alms+1"],"picked":"hierophant:CursedGold","floor":20.0},{"not_picked":["hierophant:MintersHammer","hierophant:Zeal"],"picked":"hierophant:OrnateBuckler+1","floor":21.0},{"not_picked":["hierophant:Embezzle","hierophant:MorningPrayer"],"picked":"hierophant:TollTheBells","floor":25.0},{"not_picked":["hierophant:Purify","hierophant:Encroach","hierophant:HammerAndAnvil"],"picked":"SKIP","floor":28.0},{"not_picked":["hierophant:FlamingChariot","hierophant:DisplayOfPower+1","hierophant:Levitation"],"picked":"SKIP","floor":29.0},{"not_picked":["hierophant:SecretStash","hierophant:PassingBell","hierophant:Zeal"],"picked":"SKIP","floor":31.0},{"not_picked":["hierophant:Levitation","hierophant:Batter"],"picked":"hierophant:BulkyChest","floor":33.0},{"not_picked":["hierophant:OrnateJavelin","hierophant:Shelter+1","hierophant:Martyrdom+1"],"picked":"SKIP","floor":35.0},{"not_picked":["hierophant:FieryStrike+1","hierophant:HolyVerse+1","hierophant:Sermon"],"picked":"SKIP","floor":36.0},{"not_picked":["hierophant:RepressedViolence","hierophant:SealAway"],"picked":"hierophant:RustyCrate","floor":37.0},{"not_picked":["hierophant:PassingBell","hierophant:HolyVerse"],"picked":"hierophant:MorningPrayer+1","floor":38.0},{"not_picked":["hierophant:Patience+1","hierophant:Exaltation"],"picked":"hierophant:EyeForCoin","floor":40.0},{"not_picked":["hierophant:Doomsaying","hierophant:PassingBell+1","hierophant:Blessing"],"picked":"SKIP","floor":42},{"not_picked":["hierophant:HammerAndAnvil","hierophant:Chorus","hierophant:AuricShield"],"picked":"SKIP","floor":45},{"not_picked":["hierophant:Exaltation+1","hierophant:ThreeLashes+1"],"picked":"hierophant:Dazzle","floor":47}],"player_experience":159698,"relics_obtained":[{"floor":8.0,"key":"Whetstone"},{"floor":9.0,"key":"Mummified Hand"},{"floor":12.0,"key":"CaptainsWheel"},{"floor":14.0,"key":"Mirror"},{"floor":25.0,"key":"Replay:WaspNest"},{"floor":25.0,"key":"Blood Vial"},{"floor":26.0,"key":"Replay:Bottled Flurry"},{"floor":29.0,"key":"Gremlin Food"},{"floor":29.0,"key":"ReplayTheSpireMod:Lightbulb"},{"floor":31.0,"key":"Potion Belt"},{"floor":31.0,"key":"White Beast Statue"},{"floor":40.0,"key":"Omamori"},{"floor":40.0,"key":"Ornamental Fan"},{"floor":42,"key":"Centennial Puzzle"},{"floor":42,"key":"Pen Nib"},{"floor":43,"key":"Pondfish Scales"},{"floor":45,"key":"hubris:MysteriousPyramids"},{"floor":45,"key":"hubris:BundleOfHerbs"}],"event_choices":[{"cards_removed":["hierophant:Strike_Hierophant"],"damage_healed":0.0,"max_hp_gain":0.0,"max_hp_loss":0.0,"gold_gain":0.0,"event_name":"Purifier","player_choice":"Purged","floor":2.0,"gold_loss":0.0,"damage_taken":0.0},{"damage_healed":0.0,"max_hp_gain":0.0,"max_hp_loss":0.0,"gold_gain":75.0,"event_name":"World of Goop","player_choice":"Gather Gold","floor":10.0,"gold_loss":0.0,"damage_taken":11.0},{"damage_healed":0,"gold_gain":0,"player_choice":"Ignored","damage_taken":0,"max_hp_gain":0,"max_hp_loss":0,"event_name":"NoteForYourself","floor":48,"gold_loss":0}],"is_beta":false,"boss_relics":[{"not_picked":["Pandora\u0027s Box","ReplayTheSpireMod:DimensionalGlitch"],"picked":"Black Star"},{"not_picked":["Velvet Choker","hubris:CrackedHourglass"],"picked":"Empty Cage"}],"items_purged_floors":[0,22,46],"is_endless":false,"potions_floor_spawned":[1,4,7,11,14,20,33,35,36,37,38,47],"ascension_level":0}}