{"host":"xodzlm10r37577ou","time":1607581853,"event":{"gold_per_floor":[109,119,119,303,303,328,340,340,340,357,357,376,376,264,264,337,437,451,451,462,237,257,257,289,299,299,299,324,324,356,356,356,430,430,442,442,494,494,513,513,538,538,538,557,367,379,398,398,398,398],"floor_reached":51,"playtime":3378,"items_purged":["Strike_S","Strike_S"],"score":1614,"play_id":"ae3d6341-417c-49b2-9a20-ecee3e97085f","local_time":"20201210143053","is_ascension_mode":true,"campfire_choices":[{"floor":8.0,"key":"DIG"},{"floor":11.0,"key":"DIG"},{"floor":13.0,"key":"DIG"},{"data":"Collapse","floor":15.0,"key":"SMITH"},{"data":"Survey Options","floor":23.0,"key":"SMITH"},{"data":"Replace","floor":27.0,"key":"SMITH"},{"data":"Revamp","floor":32,"key":"SMITH"},{"floor":40,"key":"DIG"},{"floor":42,"key":"DIG"},{"floor":49,"key":"DIG"}],"neow_cost":"NONE","seed_source_timestamp":424422803989200,"circlet_count":0,"master_deck":["AscendersBane","Defend_S","Defend_S","KidneyShot","Exchange","Hightail+1","Potential","DualDimension","TimeWarp","SpecialFormula","DualDimension","Rewind","Collapse+1","Collapse+1","Contraction+1","Comet","Luminosity","Survey Options+1","Alleviate","Replace+1","Foresight","Revamp+1","StarChef","GearUp","FastForward","FlawlessForm","Potential+1","Collapse","ReplayUltimateDefense","TheWorld"],"special_seed":0,"relics":["Uniform","NeowsBlessing","Shovel","Calipers","ReplayTheSpireMod:Shallot","Regal Pillow","Letter Opener","Replay:Wanted Poster","BargainBundle","PocketWatch","Chameleon Ring","Vajra","ReplayTheSpireMod:TigerMarble","Fusion Hammer","CatCart","White Beast Statue","Pantograph","StrikeDummy","Juzu Bracelet","PreservedInsect"],"potions_floor_usage":[30,30,50,50],"damage_taken":[{"damage":0.0,"enemies":"Cultist","floor":1.0,"turns":1.0},{"damage":0.0,"enemies":"2 Louse","floor":2.0,"turns":1.0},{"damage":0.0,"enemies":"Lagavulin","floor":6.0,"turns":2.0},{"damage":0.0,"enemies":"Small Slimes","floor":7.0,"turns":4.0},{"damage":0.0,"enemies":"Looter","floor":10.0,"turns":5.0},{"damage":0.0,"enemies":"2 Fungi Beasts","floor":12.0,"turns":4.0},{"damage":16.0,"enemies":"The Guardian","floor":16.0,"turns":10.0},{"damage":0.0,"enemies":"3 Byrds","floor":18.0,"turns":5.0},{"damage":0.0,"enemies":"Spheric Guardian","floor":20.0,"turns":6.0},{"damage":3.0,"enemies":"Centurion and Healer","floor":22.0,"turns":8.0},{"damage":0.0,"enemies":"Book of Stabbing","floor":24.0,"turns":5.0},{"damage":2.0,"enemies":"Cultist and Chosen","floor":25.0,"turns":8.0},{"damage":0,"enemies":"Replay:Snechameleon","floor":28,"turns":7},{"damage":0,"enemies":"Book of Stabbing","floor":30,"turns":3},{"damage":0,"enemies":"Champ","floor":33,"turns":8},{"damage":0,"enemies":"3 Shapes","floor":35,"turns":1},{"damage":0,"enemies":"Orin","floor":37,"turns":7},{"damage":0,"enemies":"Orb Walker","floor":39,"turns":2},{"damage":0,"enemies":"Giant Head","floor":41,"turns":6},{"damage":0,"enemies":"Transient","floor":44,"turns":5},{"damage":2,"enemies":"Sphere and 2 Shapes","floor":46,"turns":5},{"damage":2,"enemies":"Maw","floor":47,"turns":4},{"damage":9,"enemies":"Awakened One","floor":50,"turns":13}],"seed_played":"7571486575770664696","potions_obtained":[{"floor":1.0,"key":"Reflective Coating"},{"floor":6.0,"key":"LiquidMemories"},{"floor":18.0,"key":"Swift Potion"},{"floor":24.0,"key":"LifebloodPotion"},{"floor":25.0,"key":"SteroidPotion"},{"floor":28,"key":"Energy Potion"},{"floor":39,"key":"SteroidPotion"},{"floor":41,"key":"SkillPotion"},{"floor":44,"key":"Regen Potion"},{"floor":46,"key":"ColorlessPotion"}],"is_trial":false,"path_per_floor":["M","M","?","?","?","E","M","R","T","M","R","M","R","$","R","B",null,"M","?","M","$","M","R","E","M","T","R","E","?","E","$","R","B",null,"M","?","?","?","M","R","E","R","T","M","$","M","M","?","R","B",null],"character_chosen":"THE_SERVANT","items_purchased":["Collapse","BargainBundle","Comet","Luminosity","Survey Options","ReplayUltimateDefense"],"campfire_rested":0,"item_purchase_floors":[14,21,21,21,21,45],"current_hp_per_floor":[54,54,54,35,35,35,35,35,35,35,35,40,40,40,40,29,52,57,41,41,41,43,43,48,51,51,51,56,56,56,56,56,61,64,64,64,65,62,62,62,62,62,62,62,62,60,62,62,62,54],"gold":398,"neow_bonus":"THREE_ENEMY_KILL","is_prod":false,"is_daily":false,"chose_seed":false,"campfire_upgraded":4,"win_rate":0,"timestamp":1607581853,"path_taken":["M","?","?","?","?","E","M","R","T","M","R","M","R","$","R","BOSS","BOSS","M","?","M","$","M","R","E","M","T","R","E","?","E","?","R","BOSS","M","?","?","?","?","R","E","R","T","M","?","M","M","?","R","BOSS"],"build_version":"2020-11-30","purchased_purges":2,"victory":true,"max_hp_per_floor":[60,60,60,60,60,60,60,60,60,60,60,60,60,60,60,60,60,60,65,65,65,65,65,65,65,65,65,65,65,65,65,65,65,65,65,65,65,62,62,62,62,62,62,62,62,62,62,62,62,62],"card_choices":[{"not_picked":["TimeTheft","RealityMarble"],"picked":"Hightail","floor":1.0},{"not_picked":["ShatteredReality","Starlight"],"picked":"Potential","floor":2.0},{"not_picked":["Rearm","SilverBlades"],"picked":"DualDimension","floor":4.0},{"not_picked":["Alleviate","Revamp"],"picked":"TimeWarp","floor":6.0},{"not_picked":["FanOfKnives","FastForward"],"picked":"SpecialFormula","floor":7.0},{"not_picked":["Rearm","ForgedInTime"],"picked":"DualDimension","floor":10.0},{"not_picked":["BottledTime","FastForward"],"picked":"Rewind","floor":12.0},{"not_picked":["Snipe+1","FastForward+1"],"picked":"Collapse+1","floor":18.0},{"not_picked":["Defy","Collapse"],"picked":"Contraction+1","floor":20.0},{"not_picked":["Sabotage","TimeWarp"],"picked":"Alleviate","floor":22.0},{"not_picked":["Starlight","ShiftingGears"],"picked":"Replace","floor":24.0},{"not_picked":["Potential","ShatteredReality"],"picked":"Foresight","floor":25.0},{"not_picked":["Potential","Contraction"],"picked":"Revamp","floor":28},{"not_picked":["ShatteredReality","ReturningBlade"],"picked":"FastForward","floor":30},{"not_picked":["Initiator","Dilation"],"picked":"FlawlessForm","floor":33},{"not_picked":["ShatteredReality","Gouge+1"],"picked":"Potential+1","floor":35},{"not_picked":["SurpressingFire","Alleviate"],"picked":"Collapse","floor":37},{"not_picked":["Moonlight","MurderousAura","DoubleEdge+1"],"picked":"SKIP","floor":39},{"not_picked":["Replace","Rearm","Starlight"],"picked":"SKIP","floor":41},{"not_picked":["Revamp","Alleviate","BestPractice+1"],"picked":"SKIP","floor":44},{"not_picked":["Potential","SurpressingFire","Hightail"],"picked":"SKIP","floor":46},{"not_picked":["GearUp","ShatteredReality","SurpressingFire"],"picked":"SKIP","floor":47}],"player_experience":757832,"relics_obtained":[{"floor":6.0,"key":"Shovel"},{"floor":8.0,"key":"Calipers"},{"floor":9.0,"key":"ReplayTheSpireMod:Shallot"},{"floor":11.0,"key":"Regal Pillow"},{"floor":13.0,"key":"Letter Opener"},{"floor":24.0,"key":"PocketWatch"},{"floor":26.0,"key":"Chameleon Ring"},{"floor":28,"key":"Vajra"},{"floor":30,"key":"ReplayTheSpireMod:TigerMarble"},{"floor":37,"key":"CatCart"},{"floor":40,"key":"White Beast Statue"},{"floor":41,"key":"Pantograph"},{"floor":42,"key":"StrikeDummy"},{"floor":43,"key":"Juzu Bracelet"},{"floor":49,"key":"PreservedInsect"}],"event_choices":[{"damage_healed":0.0,"max_hp_gain":0.0,"max_hp_loss":0.0,"gold_gain":0.0,"event_name":"Living Wall","player_choice":"Grow","floor":3.0,"gold_loss":0.0,"damage_taken":0.0,"cards_upgraded":["Hightail"]},{"damage_healed":0.0,"max_hp_gain":0.0,"max_hp_loss":0.0,"gold_gain":0.0,"event_name":"Shining Light","player_choice":"Ignored","floor":5.0,"gold_loss":0.0,"damage_taken":0.0},{"damage_healed":0.0,"max_hp_gain":5.0,"max_hp_loss":0.0,"gold_gain":0.0,"event_name":"Forgotten Altar","player_choice":"Shed Blood","floor":19.0,"gold_loss":0.0,"damage_taken":21.0},{"damage_healed":0,"gold_gain":0,"cards_transformed":["Strike_S","Defend_S"],"player_choice":"Became Test Subject","damage_taken":0,"max_hp_gain":0,"max_hp_loss":0,"event_name":"Drug Dealer","floor":29,"gold_loss":0,"cards_obtained":["StarChef","GearUp"]},{"cards_removed":["Strike_S"],"damage_healed":0,"gold_gain":0,"player_choice":"Removed Attack","damage_taken":0,"max_hp_gain":0,"max_hp_loss":0,"event_name":"Falling","floor":36,"gold_loss":0},{"damage_healed":0,"gold_gain":0,"player_choice":"Fight","damage_taken":0,"max_hp_gain":0,"max_hp_loss":0,"event_name":"OrinTheCat","floor":37,"gold_loss":0},{"damage_healed":0,"gold_gain":0,"player_choice":"Max HP","damage_taken":0,"max_hp_gain":0,"max_hp_loss":3,"event_name":"Winding Halls","floor":38,"gold_loss":0},{"damage_healed":0,"gold_gain":0,"cards_transformed":["Defend_S"],"player_choice":"Transformed","damage_taken":0,"max_hp_gain":0,"max_hp_loss":0,"event_name":"Transmorgrifier","floor":48,"gold_loss":0,"cards_obtained":["TheWorld"]}],"is_beta":false,"boss_relics":[{"not_picked":["ChewingGum","Empty Cage"],"picked":"Replay:Wanted Poster"},{"not_picked":["Astrolabe","ReplayTheSpireMod:DimensionalGlitch"],"picked":"Fusion Hammer"}],"items_purged_floors":[14,21],"is_endless":false,"potions_floor_spawned":[1,6,18,24,25,28,39,41,44,46,47],"ascension_level":16}}