{"host":"kpyf5rnb72uwap8k","time":1607563675,"event":{"gold_per_floor":[119,129,61,61,76,106,106,135,135,135,152,179,179,189,189,286,286,298,213,303,318,337,337,351,351,378,393,421,435,449,461,461,560,560,580,140,140,157,167,167,197,62,89,123,173,190,207,82,82,82,82],"floor_reached":50,"playtime":1717,"items_purged":["Strike_G","Strike_G","Strike_G"],"score":678,"play_id":"9ca04b03-26b4-48a2-bec3-e8eb796de97e","local_time":"20201210102755","is_ascension_mode":true,"campfire_choices":[{"data":"Accuracy","floor":7.0,"key":"SMITH"},{"data":"Cloak And Dagger","floor":10.0,"key":"SMITH"},{"data":"Blade Dance","floor":13,"key":"SMITH"},{"data":"Phantasmal Killer","floor":15,"key":"SMITH"},{"data":"Acrobatics","floor":23,"key":"SMITH"},{"floor":25,"key":"REST"},{"floor":32,"key":"REST"},{"data":"Blade Dance","floor":40,"key":"SMITH"},{"floor":49,"key":"REST"}],"neow_cost":"NONE","seed_source_timestamp":229386819275400,"circlet_count":0,"master_deck":["Strike_G","Defend_G","Defend_G","Defend_G","Defend_G","Survivor","Neutralize","Unload","Masterful Stab","Accuracy+1","Blade Dance+1","Cloak And Dagger+1","Acrobatics+1","Backflip","Phantasmal Killer+1","Footwork+1","Prepared+1","Cloak And Dagger","Blade Dance+1","Footwork","PiercingWail+1","Backstab+1"],"special_seed":0,"relics":["Ring of the Snake","Shuriken","Gremlin Horn","Pantograph","Molten Egg 2","Busted Crown","Calipers","Potion Belt","Anchor","WristBlade","Vajra","White Beast Statue","Pear","Torii"],"potions_floor_usage":[12,12,21,31,33,33,33,33,44,44,50,50,50,50,50],"damage_taken":[{"damage":0.0,"enemies":"2 Louse","floor":1.0,"turns":3.0},{"damage":0.0,"enemies":"Cultist","floor":2.0,"turns":3.0},{"damage":0.0,"enemies":"Small Slimes","floor":5.0,"turns":2.0},{"damage":5.0,"enemies":"Gremlin Nob","floor":6.0,"turns":3.0},{"damage":8.0,"enemies":"Lagavulin","floor":8.0,"turns":5.0},{"damage":0.0,"enemies":"Blue Slaver","floor":11.0,"turns":3.0},{"damage":5,"enemies":"Gremlin Nob","floor":12,"turns":3},{"damage":0,"enemies":"Lots of Slimes","floor":14,"turns":1},{"damage":0,"enemies":"Slime Boss","floor":16,"turns":3},{"damage":0,"enemies":"3 Byrds","floor":18,"turns":3},{"damage":0,"enemies":"Shell Parasite","floor":21,"turns":2},{"damage":5,"enemies":"3 Cultists","floor":22,"turns":4},{"damage":6,"enemies":"Shelled Parasite and Fungi","floor":24,"turns":4},{"damage":2,"enemies":"Sentry and Sphere","floor":27,"turns":3},{"damage":20,"enemies":"Slavers","floor":28,"turns":4},{"damage":0,"enemies":"Cultist and Chosen","floor":29,"turns":3},{"damage":0,"enemies":"Centurion and Healer","floor":30,"turns":4},{"damage":0,"enemies":"Shelled Parasite and Fungi","floor":31,"turns":3},{"damage":8,"enemies":"Collector","floor":33,"turns":4},{"damage":3,"enemies":"3 Shapes","floor":35,"turns":4},{"damage":0,"enemies":"Orb Walker","floor":38,"turns":2},{"damage":0,"enemies":"Sphere and 2 Shapes","floor":39,"turns":3},{"damage":0,"enemies":"Reptomancer","floor":41,"turns":3},{"damage":0,"enemies":"Nemesis","floor":44,"turns":3},{"damage":26,"enemies":"Mind Bloom Boss Battle","floor":45,"turns":4},{"damage":0,"enemies":"Spire Growth","floor":46,"turns":3},{"damage":0,"enemies":"Jaw Worm Horde","floor":47,"turns":2},{"damage":80,"enemies":"Time Eater","floor":50,"turns":12}],"seed_played":"8767096022243061502","potions_obtained":[{"floor":4.0,"key":"DuplicationPotion"},{"floor":4.0,"key":"SteroidPotion"},{"floor":4.0,"key":"Swift Potion"},{"floor":6.0,"key":"SteroidPotion"},{"floor":11.0,"key":"BlessingOfTheForge"},{"floor":14,"key":"Fire Potion"},{"floor":16,"key":"Weak Potion"},{"floor":24,"key":"AttackPotion"},{"floor":27,"key":"DistilledChaos"},{"floor":28,"key":"Poison Potion"},{"floor":41,"key":"LiquidBronze"},{"floor":44,"key":"Block Potion"},{"floor":45,"key":"Strength Potion"},{"floor":46,"key":"ColorlessPotion"},{"floor":47,"key":"SpeedPotion"}],"is_trial":false,"path_per_floor":["M","M","$","?","M","E","R","E","T","R","M","E","R","M","R","B",null,"M","?","?","M","M","R","M","R","T","M","E","M","M","M","R","B",null,"M","$","?","M","M","R","E","$","T","E","?","M","M","$","R","B"],"character_chosen":"THE_SILENT","items_purchased":["Accuracy","Vajra","Blade Dance","Footwork","Weak Potion","LiquidMemories","Backstab+1"],"campfire_rested":3,"item_purchase_floors":[3,36,36,36,36,36,42],"current_hp_per_floor":[70,70,70,70,70,65,65,57,57,57,57,52,52,52,52,70,70,70,70,58,58,53,53,47,68,68,66,46,46,46,46,67,62,70,67,67,67,67,67,67,67,67,67,77,54,54,54,54,78,0,0],"gold":82,"neow_bonus":"TRANSFORM_CARD","is_prod":false,"is_daily":false,"chose_seed":false,"campfire_upgraded":6,"win_rate":0,"timestamp":1607563675,"path_taken":["M","M","$","?","?","E","R","E","T","R","M","E","R","M","R","BOSS","M","?","?","M","M","R","M","R","T","M","E","M","M","?","R","BOSS","M","$","?","M","M","R","E","$","T","E","?","M","M","$","R","BOSS"],"build_version":"2020-11-30","purchased_purges":3,"victory":false,"max_hp_per_floor":[70,70,70,70,70,70,70,70,70,70,70,70,70,70,70,70,70,70,70,70,70,70,70,70,70,70,70,70,70,70,70,70,70,70,70,70,70,70,70,70,70,70,70,80,80,80,80,80,80,80,80],"card_choices":[{"not_picked":["Quick Slash","Heel Hook"],"picked":"Masterful Stab","floor":1.0},{"not_picked":["Bouncing Flask","Dodge and Roll","Bane"],"picked":"SKIP","floor":2.0},{"not_picked":["Poisoned Stab","Riddle With Holes","Backflip"],"picked":"SKIP","floor":5.0},{"not_picked":["Calculated Gamble","Crippling Poison"],"picked":"Blade Dance","floor":6.0},{"not_picked":["Crippling Poison","Underhanded Strike"],"picked":"Cloak And Dagger","floor":8.0},{"not_picked":["Backflip","Quick Slash"],"picked":"Acrobatics","floor":11.0},{"not_picked":["Deflect","Dodge and Roll"],"picked":"Backflip","floor":12},{"not_picked":["Acrobatics","Cloak And Dagger"],"picked":"Phantasmal Killer","floor":14},{"not_picked":["Underhanded Strike+1"],"picked":"SKIP","floor":18},{"not_picked":[],"picked":"Footwork+1","floor":21},{"not_picked":["Backflip"],"picked":"SKIP","floor":22},{"not_picked":["Underhanded Strike+1"],"picked":"SKIP","floor":24},{"not_picked":["Dash+1"],"picked":"SKIP","floor":27},{"not_picked":["Unload+1"],"picked":"SKIP","floor":28},{"not_picked":["Dodge and Roll+1"],"picked":"SKIP","floor":29},{"not_picked":[],"picked":"Prepared+1","floor":30},{"not_picked":["Quick Slash+1"],"picked":"SKIP","floor":31},{"not_picked":[],"picked":"Cloak And Dagger","floor":35},{"not_picked":[],"picked":"PiercingWail+1","floor":38},{"not_picked":["Underhanded Strike+1"],"picked":"SKIP","floor":39},{"not_picked":["Catalyst+1"],"picked":"SKIP","floor":41},{"not_picked":["Underhanded Strike+1"],"picked":"SKIP","floor":44},{"not_picked":["Underhanded Strike+1"],"picked":"SKIP","floor":46},{"not_picked":["PiercingWail"],"picked":"SKIP","floor":47}],"player_experience":193414,"relics_obtained":[{"floor":6.0,"key":"Shuriken"},{"floor":8.0,"key":"Gremlin Horn"},{"floor":9.0,"key":"Pantograph"},{"floor":12,"key":"Molten Egg 2"},{"floor":26,"key":"Potion Belt"},{"floor":28,"key":"Anchor"},{"floor":41,"key":"White Beast Statue"},{"floor":44,"key":"Pear"},{"floor":45,"key":"Torii"}],"event_choices":[{"damage_healed":0.0,"max_hp_gain":0.0,"max_hp_loss":0.0,"gold_gain":0.0,"event_name":"Lab","player_choice":"Got Potions","floor":4.0,"gold_loss":0.0,"damage_taken":0.0},{"damage_healed":0,"gold_gain":0,"player_choice":"Obtained Relic","damage_taken":0,"relics_obtained":["Calipers"],"max_hp_gain":0,"max_hp_loss":0,"event_name":"Addict","floor":19,"gold_loss":85},{"damage_healed":0,"gold_gain":90,"player_choice":"GOLD ","damage_taken":12,"max_hp_gain":0,"max_hp_loss":0,"event_name":"Knowing Skull","floor":20,"potions_obtained":[],"gold_loss":0,"cards_obtained":[]},{"cards_removed":["Defend_G"],"damage_healed":0,"gold_gain":0,"player_choice":"Removed Skill","damage_taken":0,"max_hp_gain":0,"max_hp_loss":0,"event_name":"Falling","floor":37,"gold_loss":0},{"damage_healed":0,"gold_gain":0,"player_choice":"Fight","damage_taken":0,"max_hp_gain":0,"max_hp_loss":0,"event_name":"MindBloom","floor":45,"gold_loss":0}],"is_beta":false,"boss_relics":[{"not_picked":["Black Star","Coffee Dripper"],"picked":"Busted Crown"},{"not_picked":["Snecko Eye","Astrolabe"],"picked":"WristBlade"}],"items_purged_floors":[36,42,48],"is_endless":false,"potions_floor_spawned":[6,11,14,16,24,27,28,41,44,45,46,47],"killed_by":"Time Eater","ascension_level":1}}