{"host":"9h1qbmp5h1ch7u4r","time":1607565747,"event":{"gold_per_floor":[115,115,40,40,140,168,168,199,199,199,216,236,236,236],"floor_reached":13,"playtime":423,"items_purged":["animator:Strike"],"score":183,"play_id":"074e64a6-e85f-4b4a-b4da-7e0de8d140a6","local_time":"20201209210227","is_ascension_mode":true,"campfire_choices":[{"data":"animator:TsurugaMeisai","floor":7,"key":"SMITH"},{"data":"animator:Nanami","floor":10,"key":"SMITH"}],"neow_cost":"NONE","seed_source_timestamp":122893869327600,"circlet_count":0,"master_deck":["animator:Strike_MadokaMagica","animator:Defend_MadokaMagica","animator:Strike","animator:Strike","animator:Defend","animator:Defend","animator:Defend","animator:IrohaTamaki","animator:YuiTsuruno","animator:TsurugaMeisai+1","animator:GuildGirl","animator:Nanami+1","animator:YuiTsuruno","animator:ElricAlphonse"],"relics":["animator:LivingPicture","animator:TheMissingPiece","NeowsBlessing","Regal Pillow","Ancient Tea Set","Blood Vial"],"potions_floor_usage":[],"damage_taken":[{"damage":0,"enemies":"Cultist","floor":1,"turns":1},{"damage":0,"enemies":"Lagavulin","floor":6,"turns":3},{"damage":0,"enemies":"Gremlin Nob","floor":8,"turns":1},{"damage":0,"enemies":"Jaw Worm","floor":11,"turns":5},{"damage":4,"enemies":"2 Louse","floor":12,"turns":3},{"damage":21,"enemies":"3 Sentries","floor":13,"turns":4}],"seed_played":"-3221080765498885168","potions_obtained":[{"floor":11,"key":"SteroidPotion"},{"floor":12,"key":"FearPotion"}],"is_trial":false,"path_per_floor":["M","?","$","?","?","E","R","E","T","R","M","M","E"],"character_chosen":"THE_ANIMATOR","items_purchased":[],"campfire_rested":0,"item_purchase_floors":[],"current_hp_per_floor":[59,64,64,64,64,64,64,64,64,64,66,64,45,45],"gold":236,"neow_bonus":"THREE_ENEMY_KILL","is_prod":false,"is_daily":false,"chose_seed":false,"campfire_upgraded":2,"win_rate":0,"timestamp":1607565747,"path_taken":["M","?","$","?","?","E","R","E","T","R","?","M","E"],"build_version":"2020-11-30","purchased_purges":1,"victory":false,"max_hp_per_floor":[66,71,71,71,71,71,71,71,71,71,71,71,71,71],"card_choices":[{"not_picked":["animator:IrohaTamaki","animator:Gillette"],"picked":"animator:TsurugaMeisai","floor":1},{"not_picked":["animator:MaesHughes","animator:RinTohsaka"],"picked":"animator:GuildGirl","floor":6},{"not_picked":["animator:Mitsuba","animator:LizardPriest"],"picked":"animator:Nanami","floor":8},{"not_picked":["animator:IrohaTamaki","animator:KyokoSakura"],"picked":"animator:YuiTsuruno","floor":11},{"not_picked":["animator:DwarfShaman","animator:UneriGinkaku"],"picked":"animator:ElricAlphonse","floor":12}],"player_experience":928966,"relics_obtained":[{"floor":6,"key":"Regal Pillow"},{"floor":8,"key":"Ancient Tea Set"},{"floor":9,"key":"Blood Vial"}],"event_choices":[{"damage_healed":0,"gold_gain":0,"player_choice":"Donut","damage_taken":0,"max_hp_gain":5,"max_hp_loss":0,"event_name":"Big Fish","floor":2,"gold_loss":0},{"damage_healed":0,"gold_gain":0,"player_choice":"Leave","damage_taken":0,"max_hp_gain":0,"max_hp_loss":0,"event_name":"The Cleric","floor":4,"gold_loss":0},{"damage_healed":0,"gold_gain":100,"player_choice":"Pray","damage_taken":0,"max_hp_gain":0,"max_hp_loss":0,"event_name":"Golden Shrine","floor":5,"gold_loss":0}],"is_beta":false,"boss_relics":[],"items_purged_floors":[3],"is_endless":false,"potions_floor_spawned":[11,12],"killed_by":"3 Sentries","ascension_level":6}}