{"host":"9d9dhukr2jywmy0f","time":1607574838,"event":{"gold_per_floor":[119,138,58,58,58,58,72,72,72,72,92,92,124,137,137,233,233,253,178,178,178,213,213,247,282,282,182,229,229,248,123,123,241,241,277,277,277,313,347,347,387,398,398,100,100,170,18,55,55,75,75,75,25,79,99],"floor_reached":56,"playtime":2768,"items_purged":["yuri:yuriStrike","yuri:Spin","yuri:yuriStrike+1","yuri:yuriDefend"],"score":1247,"play_id":"0be67507-f8e4-4c30-a7ff-47ce9f43ea8f","local_time":"20201210123357","is_ascension_mode":false,"campfire_choices":[{"data":"yuri:DragonForm","floor":6.0,"key":"SMITH"},{"data":"yuri:HeavierStrike","floor":8.0,"key":"SMITH"},{"data":"yuri:HeavierStrike","floor":12.0,"key":"SMITH"},{"data":"yuri:yuriStab","floor":15.0,"key":"SMITH"},{"data":"yuri:SeeingDouble","floor":23.0,"key":"SMITH"},{"data":"yuri:SeeingDouble","floor":29.0,"key":"SMITH"},{"data":"yuri:Oolong","floor":32.0,"key":"SMITH"},{"data":"yuri:MPose","floor":40.0,"key":"SMITH"},{"floor":45.0,"key":"RECALL"},{"data":"yuri:DuplicateCode","floor":49.0,"key":"SMITH"},{"data":"yuri:Stare","floor":52.0,"key":"SMITH"}],"neow_cost":"NONE","seed_source_timestamp":0,"circlet_count":0,"master_deck":["yuri:yuriDefend","yuri:yuriDefend","yuri:yuriDefend","yuri:Oolong+1","yuri:yuriStab+1","yuri:ThrowBook+1","yuri:HeavierStrike+1","yuri:DragonForm+1","yuri:HeavierStrike+1","yuri:WickedSlash","yuri:StealPen+1","yuri:SeeingDouble+1","yuri:SeeingDouble+1","yuri:DejaVu+1","yuri:Stare+1","yuri:Stalk+1","yuri:MPose+1","yuri:HeavierStrike+1","yuri:DuplicateCode+1"],"special_seed":0,"relics":["yuri:yuriKnife","Eternal Feather","yuri:PortableGlitches","Whetstone","Runic Dome","Red Mask","Cursed Key","Lee\u0027s Waffle","Mango","Oddly Smooth Stone"],"potions_floor_usage":[55,55],"damage_taken":[{"damage":4.0,"enemies":"Cultist","floor":1.0,"turns":5.0},{"damage":6.0,"enemies":"Jaw Worm","floor":2.0,"turns":4.0},{"damage":0.0,"enemies":"2 Louse","floor":7.0,"turns":2.0},{"damage":0.0,"enemies":"2 Fungi Beasts","floor":11.0,"turns":2.0},{"damage":27.0,"enemies":"Lagavulin","floor":13.0,"turns":5.0},{"damage":0.0,"enemies":"3 Louse","floor":14.0,"turns":2.0},{"damage":30.0,"enemies":"The Guardian","floor":16.0,"turns":6.0},{"damage":4.0,"enemies":"Chosen","floor":18.0,"turns":3.0},{"damage":4.0,"enemies":"Spheric Guardian","floor":22.0,"turns":3.0},{"damage":11.0,"enemies":"Snake Plant","floor":24.0,"turns":3.0},{"damage":11.0,"enemies":"Cultist and Chosen","floor":25.0,"turns":3.0},{"damage":6.0,"enemies":"Masked Bandits","floor":28.0,"turns":2.0},{"damage":9.0,"enemies":"Sentry and Sphere","floor":30.0,"turns":2.0},{"damage":56.0,"enemies":"Automaton","floor":33.0,"turns":5.0},{"damage":5.0,"enemies":"Orb Walker","floor":35.0,"turns":2.0},{"damage":38.0,"enemies":"3 Darklings","floor":38.0,"turns":3.0},{"damage":17.0,"enemies":"Jaw Worm Horde","floor":39.0,"turns":3.0},{"damage":29.0,"enemies":"Sphere and 2 Shapes","floor":41.0,"turns":4.0},{"damage":11.0,"enemies":"Writhing Mass","floor":42.0,"turns":2.0},{"damage":12.0,"enemies":"Mind Bloom Boss Battle","floor":46.0,"turns":3.0},{"damage":31.0,"enemies":"Maw","floor":48.0,"turns":4.0},{"damage":43.0,"enemies":"Time Eater","floor":50.0,"turns":4.0},{"damage":22.0,"enemies":"Shield and Spear","floor":54.0,"turns":3.0},{"damage":75,"enemies":"The Heart","floor":55,"turns":5}],"seed_played":"1683734005850643398","potions_obtained":[{"floor":1.0,"key":"SkillPotion"},{"floor":2.0,"key":"Fruit Juice"},{"floor":13.0,"key":"SkillPotion"},{"floor":16.0,"key":"EssenceOfSteel"},{"floor":18.0,"key":"Ancient Potion"},{"floor":28.0,"key":"Weak Potion"},{"floor":33.0,"key":"SteroidPotion"},{"floor":35.0,"key":"PowerPotion"}],"is_trial":false,"path_per_floor":["M","M","$","?","?","R","M","R","T","?","M","R","E","M","R","B",null,"M","$","?","?","M","R","M","M","T","$","?","R","M","$","R","B",null,"M","?","T","M","M","R","M","M","T","$","R","?","$","M","R","B",null,"R","$","E","B",null],"character_chosen":"YURI","items_purchased":["yuri:DragonForm","Lee\u0027s Waffle","yuri:DuplicateCode","Swift Potion"],"campfire_rested":0,"item_purchase_floors":[3,44,47,53],"current_hp_per_floor":[88,91,91,91,91,91,91,91,91,91,91,93,66,66,75,49,93,93,93,93,93,89,93,82,71,71,71,69,78,73,73,82,33,93,93,93,93,62,45,54,32,28,28,100,100,102,102,78,87,51,114,114,114,99,31],"gold":99,"neow_bonus":"TEN_PERCENT_HP_BONUS","is_prod":false,"is_daily":false,"chose_seed":false,"campfire_upgraded":10,"win_rate":1,"timestamp":1607574837,"path_taken":["M","M","$","?","?","R","M","R","T","?","M","R","E","?","R","BOSS","BOSS","M","$","?","?","M","R","M","?","T","$","?","R","M","?","R","BOSS","M","?","?","?","M","R","M","M","T","$","R","?","$","M","R","BOSS","R","$","E","BOSS"],"build_version":"2020-11-30","purchased_purges":4,"victory":true,"max_hp_per_floor":[88,93,93,93,93,93,93,93,93,93,93,93,93,93,93,93,93,93,93,93,93,93,93,93,93,93,93,93,93,93,93,93,93,93,93,93,93,93,93,93,93,93,93,100,100,114,114,114,114,114,114,114,114,114,112],"relic_stats":{"Lee\u0027s Waffle":72,"counters":[24,80],"Eternal Feather":51,"Whetstone":["yuri:yuriStrike","yuri:ThrowBook"],"Cursed Key":0,"obtain_stats":[{"keyreminder:keyreminder":13,"Runic Dome":17,"Lee\u0027s Waffle":44,"yuri:yuriKnife":0,"Oddly Smooth Stone":54,"Eternal Feather":9,"Mango":46,"Red Mask":28,"Whetstone":13,"yuri:PortableGlitches":10,"Cursed Key":34},{"keyreminder:keyreminder":5,"Runic Dome":7,"Lee\u0027s Waffle":19,"yuri:yuriKnife":0,"Oddly Smooth Stone":23,"Eternal Feather":3,"Mango":20,"Red Mask":12,"Whetstone":5,"yuri:PortableGlitches":3,"Cursed Key":14},{"keyreminder:keyreminder":18,"Runic Dome":26,"Lee\u0027s Waffle":61,"yuri:yuriKnife":0,"Oddly Smooth Stone":75,"Eternal Feather":11,"Mango":64,"Red Mask":40,"Whetstone":18,"yuri:PortableGlitches":11,"Cursed Key":47}]},"card_choices":[{"not_picked":["yuri:UnstableStrike","yuri:ArmBrace"],"picked":"yuri:ThrowBook","floor":1.0},{"not_picked":["yuri:Stalk","yuri:BookRed"],"picked":"yuri:HeavierStrike","floor":2.0},{"not_picked":["yuri:CalmingAura","yuri:InduceGlitch"],"picked":"yuri:HeavierStrike","floor":7.0},{"not_picked":["yuri:CalmingAura","yuri:DeepBreathing"],"picked":"yuri:WickedSlash","floor":11.0},{"not_picked":["yuri:BrokenCode","yuri:DeepBreathing","yuri:BookGreen"],"picked":"SKIP","floor":13.0},{"not_picked":["yuri:BookGreen","yuri:yuriHeavyStrike","yuri:Spin"],"picked":"SKIP","floor":14.0},{"not_picked":["yuri:UnstableStrike","yuri:RepairCode+1"],"picked":"yuri:StealPen+1","floor":18.0},{"not_picked":["yuri:Spin+1","yuri:MPose"],"picked":"yuri:DejaVu+1","floor":22.0},{"not_picked":["yuri:BookPurple","yuri:SelfHarm"],"picked":"yuri:Stare","floor":24.0},{"not_picked":["yuri:ChibiInvasion","yuri:CalmingAura+1"],"picked":"yuri:Stalk+1","floor":25.0},{"not_picked":["yuri:SturdyUniform+1","yuri:Skip","yuri:GlitchedStrike"],"picked":"SKIP","floor":30.0},{"not_picked":["yuri:SeeingDouble+1","yuri:GlitchedStrike+1"],"picked":"yuri:MPose","floor":35.0},{"not_picked":["yuri:NerfBat","yuri:HoldBack","yuri:Stare+1"],"picked":"SKIP","floor":38.0},{"not_picked":["yuri:UntestedCode","yuri:Stare","yuri:ReloadGame+1"],"picked":"SKIP","floor":39.0},{"not_picked":["yuri:yuriHeavyStrike","yuri:Stare+1"],"picked":"yuri:HeavierStrike+1","floor":41.0},{"not_picked":["yuri:Spin","yuri:GlitchedStrike+1","yuri:yuriHeavyStrike"],"picked":"SKIP","floor":42.0},{"not_picked":["yuri:WickedSlash","yuri:BookGreen","yuri:Stare"],"picked":"SKIP","floor":48.0},{"not_picked":["yuri:HeavierStrike","yuri:InduceGlitch","yuri:Stare"],"picked":"SKIP","floor":54.0}],"player_experience":671778,"relics_obtained":[{"floor":9.0,"key":"Eternal Feather"},{"floor":10.0,"key":"yuri:PortableGlitches"},{"floor":13.0,"key":"Whetstone"},{"floor":28.0,"key":"Red Mask"},{"floor":46.0,"key":"Mango"},{"floor":54.0,"key":"Oddly Smooth Stone"}],"event_choices":[{"cards_removed":["yuri:yuriStrike"],"damage_healed":0.0,"max_hp_gain":0.0,"max_hp_loss":0.0,"gold_gain":0.0,"event_name":"Purifier","player_choice":"Purged","floor":4.0,"gold_loss":0.0,"damage_taken":0.0},{"cards_removed":["yuri:yuriStrike"],"damage_healed":0.0,"max_hp_gain":0.0,"max_hp_loss":0.0,"gold_gain":0.0,"event_name":"Living Wall","player_choice":"Forget","floor":5.0,"gold_loss":0.0,"damage_taken":0.0},{"damage_healed":0.0,"max_hp_gain":0.0,"max_hp_loss":0.0,"gold_gain":0.0,"event_name":"Wheel of Change","player_choice":"Relic","floor":10.0,"gold_loss":0.0,"damage_taken":0.0},{"damage_healed":0.0,"max_hp_gain":0.0,"max_hp_loss":0.0,"gold_gain":0.0,"cards_transformed":["yuri:yuriStrike","yuri:yuriDefend"],"event_name":"Drug Dealer","player_choice":"Became Test Subject","floor":20.0,"gold_loss":0.0,"damage_taken":0.0,"cards_obtained":["yuri:SeeingDouble","yuri:Spin"]},{"damage_healed":0.0,"max_hp_gain":0.0,"max_hp_loss":0.0,"gold_gain":0.0,"event_name":"Duplicator","player_choice":"Copied","floor":21.0,"gold_loss":0.0,"damage_taken":0.0,"cards_obtained":["yuri:SeeingDouble"]},{"damage_healed":0.0,"max_hp_gain":0.0,"max_hp_loss":0.0,"gold_gain":0.0,"event_name":"Masked Bandits","player_choice":"Fought Bandits","floor":28.0,"gold_loss":0.0,"damage_taken":0.0},{"damage_healed":0.0,"max_hp_gain":0.0,"max_hp_loss":0.0,"gold_gain":0.0,"event_name":"The Woman in Blue","player_choice":"Bought 0 Potions","floor":36.0,"gold_loss":0.0,"damage_taken":0.0},{"damage_healed":0.0,"max_hp_gain":0.0,"max_hp_loss":0.0,"gold_gain":0.0,"event_name":"MindBloom","player_choice":"Fight","floor":46.0,"gold_loss":0.0,"damage_taken":0.0}],"is_beta":false,"boss_relics":[{"not_picked":["Pandora\u0027s Box","Astrolabe"],"picked":"Runic Dome"},{"not_picked":["Velvet Choker","Sozu"],"picked":"Cursed Key"}],"items_purged_floors":[19,27,31,44],"is_endless":false,"potions_floor_spawned":[1,2,13,16,18,28,30,33,35,38],"ascension_level":0}}