{"host":"g1nobhbyuiiqkluq","time":1607567299,"event":{"gold_per_floor":[115,128,146,165,183,208,208,57,57,57,57,77,91,116,116,213,213,229,244,262,262,262,297,316,329,329,329,19,44,44,55,55,55,55],"floor_reached":33,"playtime":1629,"items_purged":["Strike_G"],"score":466,"play_id":"d7b8fc2e-d70e-4e7d-80ca-048a10351e7f","local_time":"20201209182819","daily_mods":["Specialized","Heirloom","Binary","Terminal","Uncertain Future"],"is_ascension_mode":false,"campfire_choices":[{"data":"Deadly Poison","floor":7.0,"key":"SMITH"},{"data":"Deadly Poison","floor":11.0,"key":"SMITH"},{"data":"Neutralize","floor":15.0,"key":"SMITH"},{"data":"Tactician","floor":27.0,"key":"SMITH"},{"data":"Acrobatics","floor":30,"key":"SMITH"},{"data":"Catalyst","floor":32,"key":"SMITH"}],"neow_cost":"","seed_source_timestamp":0,"circlet_count":0,"master_deck":["Strike_G","Strike_G","Strike_G","Defend_G","Defend_G","Defend_G","Defend_G","Defend_G","Survivor","Neutralize+1","Catalyst","Catalyst","Catalyst","Catalyst","Catalyst+1","ReplayTheSpireMod:Speed Training","Deadly Poison+1","Deadly Poison+1","ReplayTheSpireMod:Speed Training","Blur+1","Acrobatics+1","Tactician+1","Corpse Explosion"],"special_seed":0,"relics":["Unceasing Top","Pocketwatch","Tough Bandages","hubris:TenFootPole","Oddly Smooth Stone","hubris:TerracottaHorce","CultistMask","Singing Bowl","aspiration:SeaSaltIceCream","CosmicIsotope","Strange Spoon","halation:LettersToHer"],"potions_floor_usage":[29,33,33,33],"damage_taken":[{"damage":0.0,"enemies":"Cultist","floor":1.0,"turns":4.0},{"damage":0.0,"enemies":"Small Slimes","floor":2.0,"turns":4.0},{"damage":0.0,"enemies":"Jaw Worm","floor":3.0,"turns":7.0},{"damage":9.0,"enemies":"Exordium Thugs","floor":4.0,"turns":8.0},{"damage":0.0,"enemies":"3 Louse","floor":5.0,"turns":4.0},{"damage":0.0,"enemies":"Lagavulin","floor":6.0,"turns":3.0},{"damage":0.0,"enemies":"Lots of Slimes","floor":12.0,"turns":7.0},{"damage":0.0,"enemies":"Gremlin Gang","floor":13.0,"turns":7.0},{"damage":0.0,"enemies":"The Guardian","floor":16.0,"turns":4.0},{"damage":0.0,"enemies":"Shell Parasite","floor":18.0,"turns":3.0},{"damage":1.0,"enemies":"3 Byrds","floor":19.0,"turns":5.0},{"damage":1.0,"enemies":"Snecko","floor":20.0,"turns":5.0},{"damage":0.0,"enemies":"Replay:Snechameleon","floor":23.0,"turns":3.0},{"damage":0.0,"enemies":"Snake Plant","floor":24.0,"turns":5.0},{"damage":4.0,"enemies":"Cultist and Chosen","floor":25.0,"turns":7.0},{"damage":0,"enemies":"conspire:Head Lice","floor":29,"turns":4},{"damage":18,"enemies":"Centurion and Healer","floor":31,"turns":2},{"damage":42,"enemies":"conspire:MysteriousRune","floor":33,"turns":4}],"seed_played":"-7900128986577844202","potions_obtained":[{"floor":1.0,"key":"Elixir"},{"floor":4.0,"key":"FearPotion"},{"floor":5.0,"key":"BlessingOfTheForge"},{"floor":6.0,"key":"Languid Potion"},{"floor":12.0,"key":"EntropicBrew"},{"floor":19.0,"key":"LiquidMemories"},{"floor":25.0,"key":"Dexterity Potion"}],"is_trial":true,"path_per_floor":["M","M","M","M","M","E","R","$","T","?","R","M","M","T","R","B",null,"M","M","M","?","?","E","M","M","T","R","$","E","R","M","R","B"],"character_chosen":"THE_SILENT","items_purchased":["hubris:TenFootPole","Corpse Explosion","Strange Spoon"],"campfire_rested":0,"item_purchase_floors":[8,28,28],"current_hp_per_floor":[68,67,66,57,57,57,57,57,57,57,57,57,56,55,54,53,52,51,50,49,48,47,48,49,45,45,45,45,46,45,29,29,0,0],"gold":55,"neow_bonus":"","is_prod":false,"is_daily":false,"chose_seed":false,"campfire_upgraded":6,"win_rate":0,"timestamp":1607567299,"path_taken":["M","?","M","M","M","E","R","$","T","?","R","M","M","?","R","BOSS","M","M","M","?","?","E","?","M","T","R","$","E","R","M","R","BOSS"],"build_version":"2020-11-30","purchased_purges":1,"victory":false,"max_hp_per_floor":[68,67,66,65,64,63,62,61,60,59,58,57,56,55,54,53,52,51,50,49,48,47,48,49,48,47,46,45,46,45,46,45,45,45],"relic_stats":{"Strange Spoon":[7],"Tough Bandages":[138],"Singing Bowl":8,"counters":[18,86],"obtain_stats":[{"Strange Spoon":28,"Tough Bandages":6,"Singing Bowl":23,"Oddly Smooth Stone":14,"CultistMask":22,"hubris:TenFootPole":8,"CosmicIsotope":26,"aspiration:SeaSaltIceCream":26,"halation:LettersToHer":29,"Unceasing Top":0,"Pocketwatch":0,"hubris:TerracottaHorce":17},{"Strange Spoon":15,"Tough Bandages":6,"Singing Bowl":13,"Oddly Smooth Stone":8,"CultistMask":12,"hubris:TenFootPole":6,"CosmicIsotope":15,"aspiration:SeaSaltIceCream":15,"halation:LettersToHer":16,"Unceasing Top":0,"Pocketwatch":0,"hubris:TerracottaHorce":9},{"Strange Spoon":76,"Tough Bandages":30,"Singing Bowl":64,"Oddly Smooth Stone":44,"CultistMask":61,"hubris:TenFootPole":30,"CosmicIsotope":76,"aspiration:SeaSaltIceCream":76,"halation:LettersToHer":80,"Unceasing Top":0,"Pocketwatch":0,"hubris:TerracottaHorce":48}],"Unceasing Top":[53],"Pocketwatch":[72]},"card_choices":[{"not_picked":["Dagger Spray"],"picked":"ReplayTheSpireMod:Speed Training","floor":1.0},{"not_picked":["Pace","Expertise"],"picked":"SKIP","floor":2.0},{"not_picked":["Reflex","PiercingWail"],"picked":"SKIP","floor":3.0},{"not_picked":["Reflex","PiercingWail"],"picked":"SKIP","floor":3.0},{"not_picked":["Hidden Blade"],"picked":"Deadly Poison","floor":4.0},{"not_picked":["Hidden Blade"],"picked":"Deadly Poison","floor":5.0},{"not_picked":["InfectiousVector"],"picked":"ReplayTheSpireMod:Speed Training","floor":6.0},{"not_picked":["hubris:SlightOfHand","Hidden Blade"],"picked":"SKIP","floor":12.0},{"not_picked":["Storm of Steel","Sucker Punch"],"picked":"SKIP","floor":13.0},{"not_picked":["Distraction","Blade Dance"],"picked":"SKIP","floor":18.0},{"not_picked":["Poisoned Stab"],"picked":"Blur+1","floor":19.0},{"not_picked":["Acrobatics","Reflex"],"picked":"SKIP","floor":20.0},{"not_picked":["Reflex"],"picked":"Acrobatics","floor":20.0},{"not_picked":["Predator+1","Bouncing Flask"],"picked":"Singing Bowl","floor":23.0},{"not_picked":["Infinite Blades+1","Fluid Movement"],"picked":"Singing Bowl","floor":24.0},{"not_picked":["Dodge and Roll"],"picked":"Tactician","floor":25.0},{"not_picked":["Quick Slash+1","aspiration:Lunge"],"picked":"Singing Bowl","floor":29},{"not_picked":["Quick Slash","Dodge and Roll"],"picked":"Singing Bowl","floor":31}],"player_experience":3015072,"relics_obtained":[{"floor":6.0,"key":"Tough Bandages"},{"floor":14.0,"key":"Oddly Smooth Stone"},{"floor":23.0,"key":"Singing Bowl"},{"floor":26.0,"key":"aspiration:SeaSaltIceCream"},{"floor":29,"key":"halation:LettersToHer"}],"event_choices":[{"cards_removed":["Strike_G"],"damage_healed":0.0,"max_hp_gain":0.0,"max_hp_loss":0.0,"gold_gain":0.0,"event_name":"Living Wall","player_choice":"Forget","floor":10.0,"gold_loss":0.0,"damage_taken":0.0},{"damage_healed":0.0,"max_hp_gain":0.0,"max_hp_loss":0.0,"gold_gain":0.0,"event_name":"FaceTrader","player_choice":"Trade","floor":22.0,"gold_loss":0.0,"damage_taken":0.0,"relics_obtained":["CultistMask"]}],"is_beta":false,"boss_relics":[{"not_picked":["Sandwich","conspire:SeveredTorchhead"],"picked":"hubris:TerracottaHorce"}],"items_purged_floors":[8],"is_endless":false,"potions_floor_spawned":[1,4,5,6,12,19,20,25],"killed_by":"conspire:MysteriousRune","ascension_level":0}}