{"host":"uygi583ztioqt878","time":1607635034,"event":{"mods":["BaseMod","Minty Spire (QoL Compilation)","Colored Map"],"gold_per_floor":[118,131,148,166,177,177,205,205,205,217,244,277,277,294,294,395,395,412,412,412,116,149,165,198,214,214,227,260,260,272,291,291,394,394,412,16,16,16,32,60,60,109,109,109,139,139,153,167,167,167,167,167,13,42,42],"floor_reached":56,"playtime":5340,"items_purged":["Indignation"],"score":1309,"play_id":"404f0be7-cc42-4f1f-b1c0-d9d463809c8d","local_time":"20201210221714","is_ascension_mode":false,"campfire_choices":[{"data":"Omniscience","floor":6.0,"key":"SMITH"},{"floor":8.0,"key":"REST"},{"floor":13.0,"key":"REST"},{"floor":15.0,"key":"RECALL"},{"data":"Judgement","floor":29,"key":"SMITH"},{"data":"WindmillStrike","floor":32,"key":"SMITH"},{"floor":41,"key":"REST"},{"data":"Metamorphosis","floor":46,"key":"SMITH"},{"data":"Mind Blast","floor":49,"key":"SMITH"},{"data":"Prostrate","floor":52,"key":"SMITH"}],"circlet_count":0,"master_deck":["Eruption+1","Vigilance","Scrawl","Indignation","FlurryOfBlows","PathToVictory","EmptyFist","CarveReality","Conclude","FearNoEvil","Sanctity","Evaluate","Prostrate+1","FollowUp+1","TalkToTheHand","Halt","Brilliance","ClearTheMind+1","Necronomicurse","EmptyMind","Wallop","EmptyBody","CutThroughFate+1","WindmillStrike+1","DeceiveReality+1","Prostrate","Judgement+1","EmptyFist","JustLucky+1","FlurryOfBlows+1","ConjureBlade","Crescendo","Mind Blast+1","Prostrate","Protect+1","Consecrate","Metamorphosis+1","Swift Strike","SignatureMove+1","Consecrate+1","WaveOfTheHand","BattleHymn","FollowUp"],"special_seed":0,"relics":["Pandora\u0027s Box","Anchor","Damaru","Odd Mushroom","Whetstone","Sozu","Necronomicon","HornCleat","Red Mask","Bottled Lightning","Shuriken","Kunai","VioletLotus","OrangePellets","Juzu Bracelet","Ancient Tea Set","CaptainsWheel","Pantograph","Bottled Tornado"],"acts_visited":["TheCity","TheBeyond","TheEnding"],"potions_floor_usage":[55,55],"damage_taken":[{"damage":0.0,"enemies":"Cultist","floor":1.0,"turns":3.0},{"damage":5.0,"enemies":"2 Louse","floor":2.0,"turns":2.0},{"damage":11.0,"enemies":"Jaw Worm","floor":3.0,"turns":2.0},{"damage":12.0,"enemies":"Blue Slaver","floor":4.0,"turns":2.0},{"damage":6.0,"enemies":"3 Louse","floor":5.0,"turns":2.0},{"damage":28.0,"enemies":"Lagavulin","floor":7.0,"turns":4.0},{"damage":0.0,"enemies":"2 Fungi Beasts","floor":10.0,"turns":2.0},{"damage":7.0,"enemies":"The Mushroom Lair","floor":11.0,"turns":3.0},{"damage":0.0,"enemies":"3 Sentries","floor":12.0,"turns":4.0},{"damage":0.0,"enemies":"Gremlin Gang","floor":14.0,"turns":1.0},{"damage":24.0,"enemies":"Hexaghost","floor":16.0,"turns":5.0},{"damage":0,"enemies":"3 Byrds","floor":18,"turns":4},{"damage":0,"enemies":"Masked Bandits","floor":22,"turns":2},{"damage":0,"enemies":"Spheric Guardian","floor":23,"turns":2},{"damage":0,"enemies":"Book of Stabbing","floor":24,"turns":3},{"damage":0,"enemies":"Centurion and Healer","floor":25,"turns":3},{"damage":0,"enemies":"Snecko","floor":27,"turns":4},{"damage":0,"enemies":"Gremlin Leader","floor":28,"turns":2},{"damage":0,"enemies":"Snake Plant","floor":30,"turns":3},{"damage":0,"enemies":"Centurion and Healer","floor":31,"turns":4},{"damage":43,"enemies":"Collector","floor":33,"turns":6},{"damage":0,"enemies":"3 Shapes","floor":35,"turns":3},{"damage":7,"enemies":"3 Darklings","floor":39,"turns":5},{"damage":16,"enemies":"Reptomancer","floor":40,"turns":4},{"damage":0,"enemies":"2 Orb Walkers","floor":42,"turns":4},{"damage":2,"enemies":"Giant Head","floor":45,"turns":6},{"damage":0,"enemies":"Sphere and 2 Shapes","floor":47,"turns":3},{"damage":8,"enemies":"Maw","floor":48,"turns":5},{"damage":49,"enemies":"Awakened One","floor":50,"turns":9},{"damage":22,"enemies":"Shield and Spear","floor":54,"turns":5},{"damage":20,"enemies":"The Heart","floor":55,"turns":8}],"seed_played":"4087498816794931731","potions_obtained":[{"floor":7.0,"key":"Explosive Potion"},{"floor":10.0,"key":"BlessingOfTheForge"},{"floor":11.0,"key":"FairyPotion"},{"floor":14.0,"key":"StancePotion"}],"is_trial":false,"path_per_floor":["M","M","M","M","M","R","E","R","T","M","?","E","R","M","R","B",null,"M","?","?","$","?","M","E","M","T","M","E","R","M","M","R","B",null,"M","$","?","?","M","E","R","?","T","?","E","R","M","M","R","B",null,"R","$","E","B",null],"character_chosen":"WATCHER","items_purchased":["HornCleat","EmptyBody","OrangePellets","Juzu Bracelet","Mind Blast","BattleHymn"],"campfire_rested":3,"item_purchase_floors":[21,21,36,36,36,53],"current_hp_per_floor":[72,67,56,44,38,38,10,31,31,31,24,24,45,45,45,21,72,72,56,56,56,56,56,56,56,56,56,56,56,56,56,56,13,72,72,72,72,72,65,49,70,70,70,65,63,63,63,55,55,23,72,72,72,50,52],"gold":42,"neow_bonus":"BOSS_RELIC","is_daily":false,"chose_seed":false,"campfire_upgraded":6,"win_rate":0,"timestamp":1607635034,"path_taken":["M","M","M","?","M","R","E","R","T","M","?","E","R","M","R","BOSS","M","?","?","$","?","M","E","M","T","M","E","R","M","M","R","BOSS","M","$","?","?","M","E","R","?","T","?","E","R","M","M","R","BOSS","R","$","E","BOSS"],"build_version":"2020-11-30","purchased_purges":1,"victory":true,"max_hp_per_floor":[72,72,72,72,72,72,72,72,72,72,72,72,72,72,72,72,72,72,72,72,72,72,72,72,72,72,72,72,72,72,72,72,72,72,72,72,72,72,72,72,72,72,72,72,72,72,72,72,72,72,72,72,72,72,72],"card_choices":[{"not_picked":["FlurryOfBlows","Crescendo"],"picked":"EmptyFist","floor":1.0},{"not_picked":["EmptyBody","Study"],"picked":"CarveReality","floor":2.0},{"not_picked":["EmptyMind","SashWhip"],"picked":"Conclude","floor":3.0},{"not_picked":["ReachHeaven","Ragnarok"],"picked":"FearNoEvil","floor":4.0},{"not_picked":["BowlingBash","FlurryOfBlows"],"picked":"Sanctity","floor":5.0},{"not_picked":["SashWhip","EmptyMind"],"picked":"Evaluate","floor":7.0},{"not_picked":["Indignation","FollowUp"],"picked":"Prostrate","floor":10.0},{"not_picked":["CrushJoints","BowlingBash"],"picked":"FollowUp","floor":11.0},{"not_picked":["CutThroughFate","Establishment"],"picked":"TalkToTheHand","floor":12.0},{"not_picked":["SashWhip","FlurryOfBlows"],"picked":"Halt","floor":14.0},{"not_picked":["Scrawl","Blasphemy"],"picked":"Brilliance","floor":16.0},{"not_picked":["BowlingBash","SignatureMove+1"],"picked":"ClearTheMind+1","floor":18},{"not_picked":["FlyingSleeves","ThirdEye"],"picked":"CutThroughFate+1","floor":22},{"not_picked":["FearNoEvil+1","EmptyFist"],"picked":"WindmillStrike","floor":23},{"not_picked":["WheelKick","Pray+1"],"picked":"DeceiveReality+1","floor":24},{"not_picked":["Swivel+1","EmptyBody"],"picked":"Prostrate","floor":25},{"not_picked":["FlurryOfBlows+1","SignatureMove"],"picked":"Judgement","floor":27},{"not_picked":["Sanctity","SignatureMove"],"picked":"EmptyFist","floor":28},{"not_picked":["EmptyMind","CutThroughFate+1"],"picked":"JustLucky+1","floor":30},{"not_picked":["Protect","JustLucky"],"picked":"FlurryOfBlows+1","floor":31},{"not_picked":["Scrawl","Omniscience"],"picked":"ConjureBlade","floor":33},{"not_picked":["Weave","EmptyFist+1"],"picked":"Crescendo","floor":35},{"not_picked":["EmptyFist+1","ClearTheMind+1"],"picked":"Prostrate","floor":39},{"not_picked":["Scrawl","Wallop"],"picked":"Protect+1","floor":40},{"not_picked":["CutThroughFate","Weave"],"picked":"Consecrate","floor":42},{"not_picked":["Purity","Dark Shackles"],"picked":"Metamorphosis","floor":44},{"not_picked":["Trip","Madness"],"picked":"Swift Strike","floor":44},{"not_picked":["FlyingSleeves","WindmillStrike+1"],"picked":"SignatureMove+1","floor":45},{"not_picked":["Tantrum","Sanctity"],"picked":"Consecrate+1","floor":47},{"not_picked":["CutThroughFate+1","BowlingBash+1"],"picked":"WaveOfTheHand","floor":48},{"not_picked":["BowlingBash+1","Protect"],"picked":"FollowUp","floor":54}],"player_experience":88099,"relics_obtained":[{"floor":7.0,"key":"Anchor"},{"floor":9.0,"key":"Damaru"},{"floor":11.0,"key":"Odd Mushroom"},{"floor":12.0,"key":"Whetstone"},{"floor":19,"key":"Necronomicon"},{"floor":22,"key":"Red Mask"},{"floor":24,"key":"Bottled Lightning"},{"floor":26,"key":"Shuriken"},{"floor":28,"key":"Kunai"},{"floor":40,"key":"Ancient Tea Set"},{"floor":42,"key":"CaptainsWheel"},{"floor":45,"key":"Pantograph"},{"floor":54,"key":"Bottled Tornado"}],"event_choices":[{"damage_healed":0.0,"max_hp_gain":0.0,"max_hp_loss":0.0,"gold_gain":0.0,"event_name":"Mushrooms","player_choice":"Fought Mushrooms","floor":11.0,"gold_loss":0.0,"damage_taken":0.0},{"damage_healed":0,"gold_gain":0,"player_choice":"Obtained Book","damage_taken":16,"max_hp_gain":0,"max_hp_loss":0,"event_name":"Cursed Tome","floor":19,"gold_loss":0},{"damage_healed":0,"gold_gain":0,"cards_transformed":["Omniscience","WheelKick"],"player_choice":"Became Test Subject","damage_taken":0,"max_hp_gain":0,"max_hp_loss":0,"event_name":"Drug Dealer","floor":20,"gold_loss":0,"cards_obtained":["EmptyMind","Wallop"]},{"damage_healed":0,"gold_gain":0,"player_choice":"Fought Bandits","damage_taken":0,"max_hp_gain":0,"max_hp_loss":0,"event_name":"Masked Bandits","floor":22,"gold_loss":0},{"cards_removed":["Nirvana"],"damage_healed":0,"gold_gain":0,"player_choice":"Removed Power","damage_taken":0,"max_hp_gain":0,"max_hp_loss":0,"event_name":"Falling","floor":37,"gold_loss":0},{"damage_healed":0,"gold_gain":0,"player_choice":"Ignored","damage_taken":0,"max_hp_gain":0,"max_hp_loss":0,"event_name":"SecretPortal","floor":38,"gold_loss":0},{"damage_healed":0,"gold_gain":0,"player_choice":"Fight","damage_taken":0,"max_hp_gain":0,"max_hp_loss":0,"event_name":"Mysterious Sphere","floor":42,"gold_loss":0},{"damage_healed":0,"gold_gain":0,"player_choice":"Memory 2","damage_taken":5,"max_hp_gain":0,"max_hp_loss":0,"event_name":"SensoryStone","floor":44,"gold_loss":0}],"is_beta":false,"boss_relics":[{"not_picked":["Runic Dome","Runic Pyramid"],"picked":"Sozu"},{"not_picked":["Velvet Choker","Busted Crown"],"picked":"VioletLotus"}],"items_purged_floors":[53],"is_endless":false,"potions_floor_spawned":[7,10,11,14,22,27,30,31,33,39,42,45],"ascension_level":0}}