{"host":"y087t2reloz9bi43","time":1607596268,"event":{"gold_per_floor":[110,185,202,216,233,267,267,294,294,294,294],"floor_reached":10,"playtime":723,"items_purged":[],"score":82,"play_id":"fdd663f2-87d3-4369-9cf6-68342b69ed27","local_time":"20201210103108","daily_mods":["Time Dilation","Elite Swarm"],"is_ascension_mode":true,"campfire_choices":[{"data":"animeID:DelawareSmash","floor":7,"key":"SMITH"}],"neow_cost":"","seed_source_timestamp":0,"circlet_count":0,"master_deck":["animeID:Deku","animeID:Bakugo","animeID:Smash","animeID:Smash","animeID:Smash","animeID:Smash","animeID:DefendMH","animeID:DefendMH","animeID:DefendMH","animeID:DefendMH","animeID:FullCowl","animeID:DelawareSmash+1","animeID:FatGum","animeID:DelawareSmash","animeID:USA_Smash","animeID:USA_Smash"],"relics":["animeID:HeroCostume","Ring of Chaos","WingedGreaves","Prayer Wheel","Onion Ring"],"potions_floor_usage":[3,8],"damage_taken":[{"damage":0,"enemies":"2 Louse","floor":1,"turns":1},{"damage":18,"enemies":"Cultist","floor":3,"turns":5},{"damage":3,"enemies":"Jaw Worm","floor":4,"turns":4},{"damage":10,"enemies":"Looter","floor":5,"turns":4},{"damage":16,"enemies":"Gremlin Nob","floor":6,"turns":3},{"damage":35,"enemies":"3 Sentries","floor":8,"turns":10},{"damage":29,"enemies":"Gremlin Nob","floor":10,"turns":3}],"seed_played":"-1353978558184634280","potions_obtained":[{"floor":1,"key":"PowerPotion"},{"floor":6,"key":"jedi:wingpotion"},{"floor":8,"key":"Fruit Juice"}],"is_trial":true,"path_per_floor":["M","?","M","M","M","E","R","E","T","E"],"character_chosen":"THE_HERO","items_purchased":[],"campfire_rested":0,"item_purchase_floors":[],"current_hp_per_floor":[75,68,52,51,49,35,35,18,18,0,0],"gold":294,"neow_bonus":"","is_prod":false,"is_daily":false,"chose_seed":false,"campfire_upgraded":1,"win_rate":0,"timestamp":1607596268,"path_taken":["M","?","M","M","?","E","R","E","T","E"],"build_version":"2020-11-30","purchased_purges":0,"victory":false,"max_hp_per_floor":[75,75,75,75,75,75,75,80,80,80,80],"card_choices":[{"not_picked":["animeID:ToruHagakure","animeID:Mezo"],"picked":"animeID:FullCowl","floor":1},{"not_picked":["animeID:Kirishima","animeID:SkinnyGum"],"picked":"animeID:DelawareSmash","floor":3},{"not_picked":["animeID:Cementoss","animeID:Uraraka"],"picked":"animeID:FatGum","floor":4},{"not_picked":["animeID:Uraraka","animeID:TodorokiShoto"],"picked":"animeID:DelawareSmash","floor":5},{"not_picked":["animeID:Chisaki","animeID:MirioTogata"],"picked":"animeID:USA_Smash","floor":6},{"not_picked":["animeID:ProminenceBurn","animeID:Endeavor"],"picked":"animeID:USA_Smash","floor":8}],"player_experience":307182,"relics_obtained":[{"floor":6,"key":"WingedGreaves"},{"floor":8,"key":"Prayer Wheel"},{"floor":9,"key":"Onion Ring"}],"event_choices":[{"damage_healed":0,"gold_gain":75,"player_choice":"Touch","damage_taken":7,"max_hp_gain":0,"max_hp_loss":0,"event_name":"FaceTrader","floor":2,"gold_loss":0}],"is_beta":false,"boss_relics":[],"items_purged_floors":[],"is_endless":false,"potions_floor_spawned":[1,6,8],"killed_by":"Gremlin Nob","ascension_level":1}}