{"host":"xodzlm10r37577ou","time":1607618482,"event":{"mods":["BaseMod","Act Like it!","StSLib","Minty Spire (QoL Compilation)","Replay The Spire","Marisa£®ÏF”Í°°ƒß¿Ì…≥£©","The Servant 0.9.4","Youmu£®ªÍ∆«—˝√Œ£©","Remilia£®¿Ÿ√◊¿Ú—«£©"],"gold_per_floor":[114,130,55,130,170,170,200,211,211,225,225,238,238,238,238,316,316,336,349,349,359,376,376,408,408,435,460,460,470,470,570,570,570,570,643,643,655,680,680,360,374,374,390,390,390,420,56,56,71,83,83,83],"floor_reached":53,"playtime":4459,"items_purged":["Strike_S","Defend_S"],"score":2131,"play_id":"90add32b-b3c9-436a-9d03-447c395de8b8","local_time":"20201211004122","is_ascension_mode":true,"campfire_choices":[{"data":"WasteNot","floor":6.0,"key":"SMITH"},{"data":"Replace","floor":11.0,"key":"SMITH"},{"data":"Hightail","floor":15.0,"key":"SMITH"},{"data":"Revamp","floor":23.0,"key":"SMITH"},{"data":"BestPractice","floor":25.0,"key":"SMITH"},{"data":"Alleviate","floor":28.0,"key":"SMITH"},{"data":"Comet","floor":30.0,"key":"SMITH"},{"data":"Rearm","floor":34.0,"key":"SMITH"},{"data":"Deny","floor":42.0,"key":"SMITH"},{"data":"Replace","floor":44.0,"key":"SMITH"},{"data":"Deny","floor":48,"key":"SMITH"},{"data":"Crow Ritual","floor":51,"key":"SMITH"}],"circlet_count":0,"master_deck":["AscendersBane","Strike_S","Defend_S","Defend_S","KidneyShot","Exchange","Replace+1","Alleviate+1","Foresight+1","WasteNot+1","Potential+1","Hightail+1","BottledTime","ShatteredReality","PendulumOfEternity+1","BestPractice+1","Potential+1","Revamp+1","Comet+1","Replay:Sluggish","Rearm+1","TimeWarp","Deny+1","BottledTime+1","Crow Ritual+1","Discovery","Replace+1","Defy+1","Dilation","Deny+1","Sadistic Nature","Crow Ritual","Dark Shackles","BottledTime","BottledTime"],"special_seed":0,"relics":["Uniform","NeowsBlessing","Orichalcum","Replay:Bottled Steam","Snack Pack","Bottled Lightning","Cursed Key","ReplayTheSpireMod:TigerMarble","Smiling Mask","Whetstone","Du-Vu Doll","Onion Ring","Philosopher\u0027s Stone","RomanBracelet","BargainBundle","Durian","ReplayTheSpireMod:ShopPack"],"acts_visited":["Exordium","TheCity","TheBeyond"],"potions_floor_usage":[50,52,52],"damage_taken":[{"damage":0.0,"enemies":"Jaw Worm","floor":1.0,"turns":1.0},{"damage":0.0,"enemies":"Small Slimes","floor":2.0,"turns":1.0},{"damage":0.0,"enemies":"3 Sentries","floor":7.0,"turns":1.0},{"damage":0.0,"enemies":"2 Louse","floor":8.0,"turns":4.0},{"damage":6.0,"enemies":"Large Slime","floor":10.0,"turns":6.0},{"damage":5.0,"enemies":"3 Louse","floor":12.0,"turns":4.0},{"damage":0.0,"enemies":"Hexaghost","floor":16.0,"turns":5.0},{"damage":14.0,"enemies":"3 Byrds","floor":18.0,"turns":5.0},{"damage":0.0,"enemies":"Spheric Guardian","floor":19.0,"turns":8.0},{"damage":1.0,"enemies":"Snecko","floor":21.0,"turns":5.0},{"damage":6.0,"enemies":"Sentry and Sphere","floor":22.0,"turns":6.0},{"damage":7.0,"enemies":"Book of Stabbing","floor":24.0,"turns":5.0},{"damage":0.0,"enemies":"Replay:Snechameleon","floor":27.0,"turns":5.0},{"damage":8.0,"enemies":"Snake Plant","floor":29.0,"turns":3.0},{"damage":1.0,"enemies":"Colosseum Slavers","floor":31.0,"turns":3.0},{"damage":0.0,"enemies":"Colosseum Nobs","floor":31.0,"turns":5.0},{"damage":0.0,"enemies":"Pondfish","floor":35.0,"turns":8.0},{"damage":3.0,"enemies":"Orb Walker","floor":37.0,"turns":2.0},{"damage":0.0,"enemies":"Mind Bloom Boss Battle","floor":38.0,"turns":4.0},{"damage":2.0,"enemies":"3 Shapes","floor":41.0,"turns":2.0},{"damage":14.0,"enemies":"3 Darklings","floor":43.0,"turns":3.0},{"damage":4,"enemies":"Reptomancer","floor":46,"turns":3},{"damage":8,"enemies":"4 Shapes","floor":49,"turns":3},{"damage":0,"enemies":"Transient","floor":50,"turns":6},{"damage":68,"enemies":"Awakened One","floor":52,"turns":6}],"seed_played":"1933659668831944350","potions_obtained":[{"floor":5.0,"key":"Elixir"},{"floor":8.0,"key":"GamblersBrew"},{"floor":10.0,"key":"PowerPotion"},{"floor":16.0,"key":"Elixir"},{"floor":18.0,"key":"ColorlessPotion"},{"floor":24.0,"key":"Adrenaline Potion"},{"floor":29.0,"key":"Milkshake"},{"floor":31.0,"key":"Weak Potion"},{"floor":38.0,"key":"AttackPotion"},{"floor":50,"key":"Adrenaline Potion"}],"is_trial":false,"path_per_floor":["M","M","?","?","?","R","E","M","T","M","R","M","?","T","R","B",null,"M","M","?","M","M","R","E","R","T","E","R","M","R","?","PTL","PTL","R","B",null,"M","?","?","$","M","R","M","R","T","E","$","R","M","M","R","B",null],"character_chosen":"THE_SERVANT","items_purchased":["BargainBundle","Crow Ritual","Discovery","Replace","Deny","ReplayTheSpireMod:ShopPack"],"campfire_rested":0,"item_purchase_floors":[40,40,40,40,47,47],"current_hp_per_floor":[54,54,54,43,24,24,24,24,24,20,20,19,19,19,19,25,51,39,41,41,42,40,40,37,37,37,43,43,39,39,44,44,44,44,56,59,57,59,59,59,59,59,48,48,48,53,53,53,47,61,61,3],"gold":83,"neow_bonus":"THREE_ENEMY_KILL","is_daily":false,"chose_seed":false,"campfire_upgraded":12,"win_rate":0,"timestamp":1607618482,"path_taken":["M","M","?","?","?","R","E","M","T","M","R","M","?","?","R","BOSS","M","M","?","M","?","R","E","R","T","E","R","M","R","?","PTL","PTL","R","BOSS","M","?","?","$","M","R","?","R","T","E","$","R","M","M","R","BOSS"],"build_version":"2020-11-30","purchased_purges":2,"victory":true,"max_hp_per_floor":[60,60,60,60,60,60,60,60,60,60,60,60,60,60,60,60,60,60,60,60,60,60,60,60,60,60,60,60,60,60,60,60,60,60,60,60,60,60,60,60,60,60,60,60,60,65,65,65,65,65,65,65],"card_choices":[{"not_picked":["Starlight","Unruled"],"picked":"Replace","floor":1.0},{"not_picked":["Reset","Rearm"],"picked":"Alleviate","floor":2.0},{"not_picked":["Sabotage","Defy"],"picked":"Foresight","floor":5.0},{"not_picked":["Alleviate","Defy"],"picked":"WasteNot","floor":5.0},{"not_picked":["Defy","ReturningBlade"],"picked":"Potential","floor":7.0},{"not_picked":["Alleviate","Contraction"],"picked":"Hightail","floor":8.0},{"not_picked":["Rearm","Barrier"],"picked":"BottledTime","floor":10.0},{"not_picked":["Orbit","Barrier"],"picked":"ShatteredReality","floor":12.0},{"not_picked":["Initiator","MurderousAura"],"picked":"PendulumOfEternity","floor":16.0},{"not_picked":["GearUp","Gouge"],"picked":"BestPractice","floor":18.0},{"not_picked":["Spin","Unruled"],"picked":"Potential+1","floor":19.0},{"not_picked":["Orbit","Hightail","Rearm"],"picked":"SKIP","floor":21.0},{"not_picked":["Contraction+1","Hightail"],"picked":"Revamp","floor":22.0},{"not_picked":["FanOfKnives+1","SilverBlades"],"picked":"Comet","floor":24.0},{"not_picked":["BestPractice","SurpressingFire","DancingSilver+1"],"picked":"SKIP","floor":27.0},{"not_picked":["Revamp","FanOfKnives"],"picked":"Rearm","floor":29.0},{"not_picked":["Gouge","ShatteredReality"],"picked":"TimeWarp","floor":31.0},{"not_picked":["Dilation","KillingDoll"],"picked":"Deny","floor":35.0},{"not_picked":["Starlight","ShatteredReality+1"],"picked":"BottledTime+1","floor":37.0},{"not_picked":["Rearm","ShatteredReality"],"picked":"Defy+1","floor":41.0},{"not_picked":["Alleviate","Ricochet+1","ShatteredReality"],"picked":"SKIP","floor":43.0},{"not_picked":["Defy","Spin"],"picked":"Dilation","floor":46},{"not_picked":["Chrysalis","Transmutation"],"picked":"Sadistic Nature","floor":47},{"not_picked":["Deep Breath","ReplayTheSpireMod:Trickstab"],"picked":"Crow Ritual","floor":47},{"not_picked":["Replay:Sssssssssshield","ReplayTheSpireMod:Trickstab"],"picked":"Dark Shackles","floor":47},{"not_picked":["SpecialFormula","SilverBlades+1"],"picked":"BottledTime","floor":49},{"not_picked":["Duplication","ShatteredReality"],"picked":"BottledTime","floor":50}],"player_experience":761458,"relics_obtained":[{"floor":5.0,"key":"Orichalcum"},{"floor":7.0,"key":"Replay:Bottled Steam"},{"floor":9.0,"key":"Snack Pack"},{"floor":14.0,"key":"Bottled Lightning"},{"floor":24.0,"key":"ReplayTheSpireMod:TigerMarble"},{"floor":26.0,"key":"Smiling Mask"},{"floor":27.0,"key":"Whetstone"},{"floor":31.0,"key":"Du-Vu Doll"},{"floor":31.0,"key":"Onion Ring"},{"floor":38.0,"key":"RomanBracelet"},{"floor":46,"key":"Durian"}],"event_choices":[{"cards_removed":["Defend_S"],"damage_healed":0.0,"max_hp_gain":0.0,"max_hp_loss":0.0,"gold_gain":0.0,"event_name":"The Cleric","player_choice":"Card Removal","floor":3.0,"gold_loss":75.0,"damage_taken":0.0},{"damage_healed":0.0,"max_hp_gain":0.0,"max_hp_loss":0.0,"gold_gain":75.0,"event_name":"World of Goop","player_choice":"Gather Gold","floor":4.0,"gold_loss":0.0,"damage_taken":11.0},{"damage_healed":0.0,"max_hp_gain":0.0,"max_hp_loss":0.0,"gold_gain":0.0,"event_name":"Accursed Blacksmith","player_choice":"Forge","floor":20.0,"gold_loss":0.0,"damage_taken":0.0,"cards_upgraded":["Foresight"]},{"damage_healed":0.0,"max_hp_gain":0.0,"max_hp_loss":0.0,"gold_gain":0.0,"event_name":"Colosseum","player_choice":"Fight","floor":31.0,"gold_loss":0.0,"damage_taken":0.0},{"damage_healed":0.0,"max_hp_gain":0.0,"max_hp_loss":0.0,"gold_gain":0.0,"event_name":"Colosseum","player_choice":"Fought Nobs","floor":31.0,"gold_loss":0.0,"damage_taken":0.0},{"damage_healed":0.0,"max_hp_gain":0.0,"max_hp_loss":0.0,"gold_gain":0.0,"event_name":"MindBloom","player_choice":"Fight","floor":38.0,"gold_loss":0.0,"damage_taken":0.0},{"cards_removed":["Strike_S"],"damage_healed":0.0,"max_hp_gain":0.0,"max_hp_loss":0.0,"gold_gain":0.0,"event_name":"Bonfire Elementals","player_choice":"Offered Basic","floor":39.0,"gold_loss":0.0,"damage_taken":0.0}],"is_beta":false,"boss_relics":[{"not_picked":["Coffee Dripper","Astrolabe"],"picked":"Cursed Key"},{"not_picked":["Honey Jar","Empty Cage"],"picked":"Philosopher\u0027s Stone"}],"items_purged_floors":[40,47],"is_endless":false,"potions_floor_spawned":[8,10,16,18,24,29,31,37,38,46,49,50],"ascension_level":17}}