{"host":"ec2wu4mdnvke243f","time":1607631851,"event":{"mods":["2.2 Compatiblity","BaseMod","StSLib","Hermit","AchievementEnabler","Defuse TimeMaze Blight","Downfall","Minty Spire (QoL Compilation)","The Servant 0.9.4","The Cursed","The Disciple","The Jungle","Infinite Spire"],"gold_per_floor":[99,109,109,209,226,226,251,284,134,165,340,340,360,373,384,384,384],"floor_reached":16,"playtime":898,"items_purged":[],"score":116,"play_id":"77313ab4-e4cd-4253-96ae-13a33dfa9d0a","local_time":"20201210212411","is_ascension_mode":true,"campfire_choices":[{"floor":1,"key":"RECALL"},{"data":"hermit:GoldenBullet","floor":6,"key":"SMITH"},{"floor":9,"key":"REST"}],"circlet_count":0,"master_deck":["hermit:Strike_Hermit","hermit:Strike_Hermit","hermit:Strike_Hermit","hermit:Strike_Hermit+1","hermit:Defend_Hermit+1","hermit:Defend_Hermit+1","hermit:Snapshot","hermit:Covet","hermit:Grudge","hermit:ItchyTrigger","hermit:Manifest","Regret","hermit:GoldenBullet+1","hermit:Snipe","hermit:GoldenBullet","Doubt","hermit:LowProfile","hermit:Headshot","hermit:HighCaliber"],"relics":["hermit:Momento","Matryoshka","downfall:HeartBlessingRed","downfall:HeartBlessingBlue","Potion Belt","Toy Ornithopter","Sundial"],"acts_visited":["Exordium"],"potions_floor_usage":[16,16],"damage_taken":[{"damage":3,"enemies":"Small Slimes","floor":2,"turns":2},{"damage":0,"enemies":"2 Louse","floor":5,"turns":1},{"damage":25,"enemies":"Lagavulin","floor":8,"turns":7},{"damage":47,"enemies":"3 Sentries","floor":10,"turns":9},{"damage":0,"enemies":"Jaw Worm","floor":13,"turns":5},{"damage":4,"enemies":"2 Fungi Beasts","floor":14,"turns":4},{"damage":0,"enemies":"Red Slaver","floor":15,"turns":2},{"damage":43,"enemies":"downfall:CharBossDefect","floor":16,"turns":5}],"seed_played":"5002448032088593524","potions_obtained":[{"floor":2,"key":"Guardian:BlockOnCardUsePotion"},{"floor":5,"key":"DistilledChaos"},{"floor":15,"key":"CultistPotion"}],"is_trial":false,"path_per_floor":["R","M","?","?","M","R","T","E","R","E","?","T","M","M","M","B"],"character_chosen":"HERMIT","items_purchased":[],"campfire_rested":1,"item_purchase_floors":[],"current_hp_per_floor":[68,65,65,65,65,65,65,40,73,26,26,26,26,22,22,0,0],"gold":384,"neow_bonus":"TRANSFORM_TWO_CARDS","is_daily":false,"chose_seed":false,"campfire_upgraded":1,"win_rate":0,"timestamp":1607631851,"path_taken":["R","M","?","?","M","R","T","E","R","E","?","?","?","M","M","BOSS"],"build_version":"2020-11-30","purchased_purges":0,"victory":false,"max_hp_per_floor":[68,68,68,68,68,68,68,68,78,78,78,78,78,78,78,78,78],"card_choices":[{"not_picked":["hermit:Headshot","hermit:TrackingShot"],"picked":"hermit:Manifest","floor":2},{"not_picked":["hermit:Scavenge","hermit:NoHoldsBarred"],"picked":"hermit:GoldenBullet","floor":5},{"not_picked":["hermit:Coalescence","hermit:FromBeyond"],"picked":"hermit:Snipe","floor":8},{"not_picked":["hermit:TrackingShot","hermit:EyeOfTheStorm"],"picked":"hermit:GoldenBullet","floor":10},{"not_picked":["hermit:Desperado","hermit:Manifest"],"picked":"hermit:LowProfile","floor":13},{"not_picked":["hermit:DeadMansHand","hermit:Scavenge"],"picked":"hermit:Headshot","floor":14},{"not_picked":["hermit:Ricochet","hermit:PistolWhip"],"picked":"hermit:HighCaliber","floor":15}],"player_experience":502525,"relics_obtained":[{"floor":8,"key":"Matryoshka"},{"floor":10,"key":"Potion Belt"},{"floor":12,"key":"Toy Ornithopter"},{"floor":12,"key":"Sundial"}],"event_choices":[],"is_beta":false,"boss_relics":[],"items_purged_floors":[],"is_endless":false,"potions_floor_spawned":[2,5,15],"killed_by":"downfall:CharBossDefect","ascension_level":1}}