{"host":"gk9qdtkqd8dwfeg2","time":1607611638,"event":{"mods":["BaseMod","StSLib","Shop Mod","Minty Spire (QoL Compilation)","Replay The Spire","TestMod","Waifu the Spire","【东方二次创作】八云紫mod","vexMod","RumiaBox-露米娅的神秘盒子","The Cursed"],"gold_per_floor":[110,110,110,130,140,140,140,290,290,53,69,101,113,140,140,140,140],"floor_reached":16,"playtime":331,"items_purged":["Doubt"],"score":245,"play_id":"6301da77-3c0c-4feb-904e-a64f1ee8f210","local_time":"20201210224718","is_ascension_mode":true,"campfire_choices":[{"data":"Eruption","floor":6.0,"key":"SMITH"},{"data":"Ragnarok","floor":15.0,"key":"SMITH"}],"circlet_count":0,"master_deck":["AscendersBane","Strike_P","Strike_P","Strike_P","Strike_P","Defend_P","Defend_P","Defend_P","Eruption+1","Vigilance","BowlingBash+1","Replay:Anticipation","Ragnarok+1","FearNoEvil"],"special_seed":0,"relics":["PureWater","testmod-TestBox","testmod-GiftOfSatan","NeowsBlessing","AddBug","SecretRecord","Baka","SecretRecord","SecretRecord"],"acts_visited":["Exordium"],"potions_floor_usage":[16,16],"damage_taken":[{"damage":0.0,"enemies":"Jaw Worm","floor":1.0,"turns":1.0},{"damage":3.0,"enemies":"Cultist","floor":4.0,"turns":1.0},{"damage":0.0,"enemies":"Small Slimes","floor":5.0,"turns":1.0},{"damage":8.0,"enemies":"3 Louse","floor":11.0,"turns":2.0},{"damage":8.0,"enemies":"Gremlin Nob","floor":12.0,"turns":3.0},{"damage":19.0,"enemies":"Exordium Thugs","floor":13.0,"turns":3.0},{"damage":24.0,"enemies":"Lagavulin","floor":14.0,"turns":5.0},{"damage":42,"enemies":"Hexaghost","floor":16,"turns":4}],"seed_played":"-3365356432635140543","potions_obtained":[{"floor":1.0,"key":"ColorlessPotion"},{"floor":3.0,"key":"DistilledChaos"},{"floor":11.0,"key":"EssenceOfSteel"}],"is_trial":false,"path_per_floor":["M","?","?","M","M","R","?","?","T","$","M","E","M","E","R","B"],"character_chosen":"WATCHER","items_purchased":["MerchantsRug"],"campfire_rested":0,"item_purchase_floors":[10],"current_hp_per_floor":[61,61,61,60,60,60,60,60,60,60,52,63,44,20,20,0,0],"gold":140,"neow_bonus":"THREE_ENEMY_KILL","is_daily":false,"chose_seed":false,"campfire_upgraded":2,"win_rate":0,"timestamp":1607611638,"path_taken":["M","?","?","?","M","R","?","?","T","$","?","E","?","E","R","BOSS"],"build_version":"2020-11-30","purchased_purges":1,"victory":false,"max_hp_per_floor":[68,68,68,98,98,98,98,98,98,98,98,98,98,98,98,98,98],"card_choices":[{"not_picked":["WreathOfFlame","ClearTheMind","Replay:AtTheReady"],"picked":"SKIP","floor":1.0},{"not_picked":["Prostrate","Replay:BluntJabs","EmptyBody"],"picked":"SKIP","floor":4.0},{"not_picked":["Pray","ThirdEye"],"picked":"Replay:Anticipation","floor":5.0},{"not_picked":["Replay:BluntJabs","Perseverance","CrushJoints"],"picked":"SKIP","floor":11.0},{"not_picked":["Scrawl","Replay:ManipulateFuture"],"picked":"Ragnarok","floor":12.0},{"not_picked":["FlyingSleeves","Replay:ManipulateFuture","FollowUp"],"picked":"SKIP","floor":13.0},{"not_picked":["Evaluate","Protect"],"picked":"FearNoEvil","floor":14.0}],"player_experience":1008064,"relics_obtained":[{"floor":1.0,"key":"AddBug"},{"floor":1.0,"key":"Baka"},{"floor":7.0,"key":"Ring of Hypnosis"},{"floor":7.0,"key":"Ring of Fangs"},{"floor":9.0,"key":"Quantum Egg"},{"floor":12.0,"key":"SecretRecord"},{"floor":12.0,"key":"Pet Ghost"},{"floor":14.0,"key":"SecretRecord"},{"floor":14.0,"key":"Boot"}],"event_choices":[{"damage_healed":0.0,"max_hp_gain":0.0,"max_hp_loss":0.0,"gold_gain":0.0,"event_name":"Lab","player_choice":"Got Potions","floor":3.0,"gold_loss":0.0,"damage_taken":0.0},{"damage_healed":0.0,"max_hp_gain":0.0,"max_hp_loss":0.0,"gold_gain":150.0,"event_name":"Liars Game","player_choice":"AGREE","floor":8.0,"gold_loss":0.0,"damage_taken":0.0,"cards_obtained":["Doubt"]}],"is_beta":false,"boss_relics":[],"items_purged_floors":[10],"is_endless":false,"potions_floor_spawned":[1,5,11,13],"killed_by":"Hexaghost","ascension_level":20}}