{"host":"74dd5wft8qrvuqwb","time":1607559350,"event":{"gold_per_floor":[111,127,127,141,157,182,182,199,222,222,232,8,18,53,53,152,152,163,163,163,179,179,179],"floor_reached":22,"playtime":1378,"items_purged":[],"score":198,"play_id":"7c560dea-bd67-4423-8b55-ddcb170dc483","local_time":"20201210011550","is_ascension_mode":true,"campfire_choices":[{"floor":7,"key":"REST"},{"data":"hermit:TakeAim","floor":10,"key":"SMITH"},{"floor":15,"key":"REST"}],"neow_cost":"NONE","seed_source_timestamp":389145909283600,"circlet_count":0,"master_deck":["hermit:Strike_Hermit","hermit:Strike_Hermit","hermit:Strike_Hermit","hermit:Strike_Hermit","hermit:Defend_Hermit","hermit:Defend_Hermit","hermit:Defend_Hermit+1","hermit:Defend_Hermit","hermit:Snapshot+1","hermit:Covet","hermit:LuckOfTheDraw","hermit:Grudge","hermit:Maintenance","hermit:Shortfuse","hermit:HeroicBravado","hermit:TakeAim+1","hermit:Brawl","Sadistic Nature","hermit:BigShot","hermit:Misfire","hermit:Ricochet","hermit:FatalDesire","Elementarium:StickyTar","hermit:Shortfuse+1","infinitespire:SevenWalls","hermit:BodyArmor"],"relics":["hermit:Momento","Bromod:ArcaneAwakening","Oddly Smooth Stone","Anchor","Bromod:ArcaneBarrier","Black Star","Regal Pillow"],"potions_floor_usage":[6,14,16,22],"damage_taken":[{"damage":7,"enemies":"Gensokyo:Gryphon","floor":1,"turns":4},{"damage":4,"enemies":"Gensokyo:Python","floor":2,"turns":4},{"damage":4,"enemies":"Gensokyo:3_Fairies","floor":4,"turns":3},{"damage":4,"enemies":"Gensokyo:Kitsune","floor":5,"turns":4},{"damage":27,"enemies":"Gensokyo:Cirno","floor":6,"turns":6},{"damage":8,"enemies":"Gensokyo:2_Rabbits","floor":8,"turns":3},{"damage":9,"enemies":"Gensokyo:3_Kodama","floor":11,"turns":6},{"damage":10,"enemies":"Gensokyo:Python_and_Kodama","floor":13,"turns":4},{"damage":1,"enemies":"Gensokyo:Mamizou","floor":14,"turns":8},{"damage":27,"enemies":"Gensokyo:Kokoro","floor":16,"turns":10},{"damage":37,"enemies":"Elementarium:MUD_AND_TAR_GOLEMS","floor":18,"turns":6},{"damage":22,"enemies":"Elementarium:Cyclone","floor":21,"turns":5},{"damage":15,"enemies":"Elementarium:STONE_GOLEMS","floor":22,"turns":4}],"seed_played":"3975255140185980418","potions_obtained":[{"floor":5,"key":"Explosive Potion"},{"floor":6,"key":"Block Potion"},{"floor":8,"key":"Dexterity Potion"},{"floor":14,"key":"AttackPotion"},{"floor":21,"key":"DuplicationPotion"}],"is_trial":false,"path_per_floor":["M","M","?","M","M","E","R","M","T","R","M","$","M","E","R","B",null,"M","?","AVR","M","M"],"character_chosen":"HERMIT","items_purchased":["Sadistic Nature","hermit:BigShot"],"campfire_rested":2,"item_purchase_floors":[12,12],"current_hp_per_floor":[75,71,71,67,63,36,60,52,52,52,43,43,33,32,56,29,82,45,33,33,11,0,0],"gold":179,"neow_bonus":"TEN_PERCENT_HP_BONUS","is_prod":false,"is_daily":false,"chose_seed":false,"campfire_upgraded":1,"win_rate":0.0,"timestamp":1607559350,"path_taken":["M","M","?","M","M","E","R","M","T","R","M","$","M","E","R","BOSS","M","?","AVR","M","M"],"build_version":"2020-11-30","purchased_purges":0,"victory":false,"max_hp_per_floor":[82,82,82,82,82,82,82,82,82,82,82,82,82,82,82,82,82,82,82,82,82,82,82],"relic_stats":{"Regal Pillow":0,"counters":[13,67],"Black Star":0,"obtain_stats":[{"Bromod:ArcaneAwakening":6,"Anchor":14,"Regal Pillow":20,"Oddly Smooth Stone":9,"Bromod:ArcaneBarrier":17,"Black Star":20,"hermit:Momento":0},{"Bromod:ArcaneAwakening":5,"Anchor":9,"Regal Pillow":11,"Oddly Smooth Stone":6,"Bromod:ArcaneBarrier":10,"Black Star":11,"hermit:Momento":0},{"Bromod:ArcaneAwakening":21,"Anchor":42,"Regal Pillow":58,"Oddly Smooth Stone":24,"Bromod:ArcaneBarrier":52,"Black Star":58,"hermit:Momento":0}]},"card_choices":[{"not_picked":["hermit:HoleUp","hermit:Roulette"],"picked":"hermit:LuckOfTheDraw","floor":1},{"not_picked":["hermit:Horror","hermit:Quickdraw"],"picked":"hermit:Grudge","floor":2},{"not_picked":["hermit:ItchyTrigger","hermit:Shortfuse"],"picked":"hermit:Maintenance","floor":4},{"not_picked":["hermit:HighCaliber","hermit:Manifest"],"picked":"hermit:Shortfuse","floor":5},{"not_picked":["hermit:Grudge","hermit:Enervate"],"picked":"hermit:HeroicBravado","floor":6},{"not_picked":["hermit:Glare","hermit:Vantage"],"picked":"hermit:TakeAim","floor":8},{"not_picked":["hermit:Headshot","hermit:TrackingShot"],"picked":"hermit:Brawl","floor":11},{"not_picked":["hermit:HoleUp","hermit:Snipe"],"picked":"hermit:Misfire","floor":13},{"not_picked":["hermit:HighCaliber","hermit:EternalForm"],"picked":"hermit:Ricochet","floor":14},{"not_picked":["hermit:Purgatory","hermit:Gambit"],"picked":"hermit:FatalDesire","floor":16},{"not_picked":["hermit:FullyLoaded","hermit:LowProfile"],"picked":"hermit:Shortfuse+1","floor":18},{"not_picked":["hermit:HoleUp","hermit:HighCaliber"],"picked":"hermit:BodyArmor","floor":21}],"player_experience":361741,"relics_obtained":[{"floor":6,"key":"Bromod:ArcaneAwakening"},{"floor":9,"key":"Oddly Smooth Stone"},{"floor":14,"key":"Anchor"}],"event_choices":[{"damage_healed":0,"gold_gain":0,"player_choice":"UP ","damage_taken":14,"relics_obtained":[],"max_hp_gain":0,"max_hp_loss":0,"event_name":"betterSkull:BetterSkull","floor":19,"gold_loss":0,"cards_upgraded":["hermit:Defend_Hermit"]}],"is_beta":false,"boss_relics":[{"not_picked":["Pandora\u0027s Box","Runic Dome"],"picked":"Bromod:ArcaneBarrier"}],"items_purged_floors":[],"is_endless":false,"potions_floor_spawned":[5,6,8,13,14,21],"killed_by":"Elementarium:STONE_GOLEMS","ascension_level":0}}