{"host":"60mnq8emhd9rcked","time":1607618774,"event":{"mods":["BaseMod","AchievementEnabler","KinomotoSakuraMod(木之本樱)","LagranYue(拉格朗・月)","Nova Terra(诺娃・泰拉)","Remilia（蕾米莉亚）","RumiaBox-露米娅的神秘盒子","Shop Mod","WarShipGirlsR/战舰少女R mod","StSLib","Yuri Mod","GifTheSpireLib","HololiveMod","Relic Stats","Say the Spire","The Alterego","The Senshi","Colored Powertips","Marisa（F雨　魔理沙）","Minty Spire (QoL Compilation)","MostiFishMod","Replay The Spire","Ryuuou龙王","Td1madao Mod","Waifu the Spire","Youmu（魂魄妖梦）","Yuyuko","【功能Mod】混沌之环修复补丁"],"gold_per_floor":[156,29,74,125,200,293,335,425,425,518,563,563,656,656,656,941,941,989,989,1022,1022,459,459,495,600,627,675,675,675,765,870,870,1161,1161,1215,1245,1245,1287,1443,1533,911,986,986,986,1064,1103,397,439,439,760,760,799,196,271,316,316,415,463,5,5,66,126,174,207,243,255,582,594,645,657,727,775,835,847,898,970,1087,1158,1170,1275,1338,1401,1413,1722,1734,1803,1889,1961,2006,2057,2069,2069],"floor_reached":91,"playtime":10764,"items_purged":["Pain","yuri:GhostForm","yuri:DragonForm","Wraith Form v2","ClowCardTheLibra+1"],"score":2236,"play_id":"3b9bc1ac-e4a6-4df5-8bdd-7443d9c16981","local_time":"20201211004614","daily_mods":["Shiny","Vintage","ControlledChaos","Allstar","Heirloom","Time Dilation","Flight","Midas"],"is_ascension_mode":false,"campfire_choices":[{"floor":15.0,"key":"REST"},{"floor":23.0,"key":"DIG"},{"floor":32.0,"key":"DIG"},{"floor":49.0,"key":"DIG"},{"floor":66.0,"key":"DIG"},{"floor":74.0,"key":"DIG"},{"floor":83.0,"key":"DIG"}],"circlet_count":0,"master_deck":["ClowCardTheFight","SakuraCardTheBubbles+","ClowCardTheReturn","ClowCardTheBubbles","ClowCardTheWave","ClowCardTheWave","ClowCardTheFlower+1","ClowCardTheFreeze","ClowCardTheTwin","ClowCardTheFloat","SakuraCardTheWatery+","SakuraCardTheReturn+","SakuraCardTheLittle+","Demon Form","Echo Form","DevaForm","BatForm","ClowCardTheTwin","ClowCardTheThrough","ClowCardTheDash","ClowCardTheDark","ClowCardTheThunder","ClowCardTheReturn","ClowCardTheTime","ClowCardTheLight","Secret Technique","Secret Weapon+1","Swift Strike+1","Impatience","ClowCardTheMist+1","ClowCardTheLock+1","ClowCardTheFirey+1","PanicButton+1","ClowCardTheCloud+1","ClowCardTheCloud+1","Apotheosis+1","ClowCardTheSnow+1","ClowCardTheFlower+1","ClowCardTheLittle","ClowCardTheMirror+1","ClowCardTheWindy+1","ClowCardTheDark","ClowCardTheTime+1","ClowCardTheIllusion+1","ClowCardTheSilent+1","ClowCardTheWave","ClowCardTheBubbles+1","ClowCardTheSleep+1","ClowCardTheWatery+1","ClowCardTheWave","ClowCardTheDash+1","ClowCardTheLight","Master of Strategy+1","ClowCardTheTime+1","ClowCardTheDash+1"],"special_seed":0,"relics":["KSMOD_SealedBook","KSMOD_SealedWand","Frozen Eye","Bird Faced Urn","Darkstone Periapt","Toy Ornithopter","Toxic Egg 2","Ccalipers","Mercury Hourglass","Smiling Mask","theSenshi:SailorFukuRelic","KSMOD_Cerberus","Kunai","Shovel","Ginger","KSMOD_SwordJade","WarpedTongs","Black Star","Orichalcum","Calipers","Art of War","FaceOfCleric","DollysMirror","Akabeko","Strawberry","Vajra","GodSword3","ZombieArmy","MagicDraw3","Question Card","Meat on the Bone","FossilizedHelix","KSMOD_RollerSkates","Boot","GodSword6","SlaversCollar","Torii","KSMOD_TeddyBear","Centennial Puzzle","Ice Cream","Blood Vial","Lizard Tail","GodSword1","Omamori","MerchantsRug","MealTicket","Anchor","theSenshi:FeatherClipsRelic","Happy Flower","theSenshi:SpiralHeartMoonRodRelic","Whetstone","Ancient Tea Set","yuri:PortableGlitches","ClockworkSouvenir","LagranYue:MagicReflectiveArmorRelic","CeramicFish","Hololive_Finger","AntiCross","KSMOD_TaoistSuit","KSMOD_TouyasBicycle","Sling","Hololive_LightStick","ScarletDevilRocket","Lee\u0027s Waffle","SSSystem","StoneCalendar","Regal Pillow","TungstenRod","MagicDraw2","KSMOD_Compass","MawBank","GodSword4","Cursed Key","Bag of Marbles","Enchiridion","Potion Belt","Tiny Chest","Juzu Bracelet","Singing Bowl","Pantograph","InkBottle","War Paint","Oddly Smooth Stone","MagicDraw4","theSenshi:MoonKaleidoScopeRelic","Nunchaku","KSMOD_YukitosBentoBox","Pen Nib","Bottled Lightning","GodSword7"],"acts_visited":[],"potions_floor_usage":[],"damage_taken":[{"damage":0.0,"enemies":"Jaw Worm","floor":1.0,"turns":4.0},{"damage":15.0,"enemies":"Cultist","floor":3.0,"turns":4.0},{"damage":0.0,"enemies":"Small Slimes","floor":4.0,"turns":3.0},{"damage":27.0,"enemies":"3 Sentries","floor":6.0,"turns":10.0},{"damage":25.0,"enemies":"Red Slaver","floor":7.0,"turns":6.0},{"damage":0.0,"enemies":"Gremlin Nob","floor":8.0,"turns":3.0},{"damage":39.0,"enemies":"3 Sentries","floor":10.0,"turns":6.0},{"damage":10.0,"enemies":"Exordium Thugs","floor":11.0,"turns":4.0},{"damage":22.0,"enemies":"Gremlin Nob","floor":13.0,"turns":4.0},{"damage":4.0,"enemies":"Slime Boss","floor":16.0,"turns":4.0},{"damage":6.0,"enemies":"3 Byrds","floor":18.0,"turns":5.0},{"damage":6.0,"enemies":"Spheric Guardian","floor":20.0,"turns":4.0},{"damage":6.0,"enemies":"Centurion and Healer","floor":24.0,"turns":6.0},{"damage":4.0,"enemies":"Slavers","floor":25.0,"turns":4.0},{"damage":4.0,"enemies":"Shelled Parasite and Fungi","floor":27.0,"turns":4.0},{"damage":0.0,"enemies":"Gremlin Leader","floor":30.0,"turns":5.0},{"damage":0.0,"enemies":"Slavers","floor":31.0,"turns":4.0},{"damage":0.0,"enemies":"Collector","floor":33.0,"turns":5.0},{"damage":0.0,"enemies":"Orb Walker","floor":35.0,"turns":2.0},{"damage":0.0,"enemies":"3 Darklings","floor":36.0,"turns":3.0},{"damage":0.0,"enemies":"Spire Growth","floor":38.0,"turns":4.0},{"damage":19.0,"enemies":"2 Orb Walkers","floor":39.0,"turns":4.0},{"damage":0.0,"enemies":"Giant Head","floor":40.0,"turns":4.0},{"damage":0.0,"enemies":"Reptomancer","floor":42.0,"turns":6.0},{"damage":0.0,"enemies":"Nemesis","floor":45.0,"turns":3.0},{"damage":0.0,"enemies":"Sphere and 2 Shapes","floor":46.0,"turns":2.0},{"damage":0.0,"enemies":"Transient","floor":48.0,"turns":4.0},{"damage":0.0,"enemies":"Time Eater","floor":50.0,"turns":4.0},{"damage":0.0,"enemies":"Jaw Worm","floor":52.0,"turns":2.0},{"damage":0.0,"enemies":"2 Louse","floor":55.0,"turns":3.0},{"damage":0.0,"enemies":"Gremlin Nob","floor":57.0,"turns":2.0},{"damage":0.0,"enemies":"Cultist","floor":58.0,"turns":2.0},{"damage":0.0,"enemies":"Blue Slaver","floor":61.0,"turns":2.0},{"damage":0.0,"enemies":"2 Fungi Beasts","floor":62.0,"turns":2.0},{"damage":0.0,"enemies":"Exordium Thugs","floor":63.0,"turns":2.0},{"damage":0.0,"enemies":"Blue Slaver","floor":64.0,"turns":1.0},{"damage":0.0,"enemies":"2 Fungi Beasts","floor":65.0,"turns":1.0},{"damage":0.0,"enemies":"The Guardian","floor":67.0,"turns":2.0},{"damage":0.0,"enemies":"Shell Parasite","floor":69.0,"turns":1.0},{"damage":0.0,"enemies":"2 Thieves","floor":72.0,"turns":1.0},{"damage":0.0,"enemies":"Sentry and Sphere","floor":73.0,"turns":1.0},{"damage":0.0,"enemies":"Centurion and Healer","floor":75.0,"turns":1.0},{"damage":0.0,"enemies":"3 Cultists","floor":76.0,"turns":1.0},{"damage":0.0,"enemies":"Book of Stabbing","floor":77.0,"turns":1.0},{"damage":0.0,"enemies":"Slavers","floor":80.0,"turns":1.0},{"damage":0.0,"enemies":"Sentry and Sphere","floor":81.0,"turns":1.0},{"damage":0.0,"enemies":"Centurion and Healer","floor":82.0,"turns":1.0},{"damage":0.0,"enemies":"Collector","floor":84.0,"turns":1.0},{"damage":0.0,"enemies":"3 Darklings","floor":86.0,"turns":1.0},{"damage":0.0,"enemies":"3 Shapes","floor":88.0,"turns":1.0},{"damage":0.0,"enemies":"Transient","floor":89.0,"turns":3.0},{"damage":0.0,"enemies":"Spire Growth","floor":90.0,"turns":1.0},{"damage":0,"enemies":"Nemesis","floor":91,"turns":1}],"seed_played":"-5576537852345971524","potions_obtained":[{"floor":3.0,"key":"FearPotion"},{"floor":6.0,"key":"SpeedPotion"},{"floor":10.0,"key":"Strength Potion"},{"floor":11.0,"key":"Swift Potion"},{"floor":20.0,"key":"SkillPotion"},{"floor":25.0,"key":"PowerPotion"},{"floor":38.0,"key":"DistilledChaos"},{"floor":48.0,"key":"EntropicBrew"},{"floor":50.0,"key":"PowerPotion"},{"floor":55.0,"key":"AttackPotion"},{"floor":61.0,"key":"Swift Potion"},{"floor":62.0,"key":"Block Potion"},{"floor":64.0,"key":"DistilledChaos"},{"floor":73.0,"key":"DuplicationPotion"},{"floor":76.0,"key":"SteroidPotion"},{"floor":77.0,"key":"Explosive Potion"},{"floor":81.0,"key":"Fire Potion"},{"floor":82.0,"key":"DuplicationPotion"},{"floor":84.0,"key":"Dexterity Potion"},{"floor":86.0,"key":"ColorlessPotion"},{"floor":88.0,"key":"EssenceOfSteel"},{"floor":89.0,"key":"Swift Potion"},{"floor":90.0,"key":"Dexterity Potion"}],"is_trial":true,"path_per_floor":["M","?","M","M","?","E","M","E","T","E","M","?","E","?","R","B",null,"M","T","M","?","$","R","M","E","T","M","T","?","E","E","R","B",null,"M","M","?","M","?","E","$","E","T","?","E","M","$","M","R","B",null,"M","$","?","M","?","E","M","$","T","M","M","M","M","M","R","B",null,"M","?","$","M","M","R","M","M","E","$","?","E","M","M","R","B",null,"M","$","M","M","M","E"],"character_chosen":"KINOMOTOSAKURA","items_purchased":["ClowCardTheCloud+1","Apotheosis+1","ClowCardTheSnow","ClowCardTheFlower+1","DollysMirror","GodSword1","ClowCardTheWatery+1","ClowCardTheWave","Omamori","MerchantsRug","Ancient Tea Set","yuri:PortableGlitches","ClowCardTheWatery+1","ClowCardTheWave","ClockworkSouvenir","KSMOD_TaoistSuit","KSMOD_TouyasBicycle","Sling","Lee\u0027s Waffle","SSSystem","Master of Strategy+1"],"campfire_rested":1,"item_purchase_floors":[22,22,22,22,22,41,41,41,41,41,47,47,47,47,47,53,53,53,59,59,59],"current_hp_per_floor":[70,70,57,63,52,70,53,57,57,49,51,51,37,43,65,67,76,74,74,74,74,74,74,84,85,85,82,82,65,82,91,91,94,94,95,96,96,97,95,99,99,100,100,100,101,102,102,103,103,104,104,105,105,94,106,106,107,108,115,115,116,117,118,119,120,120,121,121,122,110,122,123,124,124,125,126,129,129,129,132,133,134,134,135,135,136,136,137,138,139,139,139],"gold":2069,"neow_bonus":"","is_daily":false,"chose_seed":false,"campfire_upgraded":0,"win_rate":0.0,"timestamp":1607618774,"path_taken":["M","?","M","?","?","E","M","E","T","E","M","?","E","?","R","BOSS","M","?","?","?","$","R","M","E","T","?","?","?","E","E","R","BOSS","M","M","?","M","?","E","$","E","T","?","E","M","?","M","R","BOSS","M","$","?","M","?","E","?","$","T","M","M","M","M","M","R","BOSS","M","?","$","M","M","R","M","M","E","$","?","E","M","M","R","BOSS","M","$","M","M","M","E"],"build_version":"2020-11-30","purchased_purges":5,"victory":false,"max_hp_per_floor":[70,70,70,70,70,70,70,70,70,70,70,70,70,76,76,76,76,76,76,76,76,76,76,84,85,85,86,86,91,92,93,93,94,94,95,96,96,97,98,99,99,100,100,100,101,102,102,103,103,104,104,105,105,105,106,106,107,108,115,115,116,117,118,119,120,120,121,121,122,122,122,123,124,124,125,126,129,129,129,132,133,134,134,135,135,136,136,137,138,139,139,139],"relic_stats":{"Darkstone Periapt":6,"Regal Pillow":0,"Torii":2,"Singing Bowl":4,"CeramicFish":54,"StoneCalendar":[0],"Juzu Bracelet":0,"Ginger":[7],"Whetstone":["ClowCardTheSnow","Swift Strike"],"Smiling Mask":375,"Boot":[14],"Cursed Key":0,"Blood Vial":2,"Centennial Puzzle":[3],"Lizard Tail":0,"Nunchaku":[1],"Shovel":6,"FaceOfCleric":40,"Pantograph":0,"MealTicket":12,"Tiny Chest":0,"Kunai":[38],"InkBottle":[16],"Lee\u0027s Waffle":7,"Happy Flower":[15],"counters":[53,154],"Pen Nib":[0],"Orichalcum":[390],"War Paint":["ClowCardTheFlower","Secret Weapon"],"Question Card":13,"MawBank":312,"Mercury Hourglass":[604],"WarpedTongs":[76],"Bird Faced Urn":[160],"Black Star":9,"Art of War":[27],"obtain_stats":[{"Ice Cream":39,"Calipers":19,"ScarletDevilRocket":58,"LagranYue:RandomDrawCardRelic":0,"KSMOD_TeddyBear":36,"CeramicFish":49,"Vajra":25,"SSSystem":59,"KSMOD_YukitosBentoBox":88,"theSenshi:FeatherClipsRelic":43,"Ginger":11,"Whetstone":46,"theSenshi:SpiralHeartMoonRodRelic":45,"MagicDraw4":83,"MagicDraw3":27,"Boot":31,"Sling":53,"MagicDraw2":63,"Blood Vial":40,"Centennial Puzzle":38,"Lizard Tail":40,"FaceOfCleric":21,"Ccalipers":4,"DollysMirror":22,"Strawberry":24,"MealTicket":42,"Hololive_Finger":51,"Kunai":9,"Toxic Egg 2":3,"theSenshi:SailorFukuRelic":7,"MerchantsRug":41,"KSMOD_Compass":64,"KSMOD_RollerSkates":31,"Happy Flower":45,"KSMOD_SealedBook":0,"theSenshi:MoonKaleidoScopeRelic":85,"Oddly Smooth Stone":82,"Pen Nib":89,"KSMOD_TaoistSuit":53,"War Paint":81,"Question Card":28,"Akabeko":23,"WarpedTongs":14,"SlaversCollar":34,"Bird Faced Urn":0,"KSMOD_SwordJade":13,"GodSword7":90,"Black Star":17,"GodSword6":32,"KSMOD_TouyasBicycle":53,"GodSword4":66,"GodSword3":25,"Meat on the Bone":30,"GodSword1":41,"Darkstone Periapt":1,"Regal Pillow":61,"Torii":35,"Singing Bowl":75,"Enchiridion":70,"StoneCalendar":60,"Juzu Bracelet":74,"Smiling Mask":6,"Ancient Tea Set":47,"LagranYue:MagicReflectiveArmorRelic":48,"Cursed Key":68,"ClockworkSouvenir":47,"Frozen Eye":0,"Nunchaku":86,"Shovel":10,"Pantograph":76,"AntiCross":52,"Tiny Chest":73,"KSMOD_SealedWand":0,"KSMOD_Cerberus":8,"InkBottle":79,"ZombieArmy":26,"Potion Belt":72,"Lee\u0027s Waffle":59,"Omamori":41,"Orichalcum":18,"MawBank":65,"Mercury Hourglass":6,"Anchor":42,"Hololive_LightStick":55,"Art of War":20,"Bag of Marbles":69,"Bottled Lightning":89,"yuri:PortableGlitches":47,"Toy Ornithopter":2,"FossilizedHelix":30,"TungstenRod":62},{"Ice Cream":22,"Calipers":11,"ScarletDevilRocket":32,"LagranYue:RandomDrawCardRelic":0,"KSMOD_TeddyBear":20,"CeramicFish":27,"Vajra":14,"SSSystem":32,"KSMOD_YukitosBentoBox":50,"theSenshi:FeatherClipsRelic":24,"Ginger":8,"Whetstone":26,"theSenshi:SpiralHeartMoonRodRelic":25,"MagicDraw4":47,"MagicDraw3":15,"Boot":17,"Sling":29,"MagicDraw2":35,"Blood Vial":23,"Centennial Puzzle":21,"Lizard Tail":23,"FaceOfCleric":12,"Ccalipers":3,"DollysMirror":12,"Strawberry":13,"MealTicket":24,"Hololive_Finger":28,"Kunai":6,"Toxic Egg 2":2,"theSenshi:SailorFukuRelic":5,"MerchantsRug":23,"KSMOD_Compass":36,"KSMOD_RollerSkates":17,"Happy Flower":25,"KSMOD_SealedBook":0,"theSenshi:MoonKaleidoScopeRelic":48,"Oddly Smooth Stone":47,"Pen Nib":51,"KSMOD_TaoistSuit":29,"War Paint":46,"Question Card":15,"Akabeko":12,"WarpedTongs":9,"SlaversCollar":18,"Bird Faced Urn":0,"KSMOD_SwordJade":9,"GodSword7":52,"Black Star":10,"GodSword6":17,"KSMOD_TouyasBicycle":29,"GodSword4":37,"GodSword3":14,"Meat on the Bone":16,"GodSword1":23,"Darkstone Periapt":1,"Regal Pillow":33,"Torii":19,"Singing Bowl":42,"Enchiridion":39,"StoneCalendar":32,"Juzu Bracelet":41,"Smiling Mask":4,"Ancient Tea Set":26,"LagranYue:MagicReflectiveArmorRelic":27,"Cursed Key":38,"ClockworkSouvenir":26,"Frozen Eye":0,"Nunchaku":49,"Shovel":7,"Pantograph":43,"AntiCross":29,"Tiny Chest":41,"KSMOD_SealedWand":0,"KSMOD_Cerberus":6,"InkBottle":44,"ZombieArmy":14,"Potion Belt":40,"Lee\u0027s Waffle":32,"Omamori":23,"Orichalcum":11,"MawBank":37,"Mercury Hourglass":4,"Anchor":24,"Hololive_LightStick":30,"Art of War":12,"Bag of Marbles":39,"Bottled Lightning":51,"yuri:PortableGlitches":26,"Toy Ornithopter":1,"FossilizedHelix":16,"TungstenRod":34},{"Ice Cream":97,"Calipers":52,"ScarletDevilRocket":127,"LagranYue:RandomDrawCardRelic":0,"KSMOD_TeddyBear":89,"CeramicFish":115,"Vajra":66,"SSSystem":127,"KSMOD_YukitosBentoBox":149,"theSenshi:FeatherClipsRelic":107,"Ginger":40,"Whetstone":111,"theSenshi:SpiralHeartMoonRodRelic":110,"MagicDraw4":146,"MagicDraw3":70,"Boot":79,"Sling":121,"MagicDraw2":133,"Blood Vial":101,"Centennial Puzzle":93,"Lizard Tail":101,"FaceOfCleric":56,"Ccalipers":11,"DollysMirror":56,"Strawberry":62,"MealTicket":107,"Hololive_Finger":119,"Kunai":30,"Toxic Egg 2":8,"theSenshi:SailorFukuRelic":27,"MerchantsRug":101,"KSMOD_Compass":134,"KSMOD_RollerSkates":79,"Happy Flower":110,"KSMOD_SealedBook":0,"theSenshi:MoonKaleidoScopeRelic":147,"Oddly Smooth Stone":146,"Pen Nib":152,"KSMOD_TaoistSuit":121,"War Paint":145,"Question Card":70,"Akabeko":56,"WarpedTongs":44,"SlaversCollar":84,"Bird Faced Urn":0,"KSMOD_SwordJade":44,"GodSword7":153,"Black Star":48,"GodSword6":79,"KSMOD_TouyasBicycle":121,"GodSword4":135,"GodSword3":66,"Meat on the Bone":75,"GodSword1":101,"Darkstone Periapt":4,"Regal Pillow":129,"Torii":86,"Singing Bowl":141,"Enchiridion":138,"StoneCalendar":127,"Juzu Bracelet":140,"Smiling Mask":21,"Ancient Tea Set":111,"LagranYue:MagicReflectiveArmorRelic":115,"Cursed Key":137,"ClockworkSouvenir":111,"Frozen Eye":0,"Nunchaku":148,"Shovel":36,"Pantograph":142,"AntiCross":121,"Tiny Chest":140,"KSMOD_SealedWand":0,"KSMOD_Cerberus":30,"InkBottle":143,"ZombieArmy":66,"Potion Belt":139,"Lee\u0027s Waffle":127,"Omamori":101,"Orichalcum":52,"MawBank":135,"Mercury Hourglass":21,"Anchor":107,"Hololive_LightStick":123,"Art of War":56,"Bag of Marbles":138,"Bottled Lightning":152,"yuri:PortableGlitches":111,"Toy Ornithopter":4,"FossilizedHelix":75,"TungstenRod":131}],"Toy Ornithopter":0,"TungstenRod":4,"Meat on the Bone":0},"card_choices":[{"not_picked":["ClowCardTheLittle","ClowCardTheShot"],"picked":"ClowCardTheMist+1","floor":6.0},{"not_picked":["ClowCardTheSnow","ClowCardTheDream+1"],"picked":"ClowCardTheLock+1","floor":8.0},{"not_picked":["ClowCardTheFly+1","ClowCardTheSong"],"picked":"ClowCardTheFirey+1","floor":10.0},{"not_picked":["ClowCardTheGlow+1","ClowCardTheSweet+1"],"picked":"ClowCardTheCloud+1","floor":13.0},{"not_picked":["ClowCardTheCreate","ClowCardTheThrough"],"picked":"ClowCardTheReturn","floor":16.0},{"not_picked":["ClowCardTheWindy+1","ClowCardTheSilent+1"],"picked":"ClowCardTheMirror+1","floor":25.0},{"not_picked":["ClowCardTheMist+1","ClowCardTheMirror+1","ClowCardTheFreeze"],"picked":"ClowCardTheWindy+1","floor":30.0},{"not_picked":["ClowCardTheShot","ClowCardTheStorm","ClowCardTheLibra+1"],"picked":"ClowCardTheDark","floor":31.0},{"not_picked":["ClowCardTheThunder","ClowCardTheCreate","ClowCardTheLight"],"picked":"ClowCardTheTime+1","floor":33.0},{"not_picked":["ClowCardTheErase+1","ClowCardTheSand","ClowCardTheLibra+1"],"picked":"ClowCardTheIllusion+1","floor":39.0},{"not_picked":["ClowCardTheBig","ClowCardTheLibra+1","ClowCardTheErase"],"picked":"ClowCardTheSilent+1","floor":40.0},{"not_picked":["ClowCardTheFly+1","ClowCardTheRain+1","ClowCardTheSleep+1"],"picked":"ClowCardTheBubbles+1","floor":42.0},{"not_picked":["ClowCardTheFirey+1","ClowCardTheErase+1","ClowCardTheMist+1"],"picked":"ClowCardTheSleep+1","floor":45.0},{"not_picked":["ClowCardTheThrough","ClowCardTheFight","ClowCardTheThunder"],"picked":"ClowCardTheDash+1","floor":50.0},{"not_picked":["ClowCardTheSand","ClowCardTheWood+1","ClowCardTheStorm"],"picked":"ClowCardTheLight","floor":57.0},{"not_picked":["ClowCardTheReturn","ClowCardTheLight","ClowCardTheCreate"],"picked":"ClowCardTheTime+1","floor":67.0},{"not_picked":["ClowCardTheSilent+1","ClowCardTheShot","ClowCardTheMaze+1","ClowCardTheLibra+1"],"picked":"Singing Bowl","floor":77.0},{"not_picked":["ClowCardTheMove+1","ClowCardTheMist+1","ClowCardTheFloat","ClowCardTheShot"],"picked":"Singing Bowl","floor":80.0},{"not_picked":["ClowCardTheReturn","ClowCardTheDark","ClowCardTheLight"],"picked":"ClowCardTheDash+1","floor":84.0}],"player_experience":41070,"relics_obtained":[{"floor":1.0,"key":"Darkstone Periapt"},{"floor":3.0,"key":"Toxic Egg 2"},{"floor":4.0,"key":"Ccalipers"},{"floor":6.0,"key":"Mercury Hourglass"},{"floor":6.0,"key":"Smiling Mask"},{"floor":7.0,"key":"theSenshi:SailorFukuRelic"},{"floor":8.0,"key":"KSMOD_Cerberus"},{"floor":9.0,"key":"Kunai"},{"floor":10.0,"key":"Shovel"},{"floor":11.0,"key":"Ginger"},{"floor":13.0,"key":"KSMOD_SwordJade"},{"floor":18.0,"key":"Orichalcum"},{"floor":19.0,"key":"Calipers"},{"floor":20.0,"key":"Art of War"},{"floor":23.0,"key":"Akabeko"},{"floor":24.0,"key":"Strawberry"},{"floor":25.0,"key":"Vajra"},{"floor":25.0,"key":"GodSword3"},{"floor":26.0,"key":"ZombieArmy"},{"floor":27.0,"key":"MagicDraw3"},{"floor":28.0,"key":"Question Card"},{"floor":30.0,"key":"Meat on the Bone"},{"floor":30.0,"key":"FossilizedHelix"},{"floor":31.0,"key":"KSMOD_RollerSkates"},{"floor":31.0,"key":"Boot"},{"floor":32.0,"key":"GodSword6"},{"floor":35.0,"key":"Torii"},{"floor":36.0,"key":"KSMOD_TeddyBear"},{"floor":38.0,"key":"Centennial Puzzle"},{"floor":39.0,"key":"Ice Cream"},{"floor":40.0,"key":"Blood Vial"},{"floor":40.0,"key":"Lizard Tail"},{"floor":42.0,"key":"MealTicket"},{"floor":42.0,"key":"Anchor"},{"floor":43.0,"key":"theSenshi:FeatherClipsRelic"},{"floor":45.0,"key":"Happy Flower"},{"floor":45.0,"key":"theSenshi:SpiralHeartMoonRodRelic"},{"floor":46.0,"key":"Whetstone"},{"floor":48.0,"key":"LagranYue:MagicReflectiveArmorRelic"},{"floor":49.0,"key":"CeramicFish"},{"floor":52.0,"key":"AntiCross"},{"floor":55.0,"key":"Hololive_LightStick"},{"floor":58.0,"key":"ScarletDevilRocket"},{"floor":60.0,"key":"StoneCalendar"},{"floor":61.0,"key":"Regal Pillow"},{"floor":62.0,"key":"TungstenRod"},{"floor":63.0,"key":"MagicDraw2"},{"floor":64.0,"key":"KSMOD_Compass"},{"floor":65.0,"key":"MawBank"},{"floor":66.0,"key":"GodSword4"},{"floor":69.0,"key":"Bag of Marbles"},{"floor":70.0,"key":"Enchiridion"},{"floor":72.0,"key":"Potion Belt"},{"floor":73.0,"key":"Tiny Chest"},{"floor":74.0,"key":"Juzu Bracelet"},{"floor":75.0,"key":"Singing Bowl"},{"floor":76.0,"key":"Pantograph"},{"floor":81.0,"key":"War Paint"},{"floor":82.0,"key":"Oddly Smooth Stone"},{"floor":83.0,"key":"MagicDraw4"},{"floor":86.0,"key":"Nunchaku"},{"floor":88.0,"key":"KSMOD_YukitosBentoBox"},{"floor":89.0,"key":"Pen Nib"},{"floor":89.0,"key":"Bottled Lightning"},{"floor":90.0,"key":"GodSword7"}],"event_choices":[{"damage_healed":0.0,"max_hp_gain":0.0,"max_hp_loss":0.0,"gold_gain":0.0,"event_name":"WeMeetAgain","player_choice":"Paid Gold","floor":2.0,"gold_loss":127.0,"damage_taken":0.0,"relics_obtained":["Toy Ornithopter"]},{"damage_healed":0.0,"max_hp_gain":0.0,"max_hp_loss":0.0,"gold_gain":75.0,"event_name":"World of Goop","player_choice":"Gather Gold","floor":5.0,"gold_loss":0.0,"damage_taken":11.0},{"damage_healed":0.0,"max_hp_gain":0.0,"max_hp_loss":0.0,"gold_gain":0.0,"cards_transformed":["Magnetism"],"event_name":"Living Wall","player_choice":"Change","floor":12.0,"gold_loss":0.0,"damage_taken":0.0,"cards_obtained":["PanicButton"]},{"damage_healed":0.0,"max_hp_gain":0.0,"max_hp_loss":0.0,"gold_gain":0.0,"event_name":"Accursed Blacksmith","player_choice":"Rummage","floor":14.0,"gold_loss":0.0,"damage_taken":0.0,"relics_obtained":["WarpedTongs"],"cards_obtained":["Pain"]},{"damage_healed":0.0,"max_hp_gain":0.0,"max_hp_loss":0.0,"gold_gain":0.0,"event_name":"FaceTrader","player_choice":"Trade","floor":21.0,"gold_loss":0.0,"damage_taken":0.0,"relics_obtained":["FaceOfCleric"]},{"damage_healed":0.0,"max_hp_gain":5.0,"max_hp_loss":0.0,"gold_gain":0.0,"event_name":"Forgotten Altar","player_choice":"Shed Blood","floor":29.0,"gold_loss":0.0,"damage_taken":22.0},{"damage_healed":0.0,"max_hp_gain":0.0,"max_hp_loss":0.0,"gold_gain":0.0,"event_name":"Mysterious Sphere","player_choice":"Fight","floor":39.0,"gold_loss":0.0,"damage_taken":0.0},{"cards_removed":["ClowCardTheFight"],"damage_healed":0.0,"max_hp_gain":0.0,"max_hp_loss":0.0,"gold_gain":0.0,"event_name":"Falling","player_choice":"Removed Attack","floor":44.0,"gold_loss":0.0,"damage_taken":0.0},{"damage_healed":0.0,"max_hp_gain":0.0,"max_hp_loss":0.0,"gold_gain":75.0,"event_name":"World of Goop","player_choice":"Gather Gold","floor":54.0,"gold_loss":0.0,"damage_taken":11.0},{"damage_healed":0.0,"max_hp_gain":0.0,"max_hp_loss":0.0,"gold_gain":0.0,"event_name":"The Woman in Blue","player_choice":"Bought 0 Potions","floor":56.0,"gold_loss":0.0,"damage_taken":0.0},{"damage_healed":0.0,"max_hp_gain":0.0,"max_hp_loss":0.0,"gold_gain":0.0,"event_name":"Cursed Tome","player_choice":"Obtained Book","floor":70.0,"gold_loss":0.0,"damage_taken":16.0},{"damage_healed":0.0,"max_hp_gain":0.0,"max_hp_loss":0.0,"gold_gain":0.0,"event_name":"The Mausoleum","player_choice":"Opened","floor":79.0,"gold_loss":0.0,"damage_taken":0.0,"relics_obtained":["InkBottle"]}],"is_beta":false,"boss_relics":[{"not_picked":["Busted Crown","LagranYue:SoulBurningRelic"],"picked":"Black Star"},{"not_picked":["theSenshi:MoonKaleidoScopeRelic","SacredBark"],"picked":"SlaversCollar"},{"not_picked":["Coffee Dripper","Snecko Eye"],"picked":"Hololive_Finger"},{"not_picked":["Empty Cage","Hololive_ChaosS"],"picked":"Cursed Key"},{"not_picked":["Astrolabe","Hololive_TopUpMoneyS"],"picked":"theSenshi:MoonKaleidoScopeRelic"}],"items_purged_floors":[22,41,47,53,59],"is_endless":true,"potions_floor_spawned":[3,6,10,11,20,25,30,31,38,40,48,50,55,61,62,64,67,73,76,77,81,82,84,86,88,89,90],"killed_by":"Nemesis","ascension_level":0}}