{"host":"aeidq2c3auzxo1yh","time":1607619446,"event":{"mods":["BaseMod","AchievementEnabler","StSLib","Minty Spire (QoL Compilation)","Relic Stats","Colored Map","Colored Powertips"],"gold_per_floor":[17,31,47,64,76,76,76],"floor_reached":6,"playtime":463,"items_purged":[],"score":80,"play_id":"5dd62435-3686-481f-b95f-d221d7b06e88","local_time":"20201210215726","is_ascension_mode":true,"campfire_choices":[],"circlet_count":0,"master_deck":["AscendersBane","Strike_G","Strike_G","Strike_G","Strike_G","Strike_G","Defend_G","Defend_G","Defend_G","Defend_G","Defend_G","Survivor","Neutralize","Outmaneuver","Blur","All Out Attack","Dagger Spray","Footwork"],"relics":["Ring of the Snake","Unceasing Top"],"acts_visited":["Exordium"],"potions_floor_usage":[6,6],"damage_taken":[{"damage":0,"enemies":"Small Slimes","floor":1,"turns":4},{"damage":13,"enemies":"Jaw Worm","floor":2,"turns":8},{"damage":2,"enemies":"Cultist","floor":3,"turns":5},{"damage":4,"enemies":"3 Louse","floor":4,"turns":3},{"damage":6,"enemies":"Lots of Slimes","floor":5,"turns":3},{"damage":37,"enemies":"Lagavulin","floor":6,"turns":14}],"seed_played":"5759863104091472359","potions_obtained":[{"floor":3,"key":"Weak Potion"},{"floor":4,"key":"Dexterity Potion"}],"is_trial":false,"path_per_floor":["M","M","M","M","M","E"],"character_chosen":"THE_SILENT","items_purchased":[],"campfire_rested":0,"item_purchase_floors":[],"current_hp_per_floor":[59,46,44,40,34,0,0],"gold":76,"neow_bonus":"ONE_RARE_RELIC","is_daily":false,"chose_seed":false,"campfire_upgraded":0,"win_rate":0,"timestamp":1607619446,"path_taken":["M","M","M","M","M","E"],"build_version":"2020-11-30","purchased_purges":0,"victory":false,"max_hp_per_floor":[66,66,66,66,66,66,66],"relic_stats":{"counters":[6,37],"obtain_stats":[{"Unceasing Top":0,"Ring of the Snake":0},{"Unceasing Top":0,"Ring of the Snake":0},{"Unceasing Top":0,"Ring of the Snake":0}],"Unceasing Top":[7],"Ring of the Snake":[12]},"card_choices":[{"not_picked":["Flying Knee","Riddle With Holes"],"picked":"Outmaneuver","floor":1},{"not_picked":["Deadly Poison","Riddle With Holes"],"picked":"Blur","floor":2},{"not_picked":["Expertise","Acrobatics"],"picked":"All Out Attack","floor":3},{"not_picked":["Heel Hook","Setup"],"picked":"Dagger Spray","floor":4},{"not_picked":["Dodge and Roll","Deflect"],"picked":"Footwork","floor":5}],"player_experience":831730,"relics_obtained":[],"event_choices":[],"is_beta":false,"boss_relics":[],"items_purged_floors":[],"is_endless":false,"potions_floor_spawned":[3,4],"killed_by":"Lagavulin","ascension_level":20}}