{"host":"52jmisti11ysmja4","time":1607643198,"event":{"mods":["BaseMod","StSLib","Remove Card Discount Mod","Minty Spire (QoL Compilation)","Better Third Choice","Aspiration","Hermit","The Servant 0.9.4","Shade Mod","The Vixen","Koishi","The Cursed"],"gold_per_floor":[210,227,161,176,24,51,51,82,107,141,141,159,176,192,192,192,192],"floor_reached":16,"playtime":793,"items_purged":["Strike_S","Strike_S","Defend_S","Defend_S","Defend_S","Defend_S","Strike_S","Strike_S"],"score":189,"play_id":"ca3e348a-7893-4d3d-a800-7dc55850d9ee","local_time":"20201210153318","is_ascension_mode":true,"campfire_choices":[{"floor":7,"key":"REST"},{"floor":15,"key":"REST"}],"circlet_count":0,"master_deck":["AscendersBane","KidneyShot","Exchange","Potential","Ricochet","ShatteredReality","SurpressingFire","Sunlight","BestPractice","Duplication","BottledTime+1","Starlight","Moonlight","Potential","Replace+1"],"relics":["Uniform","CaptainsWheel","Toxic Egg 2","Centennial Puzzle","Akabeko"],"acts_visited":["Exordium"],"potions_floor_usage":[6,10],"damage_taken":[{"damage":8,"enemies":"Small Slimes","floor":1,"turns":5},{"damage":5,"enemies":"Jaw Worm","floor":2,"turns":4},{"damage":0,"enemies":"Cultist","floor":4,"turns":2},{"damage":11,"enemies":"Lagavulin","floor":6,"turns":3},{"damage":18,"enemies":"3 Sentries","floor":8,"turns":3},{"damage":1,"enemies":"Gremlin Nob","floor":10,"turns":3},{"damage":6,"enemies":"Blue Slaver","floor":12,"turns":2},{"damage":2,"enemies":"Gremlin Gang","floor":13,"turns":2},{"damage":0,"enemies":"Looter","floor":14,"turns":1},{"damage":17,"enemies":"The Guardian","floor":16,"turns":5}],"seed_played":"5364281118100044298","potions_obtained":[{"floor":2,"key":"Strength Potion"},{"floor":4,"key":"Energy Potion"},{"floor":8,"key":"PowerPotion"},{"floor":14,"key":"Dexterity Potion"}],"is_trial":false,"path_per_floor":["M","M","$","M","$","E","R","E","T","E","$","M","M","M","R","B"],"character_chosen":"THE_SERVANT","items_purchased":["ShatteredReality","Sunlight","BestPractice"],"campfire_rested":2,"item_purchase_floors":[3,5,5],"current_hp_per_floor":[51,46,46,46,46,35,54,36,36,35,35,29,27,27,46,29,29],"gold":192,"neow_bonus":"HUNDRED_GOLD","is_daily":false,"chose_seed":false,"campfire_upgraded":0,"win_rate":0,"timestamp":1607643198,"path_taken":["M","M","$","M","$","E","R","E","T","E","$","M","M","M","R","BOSS"],"build_version":"2020-11-30","purchased_purges":8,"victory":false,"max_hp_per_floor":[65,65,65,65,65,65,65,65,65,65,65,65,65,65,65,65,65],"card_choices":[{"not_picked":["BottledTime","Rewind"],"picked":"Potential","floor":1},{"not_picked":["Rearm","FastForward"],"picked":"Ricochet","floor":2},{"not_picked":["DoubleEdge","Ricochet"],"picked":"SurpressingFire","floor":4},{"not_picked":["MoonPhase","Revamp"],"picked":"Duplication","floor":6},{"not_picked":["Ricochet","Potential"],"picked":"BottledTime+1","floor":8},{"not_picked":["Ricochet","StarChef"],"picked":"Starlight","floor":10},{"not_picked":["Revamp+1","Alleviate+1"],"picked":"Moonlight","floor":12},{"not_picked":["Desolation","Defy+1"],"picked":"Potential","floor":13},{"not_picked":["Desolation","WasteNot"],"picked":"Replace+1","floor":14}],"player_experience":595537,"relics_obtained":[{"floor":6,"key":"CaptainsWheel"},{"floor":8,"key":"Toxic Egg 2"},{"floor":9,"key":"Centennial Puzzle"},{"floor":10,"key":"Akabeko"}],"event_choices":[],"is_beta":false,"boss_relics":[],"items_purged_floors":[3,3,3,3,3,3,3,5],"is_endless":false,"potions_floor_spawned":[2,4,8,14],"killed_by":"The Guardian","ascension_level":11}}