{"host":"tst5pjz7m60hr0pr","time":1607633625,"event":{"mods":["BaseMod","StSLib","Downfall","AchievementEnabler","Aspiration","Bard","Beaked The Cultist","Better Altar","Better Match","Better Note","Better Sensory Stone","Better Skull","Better Third Choice","BetterRewards","CCEM","Clawfect","Colored Map","Conspire","GifTheSpireLib","Googly Eyes","Halation","Act Like it!","Hallownest","Hermit","Highlight Path","Hubris","Hunter ??","Infinite Spire","Jedi Mod","Marisa????????","Mimic Mod","Minty Spire (QoL Compilation)","Permanent Neow","Replay The Spire","Shade Mod","Shop Mod","Spicy Shops","Stuff the Spire","The Administrix","The Blackbeard","The Bug Knight","The Cursed","The Disciple","The IronCluck","The Jungle","The Mystic","The Necromancer","The Problem Sleuth","The Runesmith","The Servant 0.9.4","The Spell Scribe","Unceasing Turn Reminder","everything is the same but u backflip on backflip","slay the spire mod where everything is the same but ironclad has a cowboy hat"],"gold_per_floor":[111,128,140,160,3,30,30,43,43,43,43,69,83,98,98,197,197,213,288,288,299,42,68,68,68,103,122,141,9,41,52,52,52,52],"floor_reached":33,"playtime":4473,"items_purged":["Doubt"],"score":324,"play_id":"0893a70e-0f6a-4b48-8d2b-cfd3b39bbad0","local_time":"20201210145345","is_ascension_mode":false,"campfire_choices":[{"floor":7.0,"key":"REST"},{"data":"hermit:Snipe","floor":10.0,"key":"SMITH"},{"floor":24,"key":"REST"},{"floor":32,"key":"REST"}],"circlet_count":0,"master_deck":["hermit:Strike_Hermit","hermit:Strike_Hermit","hermit:Strike_Hermit","hermit:Strike_Hermit","hermit:Defend_Hermit","hermit:Defend_Hermit","hermit:Defend_Hermit","hermit:Snapshot","hermit:Covet","hermit:Enervate","hermit:DeadMansHand","hermit:Desperado","hermit:Snipe+1","hermit:Feint+1","hermit:Determination+1","hermit:SprayPray","hermit:BigShot","hermit:Midnight","hermit:Spite","hermit:Gestalt","hermit:Dissolve","hermit:LowProfile","hermit:Headshot","Enlightenment","hermit:Combo","hermit:Deadeye","hermit:Dive","hermit:ShadowCloak","StuffTheSpire:Harmony","hermit:Determination","hermit:LowProfile","hermit:SprayPray","hermit:Magnum","hermit:GoldenBullet+1","hermit:CalledShot"],"special_seed":0,"relics":["hermit:ClaspedLocket","Ancient Tea Set","halation:AfternoonTea","Replay:Bottled Flurry","CCEMRelics:JestersCrown","Replay:Grab Bag","beaked:SacredNecklace","infinitespire:Cupcake","hubris:ScarierMask","StuffTheSpire:Saxophone","Iron Hammer","HornCleat","ReplayTheSpireMod:CursedCoin","BargainBundle","Toy Ornithopter"],"acts_visited":["Exordium","TheCity"],"potions_floor_usage":[30,33,33],"damage_taken":[{"damage":0.0,"enemies":"Cultist","floor":1.0,"turns":4.0},{"damage":6.0,"enemies":"Jaw Worm","floor":2.0,"turns":4.0},{"damage":10.0,"enemies":"2 Louse","floor":3.0,"turns":3.0},{"damage":10.0,"enemies":"Exordium Thugs","floor":4.0,"turns":3.0},{"damage":24.0,"enemies":"3 Sentries","floor":6.0,"turns":5.0},{"damage":4.0,"enemies":"Blue Slaver","floor":8.0,"turns":3.0},{"damage":18.0,"enemies":"Lagavulin","floor":12.0,"turns":4.0},{"damage":11.0,"enemies":"3 Louse","floor":13.0,"turns":3.0},{"damage":1.0,"enemies":"2 Fungi Beasts","floor":14.0,"turns":2.0},{"damage":19.0,"enemies":"Fading Forest","floor":16.0,"turns":11.0},{"damage":6.0,"enemies":"3 Byrds","floor":18.0,"turns":3.0},{"damage":16,"enemies":"Shell Parasite","floor":21,"turns":5},{"damage":24,"enemies":"Nightmare","floor":23,"turns":8},{"damage":18,"enemies":"Snake Plant","floor":26,"turns":5},{"damage":20,"enemies":"Snake Plant","floor":27,"turns":4},{"damage":2,"enemies":"Centurion and Healer","floor":28,"turns":4},{"damage":14,"enemies":"Book of Stabbing","floor":30,"turns":5},{"damage":0,"enemies":"Shelled Parasite and Fungi","floor":31,"turns":5},{"damage":86,"enemies":"Pondfish","floor":33,"turns":8}],"seed_played":"-57485635928729792","potions_obtained":[{"floor":1.0,"key":"hermit:Eclipse"},{"floor":2.0,"key":"SpeedPotion"},{"floor":3.0,"key":"jedi:wingpotion"},{"floor":18.0,"key":"Death Potion"},{"floor":27,"key":"Block Potion"}],"is_trial":false,"path_per_floor":["M","M","M","M","$","E","R","M","T","R","?","E","M","M","R_BF","B",null,"M","?","?","M","$","NM","R","?","MIM","M","M","$","E","M","R","B"],"character_chosen":"HERMIT","items_purchased":["hermit:Feint+1","hermit:Determination","Enlightenment","StuffTheSpire:Saxophone","ReplayTheSpireMod:CursedCoin","BargainBundle","hermit:Determination","hexamod:EctoCoolerPotion","AttackPotion","hermit:LowProfile","hermit:SprayPray","hermit:Magnum"],"campfire_rested":3,"item_purchase_floors":[5,5,22,22,29,29,29,29,29,29,29,29],"current_hp_per_floor":[75,69,59,49,49,25,47,52,52,52,45,27,16,15,37,43,75,69,62,62,46,46,22,44,44,40,20,18,18,10,16,38,0,0],"gold":52,"neow_bonus":"RANDOM_COMMON_RELIC","is_daily":false,"chose_seed":false,"campfire_upgraded":1,"win_rate":0.0,"timestamp":1607633625,"path_taken":["M","?","M","?","$","E","R","M","T","R","?","E","M","M","R_BF","BOSS","M","?","?","M","?","NM","R","?","MIM","M","?","?","E","?","R","BOSS"],"build_version":"2020-11-30","purchased_purges":1,"victory":false,"max_hp_per_floor":[75,75,75,75,75,75,75,75,75,75,75,75,75,75,75,75,75,75,75,75,75,75,75,75,75,75,75,75,75,75,75,75,75,75],"card_choices":[{"not_picked":["hermit:Determination","hermit:TakeAim"],"picked":"hermit:Enervate","floor":1.0},{"not_picked":["hermit:FlashPowder","hermit:ShadowCloak"],"picked":"hermit:DeadMansHand","floor":2.0},{"not_picked":["hermit:HoleUp","hermit:LuckOfTheDraw"],"picked":"hermit:Desperado","floor":3.0},{"not_picked":["hermit:NoHoldsBarred","hermit:Glare"],"picked":"hermit:Snipe","floor":4.0},{"not_picked":["hermit:Spite","hermit:Malice"],"picked":"hermit:SprayPray","floor":6.0},{"not_picked":["hermit:Quickdraw","hermit:Spite"],"picked":"hermit:BigShot","floor":8.0},{"not_picked":["hermit:TakeCover","hermit:Feint"],"picked":"hermit:Midnight","floor":12.0},{"not_picked":["hermit:Roulette","hermit:Cheat"],"picked":"hermit:Spite","floor":13.0},{"not_picked":["hermit:PistolWhip","hermit:FromBeyond"],"picked":"hermit:Gestalt","floor":14.0},{"not_picked":["hermit:Roughhouse","hermit:Magnum"],"picked":"hermit:Dissolve","floor":16.0},{"not_picked":["hermit:Feint","hermit:Spite"],"picked":"hermit:LowProfile","floor":18.0},{"not_picked":["hermit:FlashPowder+1","hermit:Determination"],"picked":"hermit:Headshot","floor":21},{"not_picked":["hermit:Vantage","hermit:Headshot+1"],"picked":"hermit:Combo","floor":23},{"not_picked":["hermit:Vantage","hermit:ItchyTrigger"],"picked":"hermit:Deadeye","floor":26},{"not_picked":["hermit:Combo","hermit:HoleUp+1"],"picked":"hermit:Dive","floor":27},{"not_picked":["hermit:Quickdraw","hermit:HighCaliber"],"picked":"hermit:ShadowCloak","floor":28},{"not_picked":["hermit:Gambit","hermit:ItchyTrigger"],"picked":"hermit:GoldenBullet+1","floor":30},{"not_picked":["hermit:HighCaliber","hermit:Quickdraw+1"],"picked":"hermit:CalledShot","floor":31}],"player_experience":234401,"relics_obtained":[{"floor":6.0,"key":"halation:AfternoonTea"},{"floor":9.0,"key":"Replay:Bottled Flurry"},{"floor":12.0,"key":"CCEMRelics:JestersCrown"},{"floor":23,"key":"Iron Hammer"},{"floor":26,"key":"HornCleat"},{"floor":30,"key":"Toy Ornithopter"}],"event_choices":[{"damage_healed":0.0,"max_hp_gain":0.0,"max_hp_loss":0.0,"gold_gain":0.0,"event_name":"Wheel of Change","player_choice":"Damaged","floor":11.0,"gold_loss":0.0,"damage_taken":7.0},{"damage_healed":0,"gold_gain":75,"player_choice":"Touch","damage_taken":7,"max_hp_gain":0,"max_hp_loss":0,"event_name":"FaceTrader","floor":19,"gold_loss":0},{"cards_removed":["hermit:Strike_Hermit"],"damage_healed":0,"gold_gain":0,"player_choice":"Give","damage_taken":0,"max_hp_gain":0,"max_hp_loss":0,"event_name":"betterNote:BetterNote","floor":20,"gold_loss":0,"cards_obtained":["hexamod:Strike"]},{"cards_removed":["hermit:Defend_Hermit"],"damage_healed":0,"gold_gain":0,"player_choice":"Card Removal","damage_taken":0,"max_hp_gain":0,"max_hp_loss":0,"event_name":"Wheel of Change","floor":25,"gold_loss":0}],"is_beta":false,"boss_relics":[{"not_picked":["ReplayTheSpireMod:DimensionalGlitch","Honey Jar"],"picked":"Replay:Grab Bag"},{"not_picked":["aspiration:FutureDiary","ReplayTheSpireMod:Onyx Gauntlets"],"picked":"beaked:SacredNecklace"},{"not_picked":["Fusion Hammer","ChewingGum"],"picked":"infinitespire:Cupcake"},{"not_picked":["hubris:BlackHole","aspiration:PoetsPen_weak"],"picked":"hermit:ClaspedLocket"},{"not_picked":["Kintsugi","Snecko Eye"],"picked":"hubris:ScarierMask"}],"items_purged_floors":[29],"is_endless":true,"potions_floor_spawned":[1,2,3,13,18,27,28],"killed_by":"Pondfish","ascension_level":0}}