{"host":"lhth1efayex2023z","time":1607641577,"event":{"mods":["BaseMod","Colored Map","StSLib","Googly Eyes","Minty Spire (QoL Compilation)"],"gold_per_floor":[113,113,38,50,63,63,78,107,153,184,134,209,222,249,249,347,347,365,378,53,70,86,116,116,116,140,140,65,65,78,88,88,88,88],"floor_reached":33,"playtime":1773,"items_purged":["Regret"],"score":430,"play_id":"01e325ff-abe8-436f-ae5b-d082bcbff45f","local_time":"20201210160617","is_ascension_mode":true,"campfire_choices":[{"data":"Bouncing Flask","floor":6.0,"key":"SMITH"},{"floor":15.0,"key":"REST"},{"data":"Burst","floor":25.0,"key":"SMITH"},{"data":"Footwork","floor":32.0,"key":"SMITH"}],"circlet_count":0,"master_deck":["Strike_G","Strike_G","Strike_G","Defend_G","Defend_G","Defend_G","Defend_G","Defend_G","Survivor","Neutralize","Bouncing Flask+1","Endless Agony","Cloak And Dagger","Phantasmal Killer","Bane","Backflip","Burst+1","Blade Dance","Bane+1","Footwork+1","Footwork","RitualDagger","Deadly Poison"],"special_seed":0,"relics":["Ring of the Snake","Sundial","Bag of Preparation","Orichalcum","Torii","Ninja Scroll","Coffee Dripper","Matryoshka","Happy Flower","The Courier","Toy Ornithopter"],"acts_visited":["Exordium","TheCity"],"potions_floor_usage":[33],"damage_taken":[{"damage":3.0,"enemies":"Jaw Worm","floor":1.0,"turns":8.0},{"damage":0.0,"enemies":"2 Louse","floor":4.0,"turns":2.0},{"damage":0.0,"enemies":"Small Slimes","floor":5.0,"turns":3.0},{"damage":0.0,"enemies":"2 Fungi Beasts","floor":7.0,"turns":4.0},{"damage":16.0,"enemies":"3 Sentries","floor":8.0,"turns":10.0},{"damage":17.0,"enemies":"Lagavulin","floor":10.0,"turns":6.0},{"damage":2.0,"enemies":"3 Louse","floor":13.0,"turns":3.0},{"damage":18.0,"enemies":"3 Sentries","floor":14.0,"turns":10.0},{"damage":11.0,"enemies":"The Guardian","floor":16.0,"turns":8.0},{"damage":1.0,"enemies":"3 Byrds","floor":18.0,"turns":4.0},{"damage":1.0,"enemies":"Chosen","floor":19.0,"turns":3.0},{"damage":17.0,"enemies":"Snake Plant","floor":21.0,"turns":4.0},{"damage":13.0,"enemies":"Sentry and Sphere","floor":22.0,"turns":5.0},{"damage":9.0,"enemies":"Book of Stabbing","floor":23.0,"turns":4.0},{"damage":24.0,"enemies":"Gremlin Leader","floor":27.0,"turns":7.0},{"damage":1.0,"enemies":"Cultist and Chosen","floor":30.0,"turns":3.0},{"damage":1.0,"enemies":"Snecko","floor":31.0,"turns":4.0},{"damage":59,"enemies":"Automaton","floor":33,"turns":6}],"seed_played":"-7968377492878191095","potions_obtained":[{"floor":1.0,"key":"Block Potion"},{"floor":5.0,"key":"ColorlessPotion"},{"floor":8.0,"key":"Swift Potion"},{"floor":14.0,"key":"Swift Potion"},{"floor":18.0,"key":"Regen Potion"},{"floor":23.0,"key":"SmokeBomb"},{"floor":30.0,"key":"Dexterity Potion"}],"is_trial":false,"path_per_floor":["M","?","$","M","M","R","M","E","T","E","?","?","M","E","R","B",null,"M","M","$","M","M","E","?","R","T","E","?","?","M","M","R","B"],"character_chosen":"THE_SILENT","items_purchased":["Matryoshka","Footwork"],"campfire_rested":1,"item_purchase_floors":[20,20],"current_hp_per_floor":[67,67,67,67,67,67,67,51,51,34,34,23,21,3,26,15,62,61,60,60,43,30,21,15,15,15,16,16,9,8,7,7,0,0],"gold":88,"neow_bonus":"TEN_PERCENT_HP_BONUS","is_daily":false,"chose_seed":false,"campfire_upgraded":3,"win_rate":0,"timestamp":1607641577,"path_taken":["M","?","$","M","M","R","M","E","T","E","?","?","M","E","R","BOSS","M","M","$","M","M","E","?","R","T","E","?","?","?","M","R","BOSS"],"build_version":"2020-11-30","purchased_purges":1,"victory":false,"max_hp_per_floor":[77,77,77,77,77,77,77,77,77,77,77,77,77,77,77,77,77,77,77,77,77,77,77,77,77,77,77,77,77,77,77,77,77,77],"card_choices":[{"not_picked":["Masterful Stab","Acrobatics"],"picked":"Bouncing Flask","floor":1.0},{"not_picked":["Heel Hook","Sucker Punch"],"picked":"Endless Agony","floor":4.0},{"not_picked":["Caltrops","Dagger Throw"],"picked":"Cloak And Dagger","floor":5.0},{"not_picked":["Calculated Gamble","Prepared","Masterful Stab"],"picked":"SKIP","floor":7.0},{"not_picked":["Expertise","Slice"],"picked":"Phantasmal Killer","floor":8.0},{"not_picked":["Sucker Punch","Flying Knee"],"picked":"Bane","floor":10.0},{"not_picked":["Dagger Spray","Outmaneuver","Calculated Gamble"],"picked":"SKIP","floor":13.0},{"not_picked":["Prepared","All Out Attack"],"picked":"Backflip","floor":14.0},{"not_picked":["Die Die Die","Corpse Explosion"],"picked":"Burst","floor":16.0},{"not_picked":["Dagger Spray","Dodge and Roll"],"picked":"Blade Dance","floor":18.0},{"not_picked":["Heel Hook","Prepared"],"picked":"Bane+1","floor":19.0},{"not_picked":["Dagger Spray","Blade Dance"],"picked":"Footwork","floor":21.0},{"not_picked":["Slice","Sucker Punch","Bane"],"picked":"SKIP","floor":22.0},{"not_picked":["Dagger Throw","Riddle With Holes+1","Backstab"],"picked":"SKIP","floor":23.0},{"not_picked":["Dagger Spray","Tactician"],"picked":"Deadly Poison","floor":30.0},{"not_picked":["Deflect","Cloak And Dagger","Reflex"],"picked":"SKIP","floor":31.0}],"player_experience":345952,"relics_obtained":[{"floor":8.0,"key":"Bag of Preparation"},{"floor":9.0,"key":"Orichalcum"},{"floor":10.0,"key":"Torii"},{"floor":14.0,"key":"Ninja Scroll"},{"floor":23.0,"key":"Happy Flower"},{"floor":26.0,"key":"The Courier"},{"floor":26.0,"key":"Toy Ornithopter"}],"event_choices":[{"damage_healed":0.0,"max_hp_gain":0.0,"max_hp_loss":0.0,"gold_gain":0.0,"event_name":"Big Fish","player_choice":"Box","floor":2.0,"gold_loss":0.0,"damage_taken":0.0,"relics_obtained":["Sundial"],"cards_obtained":["Regret"]},{"cards_removed":["Strike_G"],"damage_healed":0.0,"max_hp_gain":0.0,"max_hp_loss":0.0,"gold_gain":0.0,"event_name":"The Cleric","player_choice":"Card Removal","floor":11.0,"gold_loss":50.0,"damage_taken":0.0},{"damage_healed":0.0,"max_hp_gain":0.0,"max_hp_loss":0.0,"gold_gain":75.0,"event_name":"World of Goop","player_choice":"Gather Gold","floor":12.0,"gold_loss":0.0,"damage_taken":11.0},{"damage_healed":0.0,"max_hp_gain":0.0,"max_hp_loss":0.0,"gold_gain":0.0,"event_name":"Nest","player_choice":"Joined the Cult","floor":24.0,"gold_loss":0.0,"damage_taken":6.0,"cards_obtained":["RitualDagger"]},{"cards_removed":["Strike_G"],"damage_healed":0.0,"max_hp_gain":0.0,"max_hp_loss":0.0,"gold_gain":0.0,"event_name":"Beggar","player_choice":"Gave Gold","floor":28.0,"gold_loss":75.0,"damage_taken":0.0},{"damage_healed":0.0,"max_hp_gain":0.0,"max_hp_loss":0.0,"gold_gain":0.0,"event_name":"Wheel of Change","player_choice":"Damaged","floor":29.0,"gold_loss":0.0,"damage_taken":7.0}],"is_beta":false,"boss_relics":[{"not_picked":["Tiny House","Ectoplasm"],"picked":"Coffee Dripper"}],"items_purged_floors":[3],"is_endless":false,"potions_floor_spawned":[1,5,8,14,18,23,30],"killed_by":"Automaton","ascension_level":8}}