{"host":"6dq5cacqmvs00yuc","time":1607614384,"event":{"mods":["BaseMod","StSLib","Downfall","Replay The Spire","Colored Map","Minty Spire (QoL Compilation)","Quick Restart"],"gold_per_floor":[112,112,206,229,18,18,18,31,77,113,113,113,457,476,476,607,607,626,644,663,663,676,720,446,465,489,37,37,58,96,96,96,216,216,232,252,277,302,302,336,356,356,356,379,0,35,51,72,72,72],"floor_reached":51,"playtime":3314,"items_purged":["Strike_R+1","Strike_R+1"],"score":1397,"play_id":"4039b1eb-f9fc-4322-a6ed-00bb63b5974a","local_time":"20201210093304","is_ascension_mode":true,"campfire_choices":[{"data":"Body Slam","floor":6.0,"key":"SMITH"},{"data":"ReplayUltimateDefense","floor":11.0,"key":"SMITH"},{"data":"Metallicize","floor":15.0,"key":"SMITH"},{"floor":32.0,"key":"REST"},{"data":"Barricade","floor":42,"key":"SMITH"},{"data":"ReplayReversal","floor":49,"key":"SMITH"}],"circlet_count":0,"master_deck":["Strike_R+1","Strike_R+1","Defend_R+1","Defend_R+1","Defend_R+1","Defend_R+1","Bash","ReplayReversal+1","Body Slam+1","Immolate+1","Shrug It Off+1","ReplayUltimateDefense+1","Iron Wave","ReplayTheSpireMod:Corrosion Curse+1","Metallicize+1","Barricade+1","Body Slam+1","Twin Strike+1","Pommel Strike+1","ReplayTheSpireMod:Corrosion Curse+1","Metallicize+1","expansioncontent:ChargeUp+1","Necronomicurse","Power Through+1","Battle Trance+1","Replay:Many Hands+1","CurseOfTheBell","Shockwave+1","Headbutt+1","Replay:Many Hands+1","Discovery+1","Metallicize+1","Hemokinesis+1","Disarm+1"],"special_seed":0,"relics":["Burning Blood","NeowsBlessing","Golden Idol","Bag of Marbles","Lantern","Toxic Egg 2","Old Coin","Philosopher\u0027s Stone","Counterbalance","DollysMirror","Bag of Preparation","Mirror","Necronomicon","Dream Catcher","Calling Bell","Replay:Mystery Machine","ReplayTheSpireMod:Ninjato","FossilizedHelix","Whetstone","White Beast Statue","Red Mask","Bronze Scales"],"acts_visited":["Exordium","TheCity","TheBeyond"],"potions_floor_usage":[50,50,50],"damage_taken":[{"damage":0.0,"enemies":"Jaw Worm","floor":1.0,"turns":1.0},{"damage":0.0,"enemies":"Small Slimes","floor":4.0,"turns":1.0},{"damage":0.0,"enemies":"Cultist","floor":8.0,"turns":1.0},{"damage":22.0,"enemies":"Lagavulin","floor":10.0,"turns":7.0},{"damage":11.0,"enemies":"Gremlin Nob","floor":13.0,"turns":3.0},{"damage":0.0,"enemies":"Blue Slaver","floor":14.0,"turns":1.0},{"damage":0.0,"enemies":"Slime Boss","floor":16.0,"turns":12.0},{"damage":3.0,"enemies":"Chosen","floor":18.0,"turns":6.0},{"damage":0.0,"enemies":"Shell Parasite","floor":19.0,"turns":5.0},{"damage":20.0,"enemies":"Sentry and Sphere","floor":20.0,"turns":9.0},{"damage":0.0,"enemies":"Shelled Parasite and Fungi","floor":22.0,"turns":5.0},{"damage":0.0,"enemies":"Book of Stabbing","floor":23.0,"turns":5.0},{"damage":0.0,"enemies":"3 Cultists","floor":25.0,"turns":5.0},{"damage":0.0,"enemies":"Snake Plant","floor":29.0,"turns":5.0},{"damage":13.0,"enemies":"Slavers","floor":30.0,"turns":5.0},{"damage":21.0,"enemies":"Pondfish","floor":33.0,"turns":8.0},{"damage":0.0,"enemies":"Orb Walker","floor":35.0,"turns":5.0},{"damage":0.0,"enemies":"3 Darklings","floor":36.0,"turns":5.0},{"damage":6.0,"enemies":"4 Shapes","floor":37.0,"turns":4.0},{"damage":0.0,"enemies":"Sphere and 2 Shapes","floor":38.0,"turns":6.0},{"damage":0,"enemies":"Nemesis","floor":40,"turns":9},{"damage":0,"enemies":"Spire Growth","floor":41,"turns":6},{"damage":0,"enemies":"4 Shapes","floor":44,"turns":5},{"damage":13,"enemies":"Giant Head","floor":46,"turns":8},{"damage":0,"enemies":"3 Darklings","floor":47,"turns":1},{"damage":0,"enemies":"Writhing Mass","floor":48,"turns":4},{"damage":10,"enemies":"Time Eater","floor":50,"turns":9}],"seed_played":"-4279481682101074111","potions_obtained":[{"floor":3.0,"key":"Dexterity Potion"},{"floor":3.0,"key":"hexamod:EctoCoolerPotion"},{"floor":8.0,"key":"GamblersBrew"},{"floor":10.0,"key":"Block Potion"},{"floor":18.0,"key":"BlessingOfTheForge"},{"floor":20.0,"key":"Cursed Concoction"},{"floor":25.0,"key":"Adrenaline Potion"},{"floor":30.0,"key":"Venom Potion"},{"floor":37.0,"key":"hexamod:EctoCoolerPotion"},{"floor":40,"key":"FearPotion"},{"floor":44,"key":"Death Potion"},{"floor":46,"key":"ColorlessPotion"},{"floor":47,"key":"DuplicationPotion"}],"is_trial":false,"path_per_floor":["M","?","?","M","$","R","$","M","T","E","R","?","E","M","R","B",null,"M","M","M","?","M","E","$","M","T","$","?","M","E","?","R","B",null,"M","M","M","M","?","E","M","R","T","M","?","E","M","M","R","B",null],"character_chosen":"IRONCLAD","items_purchased":["Shrug It Off+1","ReplayUltimateDefense","Block Potion","DollysMirror","expansioncontent:ChargeUp+1","Mirror"],"campfire_rested":1,"item_purchase_floors":[5,5,24,24,27,27],"current_hp_per_floor":[78,74,74,74,74,74,74,74,74,58,58,58,53,59,59,65,72,74,74,60,60,66,72,72,74,74,74,58,64,57,57,74,59,70,74,74,74,74,74,74,74,74,74,74,74,67,73,74,74,70],"gold":72,"neow_bonus":"THREE_ENEMY_KILL","is_daily":false,"chose_seed":false,"campfire_upgraded":5,"win_rate":0,"timestamp":1607614384,"path_taken":["M","?","?","?","$","R","$","M","T","E","R","?","E","M","R","BOSS","M","?","M","?","M","E","$","M","T","$","?","M","E","?","R","BOSS","M","?","M","M","?","E","M","R","T","M","?","E","M","M","R","BOSS"],"build_version":"2020-11-30","purchased_purges":2,"victory":true,"max_hp_per_floor":[80,74,74,74,74,74,74,74,74,74,74,74,74,74,74,74,74,74,74,74,74,74,74,74,74,74,74,74,74,74,74,74,74,74,74,74,74,74,74,74,74,74,74,74,74,74,74,74,74,74],"card_choices":[{"not_picked":["Heavy Blade","Thunderclap"],"picked":"ReplayReversal","floor":1.0},{"not_picked":["Life Link","Cleave"],"picked":"Body Slam","floor":3.0},{"not_picked":["True Grit","Thunderclap"],"picked":"Immolate","floor":4.0},{"not_picked":["Sword Boomerang","Shockwave"],"picked":"Iron Wave","floor":8.0},{"not_picked":["Dropkick","Wild Strike"],"picked":"ReplayTheSpireMod:Corrosion Curse+1","floor":10.0},{"not_picked":["ReplayTheSpireMod:Strike From Hell","Clash","Anger"],"picked":"SKIP","floor":13.0},{"not_picked":["Pommel Strike","True Grit+1"],"picked":"Metallicize","floor":14.0},{"not_picked":["Demonic Infusion+1","Corruption"],"picked":"Barricade","floor":16.0},{"not_picked":["Ghostly Armor+1","Thunderclap"],"picked":"Body Slam","floor":18.0},{"not_picked":["Clash","Heavy Blade+1","ReplayTheSpireMod:Limb From Limb"],"picked":"SKIP","floor":19.0},{"not_picked":["Heavy Blade","Clash"],"picked":"Twin Strike+1","floor":20.0},{"not_picked":["Twin Strike+1","Life Link"],"picked":"Pommel Strike+1","floor":22.0},{"not_picked":["Thunderclap+1","Barricade"],"picked":"ReplayTheSpireMod:Corrosion Curse+1","floor":23.0},{"not_picked":["ReplayTheSpireMod:Muscle Training+1","Armaments+1","Twin Strike"],"picked":"SKIP","floor":25.0},{"not_picked":["Armaments+1","Defy Death+1"],"picked":"Power Through+1","floor":29.0},{"not_picked":["Perfected Strike+1","Replay:Undeath\u0027s Touch","Brutality"],"picked":"SKIP","floor":30.0},{"not_picked":["Cleave","Replay:Undeath\u0027s Touch"],"picked":"Battle Trance+1","floor":32.0},{"not_picked":["Eclipse+1","Immolate"],"picked":"Replay:Many Hands+1","floor":33.0},{"not_picked":["Second Wind+1","Spot Weakness+1"],"picked":"Shockwave+1","floor":35.0},{"not_picked":["Warcry+1","Anger"],"picked":"Headbutt+1","floor":36.0},{"not_picked":["True Grit+1","Searing Blow+1","Carnage"],"picked":"SKIP","floor":37.0},{"not_picked":["Uppercut+1","Second Wind+1"],"picked":"Replay:Many Hands+1","floor":38.0},{"not_picked":["Trip+1","Deep Breath+1"],"picked":"Discovery+1","floor":39.0},{"not_picked":["ReplayReversal+1","Clothesline"],"picked":"Metallicize+1","floor":40},{"not_picked":["Run Through+1","Power Through+1","Iron Wave"],"picked":"SKIP","floor":41},{"not_picked":["Sword Boomerang","Run Through"],"picked":"Hemokinesis+1","floor":44},{"not_picked":["Corruption","Headbutt","True Grit+1"],"picked":"SKIP","floor":46},{"not_picked":["Clothesline","Havoc+1"],"picked":"Disarm+1","floor":47},{"not_picked":["Armaments+1","Searing Blow+1","Sword Boomerang"],"picked":"SKIP","floor":48}],"player_experience":718645,"relics_obtained":[{"floor":3.0,"key":"Bag of Marbles"},{"floor":9.0,"key":"Lantern"},{"floor":10.0,"key":"Toxic Egg 2"},{"floor":13.0,"key":"Old Coin"},{"floor":23.0,"key":"Counterbalance"},{"floor":26.0,"key":"Bag of Preparation"},{"floor":28.0,"key":"Necronomicon"},{"floor":30.0,"key":"Dream Catcher"},{"floor":34.0,"key":"Replay:Mystery Machine"},{"floor":34.0,"key":"ReplayTheSpireMod:Ninjato"},{"floor":34.0,"key":"FossilizedHelix"},{"floor":40,"key":"Whetstone"},{"floor":43,"key":"White Beast Statue"},{"floor":46,"key":"Bronze Scales"}],"event_choices":[{"damage_healed":0.0,"max_hp_gain":0.0,"max_hp_loss":6.0,"gold_gain":0.0,"event_name":"Golden Idol","player_choice":"Lose Max HP","floor":2.0,"gold_loss":0.0,"damage_taken":0.0,"relics_obtained":["Golden Idol"]},{"damage_healed":0.0,"max_hp_gain":0.0,"max_hp_loss":0.0,"gold_gain":0.0,"event_name":"The Woman in Blue","player_choice":"Bought 0 Potions","floor":12.0,"gold_loss":0.0,"damage_taken":0.0},{"damage_healed":0.0,"max_hp_gain":0.0,"max_hp_loss":0.0,"gold_gain":0.0,"event_name":"Back to Basics","player_choice":"Simplicity","floor":21.0,"gold_loss":0.0,"damage_taken":0.0,"cards_upgraded":["Strike_R","Strike_R","Strike_R","Strike_R","Strike_R","Defend_R","Defend_R","Defend_R","Defend_R"]},{"damage_healed":0.0,"max_hp_gain":0.0,"max_hp_loss":0.0,"gold_gain":0.0,"event_name":"Cursed Tome","player_choice":"Obtained Book","floor":28.0,"gold_loss":0.0,"damage_taken":16.0},{"cards_removed":["Strike_R"],"damage_healed":0.0,"max_hp_gain":0.0,"max_hp_loss":0.0,"gold_gain":0.0,"event_name":"Bonfire Elementals","player_choice":"Offered Basic","floor":31.0,"gold_loss":0.0,"damage_taken":0.0},{"damage_healed":0.0,"max_hp_gain":0.0,"max_hp_loss":0.0,"gold_gain":0.0,"event_name":"SensoryStone","player_choice":"Memory 1","floor":39.0,"gold_loss":0.0,"damage_taken":0.0},{"damage_healed":0,"gold_gain":0,"player_choice":"Paid","damage_taken":0,"relics_obtained":["Red Mask"],"max_hp_gain":0,"max_hp_loss":0,"event_name":"Tomb of Lord Red Mask","floor":45,"gold_loss":379}],"is_beta":false,"boss_relics":[{"not_picked":["ReplayTheSpireMod:DimensionalGlitch","Black Blood"],"picked":"Philosopher\u0027s Stone"},{"not_picked":["Ring of Chaos","Replay:Drink Me"],"picked":"Calling Bell"}],"items_purged_floors":[24,27],"is_endless":false,"potions_floor_spawned":[8,10,18,20,25,30,37,40,44,46,47,48],"ascension_level":6}}