{"host":"8rwnpls8n88jrgbg","time":1607606635,"event":{"gold_per_floor":[16,29,41,58,68,68,100,100,153,183,196,196,214,214,214,288,288,304,324,207,227,247,279,298,298,368,368,28,57,69,69,69,142,142,152,177,52,0,15,43,57,86,168,186,199,199,49,59,59,59,59,59,6,39,39],"floor_reached":56,"playtime":3537,"items_purged":["Bash","Strike_R","Strike_R","Defend_R"],"score":2333,"play_id":"3c0439a4-0049-44d4-b266-02eeca4675e1","local_time":"20201210222355","is_ascension_mode":true,"campfire_choices":[{"data":"Armaments","floor":6.0,"key":"SMITH"},{"floor":8.0,"key":"REST"},{"data":"Flex","floor":12.0,"key":"SMITH"},{"data":"Clothesline","floor":15.0,"key":"SMITH"},{"data":"Second Wind","floor":25.0,"key":"SMITH"},{"floor":27.0,"key":"RECALL"},{"data":"Dark Embrace","floor":32.0,"key":"SMITH"},{"floor":46,"key":"REST"},{"data":"Shrug It Off","floor":49,"key":"SMITH"},{"data":"Impervious","floor":52,"key":"SMITH"}],"neow_cost":"NO_GOLD","seed_source_timestamp":263891093825900,"circlet_count":0,"master_deck":["AscendersBane","Defend_R","Armaments+1","Limit Break+1","Pummel","Shrug It Off+1","Twin Strike","Fiend Fire","Clothesline+1","Offering+1","Flex+1","Impervious+1","Second Wind+1","Battle Trance+1","Dark Embrace+1","Exhume","Ghostly Armor+1","Feel No Pain+1","Immolate+1","Bloodletting+1","Sword Boomerang+1"],"special_seed":0,"relics":["Burning Blood","StrikeDummy","Nunchaku","Mercury Hourglass","Runic Pyramid","War Paint","Bottled Lightning","Medical Kit","Pen Nib","Astrolabe","Torii","Red Mask","Ice Cream","Blue Candle","Bottled Tornado"],"potions_floor_usage":[55],"damage_taken":[{"damage":6.0,"enemies":"Cultist","floor":1.0,"turns":4.0},{"damage":18.0,"enemies":"Jaw Worm","floor":2.0,"turns":5.0},{"damage":1.0,"enemies":"Small Slimes","floor":3.0,"turns":4.0},{"damage":11.0,"enemies":"Looter","floor":4.0,"turns":3.0},{"damage":23.0,"enemies":"Exordium Thugs","floor":5.0,"turns":8.0},{"damage":26.0,"enemies":"Gremlin Nob","floor":7.0,"turns":4.0},{"damage":23.0,"enemies":"3 Sentries","floor":10.0,"turns":7.0},{"damage":1.0,"enemies":"Exordium Wildlife","floor":11.0,"turns":2.0},{"damage":6.0,"enemies":"Red Slaver","floor":13.0,"turns":1.0},{"damage":19.0,"enemies":"The Guardian","floor":16.0,"turns":10.0},{"damage":6.0,"enemies":"2 Thieves","floor":18.0,"turns":3.0},{"damage":6.0,"enemies":"Chosen","floor":19.0,"turns":1.0},{"damage":10.0,"enemies":"Centurion and Healer","floor":21.0,"turns":4.0},{"damage":6.0,"enemies":"Sentry and Sphere","floor":22.0,"turns":3.0},{"damage":6.0,"enemies":"Gremlin Leader","floor":23.0,"turns":4.0},{"damage":10.0,"enemies":"Cultist and Chosen","floor":24.0,"turns":3.0},{"damage":6.0,"enemies":"Book of Stabbing","floor":29.0,"turns":3.0},{"damage":15.0,"enemies":"3 Cultists","floor":30.0,"turns":4.0},{"damage":6.0,"enemies":"Collector","floor":33.0,"turns":5.0},{"damage":6.0,"enemies":"3 Shapes","floor":35.0,"turns":3.0},{"damage":12.0,"enemies":"Mind Bloom Boss Battle","floor":36.0,"turns":2.0},{"damage":9.0,"enemies":"3 Darklings","floor":39.0,"turns":2.0},{"damage":15.0,"enemies":"Reptomancer","floor":40.0,"turns":2.0},{"damage":9.0,"enemies":"Sphere and 2 Shapes","floor":41.0,"turns":3.0},{"damage":15.0,"enemies":"Giant Head","floor":42.0,"turns":5.0},{"damage":12,"enemies":"Transient","floor":44,"turns":5},{"damage":9,"enemies":"3 Darklings","floor":45,"turns":3},{"damage":9,"enemies":"Maw","floor":48,"turns":4},{"damage":10,"enemies":"Time Eater","floor":50,"turns":6},{"damage":39,"enemies":"Shield and Spear","floor":54,"turns":5},{"damage":26,"enemies":"The Heart","floor":55,"turns":4}],"seed_played":"4308642859972588969","potions_obtained":[{"floor":1.0,"key":"SkillPotion"},{"floor":7.0,"key":"Energy Potion"},{"floor":11.0,"key":"LiquidBronze"},{"floor":33.0,"key":"Fire Potion"},{"floor":35.0,"key":"FairyPotion"}],"is_trial":false,"path_per_floor":["M","M","M","M","M","R","E","R","T","E","M","R","M","?","R","B",null,"M","M","$","M","M","E","M","R","T","R","$","E","M","?","R","B",null,"M","?","$","?","M","E","M","E","T","M","M","R","$","M","R","B",null,"R","$","E","B",null],"character_chosen":"IRONCLAD","items_purchased":["Second Wind","Dark Embrace","Medical Kit","Strength Potion"],"campfire_rested":2,"item_purchase_floors":[20,28,28,53],"current_hp_per_floor":[68,56,61,56,39,39,19,41,41,24,29,29,29,29,29,16,60,60,60,60,56,56,56,52,52,52,52,52,52,43,58,58,58,71,71,65,65,65,62,53,50,41,41,35,32,54,54,51,51,47,68,68,68,35,15],"gold":39,"neow_bonus":"TRANSFORM_TWO_CARDS","is_prod":false,"is_daily":false,"chose_seed":false,"campfire_upgraded":7,"win_rate":0,"timestamp":1607606635,"path_taken":["M","M","M","M","?","R","E","R","T","E","M","R","M","?","R","BOSS","M","M","$","M","M","E","M","R","T","R","$","E","M","?","R","BOSS","M","?","$","?","M","E","M","E","T","M","M","R","?","M","R","BOSS","R","$","E","BOSS"],"build_version":"2020-11-30","purchased_purges":4,"victory":true,"max_hp_per_floor":[75,75,75,75,75,75,75,75,75,75,75,75,75,75,75,75,75,75,75,75,75,75,75,75,75,75,75,75,75,75,75,75,75,75,75,75,75,75,75,75,75,75,75,75,75,75,75,75,75,75,75,75,75,75,75],"relic_stats":{"Nunchaku":[13],"Torii":3,"counters":[31,121],"Astrolabe":["Ghostly Armor","Feel No Pain","Immolate"],"Blue Candle":[0],"Pen Nib":[7],"War Paint":["Offering","Battle Trance"],"Medical Kit":[0],"obtain_stats":[{"Ice Cream":40,"Torii":36,"Astrolabe":34,"Blue Candle":42,"Pen Nib":29,"War Paint":23,"Bottled Tornado":54,"Medical Kit":28,"Burning Blood":0,"Mercury Hourglass":10,"Nunchaku":9,"Red Mask":38,"Bottled Lightning":26,"StrikeDummy":7,"Runic Pyramid":17},{"Ice Cream":23,"Torii":21,"Astrolabe":19,"Blue Candle":25,"Pen Nib":17,"War Paint":15,"Bottled Tornado":30,"Medical Kit":16,"Burning Blood":0,"Mercury Hourglass":7,"Nunchaku":6,"Red Mask":21,"Bottled Lightning":16,"StrikeDummy":6,"Runic Pyramid":10},{"Ice Cream":86,"Torii":82,"Astrolabe":78,"Blue Candle":94,"Pen Nib":69,"War Paint":63,"Bottled Tornado":117,"Medical Kit":66,"Burning Blood":0,"Mercury Hourglass":35,"Nunchaku":28,"Red Mask":82,"Bottled Lightning":66,"StrikeDummy":28,"Runic Pyramid":48}],"Burning Blood":186,"Mercury Hourglass":[356]},"card_choices":[{"not_picked":["Dual Wield","Armaments"],"picked":"Pummel","floor":1.0},{"not_picked":["Warcry","Iron Wave"],"picked":"Shrug It Off","floor":2.0},{"not_picked":["Flex","Shrug It Off"],"picked":"Twin Strike","floor":3.0},{"not_picked":["Sword Boomerang","Twin Strike"],"picked":"Fiend Fire","floor":4.0},{"not_picked":["Twin Strike","Fire Breathing"],"picked":"Clothesline","floor":5.0},{"not_picked":["Headbutt","Twin Strike"],"picked":"Offering","floor":7.0},{"not_picked":["Berserk","Rage","Dual Wield"],"picked":"SKIP","floor":10.0},{"not_picked":["Clash","Clothesline"],"picked":"Flex","floor":11.0},{"not_picked":["True Grit","Iron Wave","Armaments"],"picked":"SKIP","floor":13.0},{"not_picked":["Corruption","Demon Form"],"picked":"Impervious","floor":16.0},{"not_picked":["Armaments","Twin Strike","Sever Soul"],"picked":"SKIP","floor":19.0},{"not_picked":["Second Wind","Perfected Strike","Ghostly Armor"],"picked":"SKIP","floor":21.0},{"not_picked":["Second Wind","Perfected Strike","Ghostly Armor"],"picked":"SKIP","floor":21.0},{"not_picked":["Second Wind","Perfected Strike","Ghostly Armor"],"picked":"SKIP","floor":21.0},{"not_picked":["Infernal Blade","Dropkick"],"picked":"Battle Trance","floor":22.0},{"not_picked":["Thunderclap+1","Perfected Strike+1","Clothesline"],"picked":"SKIP","floor":23.0},{"not_picked":["Heavy Blade","Havoc","Spot Weakness"],"picked":"SKIP","floor":24.0},{"not_picked":["Heavy Blade","Havoc","Spot Weakness"],"picked":"SKIP","floor":24.0},{"not_picked":["Heavy Blade","Havoc","Spot Weakness"],"picked":"SKIP","floor":24.0},{"not_picked":["Sword Boomerang","Cleave"],"picked":"Exhume","floor":29.0},{"not_picked":["Rage","Wild Strike","Second Wind"],"picked":"SKIP","floor":30.0},{"not_picked":["Rage","Wild Strike","Second Wind"],"picked":"SKIP","floor":30.0},{"not_picked":["Second Wind","Cleave","Havoc"],"picked":"SKIP","floor":35.0},{"not_picked":["Uppercut+1","Rampage"],"picked":"Bloodletting+1","floor":36.0},{"not_picked":["Havoc","Clash+1","Wild Strike"],"picked":"SKIP","floor":39.0},{"not_picked":["Dual Wield","Havoc+1","Hemokinesis"],"picked":"SKIP","floor":40.0},{"not_picked":["Clothesline+1","Bloodletting","Warcry"],"picked":"SKIP","floor":41.0},{"not_picked":["Shrug It Off","Second Wind","Intimidate"],"picked":"SKIP","floor":42.0},{"not_picked":["Headbutt+1","Twin Strike","Heavy Blade"],"picked":"SKIP","floor":44},{"not_picked":["Havoc","Perfected Strike","Clothesline+1"],"picked":"SKIP","floor":45},{"not_picked":["Disarm","Pommel Strike","Limit Break"],"picked":"SKIP","floor":48},{"not_picked":["Warcry","Spot Weakness"],"picked":"Sword Boomerang+1","floor":54}],"player_experience":1428570,"relics_obtained":[{"floor":7.0,"key":"StrikeDummy"},{"floor":9.0,"key":"Nunchaku"},{"floor":10.0,"key":"Mercury Hourglass"},{"floor":23.0,"key":"War Paint"},{"floor":26.0,"key":"Bottled Lightning"},{"floor":29.0,"key":"Pen Nib"},{"floor":36.0,"key":"Torii"},{"floor":40.0,"key":"Ice Cream"},{"floor":42.0,"key":"Blue Candle"},{"floor":54,"key":"Bottled Tornado"}],"event_choices":[{"damage_healed":0.0,"max_hp_gain":0.0,"max_hp_loss":0.0,"gold_gain":0.0,"event_name":"Living Wall","player_choice":"Grow","floor":14.0,"gold_loss":0.0,"damage_taken":0.0,"cards_upgraded":["Limit Break"]},{"damage_healed":15.0,"max_hp_gain":0.0,"max_hp_loss":0.0,"gold_gain":0.0,"event_name":"The Library","player_choice":"Heal","floor":31.0,"gold_loss":0.0,"damage_taken":0.0},{"damage_healed":0.0,"max_hp_gain":0.0,"max_hp_loss":0.0,"gold_gain":0.0,"event_name":"MindBloom","player_choice":"Fight","floor":36.0,"gold_loss":0.0,"damage_taken":0.0},{"damage_healed":0.0,"max_hp_gain":0.0,"max_hp_loss":0.0,"gold_gain":0.0,"event_name":"Tomb of Lord Red Mask","player_choice":"Paid","floor":38.0,"gold_loss":52.0,"damage_taken":0.0,"relics_obtained":["Red Mask"]}],"is_beta":false,"boss_relics":[{"not_picked":["Mark of Pain","Runic Cube"],"picked":"Runic Pyramid"},{"not_picked":["Velvet Choker","Pandora\u0027s Box"],"picked":"Astrolabe"}],"items_purged_floors":[20,28,37,47],"is_endless":false,"potions_floor_spawned":[1,7,11,18,21,22,33,35,42,44,54],"ascension_level":16}}