{"host":"126yiuos2nq86se7","time":1607575840,"event":{"gold_per_floor":[113,0,20,33,6,6,6,6,6,18,18,59,74,74,74,172,172,187,211,211,211],"floor_reached":20,"playtime":550,"items_purged":["Dualcast"],"score":195,"play_id":"3bbf1111-f14d-44a1-bd94-9ce9bf302346","local_time":"20201210155040","is_ascension_mode":true,"campfire_choices":[{"data":"Recycle","floor":6,"key":"SMITH"},{"data":"Echo Form","floor":8,"key":"SMITH"},{"data":"Compile Driver","floor":11,"key":"SMITH"},{"floor":15,"key":"REST"}],"neow_cost":"NONE","seed_source_timestamp":1955453844242900,"circlet_count":0,"master_deck":["Strike_B","Strike_B","Strike_B","Defend_B","Defend_B","Defend_B","Defend_B","Compile Driver+1","Recycle+1","Gash","Echo Form+1","Rebound","Leap","Conserve Battery","ReplaySort","Replay:Hysterical Blindness","hubris:Envy","Injury"],"relics":["Cracked Core","ReplayFunnel","Singing Bowl","Replay:Ancient Bell","Gremlin Food","Iron Hammer","hubris:Potato","Potion Belt"],"potions_floor_usage":[16],"damage_taken":[{"damage":0,"enemies":"2 Louse","floor":1,"turns":2},{"damage":6,"enemies":"Cultist","floor":3,"turns":3},{"damage":5,"enemies":"Small Slimes","floor":4,"turns":4},{"damage":12,"enemies":"2 Fungi Beasts","floor":10,"turns":4},{"damage":8,"enemies":"Red Slaver","floor":13,"turns":4},{"damage":5,"enemies":"Hexaghost","floor":16,"turns":12},{"damage":25,"enemies":"Spheric Guardian","floor":18,"turns":4},{"damage":77,"enemies":"3 Byrds","floor":20,"turns":6}],"seed_played":"3466550068640064082","potions_obtained":[{"floor":10,"key":"EssenceOfSteel"}],"is_trial":false,"path_per_floor":["M","$","M","M","$","R","?","R","T","M","R","?","M","?","R","B",null,"M","T","M"],"character_chosen":"DEFECT","items_purchased":["Recycle","Rebound"],"campfire_rested":1,"item_purchase_floors":[2,5],"current_hp_per_floor":[82,82,76,71,71,71,71,71,71,59,59,41,33,33,58,55,92,69,69,0,0],"gold":211,"neow_bonus":"TEN_PERCENT_HP_BONUS","is_prod":false,"is_daily":false,"chose_seed":false,"campfire_upgraded":3,"win_rate":0,"timestamp":1607575840,"path_taken":["M","$","M","M","$","R","?","R","T","?","R","?","M","?","R","BOSS","M","?","M"],"build_version":"2020-11-30","purchased_purges":1,"victory":false,"max_hp_per_floor":[82,82,82,82,82,82,82,82,82,82,82,84,84,84,84,86,92,94,94,94,94],"card_choices":[{"not_picked":["Steam","Go for the Eyes"],"picked":"Compile Driver","floor":1},{"not_picked":["Streamline","Turbo"],"picked":"Gash","floor":3},{"not_picked":["BasicCrystalCard","Gash"],"picked":"Echo Form","floor":4},{"not_picked":["Streamline","Barrage"],"picked":"Leap","floor":10},{"not_picked":["Go for the Eyes","Hello World","Redo"],"picked":"Singing Bowl","floor":12},{"not_picked":["Redo","Stack"],"picked":"Conserve Battery","floor":12},{"not_picked":["Recycle","Doom and Gloom"],"picked":"ReplaySort","floor":13},{"not_picked":["ReplayTheSpireMod:Omega Cannon","Creative AI","Buffer"],"picked":"Singing Bowl","floor":16},{"not_picked":["hubris:Greed","Injury","Replay:Hysterical Blindness"],"picked":"Singing Bowl","floor":17},{"not_picked":["animator:Curse_Greed","Parasite","hubris:Envy"],"picked":"Singing Bowl","floor":17},{"not_picked":["Parasite","hubris:Greed","Injury"],"picked":"Singing Bowl","floor":17},{"not_picked":["FIFO Queue","Doom and Gloom","BasicCrystalCard"],"picked":"Singing Bowl","floor":18}],"player_experience":1511952,"relics_obtained":[{"floor":9,"key":"ReplayFunnel"},{"floor":12,"key":"Singing Bowl"},{"floor":19,"key":"Potion Belt"}],"event_choices":[{"cards_removed":["Zap"],"damage_healed":0,"gold_gain":0,"player_choice":"Card Removal","damage_taken":0,"max_hp_gain":0,"max_hp_loss":0,"event_name":"Wheel of Change","floor":7,"gold_loss":0},{"cards_removed":["Strike_B"],"damage_healed":0,"gold_gain":0,"player_choice":"Offered Basic","damage_taken":0,"max_hp_gain":0,"max_hp_loss":0,"event_name":"Bonfire Elementals","floor":14,"gold_loss":0}],"is_beta":false,"boss_relics":[{"not_picked":["Kintsugi","Ring of Chaos"],"picked":"Replay:Ancient Bell"},{"not_picked":["Tiny Chest","Happy Flower"],"picked":"Gremlin Food"},{"not_picked":["Mirror","hubris:SoftwareUpdate"],"picked":"Iron Hammer"},{"not_picked":["Prayer Wheel","Replay:Multitool"],"picked":"hubris:Potato"}],"items_purged_floors":[2],"is_endless":false,"potions_floor_spawned":[10],"killed_by":"3 Byrds","ascension_level":1}}