{"host":"2461dio7vetlq1z3","time":1607622326,"event":{"mods":["BaseMod","StSLib","Hermit","Lobotomy","Minty Spire (QoL Compilation)","Relic Stats","Waifu the Spire"],"gold_per_floor":[10,21,21,31,45,45,379,379,449,463,473,473,501,520,520,619,619,634,503,513,530,543,577,587,587,660,660,660,660,66,86,86,184,184,202,202,217,49,66,96,96,112,183,14,14,44,55,68,68,68,68,68,9,9,9],"floor_reached":54,"playtime":4326,"items_purged":["Strike_B","Defend_B","Hello World"],"score":1288,"play_id":"079de102-e348-4a7f-b91c-cf5aa435ef6d","local_time":"20201210184526","is_ascension_mode":true,"campfire_choices":[{"data":"Barrage","floor":6,"key":"SMITH"},{"data":"Rainbow","floor":12,"key":"SMITH"},{"data":"Defragment","floor":15,"key":"SMITH"},{"floor":25,"key":"REST"},{"floor":28,"key":"DIG"},{"floor":32,"key":"DIG"},{"data":"Amplify","floor":41,"key":"SMITH"},{"floor":45,"key":"RECALL"},{"data":"Capacitor","floor":49,"key":"SMITH"},{"data":"Defragment","floor":52,"key":"SMITH"}],"circlet_count":0,"master_deck":["AscendersBane","Defend_B","Defend_B","Zap","Dualcast","Chill","Coolheaded","Compile Driver","Barrage+1","Rainbow+1","Defragment+1","Lockon","Rainbow","Self Repair","Loop","Compile Driver","Recycle","Coolheaded","Heatsinks","Hologram","Ghostly","Ghostly","Ghostly","Ghostly","Ghostly","Compile Driver","Multi-Cast","Amplify+1","Seek","Meteor Strike","Reinforced Body+1","Loop","Defragment+1","Storm","Storm","Capacitor+1","Skim+1","Defragment"],"relics":["Cracked Core","Incense Burner","Old Coin","CultistMask","Blue Candle","Smiling Mask","Velvet Choker","Shovel","The Courier","OrangePellets","Ice Cream","Lizard Tail","Nuclear Battery","Anchor","InkBottle","Eternal Feather"],"acts_visited":["Exordium","TheCity","TheBeyond","TheEnding"],"potions_floor_usage":[7,16,22,23,24,50,50],"damage_taken":[{"damage":0,"enemies":"Small Slimes","floor":1,"turns":3},{"damage":1,"enemies":"Cultist","floor":2,"turns":3},{"damage":0,"enemies":"2 Louse","floor":4,"turns":2},{"damage":8,"enemies":"Exordium Wildlife","floor":5,"turns":7},{"damage":0,"enemies":"Gremlin Nob","floor":7,"turns":4},{"damage":13,"enemies":"Exordium Thugs","floor":10,"turns":5},{"damage":0,"enemies":"Large Slime","floor":11,"turns":3},{"damage":0,"enemies":"3 Sentries","floor":13,"turns":6},{"damage":9,"enemies":"Looter","floor":14,"turns":3},{"damage":5,"enemies":"The Guardian","floor":16,"turns":10},{"damage":7,"enemies":"Shell Parasite","floor":18,"turns":3},{"damage":16,"enemies":"3 Byrds","floor":20,"turns":5},{"damage":14,"enemies":"Cultist and Chosen","floor":21,"turns":7},{"damage":1,"enemies":"Snecko","floor":22,"turns":4},{"damage":22,"enemies":"Slavers","floor":23,"turns":7},{"damage":21,"enemies":"Snake Plant","floor":24,"turns":4},{"damage":0,"enemies":"3 Cultists","floor":31,"turns":8},{"damage":52,"enemies":"Collector","floor":33,"turns":18},{"damage":12,"enemies":"3 Shapes","floor":35,"turns":6},{"damage":5,"enemies":"Orb Walker","floor":37,"turns":5},{"damage":0,"enemies":"Transient","floor":39,"turns":5},{"damage":5,"enemies":"Reptomancer","floor":40,"turns":8},{"damage":0,"enemies":"Jaw Worm Horde","floor":42,"turns":7},{"damage":1,"enemies":"Nemesis","floor":46,"turns":9},{"damage":0,"enemies":"Maw","floor":47,"turns":6},{"damage":0,"enemies":"Spire Growth","floor":48,"turns":7},{"damage":29,"enemies":"Awakened One","floor":50,"turns":11},{"damage":48,"enemies":"Shield and Spear","floor":54,"turns":11}],"seed_played":"178019037430567399","potions_obtained":[{"floor":1,"key":"FocusPotion"},{"floor":7,"key":"GamblersBrew"},{"floor":10,"key":"GamblersBrew"},{"floor":13,"key":"Dexterity Potion"},{"floor":14,"key":"Regen Potion"},{"floor":22,"key":"AttackPotion"},{"floor":23,"key":"LiquidMemories"},{"floor":24,"key":"FearPotion"},{"floor":35,"key":"GamblersBrew"},{"floor":46,"key":"EssenceOfSteel"}],"is_trial":false,"path_per_floor":["M","M","?","M","M","R","E","?","T","M","M","R","E","M","R","B",null,"M","$","M","M","M","E","M","R","T","?","R","?","$","M","R","B",null,"M","?","M","$","M","E","R","M","T","$","R","E","M","M","R","B",null,"R","$","E"],"character_chosen":"DEFECT","items_purchased":["Loop","OrangePellets","Ice Cream","Amplify","Seek","Loop","Hello World","Defragment","Storm","Capacitor","Defragment"],"campfire_rested":1,"item_purchase_floors":[19,30,30,30,30,38,38,38,44,44,53],"current_hp_per_floor":[68,67,67,67,59,59,59,59,59,46,46,46,46,37,37,32,64,57,57,48,41,52,37,23,45,45,37,37,37,37,37,37,23,34,36,36,37,37,37,37,37,37,37,37,37,37,37,37,37,15,32,37,37,0,0],"gold":9,"neow_bonus":"ONE_RARE_RELIC","is_daily":false,"chose_seed":false,"campfire_upgraded":6,"win_rate":0,"timestamp":1607622326,"path_taken":["M","M","?","M","M","R","E","?","T","M","M","R","E","?","R","BOSS","M","$","M","M","?","E","M","R","T","?","R","?","$","M","R","BOSS","M","?","?","$","M","E","R","M","T","$","R","E","M","M","R","BOSS","R","$","E"],"build_version":"2020-11-30","purchased_purges":3,"victory":false,"max_hp_per_floor":[75,75,75,75,75,75,75,75,75,75,75,75,75,75,75,75,75,75,75,75,75,75,75,75,75,75,37,37,37,37,37,37,37,37,37,37,37,37,37,37,37,37,37,37,37,37,37,37,37,37,37,37,37,37,37],"relic_stats":{"OrangePellets":[4],"Lizard Tail":18,"Shovel":2,"counters":[28,177],"Blue Candle":[1],"Eternal Feather":5,"Smiling Mask":105,"obtain_stats":[{"Ice Cream":30,"Blue Candle":9,"Velvet Choker":17,"Eternal Feather":46,"The Courier":28,"Incense Burner":0,"Smiling Mask":13,"Old Coin":7,"Nuclear Battery":34,"OrangePellets":30,"Lizard Tail":32,"Anchor":40,"Shovel":23,"CultistMask":8,"Cracked Core":0,"InkBottle":43},{"Ice Cream":16,"Blue Candle":5,"Velvet Choker":10,"Eternal Feather":24,"The Courier":16,"Incense Burner":0,"Smiling Mask":8,"Old Coin":5,"Nuclear Battery":18,"OrangePellets":16,"Lizard Tail":17,"Anchor":22,"Shovel":15,"CultistMask":5,"Cracked Core":0,"InkBottle":23},{"Ice Cream":76,"Blue Candle":19,"Velvet Choker":46,"Eternal Feather":142,"The Courier":76,"Incense Burner":0,"Smiling Mask":33,"Old Coin":19,"Nuclear Battery":102,"OrangePellets":76,"Lizard Tail":84,"Anchor":126,"Shovel":72,"CultistMask":19,"Cracked Core":0,"InkBottle":133}],"InkBottle":[16]},"card_choices":[{"not_picked":["Go for the Eyes","Rebound"],"picked":"Chill","floor":1},{"not_picked":["Turbo","Barrage"],"picked":"Coolheaded","floor":2},{"not_picked":["Lockon","Redo"],"picked":"Compile Driver","floor":4},{"not_picked":["Cold Snap","Darkness"],"picked":"Barrage","floor":5},{"not_picked":["Leap","Undo","Barrage"],"picked":"SKIP","floor":7},{"not_picked":["Leap","Turbo"],"picked":"Rainbow","floor":10},{"not_picked":["Storm","Cold Snap","Melter"],"picked":"SKIP","floor":11},{"not_picked":["Stack","Turbo"],"picked":"Defragment","floor":13},{"not_picked":["Beam Cell","Double Energy"],"picked":"Lockon","floor":14},{"not_picked":["Meteor Strike","Seek"],"picked":"Rainbow","floor":16},{"not_picked":["Hello World","Coolheaded"],"picked":"Self Repair","floor":18},{"not_picked":["Steam","Streamline"],"picked":"Compile Driver","floor":20},{"not_picked":["Chaos","Melter"],"picked":"Recycle","floor":21},{"not_picked":["Conserve Battery","Auto Shields"],"picked":"Coolheaded","floor":22},{"not_picked":["Gash","Chill","Heatsinks"],"picked":"SKIP","floor":23},{"not_picked":["Gash","Chill"],"picked":"Heatsinks","floor":23},{"not_picked":["Steam","Undo"],"picked":"Hologram","floor":24},{"not_picked":["Ball Lightning","Lockon","Steam"],"picked":"SKIP","floor":31},{"not_picked":["Ball Lightning","Lockon","Steam"],"picked":"SKIP","floor":31},{"not_picked":["All For One","Core Surge"],"picked":"Meteor Strike","floor":33},{"not_picked":["Undo","Turbo","Rip and Tear+1"],"picked":"SKIP","floor":35},{"not_picked":["Redo+1","Double Energy"],"picked":"Reinforced Body+1","floor":37},{"not_picked":["Streamline","Go for the Eyes","Redo+1"],"picked":"SKIP","floor":39},{"not_picked":["Streamline","Leap","Sunder"],"picked":"SKIP","floor":40},{"not_picked":["Stack+1","Cold Snap"],"picked":"Storm","floor":42},{"not_picked":["Gash","Reinforced Body+1","Turbo"],"picked":"SKIP","floor":46},{"not_picked":["Recycle+1","Gash+1"],"picked":"Skim+1","floor":47},{"not_picked":["Coolheaded","Leap+1","Go for the Eyes"],"picked":"SKIP","floor":48}],"player_experience":608815,"relics_obtained":[{"floor":7,"key":"Old Coin"},{"floor":9,"key":"Blue Candle"},{"floor":13,"key":"Smiling Mask"},{"floor":23,"key":"Shovel"},{"floor":28,"key":"The Courier"},{"floor":32,"key":"Lizard Tail"},{"floor":40,"key":"Anchor"},{"floor":43,"key":"InkBottle"},{"floor":46,"key":"Eternal Feather"}],"event_choices":[{"cards_removed":["Strike_B"],"damage_healed":0,"gold_gain":0,"player_choice":"Forget","damage_taken":0,"max_hp_gain":0,"max_hp_loss":0,"event_name":"Living Wall","floor":3,"gold_loss":0},{"damage_healed":0,"gold_gain":0,"player_choice":"Trade","damage_taken":0,"relics_obtained":["CultistMask"],"max_hp_gain":0,"max_hp_loss":0,"event_name":"FaceTrader","floor":8,"gold_loss":0},{"damage_healed":0,"gold_gain":0,"player_choice":"Became a Ghost","damage_taken":0,"max_hp_gain":0,"max_hp_loss":38,"event_name":"Ghosts","floor":27,"gold_loss":0,"cards_obtained":["Ghostly","Ghostly","Ghostly","Ghostly","Ghostly"]},{"damage_healed":0,"gold_gain":0,"cards_transformed":["Strike_B","Strike_B"],"player_choice":"Became Test Subject","damage_taken":0,"max_hp_gain":0,"max_hp_loss":0,"event_name":"Drug Dealer","floor":29,"gold_loss":0,"cards_obtained":["Compile Driver","Multi-Cast"]},{"cards_removed":["Defend_B"],"damage_healed":0,"gold_gain":0,"player_choice":"Offered Basic","damage_taken":0,"max_hp_gain":0,"max_hp_loss":0,"event_name":"Bonfire Elementals","floor":36,"gold_loss":0}],"is_beta":false,"boss_relics":[{"not_picked":["Runic Dome","SlaversCollar"],"picked":"Velvet Choker"},{"not_picked":["Philosopher\u0027s Stone","Fusion Hammer"],"picked":"Nuclear Battery"}],"items_purged_floors":[19,30,44],"is_endless":false,"potions_floor_spawned":[1,7,10,13,14,22,23,24,35,39,46,48],"killed_by":"Shield and Spear","ascension_level":12}}