{"host":"dhxdkxsvr0kfcb1i","time":1607621545,"event":{"mods":["BaseMod","StSLib","Aspiration","Colored Map","Conspire","Downfall","Koishi","Minty Spire (QoL Compilation)","Prisma Mod","Replay The Spire","The Animator","The Blackbeard","The Construct","The Judge","The Jungle","The Servant 0.9.4","Better Third Choice","Luminous","Magitek Elite","Shade Mod"],"gold_per_floor":[110,110,122,122,133,162,162,162,216,291,291,302,329,347,347,448,448,460,560,330,347,27,27,57,57,57,57,67,80,100,135,135,237,237,253,253,253,253,288,318,318,59,111,125,125,141,158,177,177,177,177,177,29,58,58],"floor_reached":56,"playtime":3819,"items_purged":["Luminous:Switch_Luminous","Pain"],"score":1275,"play_id":"0ba401e9-1a4b-4a64-925b-d7efcfa7a630","local_time":"20201210103225","is_ascension_mode":false,"campfire_choices":[{"data":"Luminous:Lania_Blessing_Luminous","floor":8.0,"key":"SMITH"},{"floor":11.0,"key":"REST"},{"floor":15.0,"key":"REST"},{"data":"Luminous:Freud_Wisdom1_Luminous","floor":23.0,"key":"SMITH"},{"data":"Luminous:Freud_Wisdom1_Luminous+1","floor":25.0,"key":"SMITH"},{"data":"Luminous:Light_Track","floor":32.0,"key":"SMITH"},{"floor":49,"key":"RECALL"},{"data":"Luminous:Freud_Wisdom1_Luminous+3","floor":52,"key":"SMITH"}],"circlet_count":0,"master_deck":["Luminous:Light_Flash_Shower","Luminous:Light_Flash_Shower","Luminous:Light_Flash_Shower","Luminous:Defend_Luminous+1","Luminous:Defend_Luminous","Luminous:Defend_Luminous","Luminous:Defend_Luminous","Luminous:Phantom_Treasure_Luminous","Luminous:Light_Gather","Luminous:Lania_Blessing_Luminous+1","Luminous:Light_Gather","Luminous:Sympathy_Luminous","Luminous:Light_Gather","Luminous:Freud_Wisdom1_Luminous+4","Luminous:Light_Track+1","Luminous:Dark_Dim_Erosion+1","Luminous:Balance_Baptism","Luminous:Light_Glare+1","Luminous:Light_Disperse","Luminous:Lania_Blessing_Luminous","Luminous:Light_Gather","Luminous:Arcane_Rage_Luminous","Luminous:Light_Gather+1","Die Die Die","Skewer","Unload","Luminous:Light_Sylvan_Lance+1","Luminous:Light_Disperse+1","Luminous:Light_Reflection+1","Luminous:Concentrate_Luminous+1","Luminous:Light_Disperse+1"],"special_seed":0,"relics":["Luminous:MirrorRelic","FaceOfCleric","Anchor","conspire:TopHat","Ancient Tea Set","Question Card","aspiration:FutureDiary","Happy Flower","Luminous:BlackBlessingRelic","Pen Nib","War Paint","WarpedTongs","Mango","aspiration:PoetsPen_weak","aspiration:ArtOfWarUpgrade","Blue Candle","Bottled Lightning","HornCleat"],"acts_visited":["TheEnding"],"potions_floor_usage":[50,55,55,55],"damage_taken":[{"damage":7.0,"enemies":"Jaw Worm","floor":1.0,"turns":4.0},{"damage":4.0,"enemies":"Cultist","floor":3.0,"turns":4.0},{"damage":4.0,"enemies":"Small Slimes","floor":5.0,"turns":3.0},{"damage":36.0,"enemies":"Lagavulin","floor":6.0,"turns":6.0},{"damage":0.0,"enemies":"Blue Slaver","floor":12.0,"turns":2.0},{"damage":44.0,"enemies":"Gremlin Nob","floor":13.0,"turns":5.0},{"damage":0.0,"enemies":"2 Fungi Beasts","floor":14.0,"turns":3.0},{"damage":7.0,"enemies":"Hexaghost","floor":16.0,"turns":9.0},{"damage":8.0,"enemies":"theJungle:GiantWrat","floor":18.0,"turns":6.0},{"damage":8.0,"enemies":"theJungle:MUSHROOMGANG","floor":21.0,"turns":8.0},{"damage":11.0,"enemies":"theJungle:Cassacara","floor":24.0,"turns":6.0},{"damage":17.0,"enemies":"Snake Plant","floor":28.0,"turns":3.0},{"damage":3.0,"enemies":"theJungle:Lyon","floor":29.0,"turns":3.0},{"damage":1.0,"enemies":"theJungle:SlimyTreeVines","floor":30.0,"turns":3.0},{"damage":4.0,"enemies":"theJungle:MamaSnecko","floor":31.0,"turns":4.0},{"damage":17.0,"enemies":"theJungle:FunGuy","floor":33.0,"turns":9.0},{"damage":8.0,"enemies":"Orb Walker","floor":35.0,"turns":3.0},{"damage":14,"enemies":"conspire:MimicChest","floor":39,"turns":4},{"damage":10,"enemies":"Reptomancer","floor":40,"turns":3},{"damage":7,"enemies":"3 Darklings","floor":44,"turns":2},{"damage":10,"enemies":"Spire Growth","floor":46,"turns":3},{"damage":2,"enemies":"Transient","floor":47,"turns":5},{"damage":17,"enemies":"Sphere and 2 Shapes","floor":48,"turns":3},{"damage":3,"enemies":"Time Eater","floor":50,"turns":6},{"damage":3,"enemies":"Shield and Spear","floor":54,"turns":4},{"damage":22,"enemies":"The Heart","floor":55,"turns":9}],"seed_played":"8120805724072521852","potions_obtained":[{"floor":6.0,"key":"LiquidBronze"},{"floor":12.0,"key":"DuplicationPotion"},{"floor":13.0,"key":"Swift Potion"},{"floor":14.0,"key":"LiquidBronze"},{"floor":18.0,"key":"AttackPotion"},{"floor":24.0,"key":"SteroidPotion"},{"floor":28.0,"key":"BlessingOfTheForge"},{"floor":40,"key":"Energy Potion"}],"is_trial":false,"path_per_floor":["M","?","M","?","M","E","?","R","T","?","R","M","E","M","R","B",null,"M","?","$","M","$","R","E","R","T","?","M","M","M","E","R","B",null,"M","?","?","?","?","E","R","$","T","M","R","M","M","M","R","B",null,"R","$","E","B",null],"character_chosen":"LuminousClass","items_purchased":["Happy Flower","Luminous:BlackBlessingRelic","Luminous:Balance_Baptism","Bottled Lightning","Weak Potion"],"campfire_rested":2,"item_purchase_floors":[20,22,22,42,53],"current_hp_per_floor":[75,75,72,65,62,27,15,15,15,4,29,30,2,3,29,23,89,86,80,80,82,82,82,86,86,86,86,70,68,71,87,87,77,111,104,104,104,104,96,87,87,87,87,81,81,77,81,65,65,63,119,119,119,120,109],"gold":58,"neow_bonus":"TEN_PERCENT_HP_BONUS","is_daily":false,"chose_seed":false,"campfire_upgraded":5,"win_rate":0.0,"timestamp":1607621545,"path_taken":["M","?","?","?","M","E","?","R","T","?","R","?","E","M","R","BOSS","M","?","$","M","$","R","E","R","T","?","M","?","M","E","R","BOSS","M","?","?","?","?","E","R","?","T","M","R","M","M","M","R","BOSS","R","$","E","BOSS"],"build_version":"2020-11-30","purchased_purges":2,"victory":true,"max_hp_per_floor":[82,82,83,83,84,85,85,85,85,85,85,86,87,88,88,89,89,90,90,90,91,91,91,92,92,92,92,93,94,95,110,110,111,111,112,112,112,112,113,114,114,114,114,115,115,116,117,118,118,119,119,119,119,120,121],"card_choices":[{"not_picked":["Luminous:Light_Wash_Luminous","Luminous:Dark_Pressure_Void"],"picked":"Luminous:Accumulation_Luminous","floor":1.0},{"not_picked":["Luminous:Accumulation_Luminous","Luminous:Light_Gather"],"picked":"Luminous:Phantom_Treasure_Luminous","floor":3.0},{"not_picked":["Luminous:Darkness_Mastery_Luminous","Luminous:Mana_Well_Luminous"],"picked":"Luminous:Light_Gather","floor":5.0},{"not_picked":["Luminous:Abyss_Heart_Luminous","Luminous:Dark_Apocalypse"],"picked":"Luminous:Lania_Blessing_Luminous","floor":6.0},{"not_picked":["Luminous:Darks_Surge_Luminous","Luminous:Magic_Guard_Luminous"],"picked":"Luminous:Light_Gather","floor":12.0},{"not_picked":["Luminous:Magic_Boost_Luminous","Luminous:Light_Wash_Luminous"],"picked":"Luminous:Sympathy_Luminous","floor":13.0},{"not_picked":["Luminous:Blinding_Pillar_Luminous","Luminous:Chase_Spell_Luminous","Luminous:Dark_Raid"],"picked":"Luminous:Light_Gather","floor":14.0},{"not_picked":["Luminous:Lania_Blessing_Luminous","Luminous:Arcane_Rage_Luminous","Luminous:Date_of_Light_Luminous"],"picked":"Luminous:Freud_Wisdom1_Luminous","floor":16.0},{"not_picked":["Luminous:Light_Disperse","Luminous:Light_Gather","Luminous:Light_Sylvan_Lance"],"picked":"Luminous:Light_Track","floor":18.0},{"not_picked":["Luminous:Light_Wash_Luminous+1","Luminous:Hero_Will_Luminous","Luminous:Light_Reflection"],"picked":"Luminous:Dark_Dim_Erosion+1","floor":21.0},{"not_picked":["Luminous:Light_Wash_Luminous+1","Luminous:Balance_Aether_Conduit","Luminous:Accumulation_Luminous+1"],"picked":"Luminous:Light_Glare+1","floor":24.0},{"not_picked":["Luminous:Light_Wash_Luminous+1","Luminous:Light_Ray_of_Redemption","Luminous:Dark_Dim_Erosion"],"picked":"Luminous:Light_Disperse","floor":28.0},{"not_picked":["Luminous:Light_Wash_Luminous","Luminous:Light_Disperse+1","Luminous:Dark_Raid","Luminous:Abyss_Heart_Luminous"],"picked":"SKIP","floor":29.0},{"not_picked":["Luminous:Light_Disperse","Luminous:Light_Glare","Luminous:Dark_Dim_Erosion+1"],"picked":"Luminous:Lania_Blessing_Luminous","floor":30.0},{"not_picked":["Luminous:Accumulation_Luminous","Luminous:Blinding_Pillar_Luminous","Luminous:Darkness_Mastery_Luminous"],"picked":"Luminous:Light_Gather","floor":31.0},{"not_picked":["Luminous:Mirror_Force_Luminous","Luminous:Date_of_Light_Luminous","Luminous:Balance_Aether_Conduit"],"picked":"Luminous:Arcane_Rage_Luminous","floor":33.0},{"not_picked":["Luminous:Dark_Pressure_Void","Luminous:Reverse_Spell_Luminous","Luminous:Dark_Raid"],"picked":"Luminous:Light_Gather+1","floor":35.0},{"not_picked":["Luminous:Dusk_Guard_Luminous","Luminous:Magic_Accelerate_Luminous","Luminous:Hero_Will_Luminous+1"],"picked":"Luminous:Light_Sylvan_Lance+1","floor":40},{"not_picked":["Luminous:Accumulation_Luminous+1","Luminous:Light_Sylvan_Lance+1","Luminous:Dark_Morning_Star+1"],"picked":"Luminous:Light_Disperse+1","floor":44},{"not_picked":["Luminous:Darkness_Mastery_Luminous+1","Luminous:Dark_Dim_Erosion+1","Luminous:Concentrate_Luminous"],"picked":"Luminous:Light_Reflection+1","floor":46},{"not_picked":["Luminous:Reverse_Spell_Luminous","Luminous:Dark_Dim_Erosion+1","Luminous:Accumulation_Luminous","Luminous:Blinding_Pillar_Luminous+1"],"picked":"SKIP","floor":47},{"not_picked":["Luminous:Balance_Ender","Luminous:Magic_Boost_Luminous","Luminous:Light_Gather"],"picked":"Luminous:Concentrate_Luminous+1","floor":48},{"not_picked":["Luminous:Concentrate_Luminous+1","Luminous:Dark_Pressure_Void+1","Luminous:Erosion_Luminous"],"picked":"Luminous:Light_Disperse+1","floor":54}],"player_experience":692179,"relics_obtained":[{"floor":6.0,"key":"Anchor"},{"floor":9.0,"key":"Ancient Tea Set"},{"floor":13.0,"key":"Question Card"},{"floor":24.0,"key":"Pen Nib"},{"floor":26.0,"key":"War Paint"},{"floor":31.0,"key":"Mango"},{"floor":39,"key":"Art of War"},{"floor":40,"key":"Blue Candle"},{"floor":54,"key":"HornCleat"}],"event_choices":[{"damage_healed":0.0,"max_hp_gain":0.0,"max_hp_loss":0.0,"gold_gain":0.0,"event_name":"FaceTrader","player_choice":"Trade","floor":2.0,"gold_loss":0.0,"damage_taken":0.0,"relics_obtained":["FaceOfCleric"]},{"cards_removed":["Luminous:Accumulation_Luminous"],"damage_healed":0.0,"max_hp_gain":0.0,"max_hp_loss":0.0,"gold_gain":0.0,"event_name":"Golden Wing","player_choice":"Card Removal","floor":4.0,"gold_loss":0.0,"damage_taken":7.0},{"damage_healed":0.0,"max_hp_gain":0.0,"max_hp_loss":0.0,"gold_gain":0.0,"event_name":"betterThird:BetterScrap","player_choice":"Relic ","floor":7.0,"gold_loss":0.0,"damage_taken":12.0,"cards_obtained":["Flechettes"]},{"damage_healed":0.0,"max_hp_gain":0.0,"max_hp_loss":0.0,"gold_gain":75.0,"event_name":"betterThird:BetterGoop","player_choice":"Gold","floor":10.0,"gold_loss":0.0,"damage_taken":11.0},{"damage_healed":0.0,"max_hp_gain":0.0,"max_hp_loss":0.0,"gold_gain":0.0,"event_name":"Accursed Blacksmith","player_choice":"Rummage","floor":27.0,"gold_loss":0.0,"damage_taken":0.0,"relics_obtained":["WarpedTongs"],"cards_obtained":["Pain"]},{"damage_healed":0,"gold_gain":0,"player_choice":"Ignored","damage_taken":0,"max_hp_gain":0,"max_hp_loss":0,"event_name":"Tomb of Lord Red Mask","floor":37,"gold_loss":0},{"damage_healed":0,"gold_gain":0,"player_choice":"Leave","damage_taken":0,"max_hp_gain":0,"max_hp_loss":0,"event_name":"conspire:Investor","floor":38,"gold_loss":0}],"is_beta":false,"boss_relics":[{"not_picked":["Astrolabe","Black Star"],"picked":"aspiration:FutureDiary"},{"not_picked":["Coffee Dripper","conspire:RoyalGoblet"],"picked":"aspiration:PoetsPen_weak"}],"items_purged_floors":[20,53],"is_endless":false,"potions_floor_spawned":[6,12,13,14,18,24,28,40,48,54],"ascension_level":0}}