{"host":"jak4ncvfzor9mys0","time":1607625011,"event":{"mods":["BaseMod","StSLib","2.2 Compatiblity","Colored Powertips","Colored Map","Relic Sorter","AchievementEnabler","Gold Saver","Block Reminder","Key Reminder","Relic Stats","Rare Cards Sparkle","SuperFastMode","Better Sensory Stone","Better Altar","Better Note","Better Third Choice","Better Match","BetterRewards","Better Skull","Minty Spire (QoL Compilation)","Hubris","Energized Spire","Replay The Spire","Retaliation","Red Circlet Mod","Infinite Spire","The Blue Laboratory"],"gold_per_floor":[465,465,465,480,371,371,403,380,380,380,408,163,176,176,176,272,272,287,287,487,487,503,503,531,531,531,541,88,123,48,68,68,172,172,187,201,251,151,0,35,35,35],"floor_reached":41,"playtime":1600,"items_purged":["Strike_B","Strike_B","Strike_B"],"score":644,"play_id":"b25f32d7-4638-4305-8eff-d2e50434edc8","local_time":"20201210103011","is_ascension_mode":true,"campfire_choices":[{"data":"Dualcast","floor":6.0,"key":"SMITH"},{"data":"Sweeping Beam","floor":10.0,"key":"SMITH"},{"data":"Defend_B","floor":15.0,"key":"PURGE"},{"data":"infinitespire:Oblivion","floor":23.0,"key":"SMITH"},{"floor":25.0,"key":"REST"},{"floor":32.0,"key":"REST"}],"circlet_count":0,"master_deck":["Defend_B","Defend_B","Defend_B","Zap+1","Dualcast+1","Cold Snap+1","Skim+1","Cold Snap+1","Coolheaded+1","Echo Form","infinitespire:Oblivion+1","Defragment","FIFO Queue","Redo+1","FIFO Queue","Consume+1","Leap+1"],"special_seed":0,"relics":["Cracked Core","Sling","Toxic Egg 2","Whetstone","Peace Pipe","hubris:OldNail","hubris:Backtick","Calipers","Du-Vu Doll","ReplayTheSpireMod:Lightbulb","infinitespire:SolderingIron","Membership Card","Lizard Tail","energizedSpire:OldTV","StoneCalendar","Ice Cream","Counterbalance"],"acts_visited":["Exordium","TheCity","TheBeyond"],"potions_floor_usage":[],"damage_taken":[{"damage":6.0,"enemies":"Jaw Worm","floor":1.0,"turns":3.0},{"damage":0.0,"enemies":"Small Slimes","floor":4.0,"turns":3.0},{"damage":1.0,"enemies":"Lagavulin","floor":7.0,"turns":5.0},{"damage":2.0,"enemies":"3 Sentries","floor":11.0,"turns":7.0},{"damage":0.0,"enemies":"2 Louse","floor":13.0,"turns":1.0},{"damage":2.0,"enemies":"Slime Boss","floor":16.0,"turns":10.0},{"damage":1.0,"enemies":"Chosen","floor":18.0,"turns":5.0},{"damage":9.0,"enemies":"Shell Parasite","floor":22.0,"turns":5.0},{"damage":17.0,"enemies":"Slavers","floor":24.0,"turns":6.0},{"damage":2.0,"enemies":"Chosen and Byrds","floor":27.0,"turns":6.0},{"damage":15.0,"enemies":"Nightmare","floor":29.0,"turns":9.0},{"damage":24.0,"enemies":"Snake Plant","floor":31.0,"turns":5.0},{"damage":11,"enemies":"Champ","floor":33,"turns":10},{"damage":13,"enemies":"Orb Walker","floor":35,"turns":4},{"damage":0,"enemies":"3 Shapes","floor":36,"turns":5},{"damage":19,"enemies":"Mind Bloom Boss Battle","floor":37,"turns":6},{"damage":29,"enemies":"Nightmare","floor":40,"turns":7},{"damage":54,"enemies":"3 Darklings","floor":41,"turns":3}],"seed_played":"-1247003954882732605","potions_obtained":[{"floor":1.0,"key":"SpeedPotion"},{"floor":27.0,"key":"blueLaboratory:FrostheartPotion"},{"floor":31.0,"key":"DuplicationPotion"},{"floor":37,"key":"blueLaboratory:StoneskinPotion"}],"is_trial":false,"path_per_floor":["M","?","?","M","$","R","E","?","T","R","E","$","M","?","R_BF","B",null,"M","AVR","?","?","M","R","E","R","T","M","$","NM","?","M","R","B",null,"M","M","?","NS","$","NM","M"],"character_chosen":"DEFECT","items_purchased":["Sling","Chill","Sweeping Beam","Coolheaded+1","hubris:OldNail","infinitespire:SolderingIron","Membership Card","FIFO Queue","Ice Cream"],"campfire_rested":2,"item_purchase_floors":[0,0,0,5,12,28,28,28,39],"current_hp_per_floor":[69,69,69,69,69,69,68,68,68,68,66,66,66,66,66,64,75,74,74,74,74,65,65,48,70,70,68,68,53,53,29,51,40,75,62,62,43,43,43,14,0,0],"gold":35,"neow_bonus":"","is_daily":false,"chose_seed":false,"campfire_upgraded":3,"win_rate":0,"timestamp":1607625011,"path_taken":["M","?","?","M","$","R","E","?","T","R","E","$","M","?","R_BF","BOSS","M","AVR","?","?","?","R","E","R","T","M","$","NM","?","M","R","BOSS","M","M","?","NS","$","NM","M"],"build_version":"2020-11-30","purchased_purges":3,"victory":false,"max_hp_per_floor":[75,75,75,75,75,75,75,75,75,75,75,75,75,75,75,75,75,75,75,75,75,75,75,75,75,75,75,75,75,75,75,75,75,75,75,75,75,75,75,75,75,75],"relic_stats":{"Peace Pipe":1,"Lizard Tail":37,"counters":[57,294],"StoneCalendar":[0],"Whetstone":["Cold Snap","Cold Snap"],"obtain_stats":[{"Ice Cream":39,"hubris:Metronome":14,"Carrot":9,"Snecko Heart":17,"energizedSpire:UnstableMolecules":20,"Calipers":17,"CeramicFish":24,"StoneCalendar":37,"Whetstone":9,"Sling":0,"Lizard Tail":29,"hubris:Backtick":17,"infinitespire:SolderingIron":28,"infinitespire:Golems Mask":20,"Replay:Bottled Eggs":10,"Toxic Egg 2":7,"Cracked Core":0,"hubris:GlazedTorus":9,"Lee\u0027s Waffle":3,"NeowsBlessing":0,"Golden Idol":4,"Counterbalance":40,"The Courier":13,"Peace Pipe":11,"Du-Vu Doll":24,"betterThird:SlimedRelic":2,"Snack Pack":26,"Membership Card":28,"ReplayTheSpireMod:Lightbulb":26,"Toy Ornithopter":13,"hubris:OldNail":12,"energizedSpire:OldTV":34,"infinitespire:Midas Blood":9},{"Ice Cream":55,"hubris:Metronome":22,"Carrot":30,"Snecko Heart":23,"energizedSpire:UnstableMolecules":25,"Calipers":45,"CeramicFish":12,"StoneCalendar":55,"Whetstone":42,"Sling":39,"Lizard Tail":50,"hubris:Backtick":45,"infinitespire:SolderingIron":49,"infinitespire:Golems Mask":25,"Replay:Bottled Eggs":5,"Toxic Egg 2":42,"Cracked Core":0,"hubris:GlazedTorus":4,"Lee\u0027s Waffle":17,"NeowsBlessing":0,"Golden Idol":29,"Counterbalance":56,"The Courier":22,"Peace Pipe":43,"Du-Vu Doll":48,"betterThird:SlimedRelic":17,"Snack Pack":13,"Membership Card":49,"ReplayTheSpireMod:Lightbulb":48,"Toy Ornithopter":33,"hubris:OldNail":43,"energizedSpire:OldTV":52,"infinitespire:Midas Blood":19},{"Ice Cream":284,"hubris:Metronome":107,"Carrot":150,"Snecko Heart":118,"energizedSpire:UnstableMolecules":129,"Calipers":223,"CeramicFish":65,"StoneCalendar":284,"Whetstone":205,"Sling":194,"Lizard Tail":254,"hubris:Backtick":223,"infinitespire:SolderingIron":245,"infinitespire:Golems Mask":129,"Replay:Bottled Eggs":18,"Toxic Egg 2":205,"Cracked Core":0,"hubris:GlazedTorus":8,"Lee\u0027s Waffle":90,"NeowsBlessing":0,"Golden Idol":145,"Counterbalance":291,"The Courier":107,"Peace Pipe":212,"Du-Vu Doll":239,"betterThird:SlimedRelic":90,"Snack Pack":70,"Membership Card":245,"ReplayTheSpireMod:Lightbulb":239,"Toy Ornithopter":162,"hubris:OldNail":212,"energizedSpire:OldTV":269,"infinitespire:Midas Blood":94}]},"card_choices":[{"not_picked":["hubris:PowerSurge","Sweeping Beam"],"picked":"Cold Snap","floor":1.0},{"not_picked":["Barrage","Steam"],"picked":"Cold Snap","floor":4.0},{"not_picked":["Time Bomb+1","Rainbow+1","Undo+1"],"picked":"SKIP","floor":7.0},{"not_picked":["Sunder","Compile Driver","Steam+1"],"picked":"SKIP","floor":11.0},{"not_picked":["Reprogram+1","Coolheaded+1","BasicCrystalCard+1"],"picked":"SKIP","floor":13.0},{"not_picked":["Multi-Cast+1","Buffer"],"picked":"Echo Form","floor":16.0},{"not_picked":["Hologram+1","Reprogram+1","Rebound+1"],"picked":"SKIP","floor":18.0},{"not_picked":["Panic Button+1","Conserve Battery+1"],"picked":"Defragment","floor":22.0},{"not_picked":["FTL","Streamline","Go for the Eyes+1"],"picked":"SKIP","floor":24.0},{"not_picked":["BasicCrystalCard+1","Sweeping Beam","Chill+1"],"picked":"SKIP","floor":27.0},{"not_picked":["Rebound","Lockon+1","Aggregate+1"],"picked":"SKIP","floor":29.0},{"not_picked":["Rebound","Conserve Battery"],"picked":"Redo","floor":30.0},{"not_picked":["Doom and Gloom","Consume"],"picked":"FIFO Queue","floor":30.0},{"not_picked":["Tempest+1","Chaos+1"],"picked":"Consume+1","floor":31.0},{"not_picked":["Hello World","Streamline+1","ReplayGash+1"],"picked":"SKIP","floor":35},{"not_picked":["ReplayTheSpireMod:GoodbyeWorld+1","Turbo+1","Rip and Tear"],"picked":"SKIP","floor":36},{"not_picked":["Blizzard+1","Streamline"],"picked":"Leap+1","floor":40}],"player_experience":2556712,"relics_obtained":[{"floor":7.0,"key":"Toxic Egg 2"},{"floor":9.0,"key":"Whetstone"},{"floor":11.0,"key":"Peace Pipe"},{"floor":24.0,"key":"Du-Vu Doll"},{"floor":26.0,"key":"ReplayTheSpireMod:Lightbulb"},{"floor":29.0,"key":"Lizard Tail"},{"floor":37,"key":"StoneCalendar"},{"floor":40,"key":"Counterbalance"}],"event_choices":[{"damage_healed":0.0,"max_hp_gain":0.0,"max_hp_loss":0.0,"gold_gain":0.0,"event_name":"betterThird:BetterGoop","player_choice":"Left","floor":8.0,"gold_loss":23.0,"damage_taken":0.0},{"damage_healed":0.0,"max_hp_gain":0.0,"max_hp_loss":0.0,"gold_gain":200.0,"event_name":"Wheel of Change","player_choice":"Gold","floor":20.0,"gold_loss":0.0,"damage_taken":0.0},{"cards_removed":["Defend_B"],"damage_healed":0.0,"max_hp_gain":0.0,"max_hp_loss":0.0,"gold_gain":0.0,"event_name":"betterNote:BetterNote","player_choice":"Give","floor":21.0,"gold_loss":0.0,"damage_taken":0.0,"cards_obtained":["Defend_B"]},{"damage_healed":0.0,"max_hp_gain":0.0,"max_hp_loss":0.0,"gold_gain":0.0,"event_name":"betterMatch:BetterMatch","player_choice":"1","floor":30.0,"gold_loss":0.0,"damage_taken":0.0,"cards_obtained":["betterMatch:CommonCard","betterMatch:UncommonCard"]},{"damage_healed":0,"gold_gain":0,"player_choice":"Fight","damage_taken":0,"max_hp_gain":0,"max_hp_loss":0,"event_name":"MindBloom","floor":37,"gold_loss":0}],"is_beta":false,"boss_relics":[{"not_picked":["Philosopher\u0027s Stone","hubris:HollowSoul"],"picked":"hubris:Backtick"},{"not_picked":["hubris:BlackHole","Coffee Dripper"],"picked":"energizedSpire:OldTV"}],"items_purged_floors":[5,12,19],"is_endless":true,"potions_floor_spawned":[1,18,27,31,35,37,40],"killed_by":"3 Darklings","ascension_level":1}}