{"host":"dl5mjdlimopbuch5","time":1607573152,"event":{"gold_per_floor":[119,119,132,132,132,166,166,87,87,87,107,133,208,221,221,351,351,370,370,75,88,88,88,131,131,182,104,128,128,168,168,168,288,351,375,395,110,133,466,466,76,86,110,110,110,110,179,197,197,197],"floor_reached":51,"playtime":1250,"items_purged":[],"score":849,"play_id":"76f12f7c-f491-4b3d-b0b0-e19fb62029dc","local_time":"20201210040552","is_ascension_mode":true,"campfire_choices":[{"data":"Infinite Blades","floor":7.0,"key":"SMITH"},{"floor":10.0,"key":"REST"},{"floor":15.0,"key":"REST"},{"floor":23.0,"key":"REST"},{"floor":25,"key":"REST"},{"floor":29,"key":"REST"},{"floor":32,"key":"REST"},{"floor":40,"key":"REST"},{"floor":46,"key":"REST"},{"floor":49,"key":"REST"}],"neow_cost":"NONE","seed_source_timestamp":113110187794200,"circlet_count":0,"master_deck":["Strike_G","Strike_G+1","Strike_G+1","Strike_G+1","Strike_G","Defend_G","Defend_G","Defend_G","Defend_G","Defend_G","Survivor","Neutralize","Infinite Blades+1","Regret","Deadly Poison","Accuracy","Blade Dance","Venomology","Accuracy","Infinite Blades","Malaise","Blade Dance","Infinite Blades+1"],"special_seed":0,"relics":["Ring of the Snake","NeowsBlessing","StrikeDummy","Question Card","Anchor","Mercury Hourglass","Odd Mushroom","Fusion Hammer","MutagenicStrength","Whetstone","Omamori","MealTicket","Pen Nib","Vajra","Tiny House","Ginger","Letter Opener","Cauldron","Akabeko","Ornamental Fan"],"potions_floor_usage":[24,24,24,28,33,33,33,35,38,38,38,48,50,50,50],"damage_taken":[{"damage":0.0,"enemies":"Small Slimes","floor":1.0,"turns":1.0},{"damage":0.0,"enemies":"Jaw Worm","floor":3.0,"turns":1.0},{"damage":0.0,"enemies":"Gremlin Nob","floor":6.0,"turns":1.0},{"damage":0.0,"enemies":"2 Louse","floor":11.0,"turns":2.0},{"damage":1.0,"enemies":"The Mushroom Lair","floor":12.0,"turns":3.0},{"damage":4.0,"enemies":"2 Fungi Beasts","floor":14.0,"turns":2.0},{"damage":5.0,"enemies":"Slime Boss","floor":16.0,"turns":6.0},{"damage":13.0,"enemies":"2 Thieves","floor":18.0,"turns":4.0},{"damage":19.0,"enemies":"3 Byrds","floor":21.0,"turns":3.0},{"damage":29,"enemies":"Gremlin Leader","floor":24,"turns":5},{"damage":15,"enemies":"Snake Plant","floor":28,"turns":4},{"damage":26,"enemies":"Book of Stabbing","floor":30,"turns":4},{"damage":57,"enemies":"Collector","floor":33,"turns":6},{"damage":34,"enemies":"3 Darklings","floor":35,"turns":4},{"damage":20,"enemies":"3 Shapes","floor":36,"turns":4},{"damage":11,"enemies":"Maw","floor":38,"turns":5},{"damage":4,"enemies":"Transient","floor":42,"turns":5},{"damage":13,"enemies":"3 Darklings","floor":48,"turns":2},{"damage":89,"enemies":"Donu and Deca","floor":50,"turns":7}],"seed_played":"-3893812782125828614","potions_obtained":[{"floor":6.0,"key":"SteroidPotion"},{"floor":11.0,"key":"GamblersBrew"},{"floor":12.0,"key":"AttackPotion"},{"floor":14.0,"key":"SkillPotion"},{"floor":16.0,"key":"SteroidPotion"},{"floor":18.0,"key":"PowerPotion"},{"floor":21.0,"key":"Fruit Juice"},{"floor":28,"key":"PowerPotion"},{"floor":33,"key":"Swift Potion"},{"floor":34,"key":"Block Potion"},{"floor":36,"key":"Strength Potion"},{"floor":41,"key":"SkillPotion"},{"floor":41,"key":"Regen Potion"}],"is_trial":false,"path_per_floor":["M","?","M","?","?","E","R","$","T","R","M","?","?","M","R","B",null,"M","?","$","M","?","R","E","R","T","$","M","R","E","?","R","B",null,"M","M","$","M","?","R","$","M","T","?","?","R","T","M","R","B",null],"character_chosen":"THE_SILENT","items_purchased":["Accuracy","Whetstone","Omamori","Infinite Blades","Ginger","Letter Opener","Cauldron"],"campfire_rested":9,"item_purchase_floors":[8,20,20,27,37,41,41],"current_hp_per_floor":[70,53,53,53,28,28,28,28,28,49,49,48,37,33,54,49,70,57,57,57,43,36,58,29,51,51,66,51,73,47,47,69,12,80,46,26,41,30,30,54,69,65,65,65,65,76,76,63,76,2],"gold":197,"neow_bonus":"THREE_ENEMY_KILL","is_prod":false,"is_daily":false,"chose_seed":false,"campfire_upgraded":1,"win_rate":0,"timestamp":1607573152,"path_taken":["M","?","M","?","?","E","R","$","T","R","M","?","?","?","R","BOSS","M","?","$","M","?","R","E","R","T","$","?","R","E","?","R","BOSS","M","M","$","M","?","R","$","M","T","?","?","R","?","M","R","BOSS"],"build_version":"2020-11-30","purchased_purges":0,"victory":true,"max_hp_per_floor":[70,70,70,70,70,70,70,70,70,70,70,70,70,70,70,70,70,70,70,70,75,75,75,75,75,75,75,75,75,75,75,75,75,80,80,80,80,80,80,80,80,80,80,76,76,76,76,76,76,76],"card_choices":[{"not_picked":["Backflip","Sucker Punch"],"picked":"Infinite Blades","floor":1.0},{"not_picked":["Flying Knee","Reflex","Dagger Throw"],"picked":"SKIP","floor":3.0},{"not_picked":["Accuracy","Venomology","Dagger Throw"],"picked":"Deadly Poison","floor":6.0},{"not_picked":["Dagger Spray","Outmaneuver","Catalyst"],"picked":"Blade Dance","floor":11.0},{"not_picked":["Blur","Acrobatics","Catalyst","Dodge and Roll"],"picked":"SKIP","floor":14.0},{"not_picked":["Envenom","Bullet Time","Unload"],"picked":"Venomology","floor":16.0},{"not_picked":["Distraction","Sucker Punch","Flying Knee","Acrobatics"],"picked":"SKIP","floor":18.0},{"not_picked":["Riddle With Holes+1","Dodge and Roll","Sucker Punch","Flying Knee"],"picked":"SKIP","floor":21.0},{"not_picked":["After Image","Flechettes","Deadly Poison"],"picked":"Accuracy","floor":24},{"not_picked":["Poisoned Stab","Backflip+1","Dodge and Roll","Crippling Poison"],"picked":"SKIP","floor":28},{"not_picked":["Dagger Spray","Bane","Sucker Punch","Envenom"],"picked":"SKIP","floor":30},{"not_picked":["Adrenaline","Corpse Explosion","Burst"],"picked":"Malaise","floor":33},{"not_picked":["Crippling Poison","Flying Knee","Eviscerate"],"picked":"Blade Dance","floor":34},{"not_picked":["Accuracy","Deflect+1","Deadly Poison+1"],"picked":"Infinite Blades+1","floor":35},{"not_picked":["Acrobatics","Outmaneuver+1","Deadly Poison","Backflip+1"],"picked":"SKIP","floor":36},{"not_picked":["Bane","Prepared+1","Quick Slash","Storm of Steel"],"picked":"SKIP","floor":38},{"not_picked":["Outmaneuver+1","Cloak And Dagger","Deadly Poison","All Out Attack"],"picked":"SKIP","floor":42},{"not_picked":["Predator+1","Dagger Throw+1","Cloak And Dagger","Acrobatics+1"],"picked":"SKIP","floor":48}],"player_experience":197381,"relics_obtained":[{"floor":6.0,"key":"Anchor"},{"floor":9.0,"key":"Mercury Hourglass"},{"floor":12.0,"key":"Odd Mushroom"},{"floor":24,"key":"MealTicket"},{"floor":26,"key":"Pen Nib"},{"floor":30,"key":"Vajra"},{"floor":43,"key":"Akabeko"},{"floor":47,"key":"Ornamental Fan"}],"event_choices":[{"damage_healed":0.0,"max_hp_gain":0.0,"max_hp_loss":0.0,"gold_gain":0.0,"event_name":"Golden Idol","player_choice":"Take Damage","floor":2.0,"gold_loss":0.0,"damage_taken":17.0,"relics_obtained":["Golden Idol"]},{"damage_healed":0.0,"max_hp_gain":0.0,"max_hp_loss":0.0,"gold_gain":0.0,"event_name":"Big Fish","player_choice":"Box","floor":4.0,"gold_loss":0.0,"damage_taken":0.0,"relics_obtained":["StrikeDummy"],"cards_obtained":["Regret"]},{"damage_healed":0.0,"max_hp_gain":0.0,"max_hp_loss":0.0,"gold_gain":0.0,"event_name":"Scrap Ooze","player_choice":"Success","floor":5.0,"gold_loss":0.0,"damage_taken":25.0,"relics_obtained":["Question Card"]},{"damage_healed":0.0,"max_hp_gain":0.0,"max_hp_loss":0.0,"gold_gain":0.0,"event_name":"Mushrooms","player_choice":"Fought Mushrooms","floor":12.0,"gold_loss":0.0,"damage_taken":0.0},{"damage_healed":0.0,"max_hp_gain":0.0,"max_hp_loss":0.0,"gold_gain":75.0,"event_name":"World of Goop","player_choice":"Gather Gold","floor":13.0,"gold_loss":0.0,"damage_taken":11.0},{"damage_healed":0.0,"max_hp_gain":0.0,"max_hp_loss":0.0,"gold_gain":0.0,"event_name":"Drug Dealer","player_choice":"Inject Mutagens","floor":19.0,"gold_loss":0.0,"damage_taken":0.0,"relics_obtained":["MutagenicStrength"]},{"damage_healed":0.0,"max_hp_gain":0.0,"max_hp_loss":0.0,"gold_gain":0.0,"event_name":"Wheel of Change","player_choice":"Damaged","floor":22.0,"gold_loss":0.0,"damage_taken":7.0},{"damage_healed":0,"gold_gain":0,"player_choice":"Ignored","damage_taken":0,"max_hp_gain":0,"max_hp_loss":0,"event_name":"Vampires","floor":31,"gold_loss":0},{"damage_healed":0,"gold_gain":333,"player_choice":"Gave Idol","damage_taken":0,"max_hp_gain":0,"max_hp_loss":0,"event_name":"The Moai Head","floor":39,"relics_lost":["Golden Idol"],"gold_loss":0},{"damage_healed":0,"gold_gain":0,"player_choice":"Max HP","damage_taken":0,"max_hp_gain":0,"max_hp_loss":4,"event_name":"Winding Halls","floor":44,"gold_loss":0},{"damage_healed":0,"gold_gain":0,"player_choice":"Memory 1","damage_taken":0,"max_hp_gain":0,"max_hp_loss":0,"event_name":"SensoryStone","floor":45,"gold_loss":0}],"is_beta":false,"boss_relics":[{"not_picked":["Snecko Eye","Runic Pyramid"],"picked":"Fusion Hammer"},{"not_picked":["SlaversCollar","Pandora\u0027s Box"],"picked":"Tiny House"}],"items_purged_floors":[],"is_endless":false,"potions_floor_spawned":[6,11,12,14,16,18,21,28,33,36],"ascension_level":2}}