{"host":"vd5put2n5b3t1prw","time":1607579617,"event":{"gold_per_floor":[99,99,99,109,109,136,205,130,140,140,4,4,14,29,43,141,141,66,78,3,3,23,23,23],"floor_reached":23,"playtime":3980,"items_purged":["hexamod:Strike"],"score":189,"play_id":"4a1dbc90-c2af-4efb-bdbd-8b48654286f9","local_time":"20201209235337","is_ascension_mode":false,"campfire_choices":[{"data":"hexamod:Float","floor":1,"key":"SMITH"},{"data":"hexamod:FastForward","floor":5,"key":"SMITH"},{"data":"hexamod:HeatMetal","floor":8,"key":"SMITH"},{"data":"hexamod:ExtraCrispy","floor":10,"key":"SMITH"},{"floor":18,"key":"RECALL"},{"data":"hexamod:SkipABeat","floor":20,"key":"SMITH"}],"neow_cost":"NONE","seed_source_timestamp":76167609124700,"circlet_count":0,"master_deck":["hexamod:Strike","hexamod:Strike+1","hexamod:Defend","hexamod:Defend","hexamod:Defend+1","hexamod:Defend","hexamod:Sear","hexamod:Float+1","hexamod:HauntingEcho","hexamod:FastForward+1","hexamod:BurningTouch","hexamod:HeatMetal+1","hexamod:ExtraCrispy+1","hexamod:FirstSeal","hexamod:HauntingEcho+1","hexamod:SkipABeat+1","hexamod:SixthSeal","hexamod:SecondSeal"],"relics":["hexamod:SpiritBrand","Hammer of Thor","Seething Fire","Anvil of the Gods","downfall:HeartsMalice","Shuriken","downfall:HeartBlessingBlue","downfall:HeartBlessingGreen","downfall:HeartBlessingRed"],"potions_floor_usage":[9,13,16,16,16,22],"damage_taken":[{"damage":0,"enemies":"Small Slimes","floor":2,"turns":1},{"damage":0,"enemies":"Cultist","floor":3,"turns":1},{"damage":0,"enemies":"2 Louse","floor":4,"turns":3},{"damage":19,"enemies":"Lagavulin","floor":6,"turns":6},{"damage":6,"enemies":"Lots of Slimes","floor":9,"turns":4},{"damage":0,"enemies":"downfall:FleeingMerchant","floor":11,"turns":4},{"damage":11,"enemies":"Large Slime","floor":13,"turns":3},{"damage":1,"enemies":"Gremlin Gang","floor":14,"turns":5},{"damage":19,"enemies":"Exordium Thugs","floor":15,"turns":3},{"damage":35,"enemies":"downfall:CharBossIronclad","floor":16,"turns":6},{"damage":13,"enemies":"Chosen","floor":19,"turns":6},{"damage":16,"enemies":"Shell Parasite","floor":22,"turns":5},{"damage":63,"enemies":"Slavers","floor":23,"turns":5}],"seed_played":"4484609880841144961","potions_obtained":[{"floor":6,"key":"EssenceOfSteel"},{"floor":9,"key":"ColorlessPotion"},{"floor":12,"key":"LiquidMemories"},{"floor":12,"key":"Slimebound:ThreeZeroPotion"},{"floor":13,"key":"sneckomod:MuddlingPotion"},{"floor":15,"key":"DistilledChaos"},{"floor":16,"key":"ColorlessPotion"}],"is_trial":false,"path_per_floor":["R","M","M","M","R","E","T","R","M","R","$","?","M","M","M","B",null,"R","M","R","?","M","E"],"character_chosen":"THE_SPIRIT","items_purchased":["hexamod:FirstSeal"],"campfire_rested":0,"item_purchase_floors":[11],"current_hp_per_floor":[70,70,70,70,70,51,51,61,55,55,55,55,51,57,45,17,80,80,74,74,66,57,0,0],"gold":23,"neow_bonus":"THREE_ENEMY_KILL","is_prod":false,"is_daily":false,"chose_seed":false,"campfire_upgraded":5,"win_rate":0.0,"timestamp":1607579617,"path_taken":["R","M","M","M","R","E","T","R","M","R","$","?","M","?","M","BOSS","R","M","R","?","M","E"],"build_version":"2020-11-30","purchased_purges":1,"victory":false,"max_hp_per_floor":[70,70,70,70,70,70,70,80,80,80,80,80,80,80,80,80,80,80,80,80,80,80,80,80],"relic_stats":{"counters":[13,52],"Shuriken":[2],"obtain_stats":[{"downfall:HeartBlessingRed":20,"Anvil of the Gods":0,"Shuriken":6,"downfall:HeartBlessingBlue":8,"downfall:HeartsMalice":0,"downfall:HeartBlessingGreen":18,"Hammer of Thor":0,"Seething Fire":0,"hexamod:SpiritBrand":0},{"downfall:HeartBlessingRed":11,"Anvil of the Gods":0,"Shuriken":4,"downfall:HeartBlessingBlue":4,"downfall:HeartsMalice":0,"downfall:HeartBlessingGreen":10,"Hammer of Thor":0,"Seething Fire":0,"hexamod:SpiritBrand":0},{"downfall:HeartBlessingRed":42,"Anvil of the Gods":0,"Shuriken":11,"downfall:HeartBlessingBlue":11,"downfall:HeartsMalice":0,"downfall:HeartBlessingGreen":36,"Hammer of Thor":0,"Seething Fire":0,"hexamod:SpiritBrand":0}]},"card_choices":[{"not_picked":["hexamod:PhantomCloak","hexamod:NightmareStrike"],"picked":"hexamod:HauntingEcho","floor":2},{"not_picked":["hexamod:PhantomCloak","hexamod:Hexaguard"],"picked":"hexamod:FastForward","floor":3},{"not_picked":["hexamod:EtherealExpedition","hexamod:ThermalTransfer"],"picked":"hexamod:BurningTouch","floor":4},{"not_picked":["hexamod:GhostLash","hexamod:SpectersWail"],"picked":"hexamod:HeatMetal","floor":6},{"not_picked":["hexamod:BurningTouch","hexamod:FifthSeal"],"picked":"hexamod:ExtraCrispy","floor":9},{"not_picked":["hexamod:InspiringFlames","hexamod:SwordOfDarkness"],"picked":"hexamod:HauntingEcho","floor":13},{"not_picked":["hexamod:GhostLash","hexamod:EtherealExpedition"],"picked":"hexamod:SkipABeat","floor":14},{"not_picked":["hexamod:Firestarter","hexamod:HauntingEcho","hexamod:InspiringFlames"],"picked":"SKIP","floor":15},{"not_picked":["hexamod:WildfireWeapon","hexamod:UnleashSpirits"],"picked":"hexamod:SixthSeal","floor":16},{"not_picked":["hexamod:AdvancingGuard","hexamod:Firestarter"],"picked":"hexamod:SecondSeal","floor":19},{"not_picked":["hexamod:AdvancingGuard","hexamod:GhostShield","hexamod:BacktrackSmack"],"picked":"SKIP","floor":22}],"player_experience":169630,"relics_obtained":[{"floor":6,"key":"Shuriken"}],"event_choices":[{"damage_healed":0,"gold_gain":0,"player_choice":"Got Potions","damage_taken":0,"max_hp_gain":0,"max_hp_loss":0,"event_name":"Lab","floor":12,"gold_loss":0}],"is_beta":false,"boss_relics":[{"not_picked":["Busted Crown","Runic Pyramid","Coffee Dripper"]}],"items_purged_floors":[11],"is_endless":false,"potions_floor_spawned":[6,9,13,15,16],"killed_by":"Slavers","ascension_level":0}}