{"host":"x1qj4d8ympd5jdqh","time":1607602347,"event":{"gold_per_floor":[113,113,113,63,79,110,110,137,137,137,137],"floor_reached":10,"playtime":256,"items_purged":[],"score":85,"play_id":"72384cc2-bd19-43b0-b826-1b69ffceecc9","local_time":"20201210211227","is_ascension_mode":true,"campfire_choices":[{"data":"UpSweep","floor":7,"key":"SMITH"}],"neow_cost":"NONE","seed_source_timestamp":6246929405300,"circlet_count":0,"master_deck":["Strike_MRS","Strike_MRS","Defend_MRS","Defend_MRS","Defend_MRS","Defend_MRS","MasterSpark","UpSweep+1","TreasureHunter","GalacticHalo","SporeBomb","OortCloud","BinaryStars"],"relics":["MiniHakkero","StoneCalendar","Smiling Mask","Calipers","Kunai"],"potions_floor_usage":[],"damage_taken":[{"damage":0,"enemies":"Small Slimes","floor":1,"turns":3},{"damage":1,"enemies":"2 Louse","floor":5,"turns":3},{"damage":23,"enemies":"Lagavulin","floor":6,"turns":6},{"damage":19,"enemies":"3 Sentries","floor":8,"turns":7},{"damage":6,"enemies":"Gremlin Nob","floor":10,"turns":4}],"seed_played":"-8310896107820469006","potions_obtained":[],"is_trial":false,"path_per_floor":["M","?","?","?","M","E","R","E","T","E"],"character_chosen":"MARISA","items_purchased":[],"campfire_rested":0,"item_purchase_floors":[],"current_hp_per_floor":[75,68,61,61,60,37,37,18,18,12,12],"gold":137,"neow_bonus":"ONE_RANDOM_RARE_CARD","is_prod":false,"is_daily":false,"chose_seed":false,"campfire_upgraded":1,"win_rate":0,"timestamp":1607602347,"path_taken":["M","?","?","?","M","E","R","E","T","E"],"build_version":"2020-11-30","purchased_purges":0,"victory":false,"max_hp_per_floor":[75,75,75,75,75,75,75,75,75,75,75],"card_choices":[{"not_picked":["PowerUp","DC"],"picked":"GalacticHalo","floor":1},{"not_picked":["UnstableBomb","GravityBeat"],"picked":"SporeBomb","floor":5},{"not_picked":["ShootingEcho","SatelliteIllusion"],"picked":"OortCloud","floor":6},{"not_picked":["DoubleSpark","GrandCross"],"picked":"BinaryStars","floor":8}],"player_experience":1298416,"relics_obtained":[{"floor":6,"key":"Smiling Mask"},{"floor":8,"key":"Calipers"},{"floor":9,"key":"Kunai"}],"event_choices":[{"damage_healed":0,"gold_gain":0,"player_choice":"Success","damage_taken":7,"relics_obtained":["StoneCalendar"],"max_hp_gain":0,"max_hp_loss":0,"event_name":"Scrap Ooze","floor":2,"gold_loss":0},{"cards_removed":["Strike_MRS"],"damage_healed":0,"gold_gain":0,"player_choice":"Card Removal","damage_taken":7,"max_hp_gain":0,"max_hp_loss":0,"event_name":"Golden Wing","floor":3,"gold_loss":0},{"cards_removed":["Strike_MRS"],"damage_healed":0,"gold_gain":0,"player_choice":"Card Removal","damage_taken":0,"max_hp_gain":0,"max_hp_loss":0,"event_name":"The Cleric","floor":4,"gold_loss":50}],"is_beta":false,"boss_relics":[],"items_purged_floors":[],"is_endless":false,"potions_floor_spawned":[],"killed_by":"Gremlin Nob","ascension_level":3}}