{"host":"x6tlfgqpy55vgxdn","time":1607613902,"event":{"mods":["BaseMod","StSLib","SuperFastMode","AchievementEnabler","Minty Spire (QoL Compilation)","DeckTracker","Permanent Neow"],"gold_per_floor":[112,112,112,135,155,155,155,155,155,27,63,86,86,99,99,192,192,213,213,213,113,131,131,131,131],"floor_reached":24,"playtime":590,"items_purged":["Strike_R","Bash+1"],"score":359,"play_id":"afe000f5-3dd4-4576-af5b-08323b622f04","local_time":"20201211002502","is_ascension_mode":true,"campfire_choices":[{"data":"Body Slam","floor":6.0,"key":"SMITH"},{"data":"Bash","floor":8.0,"key":"SMITH"},{"data":"Body Slam","floor":15.0,"key":"SMITH"},{"floor":23,"key":"REST"}],"circlet_count":0,"master_deck":["AscendersBane","Defend_R","Defend_R","Defend_R","Body Slam+1","Pummel","Shockwave+1","Body Slam+1","Feed","Ghostly Armor+1"],"special_seed":0,"relics":["Burning Blood","Golden Idol","Toxic Egg 2","MealTicket","Philosopher\u0027s Stone"],"acts_visited":["Exordium","TheCity"],"potions_floor_usage":[24],"damage_taken":[{"damage":8.0,"enemies":"2 Louse","floor":1.0,"turns":3.0},{"damage":6.0,"enemies":"Small Slimes","floor":4.0,"turns":5.0},{"damage":1.0,"enemies":"Cultist","floor":5.0,"turns":4.0},{"damage":16.0,"enemies":"Gremlin Nob","floor":11.0,"turns":3.0},{"damage":2.0,"enemies":"Looter","floor":12.0,"turns":4.0},{"damage":8.0,"enemies":"3 Louse","floor":14.0,"turns":5.0},{"damage":23.0,"enemies":"The Guardian","floor":16.0,"turns":9.0},{"damage":43.0,"enemies":"Shell Parasite","floor":18.0,"turns":5.0},{"damage":19,"enemies":"Spheric Guardian","floor":22,"turns":6},{"damage":40,"enemies":"Book of Stabbing","floor":24,"turns":7}],"seed_played":"7571248676764171374","potions_obtained":[{"floor":5.0,"key":"Dexterity Potion"},{"floor":11.0,"key":"AttackPotion"},{"floor":16.0,"key":"SpeedPotion"}],"is_trial":false,"path_per_floor":["M","?","?","M","M","R","?","R","T","$","E","M","?","M","R","B",null,"M","?","?","$","M","R","E"],"character_chosen":"IRONCLAD","items_purchased":["ColorlessPotion"],"campfire_rested":1,"item_purchase_floors":[10],"current_hp_per_floor":[48,48,48,48,53,53,53,53,53,53,43,47,47,45,45,28,58,24,24,24,39,29,51,11,11],"gold":131,"neow_bonus":"REMOVE_TWO","is_daily":false,"chose_seed":false,"campfire_upgraded":3,"win_rate":0,"timestamp":1607613902,"path_taken":["M","?","?","?","M","R","?","R","T","$","E","M","?","M","R","BOSS","M","?","?","$","?","R","E"],"build_version":"2020-11-30","purchased_purges":2,"victory":false,"max_hp_per_floor":[75,68,68,68,68,68,68,68,68,68,68,68,68,68,68,68,68,71,71,71,71,74,74,74,74],"card_choices":[{"not_picked":["Twin Strike","Sever Soul"],"picked":"Body Slam","floor":1.0},{"not_picked":["Thunderclap","Headbutt","Twin Strike"],"picked":"SKIP","floor":4.0},{"not_picked":["Sentinel","Sword Boomerang"],"picked":"Pummel","floor":5.0},{"not_picked":["Evolve","Havoc+1","Anger"],"picked":"SKIP","floor":11.0},{"not_picked":["True Grit+1","Pommel Strike"],"picked":"Shockwave+1","floor":12.0},{"not_picked":["Sword Boomerang","Thunderclap"],"picked":"Body Slam","floor":14.0},{"not_picked":["Juggernaut","Immolate"],"picked":"Feed","floor":16.0},{"not_picked":["Flex+1","Armaments+1"],"picked":"Ghostly Armor+1","floor":18.0},{"not_picked":["Havoc+1","Cleave","Headbutt"],"picked":"SKIP","floor":22}],"player_experience":116068,"relics_obtained":[{"floor":9.0,"key":"Toxic Egg 2"},{"floor":11.0,"key":"MealTicket"}],"event_choices":[{"damage_healed":0.0,"max_hp_gain":0.0,"max_hp_loss":7.0,"gold_gain":0.0,"event_name":"Golden Idol","player_choice":"Lose Max HP","floor":2.0,"gold_loss":0.0,"damage_taken":0.0,"relics_obtained":["Golden Idol"]},{"cards_removed":["Strike_R"],"damage_healed":0.0,"max_hp_gain":0.0,"max_hp_loss":0.0,"gold_gain":0.0,"event_name":"Purifier","player_choice":"Purged","floor":3.0,"gold_loss":0.0,"damage_taken":0.0},{"damage_healed":0.0,"max_hp_gain":0.0,"max_hp_loss":0.0,"gold_gain":0.0,"event_name":"Liars Game","player_choice":"Ignored","floor":7.0,"gold_loss":0.0,"damage_taken":0.0},{"cards_removed":["Strike_R"],"damage_healed":0.0,"max_hp_gain":0.0,"max_hp_loss":0.0,"gold_gain":0.0,"event_name":"Living Wall","player_choice":"Forget","floor":13.0,"gold_loss":0.0,"damage_taken":0.0},{"cards_removed":["Strike_R"],"damage_healed":0.0,"max_hp_gain":0.0,"max_hp_loss":0.0,"gold_gain":0.0,"event_name":"Back to Basics","player_choice":"Elegance","floor":19.0,"gold_loss":0.0,"damage_taken":0.0},{"damage_healed":0,"gold_gain":0,"player_choice":"0 cards matched","damage_taken":0,"max_hp_gain":0,"max_hp_loss":0,"event_name":"Match and Keep!","floor":20,"gold_loss":0,"cards_obtained":[]}],"is_beta":false,"boss_relics":[{"not_picked":["Cursed Key","Runic Cube"],"picked":"Philosopher\u0027s Stone"}],"items_purged_floors":[10,21],"is_endless":false,"potions_floor_spawned":[5,11,12,16],"killed_by":"Book of Stabbing","ascension_level":17}}