{"host":"se2kry7a7ac49ar7","time":1607574204,"event":{"gold_per_floor":[109,109,121,141,141,141,141,141,222,249,249,265,295,295,295,395,395,395,395,395],"floor_reached":19,"playtime":2165,"items_purged":[],"score":200,"play_id":"19fbb8a2-2415-48f9-8c85-4b0545695118","local_time":"20201209202324","is_ascension_mode":false,"campfire_choices":[{"data":"HollowMod:DungDefenderAura","floor":6,"key":"SMITH"},{"data":"HollowMod:LifebloodCocoon","floor":15,"key":"SMITH"}],"neow_cost":"TEN_PERCENT_HP_LOSS","seed_source_timestamp":38400953033311,"circlet_count":0,"master_deck":["HollowMod:NailStrikeStart","HollowMod:NailStrikeStart","HollowMod:NailStrikeStart","HollowMod:FocusHealStart","HollowMod:PogoStrike","HollowMod:NewInfectedGuardian","HollowMod:MothsMistake","HollowMod:DungDefenderAura+1","HollowMod:InfectedAttack","HollowMod:ShapeofUnn","HollowMod:LifebloodCocoon+1","Hallownest:skillSlugHide","Hallownest:skillSlugHide","Hallownest:skillSlugHide","Hallownest:skillSlugHide","Hallownest:skillSlugHide","HollowMod:ShapeofUnn","HollowMod:ShapeofUnn","HollowMod:MothsMistake","HollowMod:LifebloodCore","HollowMod:NewLittleFool+1"],"relics":["HollowMod:VesselMask","Hallownest:DreamNailRelic","Eternal Feather","Mummified Hand","Bottled Tornado","Hallownest:TeacherSealRelic","Ectoplasm"],"potions_floor_usage":[10,12,16,16],"damage_taken":[{"damage":8,"enemies":"Hallownest:monsterHuskGuard","floor":1,"turns":5},{"damage":12,"enemies":"2_ Uuma","floor":3,"turns":4},{"damage":9,"enemies":"Hallownest:2_Tiktiks_and_1_Crawlid","floor":4,"turns":4},{"damage":0,"enemies":"Hallownest:monsterAspidMother","floor":5,"turns":4},{"damage":9,"enemies":"Hallownest:eliteMossKnight","floor":10,"turns":9},{"damage":16,"enemies":"Hallownest:Guard_and_Warrior","floor":12,"turns":5},{"damage":45,"enemies":"Hallownest:eliteCrystalGuardian","floor":13,"turns":7},{"damage":31,"enemies":"Hallownest:BossBrokenVessel","floor":16,"turns":9},{"damage":49,"enemies":"Hallownest:Flukemon_and_Top","floor":18,"turns":6},{"damage":36,"enemies":"Hallownest:Guard_and_Sentry","floor":19,"turns":3}],"seed_played":"-8038650039929809058","potions_obtained":[{"floor":1,"key":"SkillPotion"},{"floor":4,"key":"SkillPotion"},{"floor":12,"key":"Dexterity Potion"},{"floor":13,"key":"LiquidMemories"},{"floor":18,"key":"Energy Potion"}],"is_trial":false,"path_per_floor":["M","?","M","M","M","R","?","?","T","E","?","M","E","?","R","B",null,"M","M"],"character_chosen":"THE_BUGKNIGHT","items_purchased":[],"campfire_rested":0,"item_purchase_floors":[],"current_hp_per_floor":[66,66,60,57,63,63,63,63,63,66,66,50,17,17,26,1,68,25,0,0],"gold":395,"neow_bonus":"THREE_RARE_CARDS","is_prod":false,"is_daily":false,"chose_seed":false,"campfire_upgraded":2,"win_rate":0.0,"timestamp":1607574204,"path_taken":["M","?","M","?","M","R","?","?","T","E","?","M","E","?","R","BOSS","M","M"],"build_version":"2020-11-30","purchased_purges":0,"victory":false,"max_hp_per_floor":[68,68,68,68,68,68,68,68,68,68,68,68,68,68,68,68,68,68,68,68],"card_choices":[{"not_picked":["HollowMod:HornetsHelp","HollowMod:PureVessel"],"picked":"HollowMod:NewInfectedGuardian","floor":0},{"not_picked":["HollowMod:NewLittleFool","HollowMod:SharpenedShadows"],"picked":"HollowMod:MothsMistake","floor":1},{"not_picked":["HollowMod:SoulShaman","HollowMod:InfectedAttack"],"picked":"HollowMod:DungDefenderAura","floor":3},{"not_picked":["HollowMod:BlackTendrils","HollowMod:CycloneSlash"],"picked":"HollowMod:InfectedAttack","floor":4},{"not_picked":["HollowMod:HeavyBlow","HollowMod:HowlingWraiths"],"picked":"HollowMod:ShapeofUnn","floor":5},{"not_picked":["HollowMod:DashSlash","HollowMod:MonarchWings"],"picked":"HollowMod:ShapeofUnn","floor":10},{"not_picked":["HollowMod:GreatSlash","HollowMod:QuirrelsAssistance"],"picked":"HollowMod:ShapeofUnn","floor":12},{"not_picked":["HollowMod:DoubleDash","HollowMod:HeavyBlow"],"picked":"HollowMod:MothsMistake","floor":13},{"not_picked":["HollowMod:HornetsHelp","HollowMod:SlysStrikes"],"picked":"HollowMod:LifebloodCore","floor":16},{"not_picked":["HollowMod:CycloneSlash","HollowMod:DescendingDark+1"],"picked":"HollowMod:NewLittleFool+1","floor":18}],"player_experience":613184,"relics_obtained":[{"floor":9,"key":"Eternal Feather"},{"floor":10,"key":"Mummified Hand"},{"floor":13,"key":"Bottled Tornado"}],"event_choices":[],"is_beta":false,"boss_relics":[{"not_picked":["Snecko Eye","Runic Pyramid"],"picked":"Ectoplasm"}],"items_purged_floors":[],"is_endless":false,"potions_floor_spawned":[1,4,12,13,18],"killed_by":"Hallownest:Guard_and_Sentry","ascension_level":0}}