{"host":"trnm4e6fnwie7del","time":1607634271,"event":{"mods":["BaseMod","AchievementEnabler","StSLib","Card Forge","Custom Start","Minty Spire (QoL Compilation)","Relic Filter","Grow up Mod"],"gold_per_floor":[20107,20124,20140,18904,18904,18930,18930,18959,18959,18959,18972,18320,18330,18355,18355,18457,18457,18468,18485,18485,17241,17241,17241,17284,17284,17284,17284,16243,16282,16297,16312,16312,16442,16442,16457,16457,16477,16493,16255,16298,15762,15798,15798,15837,15837,15361,15377,15395,15395,15395,15395,15395,15098,15136,15136],"floor_reached":56,"playtime":8320,"items_purged":[],"score":2323,"play_id":"42b608ea-9c75-4856-9f74-6c4c4a363a13","local_time":"20201210130431","is_ascension_mode":true,"campfire_choices":[{"floor":7.0,"key":"RECALL"},{"data":"Shockwave","floor":10,"key":"SMITH"},{"floor":15,"key":"REST"},{"floor":23,"key":"REST"},{"floor":25,"key":"REST"},{"floor":27,"key":"REST"},{"floor":32,"key":"REST"},{"floor":49,"key":"REST"},{"floor":52,"key":"REST"}],"circlet_count":0,"master_deck":["Strike_R+1","Strike_R+1","Strike_R+1","Strike_R+1","Defend_R+1","Defend_R+1","Defend_R+1","Defend_R+1","Bash+1","Berserk+1","Demon Form+1","Dual Wield+1","Finesse+1","Flash of Steel+1","Finesse+1","Flash of Steel+1","Finesse+1","Flash of Steel+1","Flash of Steel+1","Finesse+1","Barricade+1","Heavy Blade+1","Iron Wave+1","Carnage+1","Blind+1","Secret Technique+1","Double Tap+1","Twin Strike+1","Cleave+1","Uppercut+1","Shockwave+1","Clothesline+1","Double Tap+1","Enlightenment+1","Thunderclap+1","Iron Wave+1","Impervious+1","Reaper+1","Headbutt+1","Clothesline+1","Master of Strategy+1","Limit Break+1","Twin Strike+1","Impatience+1","J.A.X.+1","Flame Barrier+1","Impatience+1","Pommel Strike+1","Sadistic Nature+1","Sword Boomerang+1","Disarm+1","Dual Wield+1","Impervious+1","CurseOfTheBell","Body Slam+1","Cleave+1","Cleave+1","Seeing Red+1","Heavy Blade+1","Jack Of All Trades+1","Shockwave+1","Enlightenment+1","Violence+1","Seeing Red+1","Reaper+1","Uppercut+1","Ghostly Armor+1","Limit Break+1","Metamorphosis+1","Flash of Steel+1","Body Slam+1","Carnage+1","Inflame+1","Exhume+1","Heavy Blade+1","Pommel Strike+1","Inflame+1","Heavy Blade+1","Heavy Blade+1","Body Slam+1","Sword Boomerang+1","Headbutt+1","Dark Shackles+1","Transmutation+1","Juggernaut+1"],"special_seed":0,"relics":["Hammer of Thor","Seething Fire","Anvil of the Gods","SacredBark","Ice Cream","Mummified Hand","Runic Pyramid","Bottled Lightning","Bottled Tornado","Bottled Tornado","Bottled Tornado","Question Card","Meat on the Bone","Burning Blood","Blue Candle","HornCleat","Bottled Tornado","Bottled Tornado","Sundial","Bottled Lightning","DollysMirror","Sozu","Cursed Key","Cursed Key","Cursed Key","Bottled Lightning","Golden Idol","Lizard Tail","Torii","Chemical X","Matryoshka","Red Skull","Toxic Egg 2","Molten Egg 2","Ginger","Strange Spoon","Bottled Tornado","Pocketwatch","Calling Bell","MealTicket","Mummified Hand","Bird Faced Urn","Membership Card","Frozen Egg 2","Bag of Marbles","Unceasing Top","Medical Kit","Shuriken","Bottled Tornado","Bronze Scales","Mercury Hourglass","Eternal Feather","HornCleat","HornCleat","HornCleat","HornCleat","Anchor","Orrery","InkBottle"],"acts_visited":["TheCity","TheBeyond","TheEnding"],"potions_floor_usage":[],"damage_taken":[{"damage":14.0,"enemies":"2 Louse","floor":1.0,"turns":2.0},{"damage":0.0,"enemies":"Small Slimes","floor":2.0,"turns":2.0},{"damage":2.0,"enemies":"Jaw Worm","floor":3.0,"turns":2.0},{"damage":0.0,"enemies":"Gremlin Nob","floor":6.0,"turns":3.0},{"damage":0.0,"enemies":"Lagavulin","floor":8.0,"turns":3.0},{"damage":24,"enemies":"Exordium Thugs","floor":11,"turns":3},{"damage":9,"enemies":"Exordium Wildlife","floor":13,"turns":2},{"damage":0,"enemies":"Gremlin Nob","floor":14,"turns":2},{"damage":46,"enemies":"Hexaghost","floor":16,"turns":4},{"damage":14,"enemies":"Shell Parasite","floor":18,"turns":2},{"damage":0,"enemies":"Spheric Guardian","floor":19,"turns":2},{"damage":0,"enemies":"Slavers","floor":24,"turns":3},{"damage":1,"enemies":"Gremlin Leader","floor":29,"turns":2},{"damage":4,"enemies":"Snake Plant","floor":30,"turns":3},{"damage":2,"enemies":"Cultist and Chosen","floor":31,"turns":3},{"damage":0,"enemies":"Automaton","floor":33,"turns":3},{"damage":0,"enemies":"Orb Walker","floor":35,"turns":2},{"damage":0,"enemies":"3 Shapes","floor":37,"turns":3},{"damage":0,"enemies":"Writhing Mass","floor":38,"turns":2},{"damage":0,"enemies":"Nemesis","floor":40,"turns":3},{"damage":0,"enemies":"Giant Head","floor":42,"turns":3},{"damage":3,"enemies":"Nemesis","floor":44,"turns":3},{"damage":0,"enemies":"Sphere and 2 Shapes","floor":47,"turns":2},{"damage":0,"enemies":"Maw","floor":48,"turns":2},{"damage":0,"enemies":"Donu and Deca","floor":50,"turns":4},{"damage":0,"enemies":"Shield and Spear","floor":54,"turns":2},{"damage":0,"enemies":"The Heart","floor":55,"turns":4}],"seed_played":"5673751547474700478","potions_obtained":[{"floor":1.0,"key":"EssenceOfSteel"},{"floor":2.0,"key":"DistilledChaos"},{"floor":13,"key":"HeartOfIron"}],"is_trial":false,"path_per_floor":["M","M","M","$","?","E","R","E","T","R","M","$","M","E","R","B",null,"M","M","?","$","?","R","E","R","T","R","$","E","M","M","R","B",null,"M","?","M","M","$","E","$","E","T","E","?","$","M","M","R","B",null,"R","$","E","B",null],"character_chosen":"IRONCLAD","items_purchased":["Question Card","Meat on the Bone","Toolbox","Blind","Secret Technique","Explosive Potion","Fire Potion","Double Tap","Twin Strike","Cleave","Sundial","Bottled Lightning","DollysMirror","Enlightenment","Thunderclap","Lizard Tail","Torii","Chemical X","Master of Strategy","Limit Break","Twin Strike","Impatience","Molten Egg 2","Ginger","Strange Spoon","Impatience+1","Pommel Strike+1","Sadistic Nature","Membership Card","Seeing Red+1","Heavy Blade+1","Jack Of All Trades+1","Bag of Marbles","Enlightenment+1","Unceasing Top","Medical Kit","Violence+1","Seeing Red+1","Reaper+1","Eternal Feather","Limit Break+1","Metamorphosis+1","Flash of Steel+1","Body Slam+1","Carnage+1","Inflame+1","Exhume+1","Anchor","Orrery","Headbutt+1","Dark Shackles+1","Transmutation+1"],"campfire_rested":7,"item_purchase_floors":[4,4,4,4,4,4,4,4,4,4,12,12,12,12,12,21,21,21,21,21,21,21,28,28,28,28,28,28,39,39,39,39,41,41,41,41,41,41,41,46,46,46,46,46,46,46,46,53,53,53,53,53],"current_hp_per_floor":[86,96,104,114,140,150,160,170,180,190,182,192,199,215,240,210,250,252,268,278,288,298,320,330,340,350,360,370,380,390,400,410,420,430,440,450,460,470,480,490,500,510,520,530,540,550,560,570,580,590,600,610,620,630,640],"gold":15136,"neow_bonus":"BOSS_RELIC","is_daily":false,"chose_seed":false,"campfire_upgraded":1,"win_rate":0,"timestamp":1607634271,"path_taken":["M","M","M","$","?","E","R","E","T","R","M","$","M","E","R","BOSS","M","M","?","$","?","R","E","R","T","R","$","E","M","?","R","BOSS","M","?","M","M","$","E","$","E","T","E","?","$","M","M","R","BOSS","R","$","E","BOSS"],"build_version":"2020-11-30","purchased_purges":0,"victory":true,"max_hp_per_floor":[100,110,120,130,140,150,160,170,180,190,200,210,220,230,240,250,260,270,280,290,300,310,320,330,340,350,360,370,380,390,400,410,420,430,440,450,460,470,480,490,500,510,520,530,540,550,560,570,580,590,600,610,620,630,640],"card_choices":[{"not_picked":["Rampage","Bloodletting"],"picked":"Heavy Blade","floor":1.0},{"not_picked":["Heavy Blade","Body Slam"],"picked":"Iron Wave","floor":2.0},{"not_picked":["Wild Strike","Cleave"],"picked":"Carnage","floor":3.0},{"not_picked":["Perfected Strike","Spot Weakness","True Grit"],"picked":"Uppercut","floor":6.0},{"not_picked":["Dropkick","Pommel Strike","Reckless Charge"],"picked":"Shockwave","floor":8},{"not_picked":["Sword Boomerang","Perfected Strike","Clash"],"picked":"Clothesline","floor":11},{"not_picked":["Evolve","Flex","Perfected Strike"],"picked":"Iron Wave","floor":13},{"not_picked":["Armaments","Ghostly Armor","Heavy Blade"],"picked":"Impervious","floor":14},{"not_picked":["Limit Break","Immolate","Offering"],"picked":"Reaper","floor":16},{"not_picked":["Flex","Anger","Clash+1"],"picked":"Headbutt","floor":18},{"not_picked":["Clash","Flex","Reckless Charge"],"picked":"Clothesline","floor":19},{"not_picked":["Anger","Intimidate","Dropkick"],"picked":"Flame Barrier","floor":24},{"not_picked":["True Grit+1","Spot Weakness+1","Hemokinesis+1"],"picked":"Sword Boomerang+1","floor":29},{"not_picked":["Sever Soul+1","Anger+1","Pommel Strike+1"],"picked":"Disarm+1","floor":30},{"not_picked":["Wild Strike+1","Sword Boomerang+1","Feel No Pain"],"picked":"Dual Wield+1","floor":31},{"not_picked":["Barricade","Demon Form","Feed+1"],"picked":"Impervious+1","floor":33},{"not_picked":["Perfected Strike+1","Warcry+1","Pommel Strike+1"],"picked":"Body Slam+1","floor":35},{"not_picked":["Flame Barrier+1","Dropkick+1","Armaments+1"],"picked":"Cleave+1","floor":37},{"not_picked":["Perfected Strike+1","Warcry+1","Blood for Blood+1"],"picked":"Cleave+1","floor":38},{"not_picked":["Clash+1","Perfected Strike+1","Pommel Strike+1"],"picked":"Shockwave+1","floor":40},{"not_picked":["Whirlwind+1","Twin Strike+1","Fire Breathing+1"],"picked":"Uppercut+1","floor":42},{"not_picked":["Rampage+1","Infernal Blade+1","Shrug It Off+1"],"picked":"Ghostly Armor+1","floor":44},{"not_picked":["Armaments+1","Fiend Fire+1","Clothesline+1"],"picked":"Heavy Blade+1","floor":47},{"not_picked":["Perfected Strike+1","Clash+1","Sentinel+1"],"picked":"Pommel Strike+1","floor":48},{"not_picked":["Clash+1","Bloodletting+1","Spot Weakness+1"],"picked":"Inflame+1","floor":53},{"not_picked":["Twin Strike+1","Feel No Pain+1","Brutality+1"],"picked":"Heavy Blade+1","floor":53},{"not_picked":["Iron Wave+1","Whirlwind+1","Armaments+1"],"picked":"Heavy Blade+1","floor":53},{"not_picked":["Pummel+1","Brutality+1","Carnage+1"],"picked":"Body Slam+1","floor":53},{"not_picked":["Rampage+1","Second Wind+1","Iron Wave+1"],"picked":"Sword Boomerang+1","floor":53},{"not_picked":["Second Wind+1","Power Through+1","Rampage+1"],"picked":"Juggernaut+1","floor":54}],"player_experience":168269,"relics_obtained":[{"floor":6.0,"key":"Blue Candle"},{"floor":8,"key":"HornCleat"},{"floor":14,"key":"Bag of Preparation"},{"floor":24,"key":"Matryoshka"},{"floor":26,"key":"Red Skull"},{"floor":26,"key":"Toxic Egg 2"},{"floor":29,"key":"Pocketwatch"},{"floor":34,"key":"MealTicket"},{"floor":34,"key":"Mummified Hand"},{"floor":34,"key":"Bird Faced Urn"},{"floor":40,"key":"Frozen Egg 2"},{"floor":42,"key":"Shuriken"},{"floor":43,"key":"Bottled Tornado"},{"floor":43,"key":"Bronze Scales"},{"floor":44,"key":"Mercury Hourglass"},{"floor":54,"key":"InkBottle"}],"event_choices":[{"damage_healed":43.0,"max_hp_gain":0.0,"max_hp_loss":0.0,"gold_gain":0.0,"event_name":"Big Fish","player_choice":"Banana","floor":5.0,"gold_loss":0.0,"damage_taken":0.0},{"damage_healed":0,"gold_gain":0,"player_choice":"Smashed Altar","damage_taken":0,"max_hp_gain":0,"max_hp_loss":0,"event_name":"Forgotten Altar","floor":20,"gold_loss":0,"cards_obtained":["Decay"]},{"damage_healed":0,"gold_gain":0,"player_choice":"Obtain J.A.X.","damage_taken":0,"max_hp_gain":0,"max_hp_loss":0,"event_name":"Drug Dealer","floor":22,"gold_loss":0,"cards_obtained":["J.A.X."]},{"cards_removed":["Strike_R"],"damage_healed":0,"gold_gain":0,"player_choice":"Removed Attack","damage_taken":0,"max_hp_gain":0,"max_hp_loss":0,"event_name":"Falling","floor":36,"gold_loss":0},{"damage_healed":0,"gold_gain":0,"player_choice":"Ignored","damage_taken":0,"max_hp_gain":0,"max_hp_loss":0,"event_name":"Accursed Blacksmith","floor":45,"gold_loss":0}],"is_beta":false,"boss_relics":[{"not_picked":["Runic Dome","Black Star"],"picked":"Sozu"},{"not_picked":["Tiny House","Velvet Choker"],"picked":"Calling Bell"}],"items_purged_floors":[],"is_endless":false,"potions_floor_spawned":[1,2,11,13,14,18,38,42,44,48],"ascension_level":5}}