{"host":"4c7oxphrh4ok8x7u","time":1607613295,"event":{"mods":["BaseMod","StSLib","Act Like it!","GifTheSpireLib","2.2 Compatiblity","Custom Start","Challenge The Spire","Dota2Spire","HololiveMod","Hubris","Kratos Character Expansion","MostiFishMod","Prisma Mod","TheWitcher","Ascension Reborn","Conspire","Aspiration","Conjunction","Better Skull","Better Vampires","BetterRewards","Friendly Minions","FruityMod","Halation","Hyrulean Relics","Jedi Mod","Minty Spire (QoL Compilation)","Permanent Neow","Quarter Circle Forward PUNCH!","RatMod","Replay The Spire","Robot Space Explorer","SCP261 Mod","Shade Mod","Slay the Relics Exporter","Small Relic Pack","Spicy Shops","Spikes Relics","Spires And Sneckos","Steal the Spire","Stuff the Spire","The Blue Laboratory","The Edgeheg","The Fake Hero","Wandering Minibosses","The Death Knight","Hermit","The Animator"],"gold_per_floor":[118,118,118,118,129,163,177,177,255,255,130,144,144,164,164,268,268,285,301,558,558,558,558,558,558,558,518,518,358,358,358,358,358,358,358,358,178,178,178,178,178,178,178,178,178,178,178,178,178,224,224,224,24,80,133],"floor_reached":56,"playtime":2544,"items_purged":["Parasite","RobotSpaceExplorer:Strike","RobotSpaceExplorer:Strike","Normality","Normality","ReplayUltimateDefense+1","RobotSpaceExplorer:Defend","Doubt"],"score":1388,"play_id":"d1ecd901-ca87-44f1-ba35-e94245e50337","local_time":"20201210181455","is_ascension_mode":true,"campfire_choices":[{"floor":4,"key":"REST"},{"data":"RobotSpaceExplorer:StarLightning","floor":8,"key":"SMITH"},{"floor":15,"key":"RECALL"},{"data":"RobotSpaceExplorer:MiniLasers","floor":24,"key":"SMITH"},{"data":"RobotSpaceExplorer:StarLightning","floor":24,"key":"SMITH"},{"data":"RobotSpaceExplorer:StarLightning","floor":30,"key":"SMITH"},{"data":"Dramatic Entrance","floor":30,"key":"SMITH"},{"data":"KratosMod:Tempor","floor":32,"key":"SMITH"},{"data":"RobotSpaceExplorer:ExhaustFan","floor":32,"key":"SMITH"},{"data":"Madness","floor":41,"key":"SMITH"},{"data":"Madness","floor":41,"key":"SMITH"},{"data":"Panacea","floor":45,"key":"SMITH"},{"data":"Bandage Up","floor":45,"key":"SMITH"},{"data":"RobotSpaceExplorer:MiniDrones","floor":49,"key":"SMITH"},{"data":"Bandage Up","floor":49,"key":"SMITH"},{"data":"RobotSpaceExplorer:FreezeRay","floor":52,"key":"SMITH"},{"data":"RobotSpaceExplorer:MiniDrones","floor":52,"key":"SMITH"}],"circlet_count":0,"master_deck":["RobotSpaceExplorer:Strike+1","RobotSpaceExplorer:Strike+1","RobotSpaceExplorer:Defend+1","RobotSpaceExplorer:Defend+1","RobotSpaceExplorer:Defend+1","RobotSpaceExplorer:Scan+1","RobotSpaceExplorer:MiniLasers+1","RobotSpaceExplorer:PlasmaMissile+1","RobotSpaceExplorer:StarLightning+1","RobotSpaceExplorer:StarLightning+1","RobotSpaceExplorer:PlasmaMissile+1","RobotSpaceExplorer:ExhaustFan+1","RobotSpaceExplorer:StarLightning+1","RobotSpaceExplorer:Accelerator+1","RobotSpaceExplorer:Accelerator+1","KratosMod:BladeWhip+1","KratosMod:Tempor+1","RobotSpaceExplorer:MiniDrones+1","Pride","RobotSpaceExplorer:MiniLasers+1","Dramatic Entrance+1","RobotSpaceExplorer:StarLightning+1","RobotSpaceExplorer:FreezeRay+1","RobotSpaceExplorer:Probe","Panache+1","Bandage Up","Bandage Up+1","RobotSpaceExplorer:MiniDrones+1","Madness+1","Madness+1","Bandage Up+1","Panacea+1","RobotSpaceExplorer:MiniDrones+1","Swift Strike+1"],"relics":["RobotSpaceExplorer:RoboCore","DaveBox","aspiration:Nostalgia","animator:LivingPicture","DiscerningMonocle","Question Card","jedi:arcanewood","Dota2Spire:Butterfly","Dota2Spire:CrimsonGuard","hubris:Metronome","TheAbacus","DeathKnight:PutricidesVial","qcfpunch:Handcuffs","qcfpunch:Necklace_of_Skulls","rat:BigChungusPlushie","Gremlin Horn","Dota2Spire:ArcaneBoots","rat:SoulRing","Pen Nib","Dota2Spire:ShadowBlade","Chameleon Ring","BrkXgEgg","Dream Catcher","Pet Ghost","DeathKnight:SindragosasSkull","InkBottle","StuffTheSpire:HeavyRock","hubris:DisguiseKit","relicPack:InfinityGauntlet","ImportantClient","PatriotShield","Anchor","Meat on the Bone","jedi:ominousloannote","Replay:Arrowhead","RollingBoulder","halation:Diary","Red Mask","Dota2Spire:MantaStyle","Counterbalance","RobotSpaceExplorer:ToughPlating","SynthV","Bronze Scales","conspire:DeflatedDodgeball","Dota2Spire:ArmletOfMordiggian","DollysMirror","wanderingMiniBosses:Inkheart","relicPack:KazumaCape","hubris:Icosahedron","SnailShell","Dota2Spire:LinkenSphere","qcfpunch:Red_Headband","ReplayTheSpireMod:ShopPack","qcfpunch:Duffel_Bag","aspiration:StickyExplosives_weak","halation:LostSnail","Dota2Spire:Satanic","Dota2Spire:ShivaGuard","Ancient Tea Set","hubris:GlazedTorus","hubris:EmptyBottle","Vajra","jedi:firstaidkit","Dota2Spire:EtherealBlade","Hololive_LightStick","Dota2Spire:BattleFury","Dota2Spire:HandOfMidas","halation:PeacePiece","SpikesRelics:DaevaFist"],"acts_visited":["Exordium","TheCity","TheBeyond","TheEnding"],"potions_floor_usage":[6,31],"damage_taken":[{"damage":12,"enemies":"2 Louse","floor":1,"turns":3},{"damage":0,"enemies":"Cultist","floor":5,"turns":3},{"damage":22,"enemies":"3 Sentries","floor":6,"turns":7},{"damage":0,"enemies":"Jaw Worm","floor":7,"turns":2},{"damage":0,"enemies":"conspire:2 RoseBushes","floor":12,"turns":3},{"damage":0,"enemies":"Blue Slaver","floor":14,"turns":1},{"damage":0,"enemies":"The Guardian","floor":16,"turns":7},{"damage":0,"enemies":"Chosen","floor":18,"turns":2},{"damage":0,"enemies":"Shell Parasite","floor":19,"turns":1},{"damage":0,"enemies":"Masked Bandits","floor":21,"turns":2},{"damage":0,"enemies":"Chosen and Byrds","floor":22,"turns":2},{"damage":0,"enemies":"Gremlin Leader","floor":23,"turns":2},{"damage":0,"enemies":"Book of Stabbing","floor":25,"turns":2},{"damage":0,"enemies":"conspire:HollyBat","floor":28,"turns":6},{"damage":0,"enemies":"Cultist and Chosen","floor":31,"turns":3},{"damage":7,"enemies":"hubris:MusketHawk","floor":33,"turns":4},{"damage":0,"enemies":"Orb Walker","floor":35,"turns":1},{"damage":0,"enemies":"3 Darklings","floor":38,"turns":1},{"damage":0,"enemies":"Mind Bloom Boss Battle","floor":39,"turns":1},{"damage":0,"enemies":"Maw","floor":42,"turns":2},{"damage":0,"enemies":"4 Shapes","floor":44,"turns":1},{"damage":0,"enemies":"Nemesis","floor":47,"turns":1},{"damage":0,"enemies":"Replay:Hell Engine","floor":50,"turns":3},{"damage":0,"enemies":"Shield and Spear","floor":54,"turns":1},{"damage":0,"enemies":"The Heart","floor":55,"turns":4}],"seed_played":"5898092072636947985","potions_obtained":[{"floor":5,"key":"Cursed Concoction"},{"floor":19,"key":"Dota2Spire:HealingSalve"},{"floor":31,"key":"Explosive Potion"}],"is_trial":false,"path_per_floor":["M","$","?","R","M","E","M","R","T","$","$","M","$","M","R","B",null,"M","M","$","?","M","E","R","E","T","?","M","$","R","M","R","B",null,"M","?","$","M","?","?","R","M","T","M","R","$","E","?","R","B",null,"R","$","E","B",null],"character_chosen":"RobotSpaceExplorer","items_purchased":["jedi:arcanewood","Dota2Spire:Butterfly","Dota2Spire:CrimsonGuard","hubris:Metronome","TheAbacus","RobotSpaceExplorer:Exploration","ReplayUltimateDefense","rat:BigChungusPlushie","Gremlin Horn","Dota2Spire:ArcaneBoots","rat:SoulRing","RobotSpaceExplorer:PlasmaMissile+1","Pen Nib","RobotSpaceExplorer:ExhaustFan","Dota2Spire:ShadowBlade","Chameleon Ring","BrkXgEgg","Dream Catcher","Pet Ghost","qcfpunch:Cattail","RobotSpaceExplorer:StarLightning","Adrenaline Potion","Energy Potion","DeathKnight:SindragosasSkull","InkBottle","StuffTheSpire:HeavyRock","hubris:DisguiseKit","relicPack:InfinityGauntlet","RobotSpaceExplorer:Accelerator+1","Anchor","Meat on the Bone","jedi:ominousloannote","Replay:Arrowhead","RollingBoulder","halation:Diary","RobotSpaceExplorer:ToughPlating","SynthV","Bronze Scales","conspire:DeflatedDodgeball","Dota2Spire:ArmletOfMordiggian","DollysMirror","Dramatic Entrance","RobotSpaceExplorer:StarLightning","FairyPotion","SnailShell","Dota2Spire:LinkenSphere","qcfpunch:Red_Headband","ReplayTheSpireMod:ShopPack","RobotSpaceExplorer:FreezeRay","RobotSpaceExplorer:Probe","halation:LostSnail","Dota2Spire:Satanic","Dota2Spire:ShivaGuard","Ancient Tea Set","hubris:GlazedTorus","hubris:EmptyBottle","Swift Strike","Dota2Spire:EtherealBlade","Hololive_LightStick","Dota2Spire:BattleFury","Dota2Spire:HandOfMidas","halation:PeacePiece"],"campfire_rested":1,"item_purchase_floors":[2,2,2,2,2,2,2,10,10,10,10,10,10,10,11,11,11,11,11,11,11,11,11,13,13,13,13,13,13,20,20,20,20,20,20,29,29,29,29,29,29,29,29,29,37,37,37,37,37,37,46,46,46,46,46,46,46,53,53,53,53,53],"current_hp_per_floor":[63,63,38,60,60,38,38,38,38,38,38,38,38,38,38,38,72,72,72,72,72,72,72,72,72,72,72,72,72,72,72,72,65,72,72,72,72,72,72,63,63,67,67,67,67,67,67,67,67,72,72,72,72,72,72],"gold":133,"neow_bonus":"NOSTALGIA","is_daily":false,"chose_seed":false,"campfire_upgraded":15,"win_rate":0,"timestamp":1607613295,"path_taken":["M","$","?","?","?","E","?","R","T","?","$","M","$","M","R","BOSS","M","M","$","?","M","E","R","E","T","?","M","$","?","M","R","BOSS","M","?","$","M","?","?","R","?","T","M","R","$","E","?","R","BOSS","R","$","E","BOSS"],"build_version":"2020-11-30","purchased_purges":8,"victory":true,"max_hp_per_floor":[75,75,75,75,75,75,75,75,75,72,72,72,72,72,72,72,72,72,72,72,72,72,72,72,72,72,72,72,72,72,72,72,72,72,72,72,72,72,72,72,72,72,72,72,72,72,72,72,72,72,72,72,72,72,72],"card_choices":[{"not_picked":["RobotSpaceExplorer:ImprovisedAttack","RobotSpaceExplorer:Counterblock","RobotSpaceExplorer:FranticSearch"],"picked":"SKIP","floor":1},{"not_picked":["RobotSpaceExplorer:FrostMissile","RobotSpaceExplorer:Counterblock","RobotSpaceExplorer:DoubleBlock"],"picked":"RobotSpaceExplorer:PlasmaMissile","floor":5},{"not_picked":["RobotSpaceExplorer:ExhaustFan","RobotSpaceExplorer:JunkDive","RobotSpaceExplorer:Accelerator"],"picked":"RobotSpaceExplorer:StarLightning","floor":6},{"not_picked":["RobotSpaceExplorer:SurgingShield","RobotSpaceExplorer:ImprovisedAttack","RobotSpaceExplorer:ShovelStrike"],"picked":"RobotSpaceExplorer:StarLightning","floor":7},{"not_picked":["RobotSpaceExplorer:JunkDive","RobotSpaceExplorer:Pulsar","RobotSpaceExplorer:BigMissile","RobotSpaceExplorer:SwiftStep"],"picked":"SKIP","floor":12},{"not_picked":["RobotSpaceExplorer:ShovelStrike","RobotSpaceExplorer:Counterblock","RobotSpaceExplorer:FranticSearch","RobotSpaceExplorer:TurboDodge","KratosMod:Roll"],"picked":"SKIP","floor":14},{"not_picked":["RobotSpaceExplorer:Counterblock+1","RobotSpaceExplorer:ShovelStrike+1","RobotSpaceExplorer:RigExplosive","RobotSpaceExplorer:LuckyStrike","KratosMod:conjuresoul"],"picked":"SKIP","floor":18},{"not_picked":["RobotSpaceExplorer:MetalStrike","RobotSpaceExplorer:SlimeMissile","RobotSpaceExplorer:FrostMissile","RobotSpaceExplorer:Reload+1"],"picked":"KratosMod:BladeWhip","floor":19},{"not_picked":["RobotSpaceExplorer:RigExplosive","RobotSpaceExplorer:ScrapMissile","RobotSpaceExplorer:GlueShot+1","RobotSpaceExplorer:ShockKick"],"picked":"KratosMod:Tempor","floor":21},{"not_picked":["RobotSpaceExplorer:ToxicBomb","RobotSpaceExplorer:Electropulse","RobotSpaceExplorer:ShockKick","KratosMod:Roll"],"picked":"RobotSpaceExplorer:MiniDrones+1","floor":22},{"not_picked":["RobotSpaceExplorer:RigExplosive","RobotSpaceExplorer:Exploration+1","RobotSpaceExplorer:ScrapMissile","RobotSpaceExplorer:Pulsar","KratosMod:Endure"],"picked":"SKIP","floor":23},{"not_picked":["RobotSpaceExplorer:GlueShot","RobotSpaceExplorer:FranticSearch","RobotSpaceExplorer:Discharger","RobotSpaceExplorer:StunGrenade","KratosMod:Endure"],"picked":"SKIP","floor":25},{"not_picked":["RobotSpaceExplorer:Jetpack","RobotSpaceExplorer:ScrapMissile","RobotSpaceExplorer:StunGrenade+1","RobotSpaceExplorer:StarDust","KratosMod:SmashStone"],"picked":"SKIP","floor":28},{"not_picked":["RobotSpaceExplorer:PlasmaMissile","RobotSpaceExplorer:Pulsar","RobotSpaceExplorer:ExhaustFan","RobotSpaceExplorer:GlueShot","KratosMod:conjuresoul"],"picked":"SKIP","floor":31},{"not_picked":["RobotSpaceExplorer:Electroshield+1","RobotSpaceExplorer:Counterblock+1","RobotSpaceExplorer:SurgingShield+1","RobotSpaceExplorer:ShovelStrike+1","KratosMod:settle"],"picked":"SKIP","floor":35},{"not_picked":["Transmutation","MostiFishMod:BrokenBlackCloak","jedi:LeechingStrike","Feint"],"picked":"Panache","floor":37},{"not_picked":["Sharp Hide","PlatinumSkin","StuffTheSpire:FreeRealEstate","Madness"],"picked":"Bandage Up","floor":37},{"not_picked":["ReplayUltimateDefense","hubris:Insight","StuffTheSpire:PlasmaPulse","Thinking Ahead"],"picked":"Bandage Up","floor":37},{"not_picked":["RobotSpaceExplorer:GlueShot+1","RobotSpaceExplorer:SlimeMissile+1","RobotSpaceExplorer:DroneSwarm+1","RobotSpaceExplorer:Calculate","KratosMod:conjuresoul"],"picked":"SKIP","floor":38},{"not_picked":["RobotSpaceExplorer:Smokescreen+1","RobotSpaceExplorer:MetalStrike","RobotSpaceExplorer:Probe","KratosMod:BladeWhip"],"picked":"RobotSpaceExplorer:MiniDrones","floor":39},{"not_picked":[],"picked":"Bandage Up","floor":42},{"not_picked":["RobotSpaceExplorer:SurgingShield+1","RobotSpaceExplorer:DoubleBlock+1","RobotSpaceExplorer:Counterblock","RobotSpaceExplorer:ShockKick","KratosMod:ShieldBash"],"picked":"SKIP","floor":42},{"not_picked":[],"picked":"Panacea","floor":44},{"not_picked":["RobotSpaceExplorer:Counterblock","RobotSpaceExplorer:Asteroid+1","RobotSpaceExplorer:Blitz","KratosMod:Endure"],"picked":"RobotSpaceExplorer:MiniDrones","floor":44},{"not_picked":["RobotSpaceExplorer:FrostMissile+1","RobotSpaceExplorer:SlimeMissile","RobotSpaceExplorer:ShockKick","RobotSpaceExplorer:SwiftStep+1","KratosMod:conjuresoul"],"picked":"SKIP","floor":47},{"not_picked":["RobotSpaceExplorer:SwiftStep+1","RobotSpaceExplorer:Pulsar+1","RobotSpaceExplorer:Ammunition+1","RobotSpaceExplorer:SurgingStrike+1","KratosMod:Endure"],"picked":"SKIP","floor":54}],"player_experience":551144,"relics_obtained":[{"floor":1,"key":"Question Card"},{"floor":5,"key":"DeathKnight:PutricidesVial"},{"floor":6,"key":"qcfpunch:Handcuffs"},{"floor":9,"key":"qcfpunch:Necklace_of_Skulls"},{"floor":16,"key":"ImportantClient"},{"floor":21,"key":"Red Mask"},{"floor":23,"key":"Dota2Spire:MantaStyle"},{"floor":25,"key":"Counterbalance"},{"floor":31,"key":"wanderingMiniBosses:Inkheart"},{"floor":39,"key":"qcfpunch:Duffel_Bag"},{"floor":43,"key":"aspiration:StickyExplosives_weak"},{"floor":47,"key":"Vajra"},{"floor":47,"key":"jedi:firstaidkit"},{"floor":54,"key":"SpikesRelics:DaevaFist"}],"event_choices":[{"damage_healed":0,"gold_gain":0,"player_choice":"UP UP ","damage_taken":29,"relics_obtained":[],"max_hp_gain":0,"max_hp_loss":0,"event_name":"betterSkull:BetterSkull","floor":3,"gold_loss":0,"cards_upgraded":["RobotSpaceExplorer:Defend","RobotSpaceExplorer:Strike"]},{"damage_healed":0,"gold_gain":0,"player_choice":"Fought Bandits","damage_taken":0,"max_hp_gain":0,"max_hp_loss":0,"event_name":"Masked Bandits","floor":21,"gold_loss":0},{"damage_healed":0,"gold_gain":0,"player_choice":"Upgraded Two","damage_taken":0,"max_hp_gain":0,"max_hp_loss":0,"event_name":"Designer","floor":27,"gold_loss":40,"cards_upgraded":["RobotSpaceExplorer:Scan","RobotSpaceExplorer:StarLightning"]},{"damage_healed":0,"gold_gain":0,"player_choice":"Fight","damage_taken":0,"max_hp_gain":0,"max_hp_loss":0,"event_name":"MindBloom","floor":39,"gold_loss":0},{"damage_healed":0,"gold_gain":0,"player_choice":"Embrace Madness","damage_taken":9,"max_hp_gain":0,"max_hp_loss":0,"event_name":"Winding Halls","floor":40,"gold_loss":0,"cards_obtained":["Madness","Madness"]},{"damage_healed":0,"gold_gain":0,"player_choice":"Ignored","damage_taken":0,"max_hp_gain":0,"max_hp_loss":0,"event_name":"SecretPortal","floor":48,"gold_loss":0}],"is_beta":false,"boss_relics":[{"not_picked":["Pandora\u0027s Box","halation:ForbiddenBikini"],"picked":"PatriotShield"},{"not_picked":["halation:LoveArrow","Replay:Drink Me"],"picked":"relicPack:KazumaCape"}],"items_purged_floors":[10,11,11,13,20,29,37,53],"is_endless":false,"potions_floor_spawned":[5,12,19,22,28,31,33,38,44],"ascension_level":0}}