{"host":"3j2m8n0ywf988fwb","time":1607579725,"event":{"gold_per_floor":[115,115,115,128,138,172,172,187,214,226,272,284,325,349,361,373,373],"floor_reached":16,"playtime":484,"items_purged":[],"score":168,"play_id":"18162482-9607-4fcc-b476-5b64db819e71","local_time":"20201209235525","is_ascension_mode":true,"campfire_choices":[{"data":"Neutralize","floor":7,"key":"SMITH"},{"data":"hubris:SlightOfHand","floor":15,"key":"SMITH"}],"neow_cost":"NONE","seed_source_timestamp":260459284079400,"circlet_count":0,"master_deck":["Strike_G","Strike_G","Strike_G","Strike_G","Strike_G","Defend_G","Defend_G","Defend_G","Defend_G","Defend_G","Survivor","Neutralize+1","Dagger Throw","Regret","Slice","Dash","Hidden Blade","hubris:SlightOfHand+1","Blade Dance","Cloak And Dagger"],"relics":["Ring of the Snake","NeowsBlessing","StuffTheSpire:RedRose","PreservedInsect","MawBank","Dream Catcher","Byrd Skull"],"potions_floor_usage":[6,6,11,16],"damage_taken":[{"damage":0,"enemies":"Jaw Worm","floor":1,"turns":1},{"damage":0,"enemies":"2 Louse","floor":4,"turns":1},{"damage":0,"enemies":"Cultist","floor":5,"turns":1},{"damage":25,"enemies":"Gremlin Nob","floor":6,"turns":5},{"damage":0,"enemies":"Blue Slaver","floor":8,"turns":4},{"damage":17,"enemies":"Lagavulin","floor":11,"turns":5},{"damage":12,"enemies":"3 Sentries","floor":13,"turns":7},{"damage":10,"enemies":"3 Louse","floor":14,"turns":4},{"damage":55,"enemies":"Slime Boss","floor":16,"turns":7}],"seed_played":"-266339335023102234","potions_obtained":[{"floor":3,"key":"GhostInAJar"},{"floor":3,"key":"conspire:TimeTravelPotion"},{"floor":3,"key":"ColorlessPotion"},{"floor":6,"key":"SteroidPotion"},{"floor":14,"key":"Energy Potion"}],"is_trial":false,"path_per_floor":["M","?","?","M","M","E","R","M","T","$","E","?","E","M","R","B"],"character_chosen":"THE_SILENT","items_purchased":[],"campfire_rested":0,"item_purchase_floors":[],"current_hp_per_floor":[63,63,63,63,63,60,60,60,60,60,43,66,54,44,44,0,0],"gold":373,"neow_bonus":"THREE_ENEMY_KILL","is_prod":false,"is_daily":false,"chose_seed":false,"campfire_upgraded":2,"win_rate":0,"timestamp":1607579725,"path_taken":["M","?","?","M","?","E","R","M","T","$","E","?","E","M","R","BOSS"],"build_version":"2020-11-30","purchased_purges":0,"victory":false,"max_hp_per_floor":[70,70,70,70,70,70,70,70,70,70,70,70,70,70,70,70,70],"relic_stats":{"Dream Catcher":0,"counters":[9,35],"PreservedInsect":61,"MawBank":84,"obtain_stats":[{"Dream Catcher":11,"NeowsBlessing":0,"PreservedInsect":6,"StuffTheSpire:RedRose":2,"MawBank":9,"Byrd Skull":13,"Ring of the Snake":0},{"Dream Catcher":6,"NeowsBlessing":0,"PreservedInsect":4,"StuffTheSpire:RedRose":1,"MawBank":5,"Byrd Skull":7,"Ring of the Snake":0},{"Dream Catcher":17,"NeowsBlessing":0,"PreservedInsect":8,"StuffTheSpire:RedRose":1,"MawBank":12,"Byrd Skull":24,"Ring of the Snake":0}],"Ring of the Snake":[18]},"card_choices":[{"not_picked":["StuffTheSpire:BumpUp","Quick Slash"],"picked":"Dagger Throw","floor":1},{"not_picked":["hubris:Counter","Underhanded Strike"],"picked":"Slice","floor":4},{"not_picked":["Underhanded Strike","StuffTheSpire:Repulse","Poisoned Stab"],"picked":"SKIP","floor":5},{"not_picked":["StuffTheSpire:Incursion","Predator"],"picked":"Dash","floor":6},{"not_picked":["Masterful Stab","hubris:SlightOfHand"],"picked":"Hidden Blade","floor":8},{"not_picked":["Toxin Wave","Poisoned Stab"],"picked":"hubris:SlightOfHand","floor":11},{"not_picked":["Riddle With Holes","Quick Slash"],"picked":"Blade Dance","floor":13},{"not_picked":["Corpse Explosion","hubris:TrickCloak"],"picked":"Cloak And Dagger","floor":14}],"player_experience":958531,"relics_obtained":[{"floor":6,"key":"PreservedInsect"},{"floor":9,"key":"MawBank"},{"floor":11,"key":"Dream Catcher"},{"floor":13,"key":"Byrd Skull"}],"event_choices":[{"damage_healed":0,"gold_gain":0,"player_choice":"Got Potions","damage_taken":0,"max_hp_gain":0,"max_hp_loss":0,"event_name":"Lab","floor":3,"gold_loss":0},{"damage_healed":23,"gold_gain":0,"player_choice":"Banana","damage_taken":0,"max_hp_gain":0,"max_hp_loss":0,"event_name":"Big Fish","floor":12,"gold_loss":0}],"is_beta":false,"boss_relics":[],"items_purged_floors":[],"is_endless":false,"potions_floor_spawned":[5,6,14],"killed_by":"Slime Boss","ascension_level":8}}