{"host":"c6uvvgqwlxq4k23y","time":1607597296,"event":{"gold_per_floor":[112,125,140,150,150,185,185,185,239,239,239,253,139,139,139,239,239,251,262,262,101,101,101,101,126,126,144,144,144,157,173,173,276,276,296,296,296,35,35,35,55,84,84,98,98,98,24,0,0,0],"floor_reached":51,"playtime":1166,"items_purged":["Strike_G"],"score":716,"play_id":"57954bdf-ca66-4e64-960d-1d0cf230bac5","local_time":"20201210194816","is_ascension_mode":false,"campfire_choices":[{"data":"Glass Knife","floor":7.0,"key":"SMITH"},{"data":"Blade Dance","floor":11.0,"key":"SMITH"},{"floor":15.0,"key":"REST"},{"data":"Accuracy","floor":24.0,"key":"SMITH"},{"floor":29.0,"key":"REST"},{"floor":32.0,"key":"REST"},{"data":"Cloak And Dagger","floor":40.0,"key":"SMITH"},{"data":"Accuracy","floor":45.0,"key":"SMITH"},{"data":"Accuracy","floor":49.0,"key":"SMITH"}],"neow_cost":"NONE","seed_source_timestamp":0,"circlet_count":0,"master_deck":["Survivor","Neutralize+1","Blade Dance+1","Blade Dance","Glass Knife+1","Footwork","A Thousand Cuts","Die Die Die","Choke","Escape Plan","Finisher","Footwork","Accuracy+1","Accuracy+1","Finesse","Envenom","Dodge and Roll","Leg Sweep","Venomology","Cloak And Dagger","Cloak And Dagger+1","Accuracy","Violence","Dodge and Roll","Deflect","Escape Plan+1","Accuracy+1"],"special_seed":0,"relics":["Ring of the Snake","Juzu Bracelet","Omamori","Pandora\u0027s Box","White Beast Statue","Molten Egg 2","SacredBark","DollysMirror","Bottled Tornado","Mercury Hourglass","Red Mask"],"potions_floor_usage":[50,50,50],"damage_taken":[{"damage":2.0,"enemies":"Small Slimes","floor":1.0,"turns":4.0},{"damage":0.0,"enemies":"Jaw Worm","floor":2.0,"turns":3.0},{"damage":0.0,"enemies":"2 Louse","floor":3.0,"turns":2.0},{"damage":3.0,"enemies":"Large Slime","floor":4.0,"turns":5.0},{"damage":20.0,"enemies":"Gremlin Nob","floor":6.0,"turns":4.0},{"damage":0.0,"enemies":"Exordium Wildlife","floor":12.0,"turns":3.0},{"damage":8.0,"enemies":"The Guardian","floor":16.0,"turns":17.0},{"damage":6.0,"enemies":"2 Thieves","floor":18.0,"turns":2.0},{"damage":7.0,"enemies":"Chosen","floor":19.0,"turns":4.0},{"damage":19.0,"enemies":"Slavers","floor":25.0,"turns":3.0},{"damage":30.0,"enemies":"Shelled Parasite and Fungi","floor":27.0,"turns":4.0},{"damage":8.0,"enemies":"Centurion and Healer","floor":30.0,"turns":3.0},{"damage":19.0,"enemies":"Cultist and Chosen","floor":31.0,"turns":5.0},{"damage":22.0,"enemies":"Automaton","floor":33.0,"turns":6.0},{"damage":20.0,"enemies":"3 Darklings","floor":35.0,"turns":4.0},{"damage":15.0,"enemies":"3 Shapes","floor":41.0,"turns":6.0},{"damage":16.0,"enemies":"Reptomancer","floor":42.0,"turns":5.0},{"damage":0.0,"enemies":"Sphere and 2 Shapes","floor":44.0,"turns":7.0},{"damage":59,"enemies":"Awakened One","floor":50,"turns":11}],"seed_played":"-186243617716896194","potions_obtained":[{"floor":3.0,"key":"Poison Potion"},{"floor":16.0,"key":"Swift Potion"},{"floor":18.0,"key":"SteroidPotion"},{"floor":25.0,"key":"Dexterity Potion"},{"floor":27.0,"key":"Energy Potion"},{"floor":30.0,"key":"DistilledChaos"},{"floor":31.0,"key":"BlessingOfTheForge"},{"floor":33.0,"key":"CunningPotion"},{"floor":35.0,"key":"Explosive Potion"},{"floor":41.0,"key":"Fire Potion"},{"floor":42.0,"key":"GamblersBrew"}],"is_trial":false,"path_per_floor":["M","M","M","M","?","E","R","?","T","?","R","M","$","?","R","B",null,"M","M","?","$","?","$","R","E","T","M","?","R","M","M","R","B",null,"M","$","?","$","?","R","M","E","T","M","R","?","$","?","R","B",null],"character_chosen":"THE_SILENT","items_purchased":["Footwork","Accuracy","Finesse","Cloak And Dagger","DollysMirror","Accuracy","Accuracy"],"campfire_rested":3,"item_purchase_floors":[13,21,21,38,38,38,47],"current_hp_per_floor":[68,68,68,65,65,45,45,38,38,24,24,24,24,6,27,19,70,64,57,57,57,57,57,57,38,38,8,8,29,21,2,23,1,70,50,50,50,50,50,50,35,19,19,19,19,66,66,66,66,7],"gold":0,"neow_bonus":"REMOVE_CARD","is_prod":false,"is_daily":false,"chose_seed":false,"campfire_upgraded":6,"win_rate":0,"timestamp":1607597296,"path_taken":["M","M","M","M","?","E","R","?","T","?","R","M","$","?","R","BOSS","M","M","?","$","?","$","R","E","T","M","?","R","M","M","R","BOSS","M","$","?","$","?","R","M","E","T","M","R","?","?","?","R","BOSS"],"build_version":"2020-11-30","purchased_purges":1,"victory":true,"max_hp_per_floor":[70,70,70,70,70,70,70,70,70,70,70,70,70,70,70,70,70,70,70,70,70,70,70,70,70,70,70,70,70,70,70,70,70,70,70,70,66,66,66,66,66,66,66,66,66,66,66,66,66,66],"card_choices":[{"not_picked":["Dodge and Roll","Outmaneuver"],"picked":"Blade Dance","floor":1.0},{"not_picked":["Dagger Throw","Corpse Explosion"],"picked":"Blade Dance","floor":2.0},{"not_picked":["Poisoned Stab","PiercingWail","Sucker Punch"],"picked":"SKIP","floor":3.0},{"not_picked":["Dodge and Roll","Distraction","Backstab"],"picked":"SKIP","floor":4.0},{"not_picked":["Deflect","Expertise"],"picked":"Glass Knife","floor":6.0},{"not_picked":["Deflect","Outmaneuver","Slice"],"picked":"SKIP","floor":12.0},{"not_picked":["Night Terror","Wraith Form v2"],"picked":"A Thousand Cuts","floor":16.0},{"not_picked":["Heel Hook","Poisoned Stab"],"picked":"Accuracy","floor":18.0},{"not_picked":["Flying Knee","Slice","Deadly Poison+1"],"picked":"SKIP","floor":19.0},{"not_picked":["Prepared","Flying Knee"],"picked":"Envenom","floor":25.0},{"not_picked":["Quick Slash+1","Dagger Throw+1","Bane+1"],"picked":"SKIP","floor":27.0},{"not_picked":["Endless Agony+1","Crippling Poison"],"picked":"Dodge and Roll","floor":30.0},{"not_picked":["Dagger Spray+1","Prepared"],"picked":"Leg Sweep","floor":31.0},{"not_picked":["Unload+1","Night Terror"],"picked":"Venomology","floor":33.0},{"not_picked":["Concentrate","Underhanded Strike+1","Tactician"],"picked":"SKIP","floor":35.0},{"not_picked":["Deep Breath","Jack Of All Trades"],"picked":"Violence","floor":39.0},{"not_picked":["Caltrops","Deadly Poison"],"picked":"Dodge and Roll","floor":41.0},{"not_picked":["Slice+1","Deadly Poison"],"picked":"Deflect","floor":42.0},{"not_picked":["Deadly Poison","Outmaneuver+1"],"picked":"Escape Plan+1","floor":44.0}],"player_experience":319597,"relics_obtained":[{"floor":9.0,"key":"Juzu Bracelet"},{"floor":25.0,"key":"White Beast Statue"},{"floor":26.0,"key":"Molten Egg 2"},{"floor":42.0,"key":"Bottled Tornado"},{"floor":43.0,"key":"Mercury Hourglass"}],"event_choices":[{"cards_removed":["Strike_G"],"damage_healed":0.0,"max_hp_gain":0.0,"max_hp_loss":0.0,"gold_gain":0.0,"event_name":"Living Wall","player_choice":"Forget","floor":5.0,"gold_loss":0.0,"damage_taken":0.0},{"cards_removed":["Strike_G"],"damage_healed":0.0,"max_hp_gain":0.0,"max_hp_loss":0.0,"gold_gain":0.0,"event_name":"Golden Wing","player_choice":"Card Removal","floor":8.0,"gold_loss":0.0,"damage_taken":7.0},{"damage_healed":0.0,"max_hp_gain":0.0,"max_hp_loss":0.0,"gold_gain":0.0,"event_name":"Shining Light","player_choice":"Entered Light","floor":10.0,"gold_loss":0.0,"damage_taken":14.0,"cards_upgraded":["Defend_G","Neutralize"]},{"damage_healed":0.0,"max_hp_gain":0.0,"max_hp_loss":0.0,"gold_gain":0.0,"event_name":"Scrap Ooze","player_choice":"Success","floor":14.0,"gold_loss":0.0,"damage_taken":18.0,"relics_obtained":["Omamori"]},{"damage_healed":0.0,"max_hp_gain":0.0,"max_hp_loss":0.0,"gold_gain":0.0,"event_name":"Cursed Tome","player_choice":"Ignored","floor":20.0,"gold_loss":0.0,"damage_taken":0.0},{"cards_removed":["Well Laid Plans"],"damage_healed":0.0,"max_hp_gain":0.0,"max_hp_loss":0.0,"gold_gain":0.0,"event_name":"Back to Basics","player_choice":"Elegance","floor":22.0,"gold_loss":0.0,"damage_taken":0.0},{"damage_healed":0.0,"max_hp_gain":0.0,"max_hp_loss":0.0,"gold_gain":0.0,"event_name":"Forgotten Altar","player_choice":"Smashed Altar","floor":28.0,"gold_loss":0.0,"damage_taken":0.0,"cards_obtained":["Decay"]},{"damage_healed":0.0,"max_hp_gain":0.0,"max_hp_loss":4.0,"gold_gain":0.0,"event_name":"Winding Halls","player_choice":"Max HP","floor":37.0,"gold_loss":0.0,"damage_taken":0.0},{"damage_healed":0.0,"max_hp_gain":0.0,"max_hp_loss":0.0,"gold_gain":0.0,"event_name":"SensoryStone","player_choice":"Memory 1","floor":39.0,"gold_loss":0.0,"damage_taken":0.0},{"damage_healed":47.0,"max_hp_gain":0.0,"max_hp_loss":0.0,"gold_gain":0.0,"event_name":"MindBloom","player_choice":"Heal","floor":46.0,"gold_loss":0.0,"damage_taken":0.0,"cards_obtained":["Doubt"]},{"damage_healed":0.0,"max_hp_gain":0.0,"max_hp_loss":0.0,"gold_gain":0.0,"event_name":"Tomb of Lord Red Mask","player_choice":"Paid","floor":48.0,"gold_loss":24.0,"damage_taken":0.0,"relics_obtained":["Red Mask"]}],"is_beta":false,"boss_relics":[{"not_picked":["Runic Pyramid","Ectoplasm"],"picked":"Pandora\u0027s Box"},{"not_picked":["Black Star","SlaversCollar"],"picked":"SacredBark"}],"items_purged_floors":[13],"is_endless":false,"potions_floor_spawned":[3,16,18,25,27,30,31,33,35,41,42,44],"ascension_level":0}}