{"host":"0vkf1k7bkmi4whcf","time":1607600935,"event":{"gold_per_floor":[14,14,28,28,28,28,39,49,49,77,227,227,47,82,82,156,156,176,266,31,31,50,50,60,60,85,85,85,85],"floor_reached":28,"playtime":1430,"items_purged":["Doubt"],"score":414,"play_id":"9672e030-663a-48b6-92f6-1e8dec3e8aaf","local_time":"20201210124855","is_ascension_mode":true,"campfire_choices":[{"floor":6,"key":"REST"},{"floor":12,"key":"REST"},{"floor":15,"key":"REST"},{"data":"DimensionStaggered_purple","floor":23,"key":"SMITH"},{"data":"Monsters_DoubleDeathButterfly_purple","floor":25,"key":"SMITH"},{"data":"Boundary_ObjectiveBoundary_purple","floor":27,"key":"SMITH"}],"neow_cost":"NO_GOLD","seed_source_timestamp":293365531100,"circlet_count":0,"master_deck":["AscendersBane","AT_purpleEX","AT_purpleEX","AT_purpleEX","AT_purpleEX+1","Defend_purpleEX","Defend_purpleEX","Defend_purpleEX","Defend_purpleEX","Observe_purple_1","Observe_purple_2","ContainerChange_purple","RealityDreamConfluencek_purple","ExistenceContinue_purple","Worldmountain_purple","Mirror_FormAndEmptin_purple","Charmbait_purple","WeekHit_purple+1","MeetDecomposer_purple","DimensionStaggered_purple+1","Monsters_DoubleDeathButterfly_purple+1","OmniscientAndOmnipotent_Monster_purple","Boundary_ObjectiveBoundary_purple+1","WingOfChimera_purple","Fancifulhole_purple","ExistenceContinue_purple","expansioncontent:SlimeTackle","expansioncontent:BronzeBeam","Shallow_ocean_purpleEX","RealityDreamConfluencek_purple","CommonSense_AntiCommonSense_purple","AdvanceAttack_purple","DarkRealmRedLine_purple","RealityDreamConfluencek_purple"],"relics":["Boundary_crack","Memoryfragments_purpleEX","Calipers","Bronze Scales","DemoMod:LamentConfigurum","Silver_Glasses","MealTicket"],"potions_floor_usage":[16,16,28],"damage_taken":[{"damage":5,"enemies":"2 Louse","floor":1,"turns":4},{"damage":12,"enemies":"Small Slimes","floor":3,"turns":5},{"damage":2,"enemies":"Cultist","floor":7,"turns":4},{"damage":6,"enemies":"3 Louse","floor":8,"turns":6},{"damage":30,"enemies":"Lagavulin","floor":10,"turns":8},{"damage":32,"enemies":"3 Sentries","floor":14,"turns":9},{"damage":19,"enemies":"Slime Boss","floor":16,"turns":17},{"damage":9,"enemies":"Spheric Guardian","floor":18,"turns":5},{"damage":3,"enemies":"Chosen","floor":22,"turns":4},{"damage":0,"enemies":"Snecko","floor":24,"turns":4},{"damage":58,"enemies":"Gremlin Leader","floor":28,"turns":6}],"seed_played":"7917233303345291841","potions_obtained":[{"floor":3,"key":"AttackPotion"},{"floor":8,"key":"SpeedPotion"},{"floor":16,"key":"SpeedPotion"},{"floor":24,"key":"Strength Potion"}],"is_trial":false,"path_per_floor":["M","?","M","?","?","R","M","M","T","E","?","R","$","E","R","B",null,"M","?","$","?","M","R","M","R","T","R","E"],"character_chosen":"Youkari","items_purchased":["OmniscientAndOmnipotent_Monster_purple","Boundary_ObjectiveBoundary_purple","Shallow_ocean_purpleEX","RealityDreamConfluencek_purple","CommonSense_AntiCommonSense_purple","AdvanceAttack_purple"],"campfire_rested":3,"item_purchase_floors":[13,13,20,20,20,20],"current_hp_per_floor":[58,58,49,29,34,53,55,54,54,26,26,45,45,18,38,19,55,48,23,23,36,42,42,52,52,52,52,0,0],"gold":85,"neow_bonus":"THREE_RARE_CARDS","is_prod":false,"is_daily":false,"chose_seed":false,"campfire_upgraded":3,"win_rate":0,"timestamp":1607600935,"path_taken":["M","?","M","?","?","R","M","?","T","E","?","R","?","E","R","BOSS","M","?","?","?","M","R","M","R","T","R","E"],"build_version":"2020-11-30","purchased_purges":1,"victory":false,"max_hp_per_floor":[65,65,65,65,65,65,65,65,65,65,65,65,65,67,67,67,67,67,67,67,67,67,67,67,67,67,67,67,67],"relic_stats":{"counters":[11,72],"Bronze Scales":[123],"MealTicket":0,"obtain_stats":[{"Calipers":9,"Bronze Scales":10,"DemoMod:LamentConfigurum":14,"MealTicket":26,"DemoMod:GlassGuonStoneRelic":3,"Boundary_crack":0,"Memoryfragments_purpleEX":0,"Silver_Glasses":17},{"Calipers":4,"Bronze Scales":5,"DemoMod:LamentConfigurum":6,"MealTicket":10,"DemoMod:GlassGuonStoneRelic":2,"Boundary_crack":0,"Memoryfragments_purpleEX":0,"Silver_Glasses":7},{"Calipers":19,"Bronze Scales":27,"DemoMod:LamentConfigurum":36,"MealTicket":66,"DemoMod:GlassGuonStoneRelic":9,"Boundary_crack":0,"Memoryfragments_purpleEX":0,"Silver_Glasses":53}]},"card_choices":[{"not_picked":["Computing_the_future_purpleEX","KnowledgeAbilityRealm_purple"],"picked":"ContainerChange_purple","floor":0},{"not_picked":["Realm_recovery_purpleEX","Mirror_FormAndEmptin_purple"],"picked":"RealityDreamConfluencek_purple","floor":1},{"not_picked":["Erosivefilter_purple","MonsterNeedle_purple"],"picked":"WeekHit_purple","floor":3},{"not_picked":["Umbrella_purple","OpenedBox_purple"],"picked":"MeetDecomposer_purple","floor":7},{"not_picked":["FragmentationRealm_purple","SharpContractionReality_purple"],"picked":"DimensionStaggered_purple","floor":8},{"not_picked":["Mirror_FormAndEmptin_purple","StateDuplicate_purple"],"picked":"Monsters_DoubleDeathButterfly_purple","floor":10},{"not_picked":["Umbrella_purple","SfantasyHide_purple"],"picked":"WingOfChimera_purple","floor":14},{"not_picked":["D_absorption_purple","Boundary_LifeAndDeath_purple"],"picked":"Fancifulhole_purple","floor":16},{"not_picked":["Mirror_FormAndEmptin_purple","Boundary_ObjectiveBoundary_purple"],"picked":"ExistenceContinue_purple","floor":18},{"not_picked":["MeetDecomposer_purple","Mirror_WaveAndshot_purple"],"picked":"DarkRealmRedLine_purple","floor":22},{"not_picked":["Shallow_ocean_purpleEX","MonsterNeedle_purple"],"picked":"RealityDreamConfluencek_purple","floor":24}],"player_experience":698625,"relics_obtained":[{"floor":9,"key":"Calipers"},{"floor":10,"key":"Bronze Scales"},{"floor":14,"key":"DemoMod:LamentConfigurum"},{"floor":26,"key":"MealTicket"}],"event_choices":[{"damage_healed":49,"gold_gain":0,"player_choice":"Upgrade","damage_taken":20,"max_hp_gain":0,"max_hp_loss":65,"event_name":"betterThird:BetterShining","floor":4,"gold_loss":0,"cards_upgraded":["WeekHit_purple","AT_purpleEX"]},{"cards_removed":["ExistenceContinue_purple"],"damage_healed":5,"gold_gain":0,"player_choice":"Offered Common","damage_taken":0,"max_hp_gain":0,"max_hp_loss":0,"event_name":"Bonfire Elementals","floor":5,"gold_loss":0},{"cards_removed":["ExistenceContinue_purple"],"damage_healed":5,"gold_gain":0,"player_choice":"Offered Special","damage_taken":0,"max_hp_gain":0,"max_hp_loss":0,"event_name":"Bonfire Elementals","floor":5,"gold_loss":0},{"damage_healed":0,"gold_gain":150,"player_choice":"AGREE","damage_taken":77,"max_hp_gain":0,"max_hp_loss":0,"event_name":"betterThird:BetterSerpent","floor":11,"gold_loss":0},{"damage_healed":0,"gold_gain":90,"player_choice":"CARD GOLD CARD ","damage_taken":25,"max_hp_gain":0,"max_hp_loss":0,"event_name":"Knowing Skull","floor":19,"potions_obtained":[],"gold_loss":0,"cards_obtained":["expansioncontent:SlimeTackle","expansioncontent:BronzeBeam"]},{"damage_healed":13,"gold_gain":0,"player_choice":"Heal","damage_taken":0,"max_hp_gain":0,"max_hp_loss":0,"event_name":"The Library","floor":21,"gold_loss":0}],"is_beta":false,"boss_relics":[{"not_picked":["Snecko Eye","Sozu"],"picked":"Silver_Glasses"}],"items_purged_floors":[13],"is_endless":false,"potions_floor_spawned":[3,8,14,16,24],"killed_by":"Gremlin Leader","ascension_level":17}}