{"host":"m7puq4mk16tgc6yn","time":1607594347,"event":{"gold_per_floor":[115,125,125,141,18,349,349,299,299,331,331,343,377,392,392,488,488,499,414,431,449,548,548,573,573,573,587,614,628,628,645,645,741,741,757,777,826,841,762,762,146,171,198,198,211,58,108,140,140,140,140],"floor_reached":50,"playtime":1707,"items_purged":["Strike_G","Strike_G"],"score":752,"play_id":"5bcb4853-9a98-4a6e-a58e-998c55cd1e2e","local_time":"20201210015907","is_ascension_mode":true,"campfire_choices":[{"data":"Neutralize","floor":7,"key":"SMITH"},{"data":"Poisoned Stab","floor":11,"key":"SMITH"},{"data":"Catalyst","floor":15,"key":"SMITH"},{"data":"Corpse Explosion","floor":23,"key":"SMITH"},{"data":"Poisoned Stab","floor":25,"key":"SMITH"},{"data":"Leg Sweep","floor":30,"key":"SMITH"},{"floor":32,"key":"REST"},{"data":"Adrenaline","floor":40,"key":"SMITH"},{"data":"Bullet Time","floor":44,"key":"SMITH"},{"floor":49,"key":"RECALL"}],"neow_cost":"NONE","seed_source_timestamp":12891230400400,"circlet_count":0,"master_deck":["Strike_G+1","Strike_G","Defend_G","Defend_G","Defend_G","Defend_G","Defend_G","Survivor","Neutralize+1","Blade Dance+1","Backstab","Poisoned Stab+1","Poisoned Stab+1","Poisoned Stab","Catalyst+1","Corpse Explosion+1","Bullet Time+1","Reflex","Dagger Throw","Blade Dance+1","Dodge and Roll","Leg Sweep+1","Bane+1","Adrenaline+1","PiercingWail+1","Poisoned Stab","Bane","Adrenaline+1","Crippling Poison","Dagger Throw+1","Parasite","Dash+1","Deadly Poison+1","Prepared+1"],"relics":["Ring of the Snake","Orichalcum","Old Coin","Bottled Lightning","Snake Skull","Pen Nib","SlaversCollar","Paper Crane","Ancient Tea Set","InkBottle","The Specimen","Cursed Key","FossilizedHelix","Mercury Hourglass","DollysMirror","Tingsha","Darkstone Periapt","Toolbox","Bird Faced Urn","Potion Belt"],"potions_floor_usage":[6,16,24,27,33,33,33,33,50],"damage_taken":[{"damage":10,"enemies":"Jaw Worm","floor":1,"turns":7},{"damage":0,"enemies":"Small Slimes","floor":2,"turns":5},{"damage":0,"enemies":"Cultist","floor":4,"turns":2},{"damage":2,"enemies":"Lagavulin","floor":6,"turns":5},{"damage":5,"enemies":"Gremlin Nob","floor":10,"turns":3},{"damage":0,"enemies":"Large Slime","floor":12,"turns":4},{"damage":9,"enemies":"3 Sentries","floor":13,"turns":7},{"damage":0,"enemies":"2 Fungi Beasts","floor":14,"turns":1},{"damage":10,"enemies":"The Guardian","floor":16,"turns":4},{"damage":0,"enemies":"3 Byrds","floor":18,"turns":1},{"damage":7,"enemies":"Chosen","floor":20,"turns":4},{"damage":2,"enemies":"Centurion and Healer","floor":21,"turns":2},{"damage":39,"enemies":"Book of Stabbing","floor":24,"turns":6},{"damage":0,"enemies":"Snecko","floor":27,"turns":2},{"damage":0,"enemies":"Gremlin Leader","floor":28,"turns":3},{"damage":6,"enemies":"Chosen and Byrds","floor":29,"turns":3},{"damage":3,"enemies":"Cultist and Chosen","floor":31,"turns":3},{"damage":36,"enemies":"Champ","floor":33,"turns":9},{"damage":0,"enemies":"3 Shapes","floor":35,"turns":2},{"damage":8,"enemies":"3 Darklings","floor":36,"turns":3},{"damage":18,"enemies":"2 Orb Walkers","floor":37,"turns":3},{"damage":8,"enemies":"Transient","floor":38,"turns":5},{"damage":5,"enemies":"Reptomancer","floor":42,"turns":3},{"damage":0,"enemies":"Maw","floor":45,"turns":4},{"damage":0,"enemies":"Mind Bloom Boss Battle","floor":47,"turns":2},{"damage":6,"enemies":"Nemesis","floor":48,"turns":5},{"damage":36,"enemies":"Time Eater","floor":50,"turns":7}],"seed_played":"-3783220086012524106","potions_obtained":[{"floor":4,"key":"BlessingOfTheForge"},{"floor":10,"key":"DuplicationPotion"},{"floor":13,"key":"Weak Potion"},{"floor":20,"key":"CunningPotion"},{"floor":21,"key":"Swift Potion"},{"floor":29,"key":"EntropicBrew"},{"floor":35,"key":"ColorlessPotion"},{"floor":36,"key":"SkillPotion"},{"floor":47,"key":"Block Potion"}],"is_trial":false,"path_per_floor":["M","M","?","M","$","E","R","?","T","E","R","M","E","M","R","B",null,"M","?","M","M","?","R","E","R","T","M","E","M","R","M","R","B",null,"M","M","?","M","?","R","$","E","T","R","M","$","?","E","R","B"],"character_chosen":"THE_SILENT","items_purchased":["Fire Potion","DollysMirror","Tingsha","Crippling Poison","Toolbox"],"campfire_rested":1,"item_purchase_floors":[5,41,41,41,46],"current_hp_per_floor":[60,60,46,46,46,44,44,44,44,39,39,39,30,30,30,20,70,70,70,63,61,61,61,22,22,22,22,22,16,16,13,34,7,70,70,62,44,36,36,36,36,31,37,37,37,37,37,33,33,0,0],"gold":140,"neow_bonus":"RANDOM_COMMON_RELIC","is_prod":false,"is_daily":false,"chose_seed":false,"campfire_upgraded":8,"win_rate":0,"timestamp":1607594347,"path_taken":["M","M","?","M","$","E","R","?","T","E","R","M","E","M","R","BOSS","M","?","M","M","?","R","E","R","T","M","E","M","R","?","R","BOSS","M","M","?","M","?","R","$","E","T","R","?","$","?","E","R","BOSS"],"build_version":"2020-11-30","purchased_purges":2,"victory":false,"max_hp_per_floor":[70,70,70,70,70,70,70,70,70,70,70,70,70,70,70,70,70,70,70,70,70,70,70,70,70,70,70,70,70,70,70,70,70,70,70,70,70,70,70,70,70,70,76,76,76,76,76,76,76,76,76],"relic_stats":{"Darkstone Periapt":6,"counters":[27,105],"Bird Faced Urn":[2],"Tingsha":[31],"Snake Skull":[115],"Pen Nib":[27],"Orichalcum":[282],"Cursed Key":1,"obtain_stats":[{"Darkstone Periapt":42,"Potion Belt":48,"The Specimen":28,"Tingsha":41,"Snake Skull":10,"Pen Nib":13,"Orichalcum":0,"Paper Crane":19,"Ancient Tea Set":24,"Cursed Key":34,"Old Coin":6,"Mercury Hourglass":39,"SlaversCollar":17,"DollysMirror":41,"Bird Faced Urn":47,"Toolbox":46,"Bottled Lightning":9,"InkBottle":26,"FossilizedHelix":37,"Ring of the Snake":0},{"Darkstone Periapt":23,"Potion Belt":26,"The Specimen":15,"Tingsha":22,"Snake Skull":5,"Pen Nib":7,"Orichalcum":0,"Paper Crane":10,"Ancient Tea Set":13,"Cursed Key":18,"Old Coin":4,"Mercury Hourglass":22,"SlaversCollar":9,"DollysMirror":22,"Bird Faced Urn":25,"Toolbox":24,"Bottled Lightning":4,"InkBottle":13,"FossilizedHelix":21,"Ring of the Snake":0},{"Darkstone Periapt":87,"Potion Belt":98,"The Specimen":56,"Tingsha":84,"Snake Skull":22,"Pen Nib":33,"Orichalcum":0,"Paper Crane":39,"Ancient Tea Set":51,"Cursed Key":71,"Old Coin":19,"Mercury Hourglass":84,"SlaversCollar":38,"DollysMirror":84,"Bird Faced Urn":93,"Toolbox":91,"Bottled Lightning":19,"InkBottle":51,"FossilizedHelix":79,"Ring of the Snake":0}],"InkBottle":[26],"Ring of the Snake":[54],"Mercury Hourglass":[71]},"card_choices":[{"not_picked":["Deadly Poison","Prepared"],"picked":"Blade Dance","floor":1},{"not_picked":["Poisoned Stab","Cloak And Dagger"],"picked":"Backstab","floor":2},{"not_picked":["PiercingWail","Endless Agony"],"picked":"Poisoned Stab","floor":4},{"not_picked":["Eviscerate","Heel Hook","Deflect"],"picked":"SKIP","floor":6},{"not_picked":["Flying Knee","Dagger Throw"],"picked":"Poisoned Stab","floor":10},{"not_picked":["Prepared","Distraction"],"picked":"Poisoned Stab","floor":12},{"not_picked":["Prepared","Flying Knee"],"picked":"Catalyst","floor":13},{"not_picked":["Escape Plan","PiercingWail"],"picked":"Corpse Explosion","floor":14},{"not_picked":["Night Terror","Die Die Die"],"picked":"Bullet Time","floor":16},{"not_picked":["Underhanded Strike","Dagger Throw"],"picked":"Reflex","floor":18},{"not_picked":["Outmaneuver","Eviscerate"],"picked":"Dagger Throw","floor":20},{"not_picked":["Leg Sweep","Corpse Explosion"],"picked":"Blade Dance+1","floor":21},{"not_picked":["Slice+1","Deflect"],"picked":"Dodge and Roll","floor":24},{"not_picked":["Endless Agony","Flying Knee+1","Quick Slash"],"picked":"SKIP","floor":27},{"not_picked":["Underhanded Strike+1","Doppelganger"],"picked":"Leg Sweep","floor":28},{"not_picked":["Cloak And Dagger","Dagger Spray"],"picked":"Bane+1","floor":29},{"not_picked":["Slice+1","Bane+1","Accuracy"],"picked":"SKIP","floor":31},{"not_picked":["Tools of the Trade","Venomology"],"picked":"Adrenaline","floor":33},{"not_picked":["Bane","Flying Knee+1"],"picked":"PiercingWail+1","floor":35},{"not_picked":["Acrobatics","Flying Knee+1","Outmaneuver+1"],"picked":"SKIP","floor":36},{"not_picked":["Terror+1","Bane"],"picked":"Poisoned Stab","floor":37},{"not_picked":["Sucker Punch","Slice"],"picked":"Bane","floor":38},{"not_picked":["Acrobatics","Terror"],"picked":"Dagger Throw+1","floor":42},{"not_picked":["Flying Knee","Quick Slash"],"picked":"Dash+1","floor":45},{"not_picked":["Riddle With Holes+1","PiercingWail+1"],"picked":"Deadly Poison+1","floor":47},{"not_picked":["Poisoned Stab","Night Terror"],"picked":"Prepared+1","floor":48}],"player_experience":50751,"relics_obtained":[{"floor":6,"key":"Old Coin"},{"floor":9,"key":"Bottled Lightning"},{"floor":10,"key":"Snake Skull"},{"floor":13,"key":"Pen Nib"},{"floor":24,"key":"Ancient Tea Set"},{"floor":26,"key":"InkBottle"},{"floor":28,"key":"The Specimen"},{"floor":37,"key":"FossilizedHelix"},{"floor":42,"key":"Darkstone Periapt"},{"floor":47,"key":"Bird Faced Urn"},{"floor":48,"key":"Potion Belt"}],"event_choices":[{"damage_healed":0,"gold_gain":0,"player_choice":"Entered Light","damage_taken":14,"max_hp_gain":0,"max_hp_loss":0,"event_name":"Shining Light","floor":3,"gold_loss":0,"cards_upgraded":["Blade Dance","Strike_G"]},{"cards_removed":["Strike_G"],"damage_healed":0,"gold_gain":0,"player_choice":"Card Removal","damage_taken":0,"max_hp_gain":0,"max_hp_loss":0,"event_name":"The Cleric","floor":8,"gold_loss":50},{"damage_healed":0,"gold_gain":0,"player_choice":"Obtained Relic","damage_taken":0,"relics_obtained":["Paper Crane"],"max_hp_gain":0,"max_hp_loss":0,"event_name":"Addict","floor":19,"gold_loss":85},{"damage_healed":0,"gold_gain":99,"player_choice":"Stole From Cult","damage_taken":0,"max_hp_gain":0,"max_hp_loss":0,"event_name":"Nest","floor":22,"gold_loss":0},{"damage_healed":0,"gold_gain":0,"player_choice":"Fight","damage_taken":0,"max_hp_gain":0,"max_hp_loss":0,"event_name":"Mysterious Sphere","floor":37,"gold_loss":0},{"damage_healed":0,"gold_gain":0,"player_choice":"Paid Gold","damage_taken":0,"relics_obtained":["Mercury Hourglass"],"max_hp_gain":0,"max_hp_loss":0,"event_name":"WeMeetAgain","floor":39,"gold_loss":79},{"damage_healed":0,"gold_gain":0,"player_choice":"Fight","damage_taken":0,"max_hp_gain":0,"max_hp_loss":0,"event_name":"MindBloom","floor":47,"gold_loss":0}],"is_beta":false,"boss_relics":[{"not_picked":["HoveringKite","SacredBark"],"picked":"SlaversCollar"},{"not_picked":["Runic Dome","Black Star"],"picked":"Cursed Key"}],"items_purged_floors":[5,41],"is_endless":false,"potions_floor_spawned":[4,10,13,14,20,21,29,35,36,45,47],"killed_by":"Time Eater","ascension_level":3}}