{"host":"6ko66ogg91i6g7xq","time":1607637091,"event":{"mods":["BaseMod","StSLib","Downfall","Hermit","Minty Spire (QoL Compilation)","Relic Stats","AchievementEnabler","Colored Powertips","The Jungle","Quick Restart","Act Like it!","everything is the same but u backflip on backflip","Colored Map"],"gold_per_floor":[109,109,34,34,209,237,237,271,339,339,339],"floor_reached":10,"playtime":170,"items_purged":["Regret"],"score":134,"play_id":"3270b04d-4b52-420a-b909-0451f0c402a9","local_time":"20201210165131","is_ascension_mode":true,"campfire_choices":[{"floor":7,"key":"RECALL"}],"circlet_count":0,"master_deck":["Strike_G","Strike_G","Strike_G","Strike_G","Strike_G","Defend_G","Defend_G","Defend_G","Defend_G","Defend_G","Survivor","Neutralize","Poisoned Stab+1","Doubt","Burst"],"relics":["Ring of the Snake","NeowsBlessing","Art of War","Letter Opener","CeramicFish","The Courier"],"acts_visited":["Exordium"],"potions_floor_usage":[],"damage_taken":[{"damage":0,"enemies":"Jaw Worm","floor":1,"turns":1},{"damage":0,"enemies":"3 Sentries","floor":6,"turns":1},{"damage":0,"enemies":"Lagavulin","floor":8,"turns":1},{"damage":29,"enemies":"3 Sentries","floor":10,"turns":8}],"seed_played":"6481291055043630139","potions_obtained":[],"is_trial":false,"path_per_floor":["M","?","$","?","?","E","R","E","T","E"],"character_chosen":"THE_SILENT","items_purchased":[],"campfire_rested":0,"item_purchase_floors":[],"current_hp_per_floor":[70,70,70,70,70,70,70,70,70,41,41],"gold":339,"neow_bonus":"THREE_ENEMY_KILL","is_daily":false,"chose_seed":false,"campfire_upgraded":0,"win_rate":0.0,"timestamp":1607637091,"path_taken":["M","?","$","?","?","E","R","E","T","E"],"build_version":"2020-11-30","purchased_purges":1,"victory":false,"max_hp_per_floor":[70,70,70,70,70,70,70,70,70,70,70],"relic_stats":{"counters":[4,11],"CeramicFish":9,"Art of War":[3],"Letter Opener":[43],"obtain_stats":[{"NeowsBlessing":0,"CeramicFish":8,"The Courier":9,"Art of War":2,"Letter Opener":6,"Ring of the Snake":0},{"NeowsBlessing":0,"CeramicFish":3,"The Courier":3,"Art of War":1,"Letter Opener":2,"Ring of the Snake":0},{"NeowsBlessing":0,"CeramicFish":3,"The Courier":3,"Art of War":1,"Letter Opener":2,"Ring of the Snake":0}],"Ring of the Snake":[8]},"card_choices":[{"not_picked":["Outmaneuver","Expertise"],"picked":"Poisoned Stab","floor":1},{"not_picked":["Tools of the Trade","Dagger Spray","Masterful Stab"],"picked":"SKIP","floor":6},{"not_picked":["Escape Plan","Distraction"],"picked":"Burst","floor":8}],"player_experience":256023,"relics_obtained":[{"floor":6,"key":"Letter Opener"},{"floor":8,"key":"CeramicFish"},{"floor":9,"key":"The Courier"}],"event_choices":[{"damage_healed":0,"gold_gain":0,"player_choice":"Box","damage_taken":0,"relics_obtained":["Art of War"],"max_hp_gain":0,"max_hp_loss":0,"event_name":"Big Fish","floor":2,"gold_loss":0,"cards_obtained":["Regret"]},{"damage_healed":0,"gold_gain":0,"player_choice":"Grow","damage_taken":0,"max_hp_gain":0,"max_hp_loss":0,"event_name":"Living Wall","floor":4,"gold_loss":0,"cards_upgraded":["Poisoned Stab"]},{"damage_healed":0,"gold_gain":175,"player_choice":"AGREE","damage_taken":0,"max_hp_gain":0,"max_hp_loss":0,"event_name":"Liars Game","floor":5,"gold_loss":0,"cards_obtained":["Doubt"]}],"is_beta":false,"boss_relics":[],"items_purged_floors":[3],"is_endless":false,"potions_floor_spawned":[],"killed_by":"3 Sentries","ascension_level":2}}