{"host":"njb27ds59h4j3ikk","time":1607630359,"event":{"mods":["BaseMod","AchievementEnabler","Shop Mod","BetterRewards","Minty Spire (QoL Compilation)","StSLib","Replay The Spire","Permanent Neow","Quarter Circle Forward PUNCH!","Trackpad","Hubris","Quick Restart","Transform Curses","Rare Cards Sparkle","Better Note","Better Sensory Stone","Better Match","Better Skull","Hermit","Downfall","Better Altar","Better Third Choice"],"gold_per_floor":[110,123,139,152,165,196,196,226,226,252,267,277,277,277,277,375,375,387,387,402,94,94,125,125,164,164,185,258,53,87,109,109,216,216,237,246,18,37,55,55,92,116,189,228,228,228,251,271,271,271,271,271,32,32,32],"floor_reached":54,"playtime":2209,"items_purged":["Pain"],"score":1271,"play_id":"f3185faa-2f41-41e4-9f27-df6dc9db69cc","local_time":"20201210145919","is_ascension_mode":true,"campfire_choices":[{"floor":13.0,"key":"REST"},{"floor":15.0,"key":"REST"},{"floor":32.0,"key":"DIG"},{"floor":40.0,"key":"RECALL"},{"data":"Armaments","floor":45.0,"key":"SMITH"},{"data":"Combust","floor":49.0,"key":"SMITH"},{"data":"Power Through","floor":52.0,"key":"SMITH"}],"circlet_count":0,"master_deck":["Strike_R+1","Strike_R+1","Strike_R+1","Strike_R+1","Strike_R+1","Defend_R+1","Defend_R+1","Defend_R+1","Defend_R+1","Bash","Heavy Blade","Thunderclap","Iron Wave","Cleave","Combust+1","Headbutt","Carnage","Infernal Blade","Pommel Strike","Armaments+1","Double Tap","Pummel","expansioncontent:Flail","Iron Wave+1","Bandage Up","Dropkick","Panacea","True Grit+1","hubris:SharpeningStone+1","Shockwave+1","Run Through","Reaper","Seeing Red+1","Pommel Strike+1","Madness","Madness","ReplayTheSpireMod:Limb From Limb+1","Hemokinesis","Life Link+1","Power Through+1","Flame Barrier+1","ReplayTheSpireMod:Private Reserves"],"special_seed":0,"relics":["Burning Blood","trackpad:Mousetrap","Kunai","hubris:Towel","hubris:ToyBattleship","Bronze Scales","Nunchaku","expansioncontent:StudyCardRelic","Torii","ReplayTheSpireMod:TigerMarble","trackpad:IceCube","Mercury Hourglass","Orichalcum","qcfpunch:Red_Headband","ReplayFunnel","Sozu","WarpedTongs","trackpad:FieryHotPepper","ReplayTheSpireMod:Shallot","Quantum Egg","MerchantsRug","trackpad:Compendium"],"acts_visited":[],"potions_floor_usage":[],"damage_taken":[{"damage":8.0,"enemies":"Small Slimes","floor":1.0,"turns":3.0},{"damage":6.0,"enemies":"Cultist","floor":2.0,"turns":2.0},{"damage":3.0,"enemies":"2 Louse","floor":3.0,"turns":1.0},{"damage":12.0,"enemies":"Looter","floor":4.0,"turns":3.0},{"damage":6.0,"enemies":"3 Louse","floor":5.0,"turns":1.0},{"damage":17.0,"enemies":"Gremlin Nob","floor":6.0,"turns":3.0},{"damage":56.0,"enemies":"Replay:BlueRogue","floor":8.0,"turns":5.0},{"damage":0.0,"enemies":"Gremlin Nob","floor":10.0,"turns":1.0},{"damage":12.0,"enemies":"Large Slime","floor":11.0,"turns":2.0},{"damage":9.0,"enemies":"Red Slaver","floor":12.0,"turns":2.0},{"damage":39.0,"enemies":"Hexaghost","floor":16.0,"turns":7.0},{"damage":11.0,"enemies":"Spheric Guardian","floor":18.0,"turns":2.0},{"damage":22.0,"enemies":"2 Thieves","floor":20.0,"turns":3.0},{"damage":20.0,"enemies":"Replay:Snechameleon","floor":23.0,"turns":3.0},{"damage":3.0,"enemies":"Gremlin Leader","floor":25.0,"turns":6.0},{"damage":0.0,"enemies":"Snecko","floor":27.0,"turns":3.0},{"damage":2.0,"enemies":"Slavers","floor":30.0,"turns":2.0},{"damage":12.0,"enemies":"3 Cultists","floor":31.0,"turns":3.0},{"damage":45.0,"enemies":"Collector","floor":33.0,"turns":10.0},{"damage":5.0,"enemies":"3 Shapes","floor":35.0,"turns":1.0},{"damage":1.0,"enemies":"Orb Walker","floor":38.0,"turns":3.0},{"damage":36.0,"enemies":"Reptomancer","floor":41.0,"turns":5.0},{"damage":0.0,"enemies":"Sphere and 2 Shapes","floor":42.0,"turns":2.0},{"damage":1.0,"enemies":"R_Hoarder","floor":44.0,"turns":5.0},{"damage":5.0,"enemies":"Maw","floor":47.0,"turns":3.0},{"damage":3.0,"enemies":"3 Darklings","floor":48.0,"turns":3.0},{"damage":61.0,"enemies":"hubris:GrandSnecko","floor":50.0,"turns":14.0},{"damage":94,"enemies":"Shield and Spear","floor":54,"turns":3}],"seed_played":"-7250981448131330343","potions_obtained":[{"floor":1.0,"key":"Fire Potion"},{"floor":2.0,"key":"SmokeBomb"},{"floor":4.0,"key":"SteroidPotion"},{"floor":16.0,"key":"hexamod:EctoCoolerPotion"},{"floor":18.0,"key":"FearPotion"},{"floor":23.0,"key":"Swift Potion"},{"floor":31.0,"key":"Adrenaline Potion"},{"floor":33.0,"key":"Energy Potion"}],"is_trial":false,"path_per_floor":["M","M","M","M","M","E","?","E","T","E","M","M","R","?","R","B",null,"M","?","M","$","?","E","?","E","T","M","T","$","E","M","R","B",null,"M","?","$","M","?","R","E","M","T","E","R","T","M","M","R","B",null,"R","$","E"],"character_chosen":"IRONCLAD","items_purchased":["trackpad:Mousetrap","Heavy Blade","LiquidBronze","qcfpunch:Duffel_Bag","Orichalcum","Adrenaline Potion","Lee\u0027s Waffle","MerchantsRug","trackpad:Compendium","ReplayTheSpireMod:Private Reserves"],"campfire_rested":2,"item_purchase_floors":[0,0,0,21,29,29,37,53,53,53],"current_hp_per_floor":[78,78,80,74,74,63,63,13,13,19,13,10,34,34,58,25,66,61,61,45,45,45,31,31,38,38,48,48,48,52,46,46,11,63,64,64,87,87,76,76,58,64,64,87,87,87,87,87,87,44,76,76,76,0,0],"gold":32,"neow_bonus":"","is_daily":false,"chose_seed":false,"campfire_upgraded":3,"win_rate":0,"timestamp":1607630359,"path_taken":["M","M","M","M","M","E","?","E","T","E","M","M","R","?","R","BOSS","M","?","M","$","?","E","?","E","T","M","?","?","E","M","R","BOSS","M","?","$","?","?","R","E","M","T","E","R","?","M","M","R","BOSS","R","$","E"],"build_version":"2020-11-30","purchased_purges":1,"victory":false,"max_hp_per_floor":[80,80,80,80,80,80,80,80,80,80,80,80,80,80,80,80,80,80,80,80,80,80,80,80,80,80,80,80,80,80,80,80,80,80,80,80,87,87,87,87,87,87,87,87,87,87,87,87,87,87,87,87,87,87,87],"card_choices":[{"not_picked":["Rupture","Metallicize"],"picked":"Thunderclap","floor":1.0},{"not_picked":["Clothesline","Intimidate"],"picked":"Iron Wave","floor":2.0},{"not_picked":["Sword Boomerang","Twin Strike"],"picked":"Cleave","floor":3.0},{"not_picked":["Perfected Strike","Ghostly Armor"],"picked":"Combust","floor":4.0},{"not_picked":["Warcry","hubris:ReadiedAction"],"picked":"Headbutt","floor":5.0},{"not_picked":["Thunderclap","Ghostly Armor"],"picked":"Carnage","floor":6.0},{"not_picked":["Warcry","Clothesline"],"picked":"Infernal Blade","floor":8.0},{"not_picked":["Demon Form","Massacre"],"picked":"Pommel Strike","floor":10.0},{"not_picked":["Cleave","Wild Strike"],"picked":"Armaments","floor":11.0},{"not_picked":["ReplayTheSpireMod:Strike From Hell","Eclipse","Combust"],"picked":"SKIP","floor":12.0},{"not_picked":["Exhume","Fiend Fire"],"picked":"Double Tap","floor":16.0},{"not_picked":["True Grit","hubris:ReadiedAction"],"picked":"Pummel","floor":18.0},{"not_picked":["ReplayTheSpireMod:Muscle Training","Searing Blow"],"picked":"Iron Wave+1","floor":20.0},{"not_picked":[],"picked":"Bandage Up","floor":23.0},{"not_picked":["Twin Strike","Eclipse"],"picked":"Dropkick","floor":23.0},{"not_picked":[],"picked":"Panacea","floor":25.0},{"not_picked":["Perfected Strike","Anger"],"picked":"True Grit+1","floor":25.0},{"not_picked":["Sword Boomerang","True Grit+1"],"picked":"hubris:SharpeningStone+1","floor":27.0},{"not_picked":["Flex","Headbutt"],"picked":"Shockwave+1","floor":30.0},{"not_picked":["Clash","Cleave"],"picked":"Run Through","floor":31.0},{"not_picked":["Corruption","Hemogenesis"],"picked":"Reaper","floor":33.0},{"not_picked":["Run Through","Spot Weakness+1"],"picked":"Seeing Red+1","floor":35.0},{"not_picked":["Havoc","True Grit+1"],"picked":"Pommel Strike+1","floor":38.0},{"not_picked":["Shrug It Off+1","Havoc+1"],"picked":"ReplayTheSpireMod:Limb From Limb+1","floor":41.0},{"not_picked":["Cleave+1","Warcry"],"picked":"Hemokinesis","floor":42.0},{"not_picked":["Power Through","Flex+1"],"picked":"Life Link+1","floor":44.0},{"not_picked":["Burning Pact+1","Cleave+1"],"picked":"Power Through","floor":47.0},{"not_picked":["Inflame","Iron Wave"],"picked":"Flame Barrier+1","floor":48.0}],"player_experience":1172891,"relics_obtained":[{"floor":6.0,"key":"Kunai"},{"floor":8.0,"key":"hubris:ToyBattleship"},{"floor":9.0,"key":"Bronze Scales"},{"floor":10.0,"key":"Nunchaku"},{"floor":23.0,"key":"Torii"},{"floor":25.0,"key":"CeramicFish"},{"floor":26.0,"key":"ReplayTheSpireMod:TigerMarble"},{"floor":27.0,"key":"trackpad:IceCube"},{"floor":28.0,"key":"Mercury Hourglass"},{"floor":30.0,"key":"Tiny Chest"},{"floor":30.0,"key":"qcfpunch:Red_Headband"},{"floor":32.0,"key":"ReplayFunnel"},{"floor":41.0,"key":"trackpad:FieryHotPepper"},{"floor":44.0,"key":"ReplayTheSpireMod:Shallot"},{"floor":46.0,"key":"Quantum Egg"}],"event_choices":[{"damage_healed":34.0,"max_hp_gain":0.0,"max_hp_loss":80.0,"gold_gain":0.0,"event_name":"betterThird:BetterShining","player_choice":"Leave","floor":14.0,"gold_loss":0.0,"damage_taken":0.0},{"cards_removed":["Double Tap"],"damage_healed":0.0,"max_hp_gain":0.0,"max_hp_loss":0.0,"gold_gain":0.0,"event_name":"betterNote:BetterNote","player_choice":"Take \u0026 Give","floor":19.0,"gold_loss":0.0,"damage_taken":0.0,"cards_obtained":["expansioncontent:Flail"]},{"damage_healed":0.0,"max_hp_gain":0.0,"max_hp_loss":0.0,"gold_gain":0.0,"event_name":"Ghosts","player_choice":"Ignored","floor":22.0,"gold_loss":0.0,"damage_taken":0.0},{"damage_healed":0.0,"max_hp_gain":0.0,"max_hp_loss":9.0,"gold_gain":0.0,"event_name":"betterThird:BetterWriting","player_choice":"Simplicity","floor":24.0,"gold_loss":0.0,"damage_taken":0.0},{"damage_healed":0.0,"max_hp_gain":0.0,"max_hp_loss":0.0,"gold_gain":0.0,"event_name":"Accursed Blacksmith","player_choice":"Rummage","floor":36.0,"gold_loss":0.0,"damage_taken":0.0,"relics_obtained":["WarpedTongs"],"cards_obtained":["Pain"]},{"damage_healed":0.0,"max_hp_gain":0.0,"max_hp_loss":0.0,"gold_gain":0.0,"event_name":"Winding Halls","player_choice":"Embrace Madness","floor":39.0,"gold_loss":0.0,"damage_taken":11.0,"cards_obtained":["Madness","Madness"]}],"is_beta":false,"boss_relics":[{"not_picked":["ChewingGum","Empty Cage"],"picked":"expansioncontent:StudyCardRelic"},{"not_picked":["Runic Dome","Pandora\u0027s Box"],"picked":"Sozu"}],"items_purged_floors":[37],"is_endless":false,"potions_floor_spawned":[1,2,4,16,18,23,25,31,33,41,44],"killed_by":"Shield and Spear","ascension_level":5}}