{"host":"d1za9dvx43o9v494","time":1607639405,"event":{"mods":["BaseMod","StSLib","Colored Map","Permanent Neow","Better-Laid Plans","Emptier Cage","Minty Spire (QoL Compilation)","Downfall","2.2 Compatiblity"],"gold_per_floor":[99,125,125,159,177,206,259,196,228,269,381,843,873,949,977,1084,1096,1108,1131,1173,1202,1139,1162,1174,1186,1210,1249,941,941,941,941,958,1061,1061,986,986,543,543,633,633,657,657,657,690,709,809,730,748,759,759,759,787,203,203],"floor_reached":53,"playtime":3290,"items_purged":["Regret"],"score":1279,"play_id":"3be33923-70f0-457b-8286-cac2a9280f8e","local_time":"20201211013005","is_ascension_mode":true,"campfire_choices":[{"data":"champ:Taunt","floor":1.0,"key":"SMITH"},{"data":"champ:Circumvent","floor":8.0,"key":"SMITH"},{"floor":18.0,"key":"RECALL"},{"data":"champ:FalseCounter","floor":22.0,"key":"SMITH"},{"data":"champ:FalseCounter","floor":35.0,"key":"SMITH"},{"data":"champ:EnGarde","floor":38.0,"key":"SMITH"},{"data":"champ:EnGarde","floor":42,"key":"SMITH"}],"circlet_count":0,"master_deck":["champ:Strike+1","champ:Strike+1","champ:Strike+1","champ:Defend+1","champ:Defend+1","champ:Defend+1","champ:Defend+1","champ:Execute","champ:Taunt+1","champ:DefensiveStyle","champ:DefensiveStyle","champ:Circumvent+1","champ:EnGarde+1","champ:TornadoPunch","champ:SkillfulDodge+1","champ:DefensiveShout+1","champ:FalseCounter+1","champ:Lariat+1","champ:FalseCounter+1","champ:DefensiveStyle","champ:EnGarde+1"],"special_seed":0,"relics":["champ:ChampionCrown","Guardian:PocketSentry","Art of War","Bottled Tornado","Bottled Lightning","MawBank","downfall:HeartBlessingGreen","Anchor","CloakClasp","Kunai","Runic Pyramid","downfall:HeartBlessingRed","downfall:BrokenWingStatue","downfall:RedIOU","Mummified Hand","Juzu Bracelet","Enchiridion","Singing Bowl","Philosopher\u0027s Stone","champ:DefensiveTrainingManual","HornCleat","Matryoshka","Blood Vial","Oddly Smooth Stone","War Paint","downfall:GremlinWheel","Lantern","champ:FightingForDummies","Toolbox","Chemical X","CaptainsWheel","Bag of Preparation"],"acts_visited":["Exordium","TheCity","TheBeyond","TheEnding"],"potions_floor_usage":[39],"damage_taken":[{"damage":27.0,"enemies":"Lagavulin","floor":2.0,"turns":7.0},{"damage":5.0,"enemies":"Gremlin Nob","floor":4.0,"turns":4.0},{"damage":0.0,"enemies":"Small Slimes","floor":5.0,"turns":3.0},{"damage":4.0,"enemies":"Lagavulin","floor":6.0,"turns":6.0},{"damage":0.0,"enemies":"Jaw Worm","floor":9.0,"turns":3.0},{"damage":5.0,"enemies":"3 Sentries","floor":10.0,"turns":6.0},{"damage":10.0,"enemies":"3 Sentries","floor":11.0,"turns":9.0},{"damage":0.0,"enemies":"Cultist","floor":13.0,"turns":2.0},{"damage":3.0,"enemies":"Lagavulin Event","floor":14.0,"turns":3.0},{"damage":0.0,"enemies":"Large Slime","floor":15.0,"turns":3.0},{"damage":33.0,"enemies":"downfall:Defect","floor":16.0,"turns":6.0},{"damage":8.0,"enemies":"Shell Parasite","floor":19.0,"turns":4.0},{"damage":0.0,"enemies":"Gremlin Leader","floor":20.0,"turns":1.0},{"damage":0.0,"enemies":"3 Byrds","floor":21.0,"turns":1.0},{"damage":0.0,"enemies":"3 Cultists","floor":23.0,"turns":1.0},{"damage":0.0,"enemies":"Snecko","floor":26.0,"turns":3.0},{"damage":6.0,"enemies":"Slavers","floor":27.0,"turns":5.0},{"damage":8.0,"enemies":"downfall:FleeingMerchant","floor":28.0,"turns":4.0},{"damage":0.0,"enemies":"Snake Plant","floor":32.0,"turns":4.0},{"damage":3.0,"enemies":"downfall:Silent","floor":33.0,"turns":9.0},{"damage":0.0,"enemies":"downfall:FleeingMerchant","floor":37.0,"turns":4.0},{"damage":0,"enemies":"Nemesis","floor":44,"turns":9},{"damage":0,"enemies":"3 Darklings","floor":45,"turns":3},{"damage":0,"enemies":"3 Darklings","floor":46,"turns":2},{"damage":0,"enemies":"Orb Walker","floor":48,"turns":2},{"damage":0,"enemies":"3 Darklings","floor":49,"turns":7},{"damage":21,"enemies":"downfall:Watcher","floor":50,"turns":5},{"damage":0,"enemies":"downfall:CharBossMerchant","floor":52,"turns":1}],"seed_played":"-967097036768018544","potions_obtained":[{"floor":2.0,"key":"champ:CounterstrikePotion"},{"floor":4.0,"key":"Explosive Potion"},{"floor":6.0,"key":"Strength Potion"},{"floor":11.0,"key":"champ:OpenerPotion"},{"floor":16.0,"key":"BlessingOfTheForge"},{"floor":44,"key":"Regen Potion"},{"floor":47,"key":"downfall:CursedFountainPotion"}],"is_trial":false,"path_per_floor":["R","E","?","E","M","E","T","R","M","E","?","?","M","?","M","B",null,"R","M","E","M","R","M","T","?","M","E","$","?","?","?","M","B",null,"R","?","$","R","$","?","T","R","?","E","M","?","$","M","M","B",null,"E","$"],"character_chosen":"THE_CHAMP","items_purchased":["Juzu Bracelet","champ:DefensiveStyle","champ:DefensiveTrainingManual","champ:EnGarde","HornCleat","Matryoshka","Lantern","Chemical X","CaptainsWheel","Bag of Preparation"],"campfire_rested":0,"item_purchase_floors":[28,28,37,37,37,39,47,53,53,53],"current_hp_per_floor":[90,63,63,58,58,54,54,54,54,49,39,39,39,36,36,3,90,90,82,82,82,82,82,82,82,82,76,68,52,52,52,54,53,94,104,69,71,71,71,71,71,71,71,75,79,81,110,112,114,113,114,116,116,116],"gold":203,"neow_bonus":"RANDOM_COMMON_RELIC","is_daily":false,"chose_seed":false,"campfire_upgraded":6,"win_rate":0,"timestamp":1607639405,"path_taken":["R","E","?","E","M","E","T","R","M","E","?","?","M","?","M","BOSS","R","M","E","M","R","M","T","?","M","E","$","?","?","?","M","BOSS","R","?","$","R","$","?","T","R","?","E","M","?","?","M","M","BOSS","E","$"],"build_version":"2020-11-30","purchased_purges":1,"victory":false,"max_hp_per_floor":[90,90,90,90,90,90,90,90,90,90,90,90,90,90,90,90,90,90,90,90,90,90,90,90,90,90,90,90,90,90,90,92,94,94,104,104,106,106,106,106,106,106,106,108,110,110,110,112,114,114,114,116,116,116],"card_choices":[{"not_picked":["champ:GladiatorStyle","champ:GladiatorsShout"],"picked":"champ:DefensiveStyle","floor":2.0},{"not_picked":["champ:AdrenalArmor","champ:Aggression"],"picked":"champ:DefensiveStyle","floor":4.0},{"not_picked":["champ:GutPunch","champ:TornadoPunch"],"picked":"champ:Circumvent","floor":5.0},{"not_picked":["champ:BerserkersShout","champ:RageSigil"],"picked":"champ:EnGarde","floor":6.0},{"not_picked":["champ:Circumvent","champ:AdrenalArmor"],"picked":"champ:TornadoPunch","floor":9.0},{"not_picked":["champ:PerfectedStrike","champ:ViciousMockery"],"picked":"champ:SkillfulDodge","floor":10.0},{"not_picked":["champ:DeathBlow","champ:LastStand"],"picked":"champ:DefensiveShout","floor":11.0},{"not_picked":["champ:Circumvent","champ:FightOn"],"picked":"champ:FalseCounter","floor":13.0},{"not_picked":["champ:FanOfKnives","champ:Haymaker","champ:RisingSlash"],"picked":"SKIP","floor":15.0},{"not_picked":["champ:BladeFlurry","champ:Encircle","champ:SwordSigil"],"picked":"SKIP","floor":19.0},{"not_picked":["champ:Haymaker","champ:Backstep"],"picked":"champ:Lariat+1","floor":20.0},{"not_picked":["champ:FocusedBerserking","champ:FlashCut","champ:DefensiveShout"],"picked":"SKIP","floor":21.0},{"not_picked":["champ:StanceDance","champ:EnchantSword"],"picked":"champ:FalseCounter","floor":23.0},{"not_picked":["champ:Haymaker","champ:RisingSlash","champ:CalledShot"],"picked":"SKIP","floor":26.0},{"not_picked":["champ:Riposte","champ:EnGarde","champ:HeartStrike+1"],"picked":"SKIP","floor":27.0},{"not_picked":["champ:Devastate","champ:RageSigil+1","champ:SwordThrow"],"picked":"SKIP","floor":28.0},{"not_picked":["champ:StanceDance+1","champ:FocusedBerserking","champ:SwordSigil"],"picked":"Singing Bowl","floor":32.0},{"not_picked":["champ:Improvising","champ:CrownThrow","champ:Devastate"],"picked":"Singing Bowl","floor":33.0},{"not_picked":["champ:BerserkersShout+1","champ:ShieldWall","champ:Circumvent"],"picked":"Singing Bowl","floor":37.0},{"not_picked":["champ:Control+1","champ:RecklessLeap","champ:BringItOn+1"],"picked":"SKIP","floor":39},{"not_picked":["champ:Backstep","champ:CrookedStrike+1","champ:Encircle"],"picked":"Singing Bowl","floor":44},{"not_picked":["champ:Haymaker","champ:Encircle","champ:SwordSigil+1"],"picked":"Singing Bowl","floor":45},{"not_picked":["champ:PreciseThrust+1","champ:GutPunch","champ:SkillfulDodge"],"picked":"Singing Bowl","floor":48},{"not_picked":["champ:GladiatorsShout+1","champ:DefensiveShout","champ:VampiricStrike"],"picked":"Singing Bowl","floor":49},{"not_picked":["champ:DeathBlow+1","champ:GladiatorsShout","champ:Duel"],"picked":"Singing Bowl","floor":52}],"player_experience":551068,"relics_obtained":[{"floor":2.0,"key":"Art of War"},{"floor":4.0,"key":"Bottled Tornado"},{"floor":6.0,"key":"Bottled Lightning"},{"floor":7.0,"key":"MawBank"},{"floor":10.0,"key":"Anchor"},{"floor":11.0,"key":"CloakClasp"},{"floor":20.0,"key":"Orichalcum"},{"floor":27.0,"key":"Mummified Hand"},{"floor":29.0,"key":"Enchiridion"},{"floor":41,"key":"Blood Vial"},{"floor":41,"key":"Oddly Smooth Stone"},{"floor":44,"key":"War Paint"},{"floor":46,"key":"downfall:GremlinWheel"},{"floor":52,"key":"champ:FightingForDummies"},{"floor":52,"key":"Toolbox"}],"event_choices":[{"damage_healed":0.0,"max_hp_gain":0.0,"max_hp_loss":0.0,"gold_gain":0.0,"event_name":"Back to Basics","player_choice":"Simplicity","floor":30.0,"gold_loss":0.0,"damage_taken":0.0,"cards_upgraded":["champ:Strike","champ:Strike","champ:Strike","champ:Defend","champ:Defend"]},{"cards_removed":["champ:Strike"],"damage_healed":0,"gold_gain":0,"player_choice":"Removed Attack","damage_taken":0,"max_hp_gain":0,"max_hp_loss":0,"event_name":"Falling","floor":40,"gold_loss":0},{"damage_healed":0,"gold_gain":0,"player_choice":"Upgraded","damage_taken":0,"max_hp_gain":0,"max_hp_loss":0,"event_name":"Upgrade Shrine","floor":43,"gold_loss":0,"cards_upgraded":["champ:DefensiveShout"]}],"is_beta":false,"boss_relics":[{"not_picked":["Cursed Key","Fusion Hammer"],"picked":"Runic Pyramid"},{"not_picked":["Coffee Dripper","Calling Bell"],"picked":"Philosopher\u0027s Stone"}],"items_purged_floors":[28],"is_endless":false,"potions_floor_spawned":[2,4,6,11,16,19,21,27,33,44,49],"ascension_level":1}}