{"host":"69rply1jf2d1wbmp","time":1607611005,"event":{"mods":["BaseMod","Minty Spire (QoL Compilation)","Quick Restart"],"gold_per_floor":[109,125,125,142,142,142,178,178,247,262,262,275,318,336,336,460,460,480,503,523,24,38,81,93,31,56,70,70,86,127,127,127],"floor_reached":31,"playtime":1264,"items_purged":["Injury"],"score":339,"play_id":"edf3b39d-72b6-4e71-a8b2-e2edf2327d20","local_time":"20201210093645","is_ascension_mode":false,"campfire_choices":[{"floor":6,"key":"REST"},{"floor":8,"key":"REST"},{"data":"Bouncing Flask","floor":11,"key":"SMITH"},{"floor":15,"key":"RECALL"},{"floor":24,"key":"REST"}],"circlet_count":0,"master_deck":["Strike_G","Strike_G","Strike_G","Strike_G","Strike_G","Defend_G","Defend_G","Defend_G","Defend_G","Defend_G","Survivor","Neutralize","Parasite","After Image","Blur","Slice","Bouncing Flask+1","Backflip","Infinite Blades","Deflect","Storm of Steel","Dagger Spray+1","Noxious Fumes+1","Blade Dance+1","Noxious Fumes+1","Panacea","Catalyst","Backstab","Accuracy","Accuracy+1"],"relics":["Ring of the Snake","Anchor","Golden Idol","Omamori","Mercury Hourglass","HornCleat","Black Star","Letter Opener","Pen Nib","MawBank","Shuriken","Gambling Chip"],"acts_visited":["Exordium","TheCity"],"potions_floor_usage":[7,13,23,23,31,31,31,31,31],"damage_taken":[{"damage":0,"enemies":"Small Slimes","floor":1,"turns":6},{"damage":6,"enemies":"Jaw Worm","floor":2,"turns":7},{"damage":0,"enemies":"Cultist","floor":4,"turns":4},{"damage":26,"enemies":"Lagavulin","floor":7,"turns":8},{"damage":2,"enemies":"Blue Slaver","floor":10,"turns":4},{"damage":0,"enemies":"Large Slime","floor":12,"turns":6},{"damage":1,"enemies":"3 Sentries","floor":13,"turns":6},{"damage":0,"enemies":"Lots of Slimes","floor":14,"turns":3},{"damage":0,"enemies":"Hexaghost","floor":16,"turns":9},{"damage":4,"enemies":"Shell Parasite","floor":18,"turns":6},{"damage":6,"enemies":"Spheric Guardian","floor":19,"turns":6},{"damage":9,"enemies":"3 Cultists","floor":20,"turns":4},{"damage":3,"enemies":"Centurion and Healer","floor":22,"turns":6},{"damage":26,"enemies":"Gremlin Leader","floor":23,"turns":7},{"damage":2,"enemies":"Snecko","floor":27,"turns":5},{"damage":8,"enemies":"Sentry and Sphere","floor":29,"turns":4},{"damage":32,"enemies":"Book of Stabbing","floor":30,"turns":6},{"damage":6,"enemies":"3 Cultists","floor":31,"turns":3}],"seed_played":"804481440317231618","potions_obtained":[{"floor":1,"key":"Fire Potion"},{"floor":7,"key":"ColorlessPotion"},{"floor":12,"key":"Swift Potion"},{"floor":13,"key":"ColorlessPotion"},{"floor":16,"key":"Explosive Potion"},{"floor":27,"key":"EntropicBrew"},{"floor":29,"key":"SteroidPotion"}],"is_trial":false,"path_per_floor":["M","M","?","M","?","R","E","R","T","M","R","M","E","M","R","B",null,"M","M","M","$","M","E","R","$","T","M","?","M","E","M"],"character_chosen":"THE_SILENT","items_purchased":["Noxious Fumes","Panacea","Letter Opener","Accuracy"],"campfire_rested":3,"item_purchase_floors":[21,21,21,25],"current_hp_per_floor":[70,64,46,46,46,67,41,62,62,60,60,60,59,59,59,59,70,66,60,51,51,48,22,43,43,43,41,41,33,1,0,0],"gold":127,"neow_bonus":"THREE_RARE_CARDS","is_daily":false,"chose_seed":false,"campfire_upgraded":1,"win_rate":0,"timestamp":1607611005,"path_taken":["M","M","?","M","?","R","E","R","T","M","R","M","E","M","R","BOSS","M","M","M","$","M","E","R","$","T","M","?","M","E","M"],"build_version":"2020-11-30","purchased_purges":1,"victory":false,"max_hp_per_floor":[70,70,70,70,70,70,70,70,70,70,70,70,70,70,70,70,70,70,70,70,70,70,70,70,70,70,70,70,70,70,70,70],"card_choices":[{"not_picked":["Storm of Steel","Venomology"],"picked":"After Image","floor":0},{"not_picked":["Prepared","Bane"],"picked":"Blur","floor":1},{"not_picked":["Dagger Throw","Dodge and Roll"],"picked":"Slice","floor":2},{"not_picked":["Finisher","Acrobatics"],"picked":"Bouncing Flask","floor":4},{"not_picked":["Tools of the Trade","Poisoned Stab"],"picked":"Backflip","floor":7},{"not_picked":["Skewer","Cloak And Dagger"],"picked":"Infinite Blades","floor":10},{"not_picked":["Backflip","Sucker Punch"],"picked":"Deflect","floor":12},{"not_picked":["Acrobatics","Flying Knee","Bullet Time"],"picked":"SKIP","floor":13},{"not_picked":["Calculated Gamble","Concentrate","Underhanded Strike"],"picked":"SKIP","floor":14},{"not_picked":["Doppelganger","Bullet Time"],"picked":"Storm of Steel","floor":16},{"not_picked":["Acrobatics","PiercingWail"],"picked":"Dagger Spray+1","floor":18},{"not_picked":["Sucker Punch","Dagger Spray"],"picked":"Noxious Fumes+1","floor":19},{"not_picked":["Underhanded Strike+1","Infinite Blades"],"picked":"Blade Dance+1","floor":20},{"not_picked":["Slice","Underhanded Strike"],"picked":"Catalyst","floor":22},{"not_picked":["Dodge and Roll","Blade Dance"],"picked":"Backstab","floor":23},{"not_picked":["Dodge and Roll","Concentrate","Backflip"],"picked":"SKIP","floor":27},{"not_picked":["Prepared","Choke","Doppelganger"],"picked":"SKIP","floor":29},{"not_picked":["Envenom","Dagger Throw"],"picked":"Accuracy+1","floor":30}],"player_experience":328178,"relics_obtained":[{"floor":7,"key":"Omamori"},{"floor":9,"key":"Mercury Hourglass"},{"floor":13,"key":"HornCleat"},{"floor":23,"key":"Pen Nib"},{"floor":23,"key":"MawBank"},{"floor":30,"key":"Shuriken"},{"floor":30,"key":"Gambling Chip"}],"event_choices":[{"damage_healed":0,"gold_gain":0,"player_choice":"Success","damage_taken":18,"relics_obtained":["Anchor"],"max_hp_gain":0,"max_hp_loss":0,"event_name":"Scrap Ooze","floor":3,"gold_loss":0},{"damage_healed":0,"gold_gain":0,"player_choice":"Take Wound","damage_taken":0,"relics_obtained":["Golden Idol"],"max_hp_gain":0,"max_hp_loss":0,"event_name":"Golden Idol","floor":5,"gold_loss":0,"cards_obtained":["Injury"]},{"damage_healed":0,"gold_gain":0,"player_choice":"Forge","damage_taken":0,"max_hp_gain":0,"max_hp_loss":0,"event_name":"Accursed Blacksmith","floor":28,"gold_loss":0,"cards_upgraded":["Noxious Fumes"]}],"is_beta":false,"boss_relics":[{"not_picked":["HoveringKite","Empty Cage"],"picked":"Black Star"}],"items_purged_floors":[21],"is_endless":false,"potions_floor_spawned":[1,7,12,13,16,19,27,29],"killed_by":"3 Cultists","ascension_level":0}}