{"host":"3a1ypf1irl30q4k8","time":1607633131,"event":{"mods":["BaseMod","Bestiary","AchievementEnabler","Relic Stats","Colored Map","Minty Spire (QoL Compilation)"],"gold_per_floor":[113,64,64,16,31,31,31,106,106,117,117,6,20,46,46,123,123,142,142,142],"floor_reached":19,"playtime":860,"items_purged":["Strike_R"],"score":289,"play_id":"a1f92b83-659a-44da-902d-7991079ff9ee","local_time":"20201210204531","is_ascension_mode":true,"campfire_choices":[{"floor":6.0,"key":"REST"},{"data":"Metamorphosis","floor":11.0,"key":"SMITH"},{"floor":15,"key":"REST"}],"circlet_count":0,"master_deck":["AscendersBane","Strike_R","Strike_R","Strike_R","Defend_R","Defend_R","Defend_R","Defend_R","Bash","Metamorphosis+1","Rage","Havoc","Shrug It Off","Clothesline","True Grit","Inflame","Disarm","Iron Wave","Demon Form"],"special_seed":0,"relics":["Burning Blood","InkBottle","Omamori","Busted Crown"],"acts_visited":["Exordium","TheCity"],"potions_floor_usage":[16,18],"damage_taken":[{"damage":18.0,"enemies":"Jaw Worm","floor":1.0,"turns":4.0},{"damage":6.0,"enemies":"Cultist","floor":5.0,"turns":3.0},{"damage":2.0,"enemies":"Small Slimes","floor":10.0,"turns":5.0},{"damage":12.0,"enemies":"Blue Slaver","floor":13.0,"turns":5.0},{"damage":32.0,"enemies":"3 Sentries","floor":14.0,"turns":8.0},{"damage":34,"enemies":"Slime Boss","floor":16,"turns":8},{"damage":40,"enemies":"3 Byrds","floor":18,"turns":7},{"damage":0,"enemies":"2 Thieves","floor":19,"turns":1}],"seed_played":"3379356991276789194","potions_obtained":[{"floor":1.0,"key":"Block Potion"},{"floor":13.0,"key":"SneckoOil"},{"floor":14.0,"key":"ElixirPotion"},{"floor":16,"key":"LiquidMemories"}],"is_trial":false,"path_per_floor":["M","$","?","$","M","R","$","?","T","M","R","$","M","E","R","B",null,"M","M"],"character_chosen":"IRONCLAD","items_purchased":["Havoc","Shrug It Off","Inflame"],"campfire_rested":2,"item_purchase_floors":[2,4,12],"current_hp_per_floor":[38,38,38,38,38,60,60,49,49,53,53,53,47,21,43,15,60,26,26,26],"gold":142,"neow_bonus":"RANDOM_COLORLESS_2","is_daily":false,"chose_seed":false,"campfire_upgraded":1,"win_rate":0,"timestamp":1607633131,"path_taken":["M","$","?","$","M","R","?","?","T","M","R","?","M","E","R","BOSS","M","M"],"build_version":"2020-11-30","purchased_purges":1,"victory":false,"max_hp_per_floor":[75,75,75,75,75,75,75,75,75,75,75,75,75,75,75,75,75,75,75,75],"relic_stats":{"Busted Crown":2,"counters":[8,41],"obtain_stats":[{"Busted Crown":17,"Omamori":14,"Burning Blood":0,"InkBottle":9},{"Busted Crown":6,"Omamori":5,"Burning Blood":0,"InkBottle":2},{"Busted Crown":33,"Omamori":25,"Burning Blood":0,"InkBottle":7}],"Burning Blood":42,"InkBottle":[11]},"card_choices":[{"not_picked":["Panache","Thinking Ahead"],"picked":"Metamorphosis","floor":0.0},{"not_picked":["Havoc","Battle Trance"],"picked":"Rage","floor":1.0},{"not_picked":["Sword Boomerang","Bloodletting"],"picked":"Clothesline","floor":5.0},{"not_picked":["Cleave","Clash"],"picked":"True Grit","floor":10.0},{"not_picked":["Havoc","Searing Blow"],"picked":"Disarm","floor":13.0},{"not_picked":["Rage","True Grit"],"picked":"Iron Wave","floor":14.0},{"not_picked":["Bludgeon","Reaper"],"picked":"Demon Form","floor":16},{"not_picked":["Clash"],"picked":"SKIP","floor":18}],"player_experience":808640,"relics_obtained":[{"floor":9.0,"key":"InkBottle"},{"floor":14.0,"key":"Omamori"}],"event_choices":[{"cards_removed":["Strike_R"],"damage_healed":0.0,"max_hp_gain":0.0,"max_hp_loss":0.0,"gold_gain":0.0,"event_name":"Purifier","player_choice":"Purged","floor":3.0,"gold_loss":0.0,"damage_taken":0.0},{"damage_healed":0.0,"max_hp_gain":0.0,"max_hp_loss":0.0,"gold_gain":75.0,"event_name":"World of Goop","player_choice":"Gather Gold","floor":8.0,"gold_loss":0.0,"damage_taken":11.0}],"is_beta":false,"boss_relics":[{"not_picked":["Calling Bell","Tiny House"],"picked":"Busted Crown"}],"items_purged_floors":[12],"is_endless":false,"potions_floor_spawned":[1,13,14,16],"killed_by":"2 Thieves","ascension_level":15}}