{"host":"vvp4eihuvtuugjfx","time":1607581038,"event":{"gold_per_floor":[214,229,245,261,84,112,37,37,61,65,65,65,90,108,108,209,209,220,220,54,69,88,116,116,129,129,129,142,67,102,102,102,198,198,213,17,34,0,10,41,41,58,58,58,91,91,102,10,10,10],"floor_reached":51,"playtime":4066,"items_purged":["hexamod:Haunted"],"score":980,"play_id":"a9c8ff1d-685c-4f8b-8cf5-180ea8f65f06","local_time":"20201210071718","is_ascension_mode":false,"campfire_choices":[{"data":"construct:ForceCore","floor":8.0,"key":"SMITH"},{"floor":15,"key":"DIG"},{"data":"construct:PointDefense","floor":24,"key":"SMITH"},{"data":"construct:ClockworkEgg","floor":27,"key":"SMITH"},{"floor":32,"key":"DIG"},{"data":"construct:Synchronize","floor":41,"key":"SMITH"},{"data":"construct:ClockworkEgg+1","floor":49,"key":"SMITH"}],"neow_cost":"NONE","seed_source_timestamp":2429475672505600,"circlet_count":0,"master_deck":["construct:Strike_Gold","construct:Strike_Gold","construct:Strike_Gold","construct:Strike_Gold","construct:Strike_Gold","construct:Defend_Gold","construct:Defend_Gold","construct:Defend_Gold+1","construct:Defend_Gold","construct:Defend_Gold","construct:AttackMode","construct:Autoturret","construct:SweepLaser","construct:SyphonStrike","construct:Autoturret","construct:MassProduction+1","construct:LaserCore","construct:Synchronize+1","Footwork","construct:SpinDrive","construct:PointDefense+1","construct:ClockworkEgg+2","construct:FocusedBeam","construct:Autoturret","construct:ForceCore+1","construct:Synchronize+1","construct:ShiftingStance","construct:Tumble+1","construct:SyphonStrike+1","construct:Hazardproof","construct:Autoturret","expansioncontent:CaCaw","construct:Hazardproof","construct:CriticalHit","construct:HammerDown+1","construct:LaserCore+1","Midas Touch+1","expansioncontent:DashGenerateEvil+1","Apotheosis+1","construct:ScopeCore","construct:MassProduction","construct:ShiftStrike+1","construct:FocusedBeam+1","construct:CriticalHit"],"special_seed":0,"relics":["Membership Card","MerchantsRug","FossilizedHelix","ReplayTheSpireMod:CursedCoin","Replay:Rubber Ducky","construct:FoamFinger","Mummified Hand","Blood Vial","aspiration:PoetsPen_weak","Pantograph","Replay:WaspNest","Vajra","aspiration:Lifesprig","construct:RocketBooster","HollowMod:StagPassRelic","Philosopher\u0027s Stone","Nunchaku","ReplayTheSpireMod:ShopPack","Red Mask","ReplayTheSpireMod:Ninjato","Durian","Ice Cream","Guardian:GemstoneGun"],"potions_floor_usage":[35],"damage_taken":[{"damage":0.0,"enemies":"Cultist","floor":1.0,"turns":3.0},{"damage":5.0,"enemies":"Jaw Worm","floor":2.0,"turns":4.0},{"damage":0.0,"enemies":"2 Louse","floor":3.0,"turns":3.0},{"damage":28.0,"enemies":"Exordium Thugs","floor":4.0,"turns":5.0},{"damage":14.0,"enemies":"Gremlin Nob","floor":6.0,"turns":3.0},{"damage":18,"enemies":"Lagavulin","floor":13,"turns":6},{"damage":0,"enemies":"3 Louse","floor":14,"turns":2},{"damage":0,"enemies":"The Guardian","floor":16,"turns":5},{"damage":0,"enemies":"3 Byrds","floor":18,"turns":5},{"damage":0,"enemies":"Chosen","floor":21,"turns":2},{"damage":0,"enemies":"Snecko","floor":22,"turns":3},{"damage":0,"enemies":"Gremlin Leader","floor":23,"turns":4},{"damage":0,"enemies":"Chosen and Byrds","floor":25,"turns":3},{"damage":13,"enemies":"Snake Plant","floor":28,"turns":3},{"damage":0,"enemies":"HollowMod:Nosk","floor":30,"turns":6},{"damage":0,"enemies":"Champ","floor":33,"turns":8},{"damage":17,"enemies":"3 Darklings","floor":35,"turns":3},{"damage":0,"enemies":"Orb Walker","floor":37,"turns":2},{"damage":0,"enemies":"Sphere and 2 Shapes","floor":39,"turns":2},{"damage":0,"enemies":"HollowMod:StalkingDevout","floor":40,"turns":3},{"damage":0,"enemies":"4 Shapes","floor":42,"turns":4},{"damage":0,"enemies":"Reptomancer","floor":45,"turns":3},{"damage":0,"enemies":"Spire Growth","floor":47,"turns":3},{"damage":42,"enemies":"Awakened One","floor":50,"turns":6}],"seed_played":"-538986506456828615","potions_obtained":[{"floor":2.0,"key":"Elixir"},{"floor":3.0,"key":"Elixir"},{"floor":14,"key":"EssenceOfSteel"},{"floor":25,"key":"SpeedPotion"},{"floor":28,"key":"Dexterity Potion"},{"floor":33,"key":"Weak Potion"},{"floor":39,"key":"Energy Potion"},{"floor":42,"key":"PowerPotion"}],"is_trial":false,"path_per_floor":["M","M","M","M","$","E","$","R","T","$","?","?","E","M","R_BF","B",null,"M","?","$","M","M","E","R","M","T","R","M","$","E","?","R_BF","B",null,"M","$","M","?","M","E","R","M","T","?","E","?","M","$","R","B",null],"character_chosen":"THE_CONSTRUCT_MOD","items_purchased":["Membership Card","MerchantsRug","construct:Autoturret","construct:MassProduction+1","FossilizedHelix","Lee\u0027s Waffle","construct:Synchronize+1","ReplayTheSpireMod:CursedCoin","Replay:Rubber Ducky","construct:FoamFinger","construct:Autoturret","Replay:WaspNest","construct:ForceCore+1","aspiration:Lifesprig","construct:Autoturret","expansioncontent:CaCaw","construct:Hazardproof","Nunchaku","construct:LaserCore","ReplayTheSpireMod:ShopPack","construct:CriticalHit","Ice Cream","Guardian:GemstoneGun"],"campfire_rested":0,"item_purchase_floors":[5,5,5,5,7,7,10,10,10,10,20,20,20,29,29,29,29,36,36,36,48,48,48],"current_hp_per_floor":[85,80,80,52,52,38,92,92,92,92,92,92,74,74,74,76,92,92,92,92,92,92,92,92,92,92,92,79,79,81,63,63,90,97,80,80,82,82,84,86,86,88,88,88,95,95,97,97,97,55],"gold":10,"neow_bonus":"HUNDRED_GOLD","is_prod":false,"is_daily":false,"chose_seed":false,"campfire_upgraded":5,"win_rate":0.0,"timestamp":1607581038,"path_taken":["M","M","?","M","?","E","$","R","T","$","?","?","E","M","R_BF","BOSS","M","?","?","M","M","E","R","?","T","R","M","$","E","?","R_BF","BOSS","M","$","M","?","M","E","R","M","T","?","E","?","M","?","R","BOSS"],"build_version":"2020-11-30","purchased_purges":1,"victory":true,"max_hp_per_floor":[85,85,85,85,85,85,92,92,92,92,92,92,92,92,92,92,92,92,92,92,92,92,92,92,92,92,92,92,92,92,97,97,97,97,97,97,97,97,97,97,97,97,97,92,97,97,97,97,97,97],"card_choices":[{"not_picked":["construct:Forcefield","construct:VentSteam"],"picked":"construct:Autoturret","floor":1.0},{"not_picked":["construct:ModeShift","construct:FierceBash"],"picked":"construct:SweepLaser","floor":2.0},{"not_picked":["construct:VentSteam","construct:Analyze"],"picked":"construct:ForceCore","floor":3.0},{"not_picked":["construct:ScrapCannon","construct:SaveState"],"picked":"construct:SyphonStrike","floor":4.0},{"not_picked":["construct:VentSteam","construct:Overcharge"],"picked":"construct:LaserCore","floor":6.0},{"not_picked":["construct:Forcefield","construct:Autoturret"],"picked":"construct:SpinDrive","floor":13},{"not_picked":["construct:Analyze","construct:ScopeCore"],"picked":"construct:PointDefense","floor":14},{"not_picked":["construct:HammerDown","construct:LongRangeLance"],"picked":"construct:ClockworkEgg","floor":16},{"not_picked":["construct:ClusterMines+1","construct:BatteryAcid"],"picked":"construct:FocusedBeam","floor":18},{"not_picked":["construct:Hazardproof","construct:CripplingShot"],"picked":"construct:Synchronize","floor":21},{"not_picked":["construct:Backfire","construct:Accumulate+1"],"picked":"construct:ShiftingStance","floor":22},{"not_picked":["construct:VentSteam","construct:Versatility"],"picked":"construct:Tumble+1","floor":23},{"not_picked":["construct:ClusterMines","construct:PowerUp+1"],"picked":"construct:SyphonStrike+1","floor":25},{"not_picked":["construct:OmegaCannon","construct:Accumulate"],"picked":"construct:Hazardproof","floor":28},{"not_picked":["construct:Electrocute","construct:OneWayMirror+1"],"picked":"construct:CriticalHit","floor":30},{"not_picked":["construct:ClockworkEgg","construct:GatlingGun"],"picked":"construct:HammerDown","floor":33},{"not_picked":["construct:ScrapCannon+1","construct:ClusterMines","construct:Impenetrable"],"picked":"SKIP","floor":35},{"not_picked":["ReplayTheSpireMod:Necrogeddon","Master of Strategy"],"picked":"Midas Touch","floor":36},{"not_picked":["Bandage Up","Mind Blast"],"picked":"expansioncontent:DashGenerateEvil","floor":36},{"not_picked":["expansioncontent:SuperHexaguard","Replay:SS_forest_6"],"picked":"Apotheosis","floor":36},{"not_picked":["construct:Versatility","construct:Dampening"],"picked":"construct:ScopeCore","floor":37},{"not_picked":["construct:ModeShift+1","construct:FierceBash","construct:GatlingGun"],"picked":"SKIP","floor":39},{"not_picked":["construct:ScrapCannon+1","construct:Reinforce"],"picked":"construct:MassProduction","floor":40},{"not_picked":["construct:BatteryAcid","construct:Versatility+1","construct:VentSteam+1"],"picked":"SKIP","floor":42},{"not_picked":["construct:ClusterMines+1","construct:Reserves"],"picked":"construct:ShiftStrike+1","floor":45},{"not_picked":["construct:MetalShell","construct:SuppressiveFire+1"],"picked":"construct:FocusedBeam+1","floor":47}],"player_experience":700903,"relics_obtained":[{"floor":6.0,"key":"Pocketwatch"},{"floor":9.0,"key":"Replay:Baseball"},{"floor":13,"key":"Mummified Hand"},{"floor":15,"key":"Blood Vial"},{"floor":23,"key":"Vajra"},{"floor":26,"key":"Bottled Flame"},{"floor":30,"key":"construct:RocketBooster"},{"floor":32,"key":"HollowMod:StagPassRelic"},{"floor":40,"key":"Toy Ornithopter"},{"floor":43,"key":"ReplayTheSpireMod:Ninjato"},{"floor":45,"key":"Durian"}],"event_choices":[{"damage_healed":0,"gold_gain":0,"player_choice":"Ignored","damage_taken":0,"max_hp_gain":0,"max_hp_loss":0,"event_name":"NoteForYourself","floor":12,"gold_loss":0},{"damage_healed":0,"gold_gain":0,"player_choice":"Shed Blood","damage_taken":23,"max_hp_gain":5,"max_hp_loss":0,"event_name":"Forgotten Altar","floor":31,"gold_loss":0},{"damage_healed":0,"gold_gain":0,"player_choice":"Paid","damage_taken":0,"relics_obtained":["Red Mask"],"max_hp_gain":0,"max_hp_loss":0,"event_name":"Tomb of Lord Red Mask","floor":38,"gold_loss":34},{"damage_healed":0,"gold_gain":0,"player_choice":"Max HP","damage_taken":0,"max_hp_gain":0,"max_hp_loss":5,"event_name":"Winding Halls","floor":44,"gold_loss":0},{"cards_removed":["construct:ForceCore"],"damage_healed":0,"gold_gain":0,"player_choice":"Removed Skill","damage_taken":0,"max_hp_gain":0,"max_hp_loss":0,"event_name":"Falling","floor":46,"gold_loss":0}],"is_beta":false,"boss_relics":[{"not_picked":["Cursed Key","aspiration:FutureDiary"],"picked":"aspiration:PoetsPen_weak"},{"not_picked":["expansioncontent:StudyCardRelic","Ring of Chaos"],"picked":"Philosopher\u0027s Stone"}],"items_purged_floors":[10],"is_endless":false,"potions_floor_spawned":[2,3,14,25,28,33,39,42],"ascension_level":0}}