{"host":"4nqeo0vu1vuav7gg","time":1607625098,"event":{"mods":["BaseMod","AchievementEnabler","Block Reminder","Colored Map","Colored Powertips","Highlight Path","Minty Spire (QoL Compilation)","Quick Restart","Rare Cards Sparkle","Relic Relevance Reorder","StSLib"],"gold_per_floor":[112,112,387,403,422,422,457,76,101,21,21,75,87,114,114,217,217,228,240,240,40,66,93,93,121,148,167,167,202,202,218,218,315,315,328,205,224,5,20,46,57,107,107,140,163,210,241,272,284,296],"floor_reached":51,"playtime":3155,"items_purged":["Regret","Storm of Steel"],"score":1066,"play_id":"ae2ab714-9f4d-44c3-a046-855eaaa8c300","local_time":"20201210193138","is_ascension_mode":true,"campfire_choices":[{"data":"Neutralize","floor":6.0,"key":"SMITH"},{"floor":11.0,"key":"REST"},{"floor":15.0,"key":"REST"},{"data":"Storm of Steel","floor":24.0,"key":"SMITH"},{"floor":28.0,"key":"REST"},{"floor":32.0,"key":"REST"},{"floor":49,"key":"REST"}],"circlet_count":0,"master_deck":["Neutralize+1","Cloak And Dagger","Leg Sweep","Blade Dance","Cloak And Dagger","Blade Dance+1","Finisher","Burst","Noxious Fumes","Burst","A Thousand Cuts","Wraith Form v2","PiercingWail","Prepared","Masterful Stab","Envenom","Leg Sweep","Storm of Steel+1","Backflip","Underhanded Strike","Infinite Blades","Dramatic Entrance","Finisher","Cloak And Dagger","Infinite Blades","Poisoned Stab","Dash","Deadly Poison","Slice","After Image","Footwork+1","Masterful Stab","Dark Shackles","Blade Dance+1","Accuracy","Heel Hook","Footwork+1","Cloak And Dagger+1","Bane+1","Deadly Poison+1","Clumsy","Acrobatics+1","PiercingWail+1","Catalyst+1","Distraction+1"],"special_seed":0,"relics":["Ring of the Snake","Mummified Hand","Snake Skull","Tingsha","Orichalcum","Lantern","Unceasing Top","NeowsBlessing","Anchor","Red Mask","Bag of Marbles","Du-Vu Doll","MawBank","Cursed Key","DollysMirror","War Paint","Pandora\u0027s Box","Meat on the Bone","Boot"],"acts_visited":["Exordium","TheCity","TheBeyond"],"potions_floor_usage":[45,50,50,50],"damage_taken":[{"damage":0.0,"enemies":"Cultist","floor":1.0,"turns":1.0},{"damage":0.0,"enemies":"Jaw Worm","floor":4.0,"turns":1.0},{"damage":0.0,"enemies":"2 Louse","floor":5.0,"turns":1.0},{"damage":58.0,"enemies":"Gremlin Nob","floor":7.0,"turns":6.0},{"damage":0.0,"enemies":"Large Slime","floor":13.0,"turns":4.0},{"damage":14.0,"enemies":"3 Sentries","floor":14.0,"turns":7.0},{"damage":28.0,"enemies":"Hexaghost","floor":16.0,"turns":11.0},{"damage":0.0,"enemies":"Spheric Guardian","floor":18.0,"turns":1.0},{"damage":0.0,"enemies":"3 Byrds","floor":19.0,"turns":3.0},{"damage":20.0,"enemies":"Masked Bandits","floor":22.0,"turns":4.0},{"damage":19.0,"enemies":"Book of Stabbing","floor":23.0,"turns":5.0},{"damage":8.0,"enemies":"Gremlin Leader","floor":25.0,"turns":6.0},{"damage":17.0,"enemies":"Shelled Parasite and Fungi","floor":27.0,"turns":3.0},{"damage":0.0,"enemies":"Book of Stabbing","floor":29.0,"turns":3.0},{"damage":0.0,"enemies":"3 Cultists","floor":31.0,"turns":2.0},{"damage":41.0,"enemies":"Collector","floor":33.0,"turns":5.0},{"damage":0.0,"enemies":"Orb Walker","floor":35.0,"turns":4.0},{"damage":0.0,"enemies":"3 Darklings","floor":37.0,"turns":3.0},{"damage":0,"enemies":"Sphere and 2 Shapes","floor":39,"turns":2},{"damage":17,"enemies":"Nemesis","floor":40,"turns":5},{"damage":1,"enemies":"4 Shapes","floor":41,"turns":3},{"damage":12,"enemies":"Mind Bloom Boss Battle","floor":42,"turns":4},{"damage":0,"enemies":"Reptomancer","floor":44,"turns":3},{"damage":0,"enemies":"Spire Growth","floor":45,"turns":3},{"damage":16,"enemies":"Nemesis","floor":46,"turns":4},{"damage":0,"enemies":"Jaw Worm Horde","floor":47,"turns":1},{"damage":4,"enemies":"4 Shapes","floor":48,"turns":2},{"damage":54,"enemies":"Time Eater","floor":50,"turns":8}],"seed_played":"7772485588871936002","potions_obtained":[{"floor":4.0,"key":"Fruit Juice"},{"floor":7.0,"key":"SkillPotion"},{"floor":14.0,"key":"Ancient Potion"},{"floor":16.0,"key":"Block Potion"},{"floor":23.0,"key":"AttackPotion"},{"floor":25.0,"key":"LiquidBronze"},{"floor":27.0,"key":"BlessingOfTheForge"},{"floor":30.0,"key":"Explosive Potion"},{"floor":31.0,"key":"AttackPotion"},{"floor":37.0,"key":"ColorlessPotion"},{"floor":39,"key":"Regen Potion"},{"floor":40,"key":"Poison Potion"},{"floor":48,"key":"SteroidPotion"}],"is_trial":false,"path_per_floor":["M","?","?","M","M","R","E","$","T","$","R","T","M","E","R","B",null,"M","M","?","$","?","E","R","E","T","M","R","E","?","M","R","B",null,"M","$","M","$","M","E","M","?","T","E","M","E","M","M","R","B",null],"character_chosen":"THE_SILENT","items_purchased":["DollysMirror","Anchor","Finisher","Infinite Blades","Dramatic Entrance","Finisher","Masterful Stab","Dark Shackles","Accuracy","Heel Hook"],"campfire_rested":5,"item_purchase_floors":[8,8,10,21,21,21,36,36,38,38],"current_hp_per_floor":[70,63,63,68,68,68,10,10,10,10,32,32,32,18,40,12,75,75,75,75,75,55,36,36,28,28,11,33,33,33,33,55,14,75,75,75,75,75,75,58,57,45,45,45,54,38,38,46,68,26],"gold":308,"neow_bonus":"THREE_ENEMY_KILL","is_daily":false,"chose_seed":false,"campfire_upgraded":2,"win_rate":0,"timestamp":1607625098,"path_taken":["M","?","?","M","?","R","E","$","T","$","R","?","M","E","R","BOSS","M","M","?","$","?","E","R","E","T","M","R","E","?","M","R","BOSS","M","$","M","$","M","E","?","?","T","E","M","E","M","M","R","BOSS"],"build_version":"2020-11-30","purchased_purges":2,"victory":true,"max_hp_per_floor":[70,70,70,75,75,75,75,75,75,75,75,75,75,75,75,75,75,75,75,75,75,75,75,75,75,75,75,75,75,75,75,75,75,75,75,75,75,75,75,75,75,75,75,75,75,75,75,75,75,75],"card_choices":[{"not_picked":["Quick Slash","Endless Agony"],"picked":"Cloak And Dagger","floor":1.0},{"not_picked":["Prepared","Escape Plan"],"picked":"Leg Sweep","floor":4.0},{"not_picked":["Caltrops","Endless Agony"],"picked":"Blade Dance","floor":5.0},{"not_picked":["Prepared","Endless Agony"],"picked":"Cloak And Dagger","floor":7.0},{"not_picked":["Predator","Slice"],"picked":"Burst","floor":13.0},{"not_picked":["Endless Agony","Bane"],"picked":"Noxious Fumes","floor":14.0},{"not_picked":["Malaise","Glass Knife"],"picked":"Burst","floor":16.0},{"not_picked":["Quick Slash","All Out Attack+1"],"picked":"Backflip","floor":18.0},{"not_picked":["All Out Attack+1","Dodge and Roll+1"],"picked":"Underhanded Strike","floor":19.0},{"not_picked":["Bouncing Flask+1","Endless Agony"],"picked":"Cloak And Dagger","floor":22.0},{"not_picked":["Blur","Expertise+1"],"picked":"Infinite Blades","floor":23.0},{"not_picked":["Backflip","Venomology"],"picked":"Poisoned Stab","floor":25.0},{"not_picked":["Deflect+1","Dodge and Roll"],"picked":"Dash","floor":27.0},{"not_picked":["Caltrops","Outmaneuver"],"picked":"Deadly Poison","floor":29.0},{"not_picked":["Dagger Spray+1","Skewer"],"picked":"Slice","floor":31.0},{"not_picked":["Glass Knife","Envenom"],"picked":"After Image","floor":33.0},{"not_picked":["Flying Knee+1","Cloak And Dagger"],"picked":"Footwork+1","floor":35.0},{"not_picked":["Deflect+1","Poisoned Stab"],"picked":"Blade Dance+1","floor":37.0},{"not_picked":["Cloak And Dagger+1","Concentrate+1"],"picked":"Footwork+1","floor":39},{"not_picked":["Grand Finale","Finisher"],"picked":"Cloak And Dagger+1","floor":40},{"not_picked":["Choke","Underhanded Strike+1"],"picked":"Bane+1","floor":41},{"not_picked":["Sucker Punch+1","Dagger Throw"],"picked":"Deadly Poison+1","floor":42},{"not_picked":["Die Die Die","Quick Slash+1"],"picked":"Acrobatics+1","floor":44},{"not_picked":["Poisoned Stab","Bane+1"],"picked":"PiercingWail+1","floor":45},{"not_picked":["Unload","Acrobatics","Reflex+1"],"picked":"SKIP","floor":46},{"not_picked":["Acrobatics","Dodge and Roll"],"picked":"Catalyst+1","floor":47},{"not_picked":["Outmaneuver","Tactician+1"],"picked":"Distraction+1","floor":48}],"player_experience":866401,"relics_obtained":[{"floor":7.0,"key":"Snake Skull"},{"floor":12.0,"key":"War Paint"},{"floor":14.0,"key":"Boot"},{"floor":22.0,"key":"Red Mask"},{"floor":23.0,"key":"Mummified Hand"},{"floor":25.0,"key":"Bag of Marbles"},{"floor":26.0,"key":"Orichalcum"},{"floor":29.0,"key":"Lantern"},{"floor":40,"key":"Tingsha"},{"floor":42,"key":"Du-Vu Doll"},{"floor":43,"key":"Unceasing Top"},{"floor":44,"key":"MawBank"},{"floor":46,"key":"Meat on the Bone"}],"event_choices":[{"cards_removed":["Survivor"],"damage_healed":0.0,"max_hp_gain":0.0,"max_hp_loss":0.0,"gold_gain":0.0,"event_name":"Golden Wing","player_choice":"Card Removal","floor":2.0,"gold_loss":0.0,"damage_taken":7.0},{"damage_healed":0.0,"max_hp_gain":0.0,"max_hp_loss":0.0,"gold_gain":275.0,"event_name":"Golden Shrine","player_choice":"Desecrate","floor":3.0,"gold_loss":0.0,"damage_taken":0.0,"cards_obtained":["Regret"]},{"cards_removed":["Leg Sweep"],"damage_healed":0.0,"max_hp_gain":0.0,"max_hp_loss":0.0,"gold_gain":0.0,"event_name":"Back to Basics","player_choice":"Elegance","floor":20.0,"gold_loss":0.0,"damage_taken":0.0},{"damage_healed":0.0,"max_hp_gain":0.0,"max_hp_loss":0.0,"gold_gain":0.0,"event_name":"Masked Bandits","player_choice":"Fought Bandits","floor":22.0,"gold_loss":0.0,"damage_taken":0.0},{"damage_healed":0.0,"max_hp_gain":0.0,"max_hp_loss":0.0,"gold_gain":0.0,"event_name":"Lab","player_choice":"Got Potions","floor":30.0,"gold_loss":0.0,"damage_taken":0.0},{"damage_healed":0,"gold_gain":0,"player_choice":"Fight","damage_taken":0,"max_hp_gain":0,"max_hp_loss":0,"event_name":"MindBloom","floor":42,"gold_loss":0}],"is_beta":false,"boss_relics":[{"not_picked":["Astrolabe","SacredBark"],"picked":"Pandora\u0027s Box"},{"not_picked":["Tiny House","Philosopher\u0027s Stone"],"picked":"Cursed Key"}],"items_purged_floors":[8,38],"is_endless":false,"potions_floor_spawned":[4,7,14,16,18,23,25,27,31,37,39,40,44,48],"ascension_level":4}}