{"host":"29g13nco76pz9sph","time":1607577432,"event":{"gold_per_floor":[119,129,129,142,160,185,201,54,78,97,97,97,109,136,136,240,240,260,260,185,199,199,229,229,246,246,258,258,87,87,101,101,101,101],"floor_reached":33,"playtime":3316,"items_purged":["Strike_B","Strike_B"],"score":279,"play_id":"b858f77c-2354-46d8-ac23-5b28eca07cc9","local_time":"20201210131712","is_ascension_mode":false,"campfire_choices":[{"floor":12.0,"key":"REST"},{"floor":15.0,"key":"REST"},{"floor":24,"key":"REST"},{"floor":28,"key":"REST"},{"floor":32,"key":"REST"}],"neow_cost":"NONE","seed_source_timestamp":0,"circlet_count":0,"master_deck":["Defend_B+1","Defend_B","Defend_B","Zap","Dualcast","Turbo","Coolheaded","Stack","Conserve Battery","Ball Lightning","Redo","Thunder Strike","Cold Snap","Lockon","Chaos+1","Rainbow","Melter","White Noise+1","Multi-Cast","Sunder+1","Crystallizer","Loop+1"],"special_seed":0,"relics":["Cracked Core","TungstenRod","Pen Nib","ReplayTheSpireMod:TigerMarble","Replay:Baseball","Painkiller Herb","War Paint","StoneCalendar"],"potions_floor_usage":[33,33],"damage_taken":[{"damage":0.0,"enemies":"Jaw Worm","floor":1.0,"turns":5.0},{"damage":2.0,"enemies":"Cultist","floor":2.0,"turns":5.0},{"damage":0.0,"enemies":"Small Slimes","floor":4.0,"turns":3.0},{"damage":2.0,"enemies":"2 Fungi Beasts","floor":5.0,"turns":5.0},{"damage":13.0,"enemies":"Gremlin Nob","floor":6.0,"turns":4.0},{"damage":2.0,"enemies":"Large Slime","floor":7.0,"turns":5.0},{"damage":15.0,"enemies":"Exordium Wildlife","floor":10.0,"turns":4.0},{"damage":7.0,"enemies":"Exordium Thugs","floor":13.0,"turns":4.0},{"damage":5.0,"enemies":"Replay:BlueRogue","floor":14.0,"turns":6.0},{"damage":12.0,"enemies":"The Guardian","floor":16.0,"turns":11.0},{"damage":0,"enemies":"2 Thieves","floor":18,"turns":4},{"damage":0,"enemies":"Shell Parasite","floor":21,"turns":3},{"damage":46,"enemies":"Gremlin Leader","floor":23,"turns":7},{"damage":0,"enemies":"Centurion and Healer","floor":25,"turns":6},{"damage":25,"enemies":"Cultist and Chosen","floor":27,"turns":7},{"damage":12,"enemies":"3 Cultists","floor":31,"turns":5},{"damage":60,"enemies":"Automaton","floor":33,"turns":8}],"seed_played":"5888356799125844317","potions_obtained":[{"floor":2.0,"key":"FearPotion"},{"floor":4.0,"key":"Weak Potion"},{"floor":7.0,"key":"Block Potion"},{"floor":14.0,"key":"SneckoOil"},{"floor":18,"key":"CultistPotion"},{"floor":25,"key":"FocusPotion"},{"floor":31,"key":"GamblersBrew"}],"is_trial":false,"path_per_floor":["M","M","?","M","M","E","M","$","T","M","?","R","M","E","R","B",null,"?","?","T","?","?","E","T","?","T","?","T","T","?","?","T","B"],"character_chosen":"DEFECT","items_purchased":["Pen Nib","Loop"],"campfire_rested":5,"item_purchase_floors":[8,29],"current_hp_per_floor":[75,73,73,73,71,58,56,56,56,41,41,63,56,51,73,61,75,75,62,62,62,62,16,40,40,40,15,39,39,39,27,51,0,0],"gold":101,"neow_bonus":"REMOVE_CARD","is_prod":false,"is_daily":false,"chose_seed":false,"campfire_upgraded":0,"win_rate":0.0,"timestamp":1607577432,"path_taken":["M","M","?","M","M","E","M","?","T","M","?","R","M","E","R","BOSS","?","?","T","?","?","E","T","?","T","?","T","T","?","?","T","BOSS"],"build_version":"2020-11-30","purchased_purges":2,"victory":false,"max_hp_per_floor":[75,75,75,75,75,75,75,75,75,75,75,75,75,75,75,75,75,75,80,80,80,80,80,80,80,80,80,80,80,80,80,80,80,80],"card_choices":[{"not_picked":["Double Energy","Compile Driver"],"picked":"Turbo","floor":1.0},{"not_picked":["BasicCrystalCard","Storm"],"picked":"Coolheaded","floor":2.0},{"not_picked":["Auto Shields","Rip and Tear"],"picked":"Conserve Battery","floor":4.0},{"not_picked":["Streamline","Hologram"],"picked":"Ball Lightning","floor":5.0},{"not_picked":["Steam","Gash"],"picked":"Redo","floor":6.0},{"not_picked":["Compile Driver","Hologram"],"picked":"Thunder Strike","floor":7.0},{"not_picked":["Turbo","Conserve Battery"],"picked":"Cold Snap","floor":10.0},{"not_picked":["Panic Button","Aggregate"],"picked":"Lockon","floor":13.0},{"not_picked":["Conserve Battery","Sweeping Beam"],"picked":"Chaos","floor":14.0},{"not_picked":["Meteor Strike","Electrodynamics"],"picked":"Rainbow","floor":16.0},{"not_picked":["Hologram","ReplaySolidLightProjector"],"picked":"Melter","floor":18},{"not_picked":["Hologram+1","ReplaySort"],"picked":"White Noise+1","floor":21},{"not_picked":["Hello World","Chill"],"picked":"Multi-Cast","floor":23},{"not_picked":["BasicCrystalCard+1","White Noise"],"picked":"Sunder+1","floor":25},{"not_picked":["BasicCrystalCard","Steam"],"picked":"Crystallizer","floor":27},{"not_picked":["Sweeping Beam","Go for the Eyes","Steam"],"picked":"SKIP","floor":31}],"player_experience":15771,"relics_obtained":[{"floor":6.0,"key":"TungstenRod"},{"floor":9.0,"key":"ReplayTheSpireMod:TigerMarble"},{"floor":14.0,"key":"Replay:Baseball"},{"floor":23,"key":"War Paint"},{"floor":26,"key":"StoneCalendar"}],"event_choices":[{"damage_healed":0.0,"max_hp_gain":0.0,"max_hp_loss":0.0,"gold_gain":0.0,"cards_transformed":["Defend_B"],"event_name":"Transmorgrifier","player_choice":"Transformed","floor":3.0,"gold_loss":0.0,"damage_taken":0.0,"cards_obtained":["Stack"]},{"damage_healed":0.0,"max_hp_gain":0.0,"max_hp_loss":0.0,"gold_gain":0.0,"event_name":"Shining Light","player_choice":"Ignored","floor":11.0,"gold_loss":0.0,"damage_taken":0.0},{"damage_healed":0,"gold_gain":0,"player_choice":"Shed Blood","damage_taken":19,"max_hp_gain":5,"max_hp_loss":0,"event_name":"Forgotten Altar","floor":19,"gold_loss":0},{"cards_removed":["Strike_B"],"damage_healed":0,"gold_gain":0,"player_choice":"Elegance","damage_taken":0,"max_hp_gain":0,"max_hp_loss":0,"event_name":"Back to Basics","floor":22,"gold_loss":0},{"damage_healed":0,"gold_gain":0,"player_choice":"Upgraded","damage_taken":0,"max_hp_gain":0,"max_hp_loss":0,"event_name":"Upgrade Shrine","floor":30,"gold_loss":0,"cards_upgraded":["Loop"]}],"is_beta":false,"boss_relics":[{"not_picked":["Ectoplasm","Replay:Wanted Poster"],"picked":"Painkiller Herb"}],"items_purged_floors":[20,29],"is_endless":false,"potions_floor_spawned":[2,4,7,14,18,25,31],"killed_by":"Automaton","ascension_level":0}}