{"host":"r6jigiblrojhp6xe","time":1607585484,"event":{"gold_per_floor":[312,326,401,401,40,40,51,80,162,180,39,54,66,91,91,91,91],"floor_reached":16,"playtime":358,"items_purged":["Strike_R","Strike_R"],"score":224,"play_id":"b4158189-0ebc-4e32-af57-b79be5a9d753","local_time":"20201210163124","is_ascension_mode":true,"campfire_choices":[{"data":"Anger","floor":6.0,"key":"SMITH"},{"data":"Demon Form","floor":15,"key":"SMITH"}],"neow_cost":"NO_GOLD","seed_source_timestamp":407184748809800,"circlet_count":0,"master_deck":["AscendersBane","Strike_R","Strike_R","Defend_R","Defend_R","Defend_R","Defend_R","Bash","Cleave","Anger+1","Pommel Strike","Demon Form+1","Sword Boomerang","Pummel","Sword Boomerang","Shrug It Off","Limit Break"],"special_seed":0,"relics":["Burning Blood","Old Coin","Gremlin Horn","Lantern","Darkstone Periapt","Orichalcum"],"potions_floor_usage":[14,16],"damage_taken":[{"damage":12.0,"enemies":"Small Slimes","floor":1.0,"turns":4.0},{"damage":12.0,"enemies":"Cultist","floor":2.0,"turns":4.0},{"damage":9.0,"enemies":"Jaw Worm","floor":7.0,"turns":3.0},{"damage":10.0,"enemies":"Lagavulin","floor":8.0,"turns":7.0},{"damage":19.0,"enemies":"Large Slime","floor":10.0,"turns":4.0},{"damage":0.0,"enemies":"Exordium Wildlife","floor":12.0,"turns":2.0},{"damage":11.0,"enemies":"Blue Slaver","floor":13.0,"turns":3.0},{"damage":18,"enemies":"3 Sentries","floor":14,"turns":7},{"damage":15,"enemies":"The Guardian","floor":16,"turns":4}],"seed_played":"-7643786082784609948","potions_obtained":[{"floor":7.0,"key":"SkillPotion"},{"floor":12.0,"key":"AttackPotion"},{"floor":13.0,"key":"SkillPotion"}],"is_trial":false,"path_per_floor":["M","M","?","?","$","R","M","E","T","M","$","M","M","E","R","B"],"character_chosen":"IRONCLAD","items_purchased":["Gremlin Horn","Pummel"],"campfire_rested":0,"item_purchase_floors":[5,11],"current_hp_per_floor":[62,56,45,45,45,45,42,38,38,25,25,31,26,14,14,0,0],"gold":91,"neow_bonus":"ONE_RARE_RELIC","is_prod":false,"is_daily":false,"chose_seed":false,"campfire_upgraded":2,"win_rate":0,"timestamp":1607585484,"path_taken":["M","M","?","?","$","R","M","E","T","M","$","?","M","E","R","BOSS"],"build_version":"2020-11-30","purchased_purges":2,"victory":false,"max_hp_per_floor":[75,75,75,75,75,75,75,75,75,75,75,75,75,75,75,75,75],"relic_stats":{"Darkstone Periapt":0,"Gremlin Horn":[3,3],"counters":[9,38],"Orichalcum":[18],"obtain_stats":[{"Darkstone Periapt":9,"Lantern":8,"Gremlin Horn":5,"Orichalcum":14,"Burning Blood":0,"Old Coin":0},{"Darkstone Periapt":4,"Lantern":4,"Gremlin Horn":2,"Orichalcum":8,"Burning Blood":0,"Old Coin":0},{"Darkstone Periapt":18,"Lantern":18,"Gremlin Horn":8,"Orichalcum":34,"Burning Blood":0,"Old Coin":0}],"Burning Blood":48},"card_choices":[{"not_picked":["Sword Boomerang","Pommel Strike"],"picked":"Cleave","floor":1.0},{"not_picked":["Perfected Strike","Clash"],"picked":"Anger","floor":2.0},{"not_picked":["Heavy Blade","Second Wind"],"picked":"Demon Form","floor":7.0},{"not_picked":["True Grit","Flex","Spot Weakness"],"picked":"SKIP","floor":8.0},{"not_picked":["Flame Barrier","Iron Wave"],"picked":"Sword Boomerang","floor":10.0},{"not_picked":["Clothesline","Hemokinesis"],"picked":"Sword Boomerang","floor":12.0},{"not_picked":["Bloodletting","Second Wind"],"picked":"Shrug It Off","floor":13.0},{"not_picked":["Armaments","Double Tap"],"picked":"Limit Break","floor":14}],"player_experience":492881,"relics_obtained":[{"floor":8.0,"key":"Lantern"},{"floor":9.0,"key":"Darkstone Periapt"},{"floor":14,"key":"Orichalcum"}],"event_choices":[{"damage_healed":0.0,"max_hp_gain":0.0,"max_hp_loss":0.0,"gold_gain":75.0,"event_name":"World of Goop","player_choice":"Gather Gold","floor":3.0,"gold_loss":0.0,"damage_taken":11.0},{"damage_healed":0.0,"max_hp_gain":0.0,"max_hp_loss":0.0,"gold_gain":0.0,"cards_transformed":["Strike_R"],"event_name":"Transmorgrifier","player_choice":"Transformed","floor":4.0,"gold_loss":0.0,"damage_taken":0.0,"cards_obtained":["Pommel Strike"]}],"is_beta":false,"boss_relics":[],"items_purged_floors":[5,11],"is_endless":false,"potions_floor_spawned":[7,12,13],"killed_by":"The Guardian","ascension_level":20}}