{"host":"avjwtc49fhlk6kym","time":1607559118,"event":{"gold_per_floor":[112,129,139,156,176,194,205,205,205,236,236,236,249,249,249,348,348,348,348],"floor_reached":18,"playtime":698,"items_purged":[],"score":183,"play_id":"135a65d7-ebfd-4518-b237-a358dea77c73","local_time":"20201209191158","is_ascension_mode":true,"campfire_choices":[{"floor":8,"key":"REST"},{"floor":12,"key":"REST"},{"floor":15,"key":"REST"}],"neow_cost":"NONE","seed_source_timestamp":3480616173600,"circlet_count":0,"master_deck":["Strike_P","Strike_P","Strike_P","Strike_P","Defend_P","Defend_P","Defend_P","Defend_P","Eruption","Vigilance","Establishment+1","Conclude","FlyingSleeves","FlurryOfBlows","Meditate","PathToVictory","FollowUp","Protect","PathToVictory","Consecrate+1","MasterReality"],"relics":["PureWater","Nunchaku","Blue Candle","Sozu"],"potions_floor_usage":[7,10,13,13],"damage_taken":[{"damage":0,"enemies":"Jaw Worm","floor":1,"turns":2},{"damage":0,"enemies":"Cultist","floor":2,"turns":4},{"damage":5,"enemies":"Small Slimes","floor":3,"turns":3},{"damage":16,"enemies":"Exordium Wildlife","floor":4,"turns":4},{"damage":12,"enemies":"Lots of Slimes","floor":5,"turns":2},{"damage":0,"enemies":"Large Slime","floor":6,"turns":3},{"damage":14,"enemies":"Exordium Thugs","floor":7,"turns":4},{"damage":19,"enemies":"3 Sentries","floor":10,"turns":6},{"damage":27,"enemies":"Gremlin Gang","floor":13,"turns":4},{"damage":22,"enemies":"The Guardian","floor":16,"turns":9},{"damage":0,"enemies":"Chosen","floor":18,"turns":4}],"seed_played":"7167958314150628751","potions_obtained":[{"floor":4,"key":"Explosive Potion"},{"floor":5,"key":"SpeedPotion"},{"floor":7,"key":"Explosive Potion"},{"floor":10,"key":"Regen Potion"},{"floor":16,"key":"Explosive Potion"}],"is_trial":false,"path_per_floor":["M","M","M","M","M","M","M","R","T","E","?","R","M","?","R","B",null,"M"],"character_chosen":"WATCHER","items_purchased":[],"campfire_rested":3,"item_purchase_floors":[],"current_hp_per_floor":[72,72,67,51,39,39,25,46,46,27,20,41,26,12,33,11,72,72,72],"gold":348,"neow_bonus":"ONE_RANDOM_RARE_CARD","is_prod":false,"is_daily":false,"chose_seed":false,"campfire_upgraded":0,"win_rate":0,"timestamp":1607559118,"path_taken":["M","M","M","M","M","M","M","R","T","E","?","R","?","?","R","BOSS","M"],"build_version":"2020-11-30","purchased_purges":0,"victory":false,"max_hp_per_floor":[72,72,72,72,72,72,72,72,72,72,72,72,72,72,72,72,72,72,72],"card_choices":[{"not_picked":["Halt","JustLucky"],"picked":"Conclude","floor":1},{"not_picked":["Vault","Crescendo"],"picked":"FlyingSleeves","floor":2},{"not_picked":["Study","ClearTheMind"],"picked":"FlurryOfBlows","floor":3},{"not_picked":["WheelKick","Perseverance"],"picked":"Meditate","floor":4},{"not_picked":["ThirdEye","CarveReality"],"picked":"PathToVictory","floor":5},{"not_picked":["Study","MentalFortress"],"picked":"FollowUp","floor":6},{"not_picked":["SashWhip","SignatureMove"],"picked":"Protect","floor":7},{"not_picked":["WaveOfTheHand","Worship"],"picked":"PathToVictory","floor":10},{"not_picked":["FlyingSleeves","EmptyFist"],"picked":"Consecrate","floor":13},{"not_picked":["Establishment","Judgement"],"picked":"MasterReality","floor":16}],"player_experience":484414,"relics_obtained":[{"floor":9,"key":"Nunchaku"},{"floor":10,"key":"Blue Candle"}],"event_choices":[{"damage_healed":0,"gold_gain":0,"player_choice":"Damaged","damage_taken":7,"max_hp_gain":0,"max_hp_loss":0,"event_name":"Wheel of Change","floor":11,"gold_loss":0},{"damage_healed":26,"gold_gain":0,"player_choice":"Upgrade","damage_taken":14,"max_hp_gain":0,"max_hp_loss":72,"event_name":"betterThird:BetterShining","floor":14,"gold_loss":0,"cards_upgraded":["Establishment","Consecrate"]}],"is_beta":false,"boss_relics":[{"not_picked":["SacredBark","Tiny House"],"picked":"Sozu"}],"items_purged_floors":[],"is_endless":false,"potions_floor_spawned":[4,5,7,10,16],"killed_by":"Chosen","ascension_level":2}}