{"host":"7j96kgp47d19w6vo","time":1607618790,"event":{"mods":["BaseMod","BetterRewards","Friendly Minions","StSLib","Custom Start","Minty Spire (QoL Compilation)","UnlockEverythingMod","Gold Saver","Remove Card Discount Mod"],"gold_per_floor":[1013,1013,1042,1054,1066,1106,1118,1146,1182,913,947,483,506,581,581,688,688,711,711,720,720,742,785,785,785,785],"floor_reached":25,"playtime":2009,"items_purged":[],"score":227,"play_id":"464acc3a-0bf1-4036-8110-72734e9a336b","local_time":"20201211014630","is_ascension_mode":false,"campfire_choices":[{"floor":7.0,"key":"REST"},{"data":"MasterReality","floor":15.0,"key":"SMITH"},{"data":"DevaForm","floor":24.0,"key":"SMITH"}],"circlet_count":0,"master_deck":["Strike_P+1","Strike_P+1","Strike_P+1","Strike_P+1","Defend_P+1","Defend_P+1","Defend_P+1","Defend_P+1","Eruption","Vigilance+1","SashWhip","Study","Judgement","FollowUp","Wireheading","FlurryOfBlows","Prostrate","MasterReality+1","DeceiveReality","FollowUp","FearNoEvil","DevaForm+1","SandsOfTime","Shame","PathToVictory","Evaluate+1"],"special_seed":0,"relics":["PureWater","MawBank","Potion Belt","MealTicket","Orichalcum","CeramicFish","Tiny Chest","HandDrill","SlaversCollar","Smiling Mask","HornCleat","Damaru"],"acts_visited":[],"potions_floor_usage":[25,25],"damage_taken":[{"damage":0.0,"enemies":"Jaw Worm","floor":1.0,"turns":4.0},{"damage":7.0,"enemies":"Small Slimes","floor":3.0,"turns":5.0},{"damage":25.0,"enemies":"Lagavulin","floor":6.0,"turns":8.0},{"damage":0.0,"enemies":"Cultist","floor":8.0,"turns":2.0},{"damage":6.0,"enemies":"3 Sentries","floor":11.0,"turns":7.0},{"damage":2.0,"enemies":"Large Slime","floor":13.0,"turns":6.0},{"damage":19.0,"enemies":"Slime Boss","floor":16.0,"turns":7.0},{"damage":17.0,"enemies":"Spheric Guardian","floor":18.0,"turns":4.0},{"damage":12.0,"enemies":"Shell Parasite","floor":22.0,"turns":6.0},{"damage":22.0,"enemies":"Slavers","floor":23.0,"turns":6.0},{"damage":48,"enemies":"Snecko","floor":25,"turns":6}],"seed_played":"8008466503579631790","potions_obtained":[{"floor":11.0,"key":"DistilledChaos"},{"floor":13.0,"key":"CultistPotion"},{"floor":16.0,"key":"Regen Potion"},{"floor":22.0,"key":"SpeedPotion"}],"is_trial":false,"path_per_floor":["M","?","M","?","?","E","R","M","T","$","E","$","M","?","R","B",null,"M","?","?","T","M","E","R","M"],"character_chosen":"WATCHER","items_purchased":["Orichalcum","Wireheading","FlurryOfBlows","Tiny Chest","HandDrill","MasterReality","DeceiveReality","FollowUp"],"campfire_rested":1,"item_purchase_floors":[10,10,10,12,12,12,12,12],"current_hp_per_floor":[72,72,65,58,46,21,42,42,42,57,51,66,64,53,53,34,72,55,55,55,55,43,21,21,0,0],"gold":785,"neow_bonus":"UPGRADE_CARD","is_daily":false,"chose_seed":false,"campfire_upgraded":2,"win_rate":0,"timestamp":1607618790,"path_taken":["M","?","M","?","?","E","R","M","T","$","E","$","M","?","R","BOSS","M","?","?","?","?","E","R","M"],"build_version":"2020-11-30","purchased_purges":0,"victory":false,"max_hp_per_floor":[72,72,72,72,72,72,72,72,72,72,72,72,72,72,72,72,72,72,72,72,72,72,72,72,72,72],"card_choices":[{"not_picked":["EmptyBody","Collect"],"picked":"SashWhip","floor":1.0},{"not_picked":["Indignation","EmptyBody"],"picked":"Study","floor":3.0},{"not_picked":["ForeignInfluence","WaveOfTheHand"],"picked":"Judgement","floor":6.0},{"not_picked":["Evaluate","Halt"],"picked":"FollowUp","floor":8.0},{"not_picked":["ClearTheMind","Crescendo"],"picked":"Prostrate","floor":11.0},{"not_picked":["EmptyFist","Evaluate"],"picked":"FearNoEvil","floor":13.0},{"not_picked":["Wish","DeusExMachina"],"picked":"DevaForm","floor":16.0},{"not_picked":["JustLucky","Prostrate"],"picked":"SandsOfTime","floor":18.0},{"not_picked":["CrushJoints","WindmillStrike+1"],"picked":"PathToVictory","floor":22.0},{"not_picked":["Consecrate","Sanctity"],"picked":"Evaluate+1","floor":23.0}],"player_experience":861556,"relics_obtained":[{"floor":6.0,"key":"MealTicket"},{"floor":11.0,"key":"CeramicFish"},{"floor":21.0,"key":"HornCleat"},{"floor":23.0,"key":"Damaru"}],"event_choices":[{"damage_healed":0.0,"max_hp_gain":0.0,"max_hp_loss":0.0,"gold_gain":0.0,"event_name":"Big Fish","player_choice":"Box","floor":2.0,"gold_loss":0.0,"damage_taken":0.0,"relics_obtained":["MawBank"],"cards_obtained":["Regret"]},{"cards_removed":["Regret"],"damage_healed":0.0,"max_hp_gain":0.0,"max_hp_loss":0.0,"gold_gain":0.0,"event_name":"Golden Wing","player_choice":"Card Removal","floor":4.0,"gold_loss":0.0,"damage_taken":7.0},{"damage_healed":0.0,"max_hp_gain":0.0,"max_hp_loss":0.0,"gold_gain":0.0,"event_name":"Scrap Ooze","player_choice":"Success","floor":5.0,"gold_loss":0.0,"damage_taken":12.0,"relics_obtained":["Potion Belt"]},{"damage_healed":0.0,"max_hp_gain":0.0,"max_hp_loss":0.0,"gold_gain":75.0,"event_name":"World of Goop","player_choice":"Gather Gold","floor":14.0,"gold_loss":0.0,"damage_taken":11.0},{"damage_healed":0.0,"max_hp_gain":0.0,"max_hp_loss":0.0,"gold_gain":0.0,"event_name":"Back to Basics","player_choice":"Simplicity","floor":19.0,"gold_loss":0.0,"damage_taken":0.0,"cards_upgraded":["Strike_P","Strike_P","Strike_P","Strike_P","Defend_P","Defend_P","Defend_P","Defend_P"]},{"damage_healed":0.0,"max_hp_gain":0.0,"max_hp_loss":0.0,"gold_gain":0.0,"event_name":"Addict","player_choice":"Stole Relic","floor":20.0,"gold_loss":0.0,"damage_taken":0.0,"relics_obtained":["Smiling Mask"],"cards_obtained":["Shame"]}],"is_beta":false,"boss_relics":[{"not_picked":["VioletLotus","SacredBark"],"picked":"SlaversCollar"}],"items_purged_floors":[],"is_endless":false,"potions_floor_spawned":[11,13,16,22],"killed_by":"Snecko","ascension_level":0}}