{"host":"tfkz8stxzb1up54p","time":1607568155,"event":{"gold_per_floor":[581,581,598,1,15,45,45,74,74,94,107,107,125,157,157,258,258,274,274,286,201,56,56,85,85,160,160,160,177,192,217,217,314,314,328,346,346,346,362,362,388,388,413,177,192,205,223,6,6,6],"floor_reached":51,"playtime":3781,"items_purged":["Defend_R","Normality","Metallicize"],"score":997,"play_id":"8b48a101-8463-4d99-bdab-20ecba1e8f35","local_time":"20201210024235","is_ascension_mode":true,"campfire_choices":[{"data":"Perfected Strike","floor":12,"key":"SMITH"},{"data":"Flame Barrier","floor":15,"key":"SMITH"},{"data":"Rage","floor":23,"key":"SMITH"},{"data":"Rage","floor":25,"key":"SMITH"},{"data":"Demon Form","floor":27,"key":"SMITH"},{"data":"Anger","floor":32,"key":"SMITH"},{"data":"Limit Break","floor":40,"key":"SMITH"},{"data":"Shrug It Off","floor":42,"key":"SMITH"},{"data":"Shrug It Off","floor":49,"key":"SMITH"}],"neow_cost":"NONE","seed_source_timestamp":231901713486700,"circlet_count":0,"master_deck":["Strike_R","Strike_R","Strike_R","Strike_R+1","Defend_R","Defend_R","Defend_R","Bash","Perfected Strike+1","Rage+1","Rage+1","Shrug It Off+1","Flame Barrier+1","Perfected Strike+1","Intimidate","Demon Form+1","Anger+1","Shrug It Off+1","Iron Wave+1","Body Slam+1","Body Slam+1","Limit Break+1","Heavy Blade+1","Spot Weakness","Demon Form+1","Blood for Blood+1","Anger+1","Swift Strike+1"],"relics":["Burning Blood","Sling","Toy Ornithopter","Centennial Puzzle","Darkstone Periapt","White Beast Statue","StrikeDummy","TungstenRod","SlaversCollar","Blood Vial","Anchor","Whetstone","Dream Catcher","Bottled Tornado","Molten Egg 2","Cursed Key","Paper Frog","MawBank"],"potions_floor_usage":[8,11,14,14,18,24,29,31,31,31,35,35,39,41,41,46,46,50,50,50,50,50],"damage_taken":[{"damage":0,"enemies":"Small Slimes","floor":1,"turns":3},{"damage":2,"enemies":"2 Louse","floor":3,"turns":3},{"damage":2,"enemies":"Cultist","floor":5,"turns":4},{"damage":9,"enemies":"3 Sentries","floor":6,"turns":7},{"damage":27,"enemies":"Gremlin Nob","floor":8,"turns":4},{"damage":0,"enemies":"2 Fungi Beasts","floor":10,"turns":3},{"damage":8,"enemies":"Large Slime","floor":11,"turns":5},{"damage":0,"enemies":"Looter","floor":13,"turns":4},{"damage":4,"enemies":"Lagavulin","floor":14,"turns":5},{"damage":18,"enemies":"The Guardian","floor":16,"turns":13},{"damage":11,"enemies":"2 Thieves","floor":18,"turns":4},{"damage":14,"enemies":"Spheric Guardian","floor":20,"turns":6},{"damage":7,"enemies":"Book of Stabbing","floor":24,"turns":4},{"damage":24,"enemies":"Shelled Parasite and Fungi","floor":29,"turns":4},{"damage":0,"enemies":"Snecko","floor":30,"turns":5},{"damage":18,"enemies":"Slavers","floor":31,"turns":4},{"damage":35,"enemies":"Automaton","floor":33,"turns":7},{"damage":4,"enemies":"Orb Walker","floor":35,"turns":3},{"damage":7,"enemies":"3 Shapes","floor":36,"turns":3},{"damage":18,"enemies":"Spire Growth","floor":39,"turns":4},{"damage":10,"enemies":"Reptomancer","floor":41,"turns":5},{"damage":1,"enemies":"Transient","floor":45,"turns":5},{"damage":10,"enemies":"4 Shapes","floor":46,"turns":3},{"damage":5,"enemies":"3 Darklings","floor":47,"turns":4},{"damage":56,"enemies":"Awakened One","floor":50,"turns":7}],"seed_played":"7531418892179323567","potions_obtained":[{"floor":3,"key":"Regen Potion"},{"floor":6,"key":"FairyPotion"},{"floor":10,"key":"Energy Potion"},{"floor":11,"key":"DistilledChaos"},{"floor":13,"key":"BlessingOfTheForge"},{"floor":14,"key":"BloodPotion"},{"floor":16,"key":"AttackPotion"},{"floor":18,"key":"SteroidPotion"},{"floor":20,"key":"Fire Potion"},{"floor":24,"key":"LiquidBronze"},{"floor":29,"key":"LiquidBronze"},{"floor":30,"key":"Explosive Potion"},{"floor":31,"key":"SpeedPotion"},{"floor":33,"key":"BlessingOfTheForge"},{"floor":35,"key":"DistilledChaos"},{"floor":36,"key":"Dexterity Potion"},{"floor":39,"key":"EssenceOfSteel"},{"floor":41,"key":"SkillPotion"},{"floor":45,"key":"Strength Potion"},{"floor":46,"key":"LiquidBronze"},{"floor":47,"key":"Energy Potion"}],"is_trial":false,"path_per_floor":["M","?","M","$","M","E","?","E","T","M","M","R","M","E","R","B",null,"M","?","M","?","$","R","E","R","T","R","?","M","M","E","R","B",null,"M","M","?","?","M","R","E","R","T","$","M","M","M","$","R","B",null],"character_chosen":"IRONCLAD","items_purchased":["Sling","Toy Ornithopter","Centennial Puzzle","Rage","Whetstone","Anger+1","EntropicBrew","Swift Strike+1"],"campfire_rested":0,"item_purchase_floors":[4,4,4,4,22,44,44,48],"current_hp_per_floor":[78,78,80,80,80,77,80,68,68,74,77,77,80,80,80,68,77,75,75,69,69,69,69,80,80,80,80,80,62,70,73,73,46,72,80,79,79,79,69,69,76,76,82,82,86,82,85,85,85,65],"gold":6,"neow_bonus":"HUNDRED_GOLD","is_prod":false,"is_daily":false,"chose_seed":false,"campfire_upgraded":9,"win_rate":0,"timestamp":1607568155,"path_taken":["M","?","M","$","M","E","?","E","T","M","?","R","M","E","R","BOSS","M","?","M","?","$","R","E","R","T","R","?","M","M","E","R","BOSS","M","M","?","?","M","R","E","R","T","$","M","M","M","$","R","BOSS"],"build_version":"2020-11-30","purchased_purges":3,"victory":true,"max_hp_per_floor":[80,80,80,80,80,80,80,80,80,80,80,80,80,80,80,80,80,80,80,80,80,80,80,80,80,80,80,80,80,80,80,80,80,80,80,80,80,80,80,80,80,80,86,86,86,86,86,86,86,86],"card_choices":[{"not_picked":["Havoc","Wild Strike","Uppercut"],"picked":"SKIP","floor":1},{"not_picked":["Combust","Anger","Searing Blow"],"picked":"SKIP","floor":3},{"not_picked":["Perfected Strike","Dual Wield"],"picked":"Rage","floor":5},{"not_picked":["Wild Strike","Entrench","Sentinel"],"picked":"SKIP","floor":6},{"not_picked":["Dropkick","Rupture"],"picked":"Shrug It Off","floor":8},{"not_picked":["Cleave","Thunderclap"],"picked":"Metallicize","floor":10},{"not_picked":["Searing Blow","Whirlwind"],"picked":"Flame Barrier","floor":11},{"not_picked":["Impervious","Anger"],"picked":"Perfected Strike","floor":13},{"not_picked":["Shrug It Off","Battle Trance"],"picked":"Intimidate","floor":14},{"not_picked":["Reaper","Limit Break"],"picked":"Demon Form","floor":16},{"not_picked":["Cleave","Battle Trance+1"],"picked":"Anger","floor":18},{"not_picked":["Warcry+1","Power Through"],"picked":"Shrug It Off","floor":20},{"not_picked":["Uppercut","Anger"],"picked":"Iron Wave+1","floor":24},{"not_picked":["Sever Soul","Carnage+1"],"picked":"Body Slam+1","floor":29},{"not_picked":["Clash","Immolate","Carnage"],"picked":"SKIP","floor":30},{"not_picked":["Burning Pact","Rampage+1"],"picked":"Body Slam+1","floor":31},{"not_picked":["Immolate+1","Juggernaut"],"picked":"Limit Break","floor":33},{"not_picked":["True Grit","Warcry"],"picked":"Heavy Blade+1","floor":35},{"not_picked":["Inflame","True Grit+1"],"picked":"Spot Weakness","floor":36},{"not_picked":["Flex","Feel No Pain+1","True Grit"],"picked":"SKIP","floor":39},{"not_picked":["Demon Form","Cleave+1"],"picked":"Blood for Blood+1","floor":41},{"not_picked":["Battle Trance","True Grit+1","Evolve"],"picked":"SKIP","floor":45},{"not_picked":["Clothesline+1","Sever Soul+1","Intimidate"],"picked":"SKIP","floor":46},{"not_picked":["Thunderclap+1","Twin Strike+1","Havoc"],"picked":"SKIP","floor":47}],"player_experience":1203554,"relics_obtained":[{"floor":6,"key":"Darkstone Periapt"},{"floor":8,"key":"White Beast Statue"},{"floor":9,"key":"StrikeDummy"},{"floor":14,"key":"TungstenRod"},{"floor":24,"key":"Dream Catcher"},{"floor":26,"key":"Bottled Tornado"},{"floor":31,"key":"Molten Egg 2"},{"floor":41,"key":"Paper Frog"},{"floor":43,"key":"MawBank"}],"event_choices":[{"damage_healed":0,"gold_gain":0,"cards_transformed":["Strike_R"],"player_choice":"Change","damage_taken":0,"max_hp_gain":0,"max_hp_loss":0,"event_name":"Living Wall","floor":2,"gold_loss":0,"cards_obtained":["Perfected Strike"]},{"damage_healed":3,"gold_gain":0,"player_choice":"Full Heal","damage_taken":0,"max_hp_gain":0,"max_hp_loss":0,"event_name":"Wheel of Change","floor":7,"gold_loss":0},{"damage_healed":0,"gold_gain":0,"player_choice":"Opened","damage_taken":0,"relics_obtained":["Blood Vial"],"max_hp_gain":0,"max_hp_loss":0,"event_name":"The Mausoleum","floor":19,"gold_loss":0},{"damage_healed":0,"gold_gain":0,"player_choice":"Obtained Relic","damage_taken":0,"relics_obtained":["Anchor"],"max_hp_gain":0,"max_hp_loss":0,"event_name":"Addict","floor":21,"gold_loss":85},{"damage_healed":0,"gold_gain":0,"player_choice":"Ignored","damage_taken":0,"max_hp_gain":0,"max_hp_loss":0,"event_name":"Vampires","floor":28,"gold_loss":0},{"damage_healed":0,"gold_gain":0,"player_choice":"Ignored","damage_taken":0,"max_hp_gain":0,"max_hp_loss":0,"event_name":"Tomb of Lord Red Mask","floor":37,"gold_loss":0},{"damage_healed":0,"gold_gain":0,"player_choice":"Copied","damage_taken":0,"max_hp_gain":0,"max_hp_loss":0,"event_name":"Duplicator","floor":38,"gold_loss":0,"cards_obtained":["Demon Form"]}],"is_beta":false,"boss_relics":[{"not_picked":["Coffee Dripper","Astrolabe"],"picked":"SlaversCollar"},{"not_picked":["Snecko Eye","Velvet Choker"],"picked":"Cursed Key"}],"items_purged_floors":[4,44,48],"is_endless":false,"potions_floor_spawned":[3,6,10,11,13,14,16,18,20,24,29,30,31,33,35,36,39,41,45,46,47],"ascension_level":8}}