{"host":"x1qj4d8ympd5jdqh","time":1607609553,"event":{"gold_per_floor":[118,135,25,100,100,134,146,2,28,28,28,41,56,67,67,140,190,206,222,55,55,55,55,90,107,107,107,132,82,98,109,109,180,180,193,35,0,0,0,0,0,12,12,12,12],"floor_reached":44,"playtime":947,"items_purged":["Defend_B","Strike_B"],"score":895,"play_id":"3c2998b7-fa4c-44ba-aa04-2fa5b9bd1f08","local_time":"20201210231233","is_ascension_mode":true,"campfire_choices":[{"data":"Storm","floor":10.0,"key":"SMITH"},{"data":"Storm","floor":15.0,"key":"SMITH"},{"data":"Defragment","floor":23.0,"key":"SMITH"},{"floor":27.0,"key":"REST"},{"floor":32.0,"key":"REST"},{"data":"Coolheaded","floor":40.0,"key":"SMITH"}],"neow_cost":"NONE","seed_source_timestamp":12614782396400,"circlet_count":0,"master_deck":["AscendersBane","Strike_B","Strike_B","Defend_B","Defend_B","Zap","Dualcast","Ball Lightning","Self Repair","Turbo","White Noise+1","Gash","Storm+1","Conserve Battery","Sunder+1","Glacier+1","Compile Driver","Storm+1","Reboot","Defragment+1","Coolheaded+1","White Noise","Electrodynamics","Double Energy+1","Core Surge","Force Field+1","Hologram+1","Chill+1","Writhe"],"special_seed":0,"relics":["Cracked Core","NeowsBlessing","Potion Belt","Dream Catcher","Vajra","Tiny House","Strawberry","Toxic Egg 2","War Paint","Cursed Key","Red Mask","Mummified Hand"],"potions_floor_usage":[],"damage_taken":[{"damage":0.0,"enemies":"Jaw Worm","floor":1.0,"turns":1.0},{"damage":0.0,"enemies":"Small Slimes","floor":2.0,"turns":1.0},{"damage":0.0,"enemies":"Lagavulin","floor":6.0,"turns":1.0},{"damage":1.0,"enemies":"Cultist","floor":7.0,"turns":3.0},{"damage":6.0,"enemies":"Exordium Thugs","floor":12.0,"turns":4.0},{"damage":15.0,"enemies":"Large Slime","floor":13.0,"turns":6.0},{"damage":0.0,"enemies":"3 Louse","floor":14.0,"turns":4.0},{"damage":24.0,"enemies":"The Guardian","floor":16.0,"turns":12.0},{"damage":4.0,"enemies":"Shell Parasite","floor":18.0,"turns":3.0},{"damage":11.0,"enemies":"Chosen","floor":19.0,"turns":4.0},{"damage":39.0,"enemies":"Book of Stabbing","floor":24.0,"turns":4.0},{"damage":18.0,"enemies":"Snecko","floor":25.0,"turns":4.0},{"damage":28.0,"enemies":"Slavers","floor":28.0,"turns":3.0},{"damage":0.0,"enemies":"Chosen and Byrds","floor":30.0,"turns":3.0},{"damage":24.0,"enemies":"Snake Plant","floor":31.0,"turns":3.0},{"damage":32.0,"enemies":"Automaton","floor":33.0,"turns":11.0},{"damage":29.0,"enemies":"Orb Walker","floor":35.0,"turns":3.0},{"damage":57.0,"enemies":"3 Darklings","floor":42.0,"turns":4.0},{"damage":23,"enemies":"Reptomancer","floor":44,"turns":2}],"seed_played":"-3648752717521929268","potions_obtained":[{"floor":7.0,"key":"SpeedPotion"},{"floor":12.0,"key":"EssenceOfDarkness"},{"floor":17.0,"key":"ColorlessPotion"},{"floor":19.0,"key":"Explosive Potion"},{"floor":24.0,"key":"Explosive Potion"},{"floor":30.0,"key":"ColorlessPotion"}],"is_trial":false,"path_per_floor":["M","M","$","?","T","E","M","$","T","R","?","M","M","M","R","B",null,"M","M","$","?","?","R","E","M","T","R","E","?","M","M","R","B",null,"M","$","?","?","?","R","T","M","T","E"],"character_chosen":"DEFECT","items_purchased":["Self Repair","Turbo","Storm","Conserve Battery","Coolheaded","White Noise","Hologram+1"],"campfire_rested":2,"item_purchase_floors":[3,3,8,8,20,20,36],"current_hp_per_floor":[64,64,64,53,53,53,59,59,59,59,59,60,52,59,59,42,69,72,68,68,68,68,68,43,32,32,56,28,28,35,18,42,17,67,38,38,38,38,68,68,68,18,18,0,0],"gold":12,"neow_bonus":"THREE_ENEMY_KILL","is_prod":false,"is_daily":false,"chose_seed":false,"campfire_upgraded":4,"win_rate":0,"timestamp":1607609553,"path_taken":["M","M","$","?","?","E","M","$","T","R","?","M","M","M","R","BOSS","M","M","$","?","?","R","E","M","T","R","E","?","?","M","R","BOSS","M","$","?","?","?","R","?","?","T","E"],"build_version":"2020-11-30","purchased_purges":2,"victory":false,"max_hp_per_floor":[71,71,71,71,71,71,71,71,71,71,71,71,71,71,71,71,76,76,76,76,76,76,76,83,83,83,83,83,83,83,83,83,83,83,83,83,83,83,68,68,68,68,68,68,68],"card_choices":[{"not_picked":["Tempest","Go for the Eyes"],"picked":"Ball Lightning","floor":1.0},{"not_picked":["Redo","Compile Driver","Ball Lightning"],"picked":"SKIP","floor":2.0},{"not_picked":["Beam Cell","Redo"],"picked":"White Noise","floor":6.0},{"not_picked":["Ball Lightning","Cold Snap"],"picked":"Gash","floor":7.0},{"not_picked":["Stack","Coolheaded"],"picked":"Glacier","floor":12.0},{"not_picked":["Lockon","Sunder"],"picked":"Compile Driver","floor":13.0},{"not_picked":["Echo Form","Coolheaded"],"picked":"Storm","floor":14.0},{"not_picked":["Meteor Strike","Seek"],"picked":"Reboot","floor":16.0},{"not_picked":["Sunder","Redo"],"picked":"Defragment","floor":17.0},{"not_picked":["Gash","Consume","Rip and Tear"],"picked":"SKIP","floor":18.0},{"not_picked":["Barrage+1","Rebound","Redo"],"picked":"SKIP","floor":19.0},{"not_picked":["Coolheaded","Leap"],"picked":"Electrodynamics","floor":24.0},{"not_picked":["White Noise","Gash","Sweeping Beam"],"picked":"SKIP","floor":25.0},{"not_picked":["Sweeping Beam","Gash"],"picked":"Double Energy+1","floor":28.0},{"not_picked":["Streamline+1","Undo+1","Compile Driver"],"picked":"SKIP","floor":30.0},{"not_picked":["Redo+1","Sunder","Barrage"],"picked":"SKIP","floor":31.0},{"not_picked":["Rainbow+1","Fission+1"],"picked":"Core Surge","floor":33.0},{"not_picked":["Coolheaded+1","Gash+1"],"picked":"Force Field+1","floor":35.0},{"not_picked":["Gash+1","Redo+1"],"picked":"Chill+1","floor":42.0}],"player_experience":1304183,"relics_obtained":[{"floor":5.0,"key":"Potion Belt"},{"floor":6.0,"key":"Dream Catcher"},{"floor":9.0,"key":"Vajra"},{"floor":24.0,"key":"Strawberry"},{"floor":26.0,"key":"Toxic Egg 2"},{"floor":28.0,"key":"War Paint"},{"floor":43.0,"key":"Mummified Hand"}],"event_choices":[{"damage_healed":0.0,"max_hp_gain":0.0,"max_hp_loss":0.0,"gold_gain":75.0,"event_name":"World of Goop","player_choice":"Gather Gold","floor":4.0,"gold_loss":0.0,"damage_taken":11.0},{"damage_healed":0.0,"max_hp_gain":0.0,"max_hp_loss":0.0,"gold_gain":0.0,"cards_transformed":["Strike_B"],"event_name":"Living Wall","player_choice":"Change","floor":11.0,"gold_loss":0.0,"damage_taken":0.0,"cards_obtained":["Sunder"]},{"damage_healed":0.0,"max_hp_gain":0.0,"max_hp_loss":0.0,"gold_gain":0.0,"event_name":"Cursed Tome","player_choice":"Ignored","floor":21.0,"gold_loss":0.0,"damage_taken":0.0},{"damage_healed":0.0,"max_hp_gain":0.0,"max_hp_loss":0.0,"gold_gain":0.0,"event_name":"Ghosts","player_choice":"Ignored","floor":22.0,"gold_loss":0.0,"damage_taken":0.0},{"damage_healed":0.0,"max_hp_gain":0.0,"max_hp_loss":0.0,"gold_gain":0.0,"event_name":"The Joust","player_choice":"Bet on Murderer","floor":29.0,"gold_loss":50.0,"damage_taken":0.0},{"damage_healed":0.0,"max_hp_gain":0.0,"max_hp_loss":0.0,"gold_gain":0.0,"event_name":"Tomb of Lord Red Mask","player_choice":"Paid","floor":37.0,"gold_loss":35.0,"damage_taken":0.0,"relics_obtained":["Red Mask"]},{"cards_removed":["Defend_B"],"damage_healed":0.0,"max_hp_gain":0.0,"max_hp_loss":0.0,"gold_gain":0.0,"event_name":"Falling","player_choice":"Removed Skill","floor":38.0,"gold_loss":0.0,"damage_taken":0.0},{"damage_healed":68.0,"max_hp_gain":0.0,"max_hp_loss":15.0,"gold_gain":0.0,"event_name":"The Moai Head","player_choice":"Heal","floor":39.0,"gold_loss":0.0,"damage_taken":0.0}],"is_beta":false,"boss_relics":[{"not_picked":["Calling Bell","Runic Pyramid"],"picked":"Tiny House"},{"not_picked":["Coffee Dripper","Black Star"],"picked":"Cursed Key"}],"items_purged_floors":[20,36],"is_endless":false,"potions_floor_spawned":[7,12,19,24,30],"killed_by":"Reptomancer","ascension_level":18}}