{"host":"u5hfrceatticevdm","time":1607624608,"event":{"mods":["BaseMod","StSLib","Conspire","Hubris","Minty Spire (QoL Compilation)","Act Like it!","Halation","Useless Jewels Mod","Aspiration","Energized Spire","vexMod","GifTheSpireLib","HexUI Lib","Replay The Spire","Stuff the Spire","Unceasing Turn Reminder","2.2 Compatiblity","Better Synergies","Magineer Mod","Spikes Relics","Waifu the Spire","Alarm Clock","Downfall","Spicy Shops","Humility","Small Relic Pack","Hyrulean Relics","The Construct","Friendly Minions"],"gold_per_floor":[115,135,135,99,119,144,144,161,161,173,173,124,124,157,157,260,260,270,327,327,327,327,327,308,308,308,308,308],"floor_reached":27,"playtime":940,"items_purged":[],"score":289,"play_id":"861a4a5c-8a45-46f9-8979-ab38cb48d64d","local_time":"20201210132328","is_ascension_mode":false,"campfire_choices":[{"floor":7,"key":"REST"},{"data":"Defragment","floor":13,"key":"SMITH"},{"floor":15,"key":"REST"},{"floor":23,"key":"REST"}],"circlet_count":0,"master_deck":["Strike_B","Strike_B","Strike_B","Strike_B","Defend_B","Defend_B","Defend_B","Defend_B","Zap","Dualcast","Ball Lightning","Streamline","Cold Snap","Cold Snap","Ball Lightning","Defragment+1","Ball Lightning","StuffTheSpire:LoadUp","Ball Lightning","Consume","ReplayTheSpireMod:Fabricate Wheel","Cold Snap+1","Conserve Battery","Coolheaded+1"],"relics":["Cracked Core","Replay:Mystery Machine","StuffTheSpire:DarkSteelAnvil","Molten Egg 2","SlaversCollar","Replay:Rubber Ducky","relicPack:DSword","halation:EternalFortune"],"acts_visited":["Exordium","TheCity"],"potions_floor_usage":[6,14,16,25],"damage_taken":[{"damage":2,"enemies":"2 Louse","floor":1,"turns":2},{"damage":1,"enemies":"Cultist","floor":2,"turns":3},{"damage":0,"enemies":"conspire:RoseBush","floor":5,"turns":2},{"damage":20,"enemies":"Lagavulin","floor":6,"turns":7},{"damage":4,"enemies":"3 Louse","floor":8,"turns":3},{"damage":5,"enemies":"Looter","floor":10,"turns":2},{"damage":26,"enemies":"3 Sentries","floor":14,"turns":4},{"damage":45,"enemies":"Hexaghost","floor":16,"turns":7},{"damage":15,"enemies":"Shell Parasite","floor":18,"turns":4},{"damage":12,"enemies":"2 Thieves","floor":24,"turns":3},{"damage":0,"enemies":"Gremlin Leader","floor":25,"turns":1},{"damage":21,"enemies":"Cultist and Chosen","floor":27,"turns":4}],"seed_played":"3395558493876249659","potions_obtained":[{"floor":1,"key":"Fire Potion"},{"floor":3,"key":"SmokeBomb"},{"floor":3,"key":"Doom Potion"},{"floor":10,"key":"Elixir"},{"floor":14,"key":"BlessingOfTheForge"},{"floor":16,"key":"ColorlessPotion"},{"floor":19,"key":"Ancient Potion"}],"is_trial":false,"path_per_floor":["M","M","?","$","M","E","R","M","T","M","?","$","R","E","R","B",null,"M","?","?","?","?","R","M","E","T","M"],"character_chosen":"DEFECT","items_purchased":["Cold Snap","Ball Lightning"],"campfire_rested":3,"item_purchase_floors":[4,12],"current_hp_per_floor":[80,79,79,79,79,59,82,78,78,73,78,78,78,52,78,33,87,72,38,3,3,6,33,21,21,21,0,0],"gold":308,"neow_bonus":"TEN_PERCENT_HP_BONUS","is_daily":false,"chose_seed":false,"campfire_upgraded":1,"win_rate":0,"timestamp":1607624608,"path_taken":["M","M","?","$","?","E","R","M","T","M","?","$","R","E","R","BOSS","M","?","?","?","?","R","M","E","T","M"],"build_version":"2020-11-30","purchased_purges":0,"victory":false,"max_hp_per_floor":[82,82,82,82,82,82,82,82,82,82,87,87,87,87,87,87,87,87,87,87,87,90,90,90,90,90,90,90],"card_choices":[{"not_picked":["ReplayTheSpireMod:GoodbyeWorld","Leap"],"picked":"Ball Lightning","floor":1},{"not_picked":["Coolheaded","BasicCrystalCard"],"picked":"Streamline","floor":2},{"not_picked":["Aggregate","StuffTheSpire:Plugnplay"],"picked":"Ball Lightning","floor":5},{"not_picked":["StuffTheSpire:NuclearReactor","hubris:SpecializedCircuitry"],"picked":"Defragment","floor":6},{"not_picked":["hubris:PowerSurge","BootSequence"],"picked":"Ball Lightning","floor":8},{"not_picked":["Turbo","Beam Cell"],"picked":"StuffTheSpire:LoadUp","floor":10},{"not_picked":["Compile Driver+1","Hologram"],"picked":"Consume","floor":14},{"not_picked":["Multi-Cast","StuffTheSpire:ForEach"],"picked":"ReplayTheSpireMod:Fabricate Wheel","floor":16},{"not_picked":["Turbo","Crystallizer","Compile Driver+1"],"picked":"SKIP","floor":18},{"not_picked":["Time Bomb+1","Leap+1"],"picked":"Cold Snap+1","floor":19},{"not_picked":["ReplayTheSpireMod:Dual Polarity","Gash+1"],"picked":"Conserve Battery","floor":19},{"not_picked":["Storm","Gash+1"],"picked":"Coolheaded+1","floor":24}],"player_experience":750199,"relics_obtained":[{"floor":6,"key":"Replay:Mystery Machine"},{"floor":9,"key":"StuffTheSpire:DarkSteelAnvil"},{"floor":14,"key":"Molten Egg 2"},{"floor":19,"key":"Replay:Rubber Ducky"}],"event_choices":[{"damage_healed":0,"gold_gain":0,"player_choice":"Got Potions","damage_taken":0,"max_hp_gain":0,"max_hp_loss":0,"event_name":"Lab","floor":3,"gold_loss":0},{"damage_healed":0,"gold_gain":0,"player_choice":"Donut","damage_taken":0,"max_hp_gain":5,"max_hp_loss":0,"event_name":"Big Fish","floor":11,"gold_loss":0}],"is_beta":false,"boss_relics":[{"not_picked":["energizedSpire:OldTV","energizedSpire:MagnifyingGlass"],"picked":"SlaversCollar"}],"items_purged_floors":[],"is_endless":false,"potions_floor_spawned":[1,5,10,14,16,18,25],"killed_by":"Cultist and Chosen","ascension_level":0}}