{"host":"eyd8pf3bw1xm0qjv","time":1607579142,"event":{"gold_per_floor":[128,159,14,14,0,0,0,73,73,145,145,175,241,241,241,383,383,432,470,528,428,493,493,554,589,669,727,115,115,115,192,192,362,362,425,425,275,323,81,146,146,146,146,13,74,157,157,212,212,257,257,257,29,127,218],"floor_reached":56,"playtime":3476,"items_purged":["blackbeard:BlackbeardStrike","blackbeard:BlackbeardStrike","blackbeard:BlackbeardStrike","blackbeard:BlackbeardStrike","SwitchThreat"],"score":1381,"play_id":"89f1639e-9860-4ca4-a7b8-cc44301e95e3","local_time":"20201210004542","is_ascension_mode":false,"campfire_choices":[{"data":"blackbeard:Bandana","floor":6,"key":"SMITH"},{"data":"blackbeard:Sword","floor":11,"key":"SMITH"},{"floor":15,"key":"REST"},{"data":"blackbeard:Sword","floor":23,"key":"SMITH"},{"floor":29,"key":"REST"},{"floor":32,"key":"REST"},{"floor":47,"key":"RECALL"},{"data":"blackbeard:PowerHungry","floor":49,"key":"SMITH"},{"data":"blackbeard:BrownPants","floor":52,"key":"SMITH"}],"neow_cost":"NONE","seed_source_timestamp":282416233625200,"circlet_count":0,"master_deck":["blackbeard:IntimidatingStrike","blackbeard:BlackbeardDefend","blackbeard:BlackbeardDefend","blackbeard:BlackbeardDefend","blackbeard:BlackbeardDefend","blackbeard:Cutlass","blackbeard:GoldenDefense","blackbeard:Sword+1","blackbeard:Bandana+1","blackbeard:FieryDefense","blackbeard:Spear","blackbeard:PirateHook","blackbeard:HumongousCannonball","blackbeard:HumongousCannonball","blackbeard:CloakAndCannonball","blackbeard:CannonballSupply+1","blackbeard:Sword+1","blackbeard:CloakAndCannonball","blackbeard:FieryDefense","blackbeard:GoldenCannonball","blackbeard:FieryDefense+1","blackbeard:Rum+1","blackbeard:Provisioning+1","blackbeard:PowerHungry+1","blackbeard:FishingNets","blackbeard:CaptainsCabin+1","blackbeard:GoldenCannonball","blackbeard:Rum","blackbeard:GoldenDefense","blackbeard:GoldenDefense","blackbeard:PowderKeg","blackbeard:GoldenStrike","blackbeard:GoldenCannonball","blackbeard:GoldenCannonball","blackbeard:BrownPants+1","blackbeard:BrownPants+1","blackbeard:GoldenStrike","blackbeard:DeadlyArsenal","blackbeard:MegaUpgrade","blackbeard:Bandana+1"],"relics":["blackbeard:LoadTheCannons","hubris:Icosahedron","halation:VictoryRuler","blackbeard:TreasureChest","vexMod:CardConverter","Bag of Marbles","halation:SelfBoilingWater","StuffTheSpire:OldFever","aspiration:FutureDiary","conspire:Dentures","conspire:BottledYoYo","CCEMRelics:WrappedPresent","Bottled Tornado","ReplayTheSpireMod:Ninjato","aspiration:MobileForge","vexMod:HeadHunter","Replay:Bandana","ReplayTheSpireMod:CursedCoin","CCEMRelics:FryingPan"],"potions_floor_usage":[8,16,27,33,33,33,33,40,40,46,48,48,50,50,54,55,55,55],"damage_taken":[{"damage":0,"enemies":"Small Slimes","floor":1,"turns":2},{"damage":0,"enemies":"2 Louse","floor":2,"turns":2},{"damage":43,"enemies":"HollowMod:MossKnight","floor":8,"turns":17},{"damage":17,"enemies":"Gremlin Nob","floor":10,"turns":5},{"damage":0,"enemies":"Cultist","floor":12,"turns":2},{"damage":0,"enemies":"Replay:BlueRogue","floor":13,"turns":4},{"damage":29,"enemies":"The Guardian","floor":16,"turns":10},{"damage":6,"enemies":"conspire:FuzzyDice","floor":18,"turns":2},{"damage":13,"enemies":"Shell Parasite","floor":19,"turns":4},{"damage":0,"enemies":"Shelled Parasite and Fungi","floor":20,"turns":2},{"damage":17,"enemies":"Sentry and Sphere","floor":22,"turns":5},{"damage":28,"enemies":"Snake Plant","floor":24,"turns":4},{"damage":5,"enemies":"Shelled Parasite and Fungi","floor":25,"turns":3},{"damage":0,"enemies":"3 Cultists","floor":26,"turns":5},{"damage":8,"enemies":"HollowMod:Nosk","floor":27,"turns":4},{"damage":33,"enemies":"Slavers","floor":31,"turns":4},{"damage":21,"enemies":"hubris:MusketHawk","floor":33,"turns":9},{"damage":15,"enemies":"3 Shapes","floor":35,"turns":3},{"damage":0,"enemies":"Orb Walker","floor":38,"turns":1},{"damage":0,"enemies":"HollowMod:StalkingDevout","floor":40,"turns":2},{"damage":9,"enemies":"4 Shapes","floor":45,"turns":3},{"damage":0,"enemies":"3 Darklings","floor":46,"turns":6},{"damage":0,"enemies":"3 Darklings","floor":48,"turns":4},{"damage":19,"enemies":"Awakened One","floor":50,"turns":11},{"damage":4,"enemies":"Shield and Spear","floor":54,"turns":9},{"damage":66,"enemies":"The Heart","floor":55,"turns":10}],"seed_played":"-1483617014949207871","potions_obtained":[{"floor":2,"key":"EssenceOfSteel"},{"floor":10,"key":"sneckomod:MuddlingPotion"},{"floor":18,"key":"SpeedPotion"},{"floor":22,"key":"GamblersBrew"},{"floor":24,"key":"SkillPotion"},{"floor":31,"key":"jedi:StrikingPotion"},{"floor":40,"key":"LiquidMemories"},{"floor":48,"key":"jedi:holywater"}],"is_trial":false,"path_per_floor":["M","M","$","?","?","R","$","E","T","E","R","M","E","?","R","B",null,"M","M","M","$","M","R","M","M","MIM","E","$","R","?","E","R","B",null,"M","?","$","M","$","E","?","$","T","$","M","MIM","R","M","R","B",null,"R","$","E","B",null],"character_chosen":"BLACKBEARD_CLASS","items_purchased":["blackbeard:Bandana","CCEMRelics:WrappedPresent","Bottled Tornado","blackbeard:GoldenCannonball","blackbeard:Rum","blackbeard:GoldenDefense","blackbeard:PowderKeg","blackbeard:GoldenCannonball","blackbeard:BrownPants","Replay:Bandana","ReplayTheSpireMod:CursedCoin","Adrenaline Potion"],"campfire_rested":3,"item_purchase_floors":[3,28,28,39,39,39,39,44,44,53,53,53],"current_hp_per_floor":[75,75,75,75,75,75,75,34,34,19,19,21,23,23,47,20,85,81,70,72,72,57,57,31,28,30,24,34,65,76,45,77,58,110,97,97,97,99,109,111,111,111,111,117,110,112,112,114,114,95,138,138,140,140,74],"gold":218,"neow_bonus":"RANDOM_COMMON_RELIC","is_prod":false,"is_daily":false,"chose_seed":false,"campfire_upgraded":5,"win_rate":0.0,"timestamp":1607579142,"path_taken":["M","M","$","?","?","R","?","E","T","E","R","?","E","?","R","BOSS","M","M","M","$","M","R","M","M","MIM","E","$","R","?","E","R","BOSS","M","?","$","?","$","E","?","?","T","$","M","?","R","M","R","BOSS","R","$","E","BOSS"],"build_version":"2020-11-30","purchased_purges":5,"victory":true,"max_hp_per_floor":[75,75,75,75,75,75,75,77,77,79,79,81,83,83,83,85,85,87,89,91,91,93,93,95,97,99,101,106,106,106,108,108,110,110,112,112,112,114,124,126,126,126,126,132,134,136,136,138,138,138,138,138,140,144,144],"card_choices":[{"not_picked":["blackbeard:RearmingStrike","blackbeard:Sword"],"picked":"blackbeard:GoldenDefense","floor":1},{"not_picked":["blackbeard:Fencing","blackbeard:Toast"],"picked":"blackbeard:Sword","floor":2},{"not_picked":["blackbeard:BlindAttacks","blackbeard:Sword"],"picked":"blackbeard:FieryDefense","floor":8},{"not_picked":["blackbeard:Sharpening","blackbeard:Toast"],"picked":"blackbeard:Spear","floor":10},{"not_picked":["blackbeard:Toast","blackbeard:Dagger"],"picked":"blackbeard:PirateHook","floor":12},{"not_picked":["blackbeard:Shrapnel","blackbeard:Dagger"],"picked":"blackbeard:HumongousCannonball","floor":13},{"not_picked":["blackbeard:Intoxication","blackbeard:Lifeboat"],"picked":"blackbeard:HumongousCannonball","floor":16},{"not_picked":["blackbeard:Sharpening","blackbeard:BrownPants+1"],"picked":"blackbeard:CloakAndCannonball","floor":18},{"not_picked":["blackbeard:TerrorOfTheSeas","blackbeard:CloakAndCannonball+1"],"picked":"blackbeard:CannonballSupply+1","floor":19},{"not_picked":["blackbeard:CatONineTails","blackbeard:Scrap+1"],"picked":"blackbeard:Sword","floor":20},{"not_picked":["blackbeard:Dagger","blackbeard:PiratesWill"],"picked":"blackbeard:CloakAndCannonball","floor":22},{"not_picked":["blackbeard:Spear","blackbeard:GhostInTheRum"],"picked":"blackbeard:FieryDefense","floor":24},{"not_picked":["blackbeard:GoldenDefense","blackbeard:PirateHook"],"picked":"blackbeard:GoldenCannonball","floor":25},{"not_picked":["blackbeard:Fencing","blackbeard:RearmingStrike"],"picked":"blackbeard:FieryDefense+1","floor":26},{"not_picked":["blackbeard:DeadlyArsenal","blackbeard:UndeadForm"],"picked":"blackbeard:Rum","floor":27},{"not_picked":["blackbeard:TerrorOfTheSeas+1","blackbeard:FieryDefense"],"picked":"blackbeard:Provisioning+1","floor":31},{"not_picked":["blackbeard:Intoxication","blackbeard:Halberd"],"picked":"blackbeard:PowerHungry","floor":33},{"not_picked":["blackbeard:PowderKeg","blackbeard:Fencing+1"],"picked":"blackbeard:FishingNets","floor":35},{"not_picked":["blackbeard:AgileStrike","blackbeard:SwordDance+1"],"picked":"blackbeard:CaptainsCabin+1","floor":38},{"not_picked":["blackbeard:Scrap+1","blackbeard:CatONineTails+1"],"picked":"blackbeard:GoldenStrike","floor":40},{"not_picked":["blackbeard:RemoveScurvy","blackbeard:BeatUp+1"],"picked":"blackbeard:BrownPants+1","floor":45},{"not_picked":["blackbeard:SwordDance+1","blackbeard:Spear"],"picked":"blackbeard:GoldenStrike","floor":46},{"not_picked":["blackbeard:Upgrade+1","blackbeard:Sharpening+1"],"picked":"blackbeard:DeadlyArsenal","floor":48},{"not_picked":["blackbeard:Halberd","blackbeard:Murder"],"picked":"blackbeard:MegaUpgrade","floor":54},{"not_picked":["blackbeard:SwordDance+1","blackbeard:JollyRoger"],"picked":"blackbeard:Bandana+1","floor":54}],"player_experience":116743,"relics_obtained":[{"floor":8,"key":"vexMod:CardConverter"},{"floor":9,"key":"Bag of Marbles"},{"floor":10,"key":"halation:SelfBoilingWater"},{"floor":13,"key":"StuffTheSpire:OldFever"},{"floor":26,"key":"conspire:Dentures"},{"floor":27,"key":"conspire:BottledYoYo"},{"floor":28,"key":"halation:VictoryRuler"},{"floor":31,"key":"ReplayTheSpireMod:Ninjato"},{"floor":40,"key":"vexMod:HeadHunter"},{"floor":54,"key":"CCEMRelics:FryingPan"}],"event_choices":[{"damage_healed":0,"gold_gain":0,"player_choice":"Disagree","damage_taken":0,"max_hp_gain":0,"max_hp_loss":0,"event_name":"conspire:LoneGhost","floor":4,"gold_loss":0},{"damage_healed":0,"gold_gain":0,"player_choice":"Ignored","damage_taken":0,"max_hp_gain":0,"max_hp_loss":0,"event_name":"Purifier","floor":14,"gold_loss":0},{"damage_healed":0,"gold_gain":0,"player_choice":"Upgraded","damage_taken":0,"max_hp_gain":0,"max_hp_loss":0,"event_name":"Upgrade Shrine","floor":36,"gold_loss":0,"cards_upgraded":["blackbeard:Rum"]}],"is_beta":false,"boss_relics":[{"not_picked":["halation:PinkAlligatorPlush","halation:PlatinumPhoenix"],"picked":"aspiration:FutureDiary"},{"not_picked":["CCEMRelics:TransientCore","hubris:BlackHole"],"picked":"aspiration:MobileForge"}],"items_purged_floors":[3,21,28,37,53],"is_endless":false,"potions_floor_spawned":[2,10,18,22,24,31,35,40,45,48,54],"ascension_level":0}}