{"host":"u5hfrceatticevdm","time":1607571689,"event":{"gold_per_floor":[111,111,124,124,138,169,169,169,169],"floor_reached":8,"playtime":392,"items_purged":[],"score":56,"play_id":"b2721287-b002-4856-a6df-0456d727c1ac","local_time":"20201209224129","is_ascension_mode":false,"campfire_choices":[{"floor":7,"key":"REST"}],"neow_cost":"NONE","seed_source_timestamp":1133313422194500,"circlet_count":0,"master_deck":["Strike_B","Strike_B","Strike_B","Strike_B","Defend_B","Defend_B","Defend_B","Defend_B","Zap","Dualcast","StuffTheSpire:Plugnplay","Static Discharge","Tempest","Streamline"],"relics":["Cracked Core","hubris:SlimyHat","aspiration:ChemicalBlood"],"potions_floor_usage":[6,8],"damage_taken":[{"damage":10,"enemies":"Cultist","floor":1,"turns":4},{"damage":10,"enemies":"Small Slimes","floor":3,"turns":2},{"damage":0,"enemies":"2 Louse","floor":5,"turns":2},{"damage":52,"enemies":"Gremlin Nob","floor":6,"turns":6},{"damage":34,"enemies":"3 Sentries","floor":8,"turns":3}],"seed_played":"3324403887836584854","potions_obtained":[{"floor":1,"key":"Flashbang"},{"floor":3,"key":"Explosive Potion"},{"floor":5,"key":"Strength Potion"}],"is_trial":false,"path_per_floor":["M","?","M","?","M","E","R","E"],"character_chosen":"DEFECT","items_purchased":[],"campfire_rested":1,"item_purchase_floors":[],"current_hp_per_floor":[72,65,55,60,60,8,34,0,0],"gold":169,"neow_bonus":"TEN_PERCENT_HP_BONUS","is_prod":false,"is_daily":false,"chose_seed":false,"campfire_upgraded":0,"win_rate":0,"timestamp":1607571689,"path_taken":["M","?","M","?","M","E","R","E"],"build_version":"2020-11-30","purchased_purges":0,"victory":false,"max_hp_per_floor":[82,82,82,87,87,87,87,87,87],"card_choices":[{"not_picked":["Lockon","Go for the Eyes"],"picked":"StuffTheSpire:Plugnplay","floor":1},{"not_picked":["Streamline","aspiration:Polymerization"],"picked":"Static Discharge","floor":3},{"not_picked":["StuffTheSpire:Plugnplay","ReplayTheSpireMod:System Scan"],"picked":"Tempest","floor":5},{"not_picked":["ReplaySolidLightProjector","Time Bomb"],"picked":"Streamline","floor":6}],"player_experience":743910,"relics_obtained":[{"floor":6,"key":"aspiration:ChemicalBlood"}],"event_choices":[{"damage_healed":0,"gold_gain":0,"player_choice":"Success","damage_taken":7,"relics_obtained":["hubris:SlimyHat"],"max_hp_gain":0,"max_hp_loss":0,"event_name":"Scrap Ooze","floor":2,"gold_loss":0},{"damage_healed":0,"gold_gain":0,"player_choice":"Donut","damage_taken":0,"max_hp_gain":5,"max_hp_loss":0,"event_name":"Big Fish","floor":4,"gold_loss":0}],"is_beta":false,"boss_relics":[],"items_purged_floors":[],"is_endless":false,"potions_floor_spawned":[1,3,5],"killed_by":"3 Sentries","ascension_level":0}}