{"host":"f2j33was084ujehg","time":1607567594,"event":{"gold_per_floor":[117,144,119,38,38,72,87,87,87,37,37,37,53,64,64,165,165,177,177,192,37,37,37,66,78,103,136,146,146,180,23,23,124,124,139,139,139,139,6,36,56,56,83,93,122,44,76,76,76,276],"floor_reached":51,"playtime":7259,"items_purged":["ReplayTheSpireMod:The Works"],"score":1187,"play_id":"e9fa20ba-d242-4b00-87f6-9fc8e020c4e9","local_time":"20201209203314","is_ascension_mode":false,"campfire_choices":[{"data":"theSlumbering:CustomDream","floor":8,"key":"SMITH"},{"data":"theSlumbering:Yawn","floor":11,"key":"SMITH"},{"floor":15,"key":"DIG"},{"data":"theSlumbering:SoundBarrier","floor":23,"key":"SMITH"},{"data":"Riddle With Holes","floor":29,"key":"SMITH"},{"data":"theSlumbering:RecurringDream","floor":42,"key":"SMITH"},{"data":"theSlumbering:Reflect","floor":49,"key":"SMITH"}],"neow_cost":"NONE","seed_source_timestamp":65861244899800,"circlet_count":0,"master_deck":["theSlumbering:Strike_Slumbering","theSlumbering:Defend_Slumbering","theSlumbering:Defend_Slumbering","theSlumbering:Invigorate+1","theSlumbering:AlarmedStrike+1","Pot Of Greed","Pot Of Greed","theSlumbering:Insomniac","Unload","Riddle With Holes+1","theSlumbering:CustomDream+1","theSlumbering:Yawn+1","theSlumbering:Stretch","theSlumbering:ExtraArm+1","theSlumbering:Insomniac","theSlumbering:SoundBarrier+1","Pot Of Greed","theSlumbering:Stretch+1","theSlumbering:ThornCloak","theSlumbering:ThornCloak","theSlumbering:ExplosivesCache","theSlumbering:Hypersomnia+1","theSlumbering:SoundBarrier+1","theSlumbering:SafeBarrage+1","theSlumbering:Reflect+1","theSlumbering:NarcolepticEpisode","theSlumbering:RecurringDream+1","theSlumbering:WokeAttack","theSlumbering:WokeDefend","Pot Of Greed","theSlumbering:SoundBarrier+1","theSlumbering:Sleepwalk","theSlumbering:RestedPunch","theSlumbering:DreamDeath+1","theSlumbering:CountingSheep","theSlumbering:HeavySleeper","theSlumbering:Seed","theSlumbering:ForcedThought+1","Flash of Steel","Finesse"],"relics":["theSlumbering:SlumberingRelic","theSlumbering:HeartCollector","NeowsBlessing","DemoMod:GlassGuonStoneRelic","Grinning Jar","ReplayTheSpireMod:Lightbulb","Replay:Bottled Snecko","qcfpunch:Not_Strongest_Fighting_Style_Guidebook","energizedSpire:DeadBattery","WingedGreaves","Mercury Hourglass","DemoMod:WhiteGuonStone","Archangels Feather","hubris:DeckOfHolding","theSlumbering:EnchantedHammer","halation:EternalFortune","Bottled Lightning","vexMod:BarristanHead","theSlumbering:GlassShield","vexMod:RedPlottingStone","ReplayTheSpireMod:TigerMarble"],"potions_floor_usage":[16,24,33,33,50,50],"damage_taken":[{"damage":0,"enemies":"Cultist","floor":1,"turns":1},{"damage":0,"enemies":"Replay:BlueRogue","floor":6,"turns":1},{"damage":0,"enemies":"2 Louse","floor":7,"turns":1},{"damage":0,"enemies":"Small Slimes","floor":13,"turns":4},{"damage":0,"enemies":"Looter","floor":14,"turns":3},{"damage":0,"enemies":"Slime Boss","floor":16,"turns":4},{"damage":0,"enemies":"Chosen","floor":18,"turns":3},{"damage":0,"enemies":"2 Thieves","floor":20,"turns":4},{"damage":0,"enemies":"Slavers","floor":24,"turns":5},{"damage":0,"enemies":"conspire:HollyBat","floor":25,"turns":5},{"damage":0,"enemies":"Replay:Snechameleon","floor":27,"turns":5},{"damage":0,"enemies":"3 Cultists","floor":28,"turns":3},{"damage":0,"enemies":"conspire:SneckoGhost","floor":30,"turns":4},{"damage":0,"enemies":"Champ","floor":33,"turns":7},{"damage":0,"enemies":"3 Darklings","floor":35,"turns":4},{"damage":0,"enemies":"Giant Head","floor":40,"turns":8},{"damage":2,"enemies":"3 Shapes","floor":41,"turns":5},{"damage":0,"enemies":"Jaw Worm Horde","floor":44,"turns":2},{"damage":0,"enemies":"Nemesis","floor":45,"turns":5},{"damage":0,"enemies":"Giant Head","floor":47,"turns":9},{"damage":0,"enemies":"hubris:GrandSnecko","floor":50,"turns":11}],"seed_played":"-5744381958717245460","potions_obtained":[{"floor":1,"key":"DuplicationPotion"},{"floor":6,"key":"SteroidPotion"},{"floor":18,"key":"Energy Potion"},{"floor":20,"key":"Adrenaline Potion"},{"floor":22,"key":"Doom Potion"},{"floor":24,"key":"SpeedPotion"},{"floor":44,"key":"BlessingOfTheForge"}],"is_trial":false,"path_per_floor":["M","T","?","$","?","E","M","R","T","?","R","?","M","M","R","B",null,"M","?","M","$","?","R","E","M","T","E","M","R","E","$","R","B",null,"M","?","?","?","$","E","M","R","T","M","E","$","E","?","R","B",null],"character_chosen":"THE_SLUMBERING","items_purchased":["theSlumbering:Insomniac","theSlumbering:ThornCloak","theSlumbering:ExplosivesCache","theSlumbering:NarcolepticEpisode","theSlumbering:Sleepwalk","theSlumbering:RestedPunch","theSlumbering:HeavySleeper"],"campfire_rested":0,"item_purchase_floors":[4,21,21,31,39,39,46],"current_hp_per_floor":[1,1,1,1,1,1,1,1,1,1,1,1,1,1,1,1,1,1,1,1,1,1,1,1,1,1,1,1,1,1,1,1,1,1,1,1,1,1,1,1,1,1,1,1,1,1,1,1,1,1],"gold":276,"neow_bonus":"THREE_ENEMY_KILL","is_prod":false,"is_daily":false,"chose_seed":false,"campfire_upgraded":6,"win_rate":0.0,"timestamp":1607567594,"path_taken":["M","?","?","$","?","E","M","R","T","?","R","?","M","M","R","BOSS","M","?","?","$","?","R","E","M","T","E","M","R","E","$","R","BOSS","M","?","?","?","$","E","M","R","T","?","E","$","E","?","R","BOSS"],"build_version":"2020-11-30","purchased_purges":1,"victory":true,"max_hp_per_floor":[1,1,1,1,1,1,1,1,1,1,1,1,1,1,1,1,1,1,1,1,1,1,1,1,1,1,1,1,1,1,1,1,1,1,1,1,1,1,1,1,1,1,1,1,1,1,1,1,1,1],"card_choices":[{"not_picked":["theSlumbering:Stretch","theSlumbering:WakeUpSlap"],"picked":"theSlumbering:AlarmedStrike","floor":1},{"not_picked":["theSlumbering:Yawn","theSlumbering:RecklessBlow"],"picked":"theSlumbering:CustomDream","floor":6},{"not_picked":["theSlumbering:NocturnalGifts","theSlumbering:FullGuard"],"picked":"theSlumbering:Yawn","floor":7},{"not_picked":["theSlumbering:NocturnalGifts","theSlumbering:ForcedThought"],"picked":"theSlumbering:Stretch","floor":13},{"not_picked":["theSlumbering:WakeUpSlap","theSlumbering:StrongFooting"],"picked":"theSlumbering:ExtraArm","floor":14},{"not_picked":["theSlumbering:SelectiveMemory","theSlumbering:PrepareAlarm"],"picked":"theSlumbering:Insomniac","floor":16},{"not_picked":["theSlumbering:Jab","theSlumbering:Stretch"],"picked":"theSlumbering:SoundBarrier","floor":18},{"not_picked":["theSlumbering:Jab+1","theSlumbering:FocusedStrike"],"picked":"theSlumbering:Stretch+1","floor":20},{"not_picked":["theSlumbering:SoundBarrier+1","theSlumbering:WakeUpSlap"],"picked":"theSlumbering:Hypersomnia+1","floor":24},{"not_picked":["theSlumbering:NocturnalGifts","theSlumbering:ImagineAttack"],"picked":"theSlumbering:SoundBarrier+1","floor":25},{"not_picked":["theSlumbering:RecklessBlow","theSlumbering:ReadyGaze"],"picked":"theSlumbering:SafeBarrage+1","floor":27},{"not_picked":["theSlumbering:StrongFooting","theSlumbering:StumblingBlow","theSlumbering:CurlUp"],"picked":"SKIP","floor":28},{"not_picked":["theSlumbering:TrialsofHypnos","theSlumbering:SoundBarrier+1"],"picked":"theSlumbering:Reflect","floor":30},{"not_picked":["theSlumbering:Nightmare","theSlumbering:PanicAttack"],"picked":"theSlumbering:RecurringDream","floor":33},{"not_picked":["theSlumbering:RecklessBlow","theSlumbering:Stretch+1"],"picked":"theSlumbering:SoundBarrier+1","floor":35},{"not_picked":["theSlumbering:FocusedStrike","theSlumbering:FullGuard+1","theSlumbering:Stretch"],"picked":"SKIP","floor":40},{"not_picked":["theSlumbering:FocusedStrike","theSlumbering:ReadyGaze+1"],"picked":"theSlumbering:DreamDeath+1","floor":41},{"not_picked":["theSlumbering:FullGuard","theSlumbering:Stretch"],"picked":"theSlumbering:CountingSheep","floor":44},{"not_picked":["theSlumbering:WakeUpSlap","theSlumbering:LastResort+1"],"picked":"theSlumbering:TheSeed","floor":45},{"not_picked":["theSlumbering:CountingSheep","theSlumbering:StumblingBlow"],"picked":"theSlumbering:ForcedThought+1","floor":47}],"player_experience":1107063,"relics_obtained":[{"floor":2,"key":"Grinning Jar"},{"floor":6,"key":"ReplayTheSpireMod:Lightbulb"},{"floor":9,"key":"Replay:Bottled Snecko"},{"floor":15,"key":"qcfpunch:Not_Strongest_Fighting_Style_Guidebook"},{"floor":24,"key":"Mercury Hourglass"},{"floor":26,"key":"DemoMod:WhiteGuonStone"},{"floor":27,"key":"Archangels Feather"},{"floor":30,"key":"hubris:DeckOfHolding"},{"floor":40,"key":"Bottled Lightning"},{"floor":43,"key":"vexMod:BarristanHead"},{"floor":45,"key":"theSlumbering:GlassShield"},{"floor":47,"key":"vexMod:RedPlottingStone"}],"event_choices":[{"damage_healed":0,"gold_gain":0,"player_choice":"Forge","damage_taken":0,"max_hp_gain":0,"max_hp_loss":0,"event_name":"Accursed Blacksmith","floor":12,"gold_loss":0,"cards_upgraded":["theSlumbering:Invigorate"]},{"damage_healed":0,"gold_gain":0,"player_choice":"Gave Potion","damage_taken":0,"relics_obtained":["WingedGreaves"],"max_hp_gain":0,"max_hp_loss":0,"event_name":"WeMeetAgain","floor":19,"gold_loss":0},{"damage_healed":0,"gold_gain":0,"player_choice":"Got Potions","damage_taken":0,"max_hp_gain":0,"max_hp_loss":0,"event_name":"Lab","floor":22,"gold_loss":0},{"damage_healed":0,"gold_gain":0,"player_choice":"Ignored","damage_taken":0,"max_hp_gain":0,"max_hp_loss":0,"event_name":"Tomb of Lord Red Mask","floor":36,"gold_loss":0},{"cards_removed":["theSlumbering:Strike_Slumbering"],"damage_healed":0,"gold_gain":0,"player_choice":"Card Removal","damage_taken":0,"max_hp_gain":0,"max_hp_loss":0,"event_name":"Wheel of Change","floor":38,"gold_loss":0}],"is_beta":false,"boss_relics":[{"not_picked":["energizedSpire:StickyHand","aspiration:DefectSkillbook"],"picked":"energizedSpire:DeadBattery"},{"not_picked":["Sozu","halation:Prosthetics"],"picked":"theSlumbering:EnchantedHammer"}],"items_purged_floors":[31],"is_endless":false,"potions_floor_spawned":[1,6,18,20,24,35,44,45],"ascension_level":0}}