{"host":"zr590xw2unlz0wv7","time":1607562860,"event":{"gold_per_floor":[14,31,31,31,41,67,81,100,124,136,136,136,64,29,29,125,125,142,161,88,103,103,103,117,130,130,45,45,56,19,50,50,147,147,164,164,164,164,212,212,227,227,227,257,257,257,257,274,274,274],"floor_reached":51,"playtime":2311,"items_purged":[],"score":874,"play_id":"7c4d6061-196f-42c2-b38c-4b0489a51bf8","local_time":"20201210091420","is_ascension_mode":true,"campfire_choices":[{"data":"Strike_G","floor":15.0,"key":"PURGE"},{"floor":23.0,"key":"REST"},{"floor":28.0,"key":"REST"},{"data":"Corpse Explosion","floor":32.0,"key":"SMITH"},{"data":"Writhe","floor":40.0,"key":"PURGE"},{"floor":42,"key":"REST"},{"data":"Strike_G+1","floor":49,"key":"PURGE"}],"neow_cost":"NO_GOLD","seed_source_timestamp":0,"circlet_count":0,"master_deck":["Strike_G+1","Strike_G+1","Strike_G+1","Defend_G+1","Defend_G+1","Defend_G+1","Survivor","Neutralize","Poisoned Stab","Sucker Punch","Backflip","Venomology","Leg Sweep","Poisoned Stab","Noxious Fumes","Corpse Explosion+1","Concentrate","Poisoned Stab+1","Noxious Fumes","Flying Knee+1","Prepared+1","Crippling Poison","Bullet Time","PiercingWail+1","Bullet Time","Footwork","PiercingWail+1"],"special_seed":0,"relics":["Ring of the Snake","Vajra","MealTicket","Happy Flower","Peace Pipe","Snecko Eye","Shuriken","Anchor","Juzu Bracelet","Fusion Hammer","Incense Burner","Akabeko","Toxic Egg 2"],"potions_floor_usage":[44,50,50,50],"damage_taken":[{"damage":1.0,"enemies":"Cultist","floor":1.0,"turns":4.0},{"damage":0.0,"enemies":"2 Louse","floor":2.0,"turns":2.0},{"damage":9.0,"enemies":"Jaw Worm","floor":5.0,"turns":2.0},{"damage":20.0,"enemies":"Gremlin Nob","floor":6.0,"turns":4.0},{"damage":13.0,"enemies":"Large Slime","floor":7.0,"turns":5.0},{"damage":10.0,"enemies":"Blue Slaver","floor":8.0,"turns":4.0},{"damage":0.0,"enemies":"Exordium Wildlife","floor":10.0,"turns":3.0},{"damage":23.0,"enemies":"The Guardian","floor":16.0,"turns":10.0},{"damage":3.0,"enemies":"Chosen","floor":18.0,"turns":3.0},{"damage":6.0,"enemies":"2 Thieves","floor":19.0,"turns":3.0},{"damage":43.0,"enemies":"Shelled Parasite and Fungi","floor":21.0,"turns":7.0},{"damage":12.0,"enemies":"Centurion and Healer","floor":24.0,"turns":3.0},{"damage":12.0,"enemies":"Snake Plant","floor":25.0,"turns":3.0},{"damage":27.0,"enemies":"Snecko","floor":29.0,"turns":5.0},{"damage":0.0,"enemies":"Gremlin Leader","floor":31.0,"turns":5.0},{"damage":17.0,"enemies":"Automaton","floor":33.0,"turns":7.0},{"damage":12.0,"enemies":"Orb Walker","floor":35.0,"turns":4.0},{"damage":17.0,"enemies":"2 Orb Walkers","floor":39.0,"turns":2.0},{"damage":9,"enemies":"3 Shapes","floor":41,"turns":4},{"damage":20,"enemies":"Nemesis","floor":44,"turns":7},{"damage":6,"enemies":"Transient","floor":48,"turns":5},{"damage":31,"enemies":"Donu and Deca","floor":50,"turns":7}],"seed_played":"6826693915555907887","potions_obtained":[{"floor":2.0,"key":"ColorlessPotion"},{"floor":5.0,"key":"BlessingOfTheForge"},{"floor":7.0,"key":"EssenceOfSteel"},{"floor":10.0,"key":"Explosive Potion"},{"floor":19.0,"key":"Swift Potion"},{"floor":24.0,"key":"SkillPotion"},{"floor":25.0,"key":"Poison Potion"},{"floor":33.0,"key":"LiquidMemories"},{"floor":35.0,"key":"EntropicBrew"},{"floor":41,"key":"Fire Potion"},{"floor":44,"key":"DuplicationPotion"},{"floor":47,"key":"DuplicationPotion"},{"floor":47,"key":"DuplicationPotion"}],"is_trial":false,"path_per_floor":["M","M","$","?","M","E","M","M","T","M","T","?","$","?","R","B",null,"M","M","$","M","?","R","M","M","T","?","R","M","$","E","R","B",null,"M","?","?","?","?","R","M","R","T","E","?","?","?","M","R","B",null],"character_chosen":"THE_SILENT","items_purchased":["Noxious Fumes","Noxious Fumes","Distraction"],"campfire_rested":3,"item_purchase_floors":[13,20,30],"current_hp_per_floor":[69,69,69,62,53,33,20,10,10,10,10,10,25,42,42,19,70,67,61,70,27,27,48,36,24,24,24,45,18,33,33,33,16,70,58,58,70,70,53,53,44,65,65,45,70,70,70,64,64,33],"gold":274,"neow_bonus":"REMOVE_TWO","is_prod":false,"is_daily":false,"chose_seed":false,"campfire_upgraded":1,"win_rate":0,"timestamp":1607562860,"path_taken":["M","?","?","?","M","E","M","M","T","M","?","?","$","?","R","BOSS","M","M","$","M","?","R","M","M","T","?","R","M","$","E","R","BOSS","M","?","?","?","?","R","M","R","T","E","?","?","?","M","R","BOSS"],"build_version":"2020-11-30","purchased_purges":0,"victory":true,"max_hp_per_floor":[70,70,70,70,70,70,70,70,70,70,70,70,70,70,70,70,70,70,70,70,70,70,70,70,70,70,70,70,70,70,70,70,70,70,70,70,70,70,70,70,70,70,70,70,70,70,70,70,70,70],"card_choices":[{"not_picked":["Underhanded Strike","Blade Dance"],"picked":"Poisoned Stab","floor":1.0},{"not_picked":["Dagger Spray","Masterful Stab"],"picked":"Sucker Punch","floor":2.0},{"not_picked":["Acrobatics","Dagger Spray"],"picked":"Backflip","floor":5.0},{"not_picked":["Dodge and Roll","Acrobatics"],"picked":"Venomology","floor":6.0},{"not_picked":["Backflip","Underhanded Strike"],"picked":"Leg Sweep","floor":7.0},{"not_picked":["Blade Dance","Accuracy"],"picked":"Poisoned Stab","floor":8.0},{"not_picked":["Tactician","Terror"],"picked":"Flying Knee","floor":10.0},{"not_picked":["Venomology","A Thousand Cuts"],"picked":"Corpse Explosion","floor":16.0},{"not_picked":["Slice","Underhanded Strike"],"picked":"Concentrate","floor":18.0},{"not_picked":["Slice+1","Underhanded Strike"],"picked":"Poisoned Stab+1","floor":19.0},{"not_picked":["Riddle With Holes","Accuracy+1","Quick Slash"],"picked":"SKIP","floor":21.0},{"not_picked":["Deflect+1","All Out Attack"],"picked":"Flying Knee+1","floor":24.0},{"not_picked":["After Image","Acrobatics"],"picked":"Prepared+1","floor":25.0},{"not_picked":["Choke","Finisher","Infinite Blades"],"picked":"SKIP","floor":29.0},{"not_picked":["Sucker Punch","Escape Plan"],"picked":"Crippling Poison","floor":31.0},{"not_picked":["Venomology","Night Terror"],"picked":"Bullet Time","floor":33.0},{"not_picked":["Underhanded Strike","Skewer+1"],"picked":"PiercingWail+1","floor":35.0},{"not_picked":["Quick Slash","Masterful Stab+1"],"picked":"Footwork","floor":39.0},{"not_picked":["Acrobatics","Dagger Throw","Cloak And Dagger+1"],"picked":"SKIP","floor":41},{"not_picked":["Cloak And Dagger+1","Sucker Punch+1","Dodge and Roll+1"],"picked":"SKIP","floor":44},{"not_picked":["Deflect+1","Calculated Gamble+1"],"picked":"PiercingWail+1","floor":48}],"player_experience":464007,"relics_obtained":[{"floor":6.0,"key":"MealTicket"},{"floor":9.0,"key":"Happy Flower"},{"floor":11.0,"key":"Peace Pipe"},{"floor":26.0,"key":"Shuriken"},{"floor":31.0,"key":"Juzu Bracelet"},{"floor":39.0,"key":"Incense Burner"},{"floor":43,"key":"Akabeko"},{"floor":44,"key":"Toxic Egg 2"}],"event_choices":[{"damage_healed":0.0,"max_hp_gain":0.0,"max_hp_loss":0.0,"gold_gain":0.0,"event_name":"Scrap Ooze","player_choice":"Success","floor":4.0,"gold_loss":0.0,"damage_taken":7.0,"relics_obtained":["Vajra"]},{"damage_healed":0.0,"max_hp_gain":0.0,"max_hp_loss":0.0,"gold_gain":0.0,"event_name":"Shining Light","player_choice":"Ignored","floor":12.0,"gold_loss":0.0,"damage_taken":0.0},{"damage_healed":17.0,"max_hp_gain":0.0,"max_hp_loss":0.0,"gold_gain":0.0,"event_name":"The Cleric","player_choice":"Healed","floor":14.0,"gold_loss":35.0,"damage_taken":0.0},{"damage_healed":0.0,"max_hp_gain":0.0,"max_hp_loss":0.0,"gold_gain":0.0,"event_name":"Back to Basics","player_choice":"Simplicity","floor":22.0,"gold_loss":0.0,"damage_taken":0.0,"cards_upgraded":["Strike_G","Strike_G","Strike_G","Strike_G","Defend_G","Defend_G","Defend_G"]},{"damage_healed":0.0,"max_hp_gain":0.0,"max_hp_loss":0.0,"gold_gain":0.0,"event_name":"Addict","player_choice":"Obtained Relic","floor":27.0,"gold_loss":85.0,"damage_taken":0.0,"relics_obtained":["Anchor"]},{"damage_healed":0.0,"max_hp_gain":0.0,"max_hp_loss":0.0,"gold_gain":0.0,"event_name":"Duplicator","player_choice":"Copied","floor":36.0,"gold_loss":0.0,"damage_taken":0.0,"cards_obtained":["Bullet Time"]},{"damage_healed":18.0,"max_hp_gain":0.0,"max_hp_loss":0.0,"gold_gain":0.0,"event_name":"Winding Halls","player_choice":"Writhe","floor":37.0,"gold_loss":0.0,"damage_taken":0.0,"cards_obtained":["Writhe"]},{"damage_healed":0.0,"max_hp_gain":0.0,"max_hp_loss":0.0,"gold_gain":0.0,"event_name":"Tomb of Lord Red Mask","player_choice":"Ignored","floor":38.0,"gold_loss":0.0,"damage_taken":0.0},{"damage_healed":0.0,"max_hp_gain":0.0,"max_hp_loss":0.0,"gold_gain":0.0,"event_name":"Mysterious Sphere","player_choice":"Fight","floor":39.0,"gold_loss":0.0,"damage_taken":0.0},{"cards_removed":["Distraction"],"damage_healed":25,"gold_gain":0,"player_choice":"Offered Uncommon","damage_taken":0,"max_hp_gain":0,"max_hp_loss":0,"event_name":"Bonfire Elementals","floor":45,"gold_loss":0},{"cards_removed":["Flying Knee"],"damage_healed":0,"gold_gain":0,"player_choice":"Removed Attack","damage_taken":0,"max_hp_gain":0,"max_hp_loss":0,"event_name":"Falling","floor":46,"gold_loss":0},{"damage_healed":0,"gold_gain":0,"player_choice":"Got Potions","damage_taken":0,"max_hp_gain":0,"max_hp_loss":0,"event_name":"Lab","floor":47,"gold_loss":0}],"is_beta":false,"boss_relics":[{"not_picked":["Calling Bell","Tiny House"],"picked":"Snecko Eye"},{"not_picked":["Velvet Choker","SlaversCollar"],"picked":"Fusion Hammer"}],"items_purged_floors":[],"is_endless":false,"potions_floor_spawned":[2,5,7,10,19,24,25,33,35,41,44],"ascension_level":3}}