{"host":"2461dio7vetlq1z3","time":1607617972,"event":{"mods":["BaseMod","StSLib","Hermit","Lobotomy","Minty Spire (QoL Compilation)","Relic Stats","Waifu the Spire"],"gold_per_floor":[114,134,152,152,166,166,194,194,218,243,318,344,294,328,328,432,432,467,467,481,497,508,508,558,274,574,633,633,695,626,656,656,753,753,825,844,861,403,480,560,591,591,591,327,392,404,437,437,437,437,437,437,7,34,34],"floor_reached":56,"playtime":5120,"items_purged":["Defend_P","Defend_P","Defend_P+1","Blasphemy+1"],"score":1688,"play_id":"7ab15c6e-f298-46d3-aab5-634aee7d7476","local_time":"20201210173252","is_ascension_mode":true,"campfire_choices":[{"data":"SignatureMove","floor":6,"key":"SMITH"},{"data":"Eruption","floor":8,"key":"SMITH"},{"data":"Blasphemy","floor":15,"key":"SMITH"},{"floor":23,"key":"REST"},{"floor":32,"key":"REST"},{"floor":42,"key":"RECALL"},{"data":"Establishment","floor":49,"key":"PURGE"},{"data":"Nirvana+1","floor":52,"key":"PURGE"}],"circlet_count":0,"master_deck":["Eruption+1","Vigilance+1","SignatureMove+1","Prostrate+1","FlurryOfBlows+1","EmptyBody+1","Wireheading+1","Meditate+1","Wish+1","LessonLearned+1","Vengeance+1","FearNoEvil+1","MentalFortress+1","WaveOfTheHand+1","MentalFortress+1","Omniscience+1","EmptyBody+1","Vault+1","Worship+1","MentalFortress","Wallop+1","WreathOfFlame+1","WreathOfFlame+1","Brilliance+1","Purity+1","Omniscience","Scrawl"],"relics":["Runic Dome","Toy Ornithopter","PreservedInsect","Smiling Mask","Juzu Bracelet","Matryoshka","Astrolabe","Anchor","Mummified Hand","Old Coin","Boot","Nilry\u0027s Codex","Mercury Hourglass","TeardropLocket","Meat on the Bone","Runic Pyramid","Peace Pipe","Unceasing Top","CloakClasp","Centennial Puzzle","Shuriken","Akabeko","Strawberry","War Paint","Bottled Lightning"],"acts_visited":["Exordium","TheCity","TheBeyond","TheEnding"],"potions_floor_usage":[7,16,22,27,33,33,41,50],"damage_taken":[{"damage":7,"enemies":"Jaw Worm","floor":1,"turns":4},{"damage":0,"enemies":"2 Louse","floor":2,"turns":2},{"damage":0,"enemies":"Small Slimes","floor":3,"turns":2},{"damage":4,"enemies":"3 Louse","floor":5,"turns":4},{"damage":3,"enemies":"3 Sentries","floor":7,"turns":5},{"damage":0,"enemies":"Lagavulin","floor":12,"turns":3},{"damage":0,"enemies":"Gremlin Nob","floor":14,"turns":1},{"damage":13,"enemies":"Hexaghost","floor":16,"turns":5},{"damage":19,"enemies":"Shell Parasite","floor":18,"turns":4},{"damage":14,"enemies":"Spheric Guardian","floor":20,"turns":5},{"damage":24,"enemies":"Chosen and Byrds","floor":21,"turns":4},{"damage":2,"enemies":"Centurion and Healer","floor":22,"turns":3},{"damage":1,"enemies":"3 Cultists","floor":24,"turns":5},{"damage":14,"enemies":"Book of Stabbing","floor":27,"turns":3},{"damage":0,"enemies":"Slavers","floor":29,"turns":3},{"damage":0,"enemies":"Book of Stabbing","floor":31,"turns":7},{"damage":29,"enemies":"Collector","floor":33,"turns":8},{"damage":12,"enemies":"3 Shapes","floor":35,"turns":4},{"damage":0,"enemies":"Orb Walker","floor":36,"turns":3},{"damage":10,"enemies":"3 Darklings","floor":37,"turns":4},{"damage":9,"enemies":"2 Orb Walkers","floor":39,"turns":5},{"damage":10,"enemies":"Mind Bloom Boss Battle","floor":40,"turns":7},{"damage":20,"enemies":"Reptomancer","floor":41,"turns":4},{"damage":9,"enemies":"Nemesis","floor":45,"turns":4},{"damage":3,"enemies":"4 Shapes","floor":46,"turns":3},{"damage":0,"enemies":"Reptomancer","floor":47,"turns":3},{"damage":8,"enemies":"Time Eater","floor":50,"turns":13},{"damage":11,"enemies":"Shield and Spear","floor":54,"turns":5},{"damage":10,"enemies":"The Heart","floor":55,"turns":10}],"seed_played":"-789587570067864820","potions_obtained":[{"floor":1,"key":"ColorlessPotion"},{"floor":3,"key":"BottledMiracle"},{"floor":12,"key":"LiquidBronze"},{"floor":21,"key":"LiquidBronze"},{"floor":22,"key":"GamblersBrew"},{"floor":24,"key":"SteroidPotion"},{"floor":29,"key":"Strength Potion"},{"floor":33,"key":"SkillPotion"},{"floor":36,"key":"Energy Potion"}],"is_trial":false,"path_per_floor":["M","M","M","?","M","R","E","R","T","T","?","E","?","E","R","B",null,"M","?","M","M","M","R","M","$","T","E","?","E","?","E","R","B",null,"M","M","M","$","?","?","E","R","T","$","E","M","E","?","R","B",null,"R","$","E","B",null],"character_chosen":"WATCHER","items_purchased":["Anchor","MentalFortress","Peace Pipe","Wallop","DuplicationPotion","Brilliance","SteroidPotion","Omniscience","DuplicationPotion","War Paint"],"campfire_rested":2,"item_purchase_floors":[25,25,38,38,38,44,44,53,53,53],"current_hp_per_floor":[65,65,65,65,61,61,58,58,58,58,47,47,47,47,47,39,72,53,53,39,15,18,39,38,38,38,29,13,13,13,13,34,27,72,60,60,50,50,41,43,40,40,40,40,43,40,47,42,42,51,79,79,79,68,58],"gold":34,"neow_bonus":"BOSS_RELIC","is_daily":false,"chose_seed":false,"campfire_upgraded":3,"win_rate":0,"timestamp":1607617972,"path_taken":["M","M","M","?","M","R","E","R","T","?","?","E","?","E","R","BOSS","M","?","M","M","M","R","M","$","T","E","?","E","?","E","R","BOSS","M","M","M","$","?","?","E","R","T","$","E","M","E","?","R","BOSS","R","$","E","BOSS"],"build_version":"2020-11-30","purchased_purges":4,"victory":true,"max_hp_per_floor":[72,72,72,72,72,72,72,72,72,72,72,72,72,72,72,72,72,72,72,72,72,72,72,72,72,72,72,72,72,72,72,72,72,72,72,72,72,72,72,72,72,72,72,72,72,72,79,79,79,79,79,79,79,79,79],"relic_stats":{"counters":[29,133],"Astrolabe":["LessonLearned","Vengeance","FearNoEvil"],"PreservedInsect":414,"Juzu Bracelet":0,"CloakClasp":[163],"War Paint":["Purity","EmptyBody"],"Smiling Mask":250,"Boot":[10],"Mercury Hourglass":[317],"Peace Pipe":2,"Centennial Puzzle":[15],"Mummified Hand":[87],"Shuriken":[14],"obtain_stats":[{"Nilry\u0027s Codex":28,"Juzu Bracelet":12,"CloakClasp":40,"TeardropLocket":30,"Smiling Mask":10,"Boot":27,"Old Coin":26,"Centennial Puzzle":41,"Matryoshka":14,"Mummified Hand":26,"Strawberry":47,"Runic Pyramid":34,"Astrolabe":17,"PreservedInsect":9,"War Paint":53,"Akabeko":45,"Mercury Hourglass":29,"Peace Pipe":38,"Runic Dome":0,"Anchor":25,"Shuriken":43,"Bottled Lightning":54,"PureWater":0,"Toy Ornithopter":7,"Unceasing Top":39,"Meat on the Bone":31},{"Nilry\u0027s Codex":14,"Juzu Bracelet":6,"CloakClasp":22,"TeardropLocket":15,"Smiling Mask":5,"Boot":14,"Old Coin":13,"Centennial Puzzle":23,"Matryoshka":7,"Mummified Hand":13,"Strawberry":26,"Runic Pyramid":17,"Astrolabe":8,"PreservedInsect":5,"War Paint":27,"Akabeko":24,"Mercury Hourglass":15,"Peace Pipe":20,"Runic Dome":0,"Anchor":13,"Shuriken":23,"Bottled Lightning":28,"PureWater":0,"Toy Ornithopter":5,"Unceasing Top":21,"Meat on the Bone":16},{"Nilry\u0027s Codex":50,"Juzu Bracelet":20,"CloakClasp":91,"TeardropLocket":53,"Smiling Mask":17,"Boot":50,"Old Coin":47,"Centennial Puzzle":95,"Matryoshka":21,"Mummified Hand":47,"Strawberry":105,"Runic Pyramid":68,"Astrolabe":26,"PreservedInsect":17,"War Paint":118,"Akabeko":99,"Mercury Hourglass":53,"Peace Pipe":79,"Runic Dome":0,"Anchor":47,"Shuriken":95,"Bottled Lightning":123,"PureWater":0,"Toy Ornithopter":17,"Unceasing Top":84,"Meat on the Bone":60}],"Toy Ornithopter":35,"Unceasing Top":[1],"Meat on the Bone":60},"card_choices":[{"not_picked":["Pray","BowlingBash"],"picked":"SignatureMove","floor":1},{"not_picked":["SignatureMove","Conclude"],"picked":"Prostrate","floor":2},{"not_picked":["FollowUp","FlyingSleeves"],"picked":"FlurryOfBlows","floor":3},{"not_picked":["Sanctity","Prostrate"],"picked":"EmptyBody","floor":5},{"not_picked":["BattleHymn","EmptyMind"],"picked":"Wireheading","floor":7},{"not_picked":["BowlingBash","Weave"],"picked":"Meditate","floor":12},{"not_picked":["Halt","MentalFortress"],"picked":"Blasphemy","floor":14},{"not_picked":["Scrawl","Devotion"],"picked":"Wish","floor":16},{"not_picked":["Halt","ThirdEye","JustLucky"],"picked":"SKIP","floor":18},{"not_picked":["ClearTheMind","SashWhip","CutThroughFate"],"picked":"SKIP","floor":20},{"not_picked":["BowlingBash","CrushJoints+1","Collect"],"picked":"SKIP","floor":21},{"not_picked":["EmptyBody+1","CutThroughFate"],"picked":"WaveOfTheHand","floor":22},{"not_picked":["Halt","ClearTheMind+1"],"picked":"Nirvana+1","floor":24},{"not_picked":["Evaluate","Crescendo+1"],"picked":"Omniscience","floor":27},{"not_picked":["ForeignInfluence","Evaluate"],"picked":"EmptyBody","floor":29},{"not_picked":["Collect","PathToVictory","SashWhip"],"picked":"SKIP","floor":31},{"not_picked":["Brilliance","DeusExMachina"],"picked":"Vault","floor":33},{"not_picked":["Halt","JustLucky"],"picked":"Worship","floor":35},{"not_picked":["Meditate","WheelKick+1","Wireheading"],"picked":"SKIP","floor":36},{"not_picked":["PathToVictory+1","Consecrate"],"picked":"MentalFortress","floor":37},{"not_picked":["FollowUp","Evaluate+1"],"picked":"WreathOfFlame","floor":39},{"not_picked":["Indignation","CrushJoints+1"],"picked":"WreathOfFlame+1","floor":40},{"not_picked":["PathToVictory","FollowUp+1"],"picked":"Establishment","floor":41},{"not_picked":["EmptyBody+1","CarveReality","FlyingSleeves+1"],"picked":"SKIP","floor":45},{"not_picked":["Swivel","ThirdEye","Tantrum"],"picked":"SKIP","floor":46},{"not_picked":["PathToVictory+1","Conclude","SashWhip+1"],"picked":"SKIP","floor":47},{"not_picked":["Forethought","Bandage Up"],"picked":"Purity","floor":48},{"not_picked":["EmptyFist+1","ClearTheMind+1"],"picked":"Scrawl","floor":54}],"player_experience":603695,"relics_obtained":[{"floor":7,"key":"Toy Ornithopter"},{"floor":9,"key":"PreservedInsect"},{"floor":10,"key":"Smiling Mask"},{"floor":12,"key":"Juzu Bracelet"},{"floor":14,"key":"Matryoshka"},{"floor":26,"key":"Mummified Hand"},{"floor":26,"key":"Old Coin"},{"floor":27,"key":"Boot"},{"floor":28,"key":"Nilry\u0027s Codex"},{"floor":29,"key":"Mercury Hourglass"},{"floor":31,"key":"Meat on the Bone"},{"floor":39,"key":"Unceasing Top"},{"floor":40,"key":"CloakClasp"},{"floor":41,"key":"Centennial Puzzle"},{"floor":43,"key":"Shuriken"},{"floor":45,"key":"Akabeko"},{"floor":47,"key":"Strawberry"},{"floor":54,"key":"Bottled Lightning"}],"event_choices":[{"cards_removed":["Strike_P"],"damage_healed":0,"gold_gain":0,"player_choice":"Forget","damage_taken":0,"max_hp_gain":0,"max_hp_loss":0,"event_name":"Living Wall","floor":4,"gold_loss":0},{"damage_healed":0,"gold_gain":75,"player_choice":"Gather Gold","damage_taken":11,"max_hp_gain":0,"max_hp_loss":0,"event_name":"World of Goop","floor":11,"gold_loss":0},{"cards_removed":["Strike_P"],"damage_healed":0,"gold_gain":0,"player_choice":"Card Removal","damage_taken":0,"max_hp_gain":0,"max_hp_loss":0,"event_name":"The Cleric","floor":13,"gold_loss":50},{"damage_healed":0,"gold_gain":0,"player_choice":"Read","damage_taken":0,"max_hp_gain":0,"max_hp_loss":0,"event_name":"The Library","floor":19,"gold_loss":0,"cards_obtained":["MentalFortress"]},{"damage_healed":0,"gold_gain":0,"player_choice":"Obtained Book","damage_taken":16,"max_hp_gain":0,"max_hp_loss":0,"event_name":"Cursed Tome","floor":28,"gold_loss":0},{"damage_healed":0,"gold_gain":0,"player_choice":"Paid Gold","damage_taken":0,"relics_obtained":["TeardropLocket"],"max_hp_gain":0,"max_hp_loss":0,"event_name":"WeMeetAgain","floor":30,"gold_loss":69},{"damage_healed":0,"gold_gain":0,"player_choice":"Fight","damage_taken":0,"max_hp_gain":0,"max_hp_loss":0,"event_name":"Mysterious Sphere","floor":39,"gold_loss":0},{"damage_healed":0,"gold_gain":0,"player_choice":"Fight","damage_taken":0,"max_hp_gain":0,"max_hp_loss":0,"event_name":"MindBloom","floor":40,"gold_loss":0},{"damage_healed":0,"gold_gain":0,"player_choice":"Memory 2","damage_taken":5,"max_hp_gain":0,"max_hp_loss":0,"event_name":"SensoryStone","floor":48,"gold_loss":0}],"is_beta":false,"boss_relics":[{"not_picked":["Pandora\u0027s Box","Cursed Key"],"picked":"Astrolabe"},{"not_picked":["Black Star","Tiny House"],"picked":"Runic Pyramid"}],"items_purged_floors":[25,38,44,53],"is_endless":false,"potions_floor_spawned":[1,3,12,21,22,24,29,33,36,37,39,45,46,54],"ascension_level":4}}