{"host":"pl1fbpkom0aq337f","time":1607601192,"event":{"gold_per_floor":[113,39,59,59,70,70,97,122,122,122,47,47,65,75,75,173,173,190,190,208,220,220,220,254,254,274,297,321,187,198,216,251,101,101,101,203,203,217,217,217,228,246,278,278,303,349,361,0,0,30,50,50,50],"floor_reached":54,"playtime":3371,"items_purged":["Strike_MRS","Wraith"],"score":1392,"play_id":"071d53a7-7698-4af8-b7a5-b33d3ba02f8d","local_time":"20201210125312","is_ascension_mode":true,"campfire_choices":[{"data":"MasterSpark","floor":6,"key":"SMITH"},{"floor":10,"key":"REST"},{"data":"IllusionStar","floor":15,"key":"SMITH"},{"data":"SatelliteIllusion","floor":23,"key":"SMITH"},{"data":"PropBag","floor":25,"key":"SMITH"},{"data":"OortCloud","floor":35,"key":"SMITH"},{"data":"IllusionStar","floor":44,"key":"SMITH"},{"data":"Orbital","floor":49,"key":"SMITH"},{"floor":52,"key":"REST"}],"neow_cost":"NONE","seed_source_timestamp":67056811084300,"circlet_count":0,"master_deck":["AscendersBane","Strike_MRS","Strike_MRS","Strike_MRS+1","Defend_MRS","Defend_MRS","Defend_MRS","MasterSpark+1","UpSweep+1","MysteriousBeam","WitchLeyline","IllusionStar+1","MilkyWay","IllusionStar+1","ChargeUpSpray","Parasite","Parasite","MagicAbsorber","AsteroidBelt","SatelliteIllusion+1","Orbital+1","GravityBeat","OpenUniverse+1","PropBag+1","OortCloud+1","Parasite","ManaConvection","BigCrunch","SprinkleStarSeal","Injury","OortCloud","MysteriousBeam"],"relics":["MiniHakkero","NeowsBlessing","AmplifyWand","ShroomBag","Oddly Smooth Stone","Cursed Key","Akabeko","Centennial Puzzle","PreservedInsect","Pen Nib","Toolbox","Black Star","Pocketwatch","Regal Pillow","Darkstone Periapt","Ornamental Fan","Toy Ornithopter","Red Mask","Shuriken","Orichalcum"],"potions_floor_usage":[16,16,24,36,53,53],"damage_taken":[{"damage":0,"enemies":"Cultist","floor":1,"turns":1},{"damage":0,"enemies":"Jaw Worm","floor":3,"turns":1},{"damage":0,"enemies":"2 Louse","floor":5,"turns":1},{"damage":20,"enemies":"Lagavulin","floor":7,"turns":5},{"damage":22,"enemies":"The Mushroom Lair","floor":8,"turns":4},{"damage":6,"enemies":"Large Slime","floor":13,"turns":3},{"damage":3,"enemies":"3 Louse","floor":14,"turns":3},{"damage":28,"enemies":"The Guardian","floor":16,"turns":7},{"damage":8,"enemies":"2 Thieves","floor":18,"turns":4},{"damage":6,"enemies":"Shell Parasite","floor":20,"turns":5},{"damage":19,"enemies":"Snecko","floor":21,"turns":5},{"damage":14,"enemies":"Book of Stabbing","floor":24,"turns":4},{"damage":10,"enemies":"Centurion and Healer","floor":26,"turns":5},{"damage":8,"enemies":"Snake Plant","floor":30,"turns":3},{"damage":11,"enemies":"Snecko","floor":31,"turns":4},{"damage":0,"enemies":"Gremlin Leader","floor":32,"turns":3},{"damage":36,"enemies":"Automaton","floor":36,"turns":9},{"damage":2,"enemies":"Orb Walker","floor":38,"turns":3},{"damage":20,"enemies":"3 Darklings","floor":41,"turns":3},{"damage":15,"enemies":"Transient","floor":42,"turns":5},{"damage":5,"enemies":"Reptomancer","floor":43,"turns":3},{"damage":7,"enemies":"Giant Head","floor":45,"turns":5},{"damage":5,"enemies":"Maw","floor":47,"turns":6},{"damage":5,"enemies":"Nemesis","floor":50,"turns":5},{"damage":0,"enemies":"4 Shapes","floor":51,"turns":4},{"damage":16,"enemies":"Time Eater","floor":53,"turns":7}],"seed_played":"7916429355493814602","potions_obtained":[{"floor":3,"key":"GamblersBrew"},{"floor":8,"key":"Swift Potion"},{"floor":18,"key":"DistilledChaos"},{"floor":21,"key":"Strength Potion"},{"floor":26,"key":"Regen Potion"},{"floor":36,"key":"PowerPotion"}],"is_trial":false,"path_per_floor":["M","$","M","?","M","R","E","?","T","R","$","?","M","M","R","B",null,"M","$","M","M","?","R","E","R","M","T","T","$","M","M","E","$","R","R","B",null,"M","$","?","M","M","E","R","E","T","M","?","R","E","M","R","B",null],"character_chosen":"MARISA","items_purchased":["WitchLeyline","IllusionStar","ManaConvection","Toolbox"],"campfire_rested":2,"item_purchase_floors":[2,2,29,33],"current_hp_per_floor":[68,68,68,53,53,53,33,11,11,33,33,33,31,32,32,8,58,54,54,52,37,37,37,25,25,21,21,21,21,31,26,32,32,32,32,17,61,63,63,63,49,38,49,49,48,54,57,57,57,56,58,81,69],"gold":50,"neow_bonus":"THREE_ENEMY_KILL","is_prod":false,"is_daily":false,"chose_seed":false,"campfire_upgraded":7,"win_rate":0,"timestamp":1607601192,"path_taken":["M","$","?","?","M","R","E","?","T","R","$","?","M","M","R","BOSS","M","$","M","M","?","R","E","R","M","T","T","$","M","M","E","$","R","R","BOSS","M","$","?","M","M","E","R","E","T","M","?","R","E","M","R","BOSS"],"build_version":"2020-11-30","purchased_purges":2,"victory":true,"max_hp_per_floor":[75,75,75,75,75,75,75,75,75,75,75,75,75,75,75,75,75,75,75,75,75,75,75,75,75,75,75,75,75,75,75,75,75,75,75,75,75,75,75,75,75,75,75,75,75,81,81,81,81,81,81,81,81],"card_choices":[{"not_picked":["LuminesStrike","6A"],"picked":"MysteriousBeam","floor":1},{"not_picked":["PowerUp","IllusionStar"],"picked":"MilkyWay","floor":3},{"not_picked":["Acceleration","DarkSpark"],"picked":"IllusionStar","floor":5},{"not_picked":["Occultation","Robbery"],"picked":"ChargeUpSpray","floor":7},{"not_picked":["WitchLeyline","DoubleSpark"],"picked":"MagicAbsorber","floor":8},{"not_picked":["SuperNova","SporeBomb","EnergyFlow"],"picked":"SKIP","floor":13},{"not_picked":["MysteriousBeam","DC"],"picked":"AsteroidBelt","floor":14},{"not_picked":["BinaryStars","CasketOfStar"],"picked":"SatelliteIllusion","floor":16},{"not_picked":["WitchLeyline","MysteriousBeam"],"picked":"Orbital","floor":18},{"not_picked":["AsteroidBelt","DarkMatter"],"picked":"GravityBeat","floor":20},{"not_picked":["DarkSpark","MysteriousBeam"],"picked":"OpenUniverse+1","floor":21},{"not_picked":["SporeBomb","SuperPerseids"],"picked":"PropBag","floor":24},{"not_picked":["DeepEcoloBomb","PowerUp"],"picked":"OortCloud","floor":26},{"not_picked":["PowerUp","DC","Robbery"],"picked":"SKIP","floor":30},{"not_picked":["OneTimeOff","DC","WitchLeyline+1"],"picked":"SKIP","floor":31},{"not_picked":["UnstableBomb+1","MaximisePower","ChargingUp"],"picked":"SKIP","floor":32},{"not_picked":["SuperNova","ManaRampage"],"picked":"BigCrunch","floor":36},{"not_picked":["DoubleSpark","6A","SporeBomb"],"picked":"SKIP","floor":38},{"not_picked":["LuminesStrike","DarkSpark"],"picked":"SprinkleStarSeal","floor":41},{"not_picked":["WitchLeyline+1","StarBarrage","PowerUp+1"],"picked":"SKIP","floor":42},{"not_picked":["6A","GalacticHalo","GrandCross"],"picked":"SKIP","floor":43},{"not_picked":["NonDirectionalLaser+1","SporeBomb","Acceleration"],"picked":"SKIP","floor":45},{"not_picked":["RefractionSpark","BigCrunch"],"picked":"OortCloud","floor":47},{"not_picked":["GalacticHalo+1","WitchLeyline+1"],"picked":"MysteriousBeam","floor":50},{"not_picked":["OrrerysSun","6A","OneTimeOff+1"],"picked":"SKIP","floor":51}],"player_experience":442581,"relics_obtained":[{"floor":7,"key":"AmplifyWand"},{"floor":8,"key":"ShroomBag"},{"floor":9,"key":"Oddly Smooth Stone"},{"floor":24,"key":"Akabeko"},{"floor":27,"key":"Centennial Puzzle"},{"floor":28,"key":"PreservedInsect"},{"floor":32,"key":"Pen Nib"},{"floor":43,"key":"Pocketwatch"},{"floor":43,"key":"Regal Pillow"},{"floor":45,"key":"Darkstone Periapt"},{"floor":45,"key":"Ornamental Fan"},{"floor":46,"key":"Toy Ornithopter"},{"floor":50,"key":"Shuriken"},{"floor":50,"key":"Orichalcum"}],"event_choices":[{"damage_healed":0,"gold_gain":0,"player_choice":"Entered Light","damage_taken":15,"max_hp_gain":0,"max_hp_loss":0,"event_name":"Shining Light","floor":4,"gold_loss":0,"cards_upgraded":["Strike_MRS","UpSweep"]},{"damage_healed":0,"gold_gain":0,"player_choice":"Fought Mushrooms","damage_taken":0,"max_hp_gain":0,"max_hp_loss":0,"event_name":"Mushrooms_MRS","floor":8,"gold_loss":0},{"damage_healed":0,"gold_gain":0,"player_choice":"Leave","damage_taken":0,"max_hp_gain":0,"max_hp_loss":0,"event_name":"The Cleric","floor":12,"gold_loss":0},{"damage_healed":0,"gold_gain":0,"player_choice":"Ignored","damage_taken":0,"max_hp_gain":0,"max_hp_loss":0,"event_name":"Cursed Tome","floor":22,"gold_loss":0},{"cards_removed":["Defend_MRS"],"damage_healed":0,"gold_gain":0,"player_choice":"Removed Skill","damage_taken":0,"max_hp_gain":0,"max_hp_loss":0,"event_name":"Falling","floor":40,"gold_loss":0},{"damage_healed":0,"gold_gain":0,"player_choice":"Paid","damage_taken":0,"relics_obtained":["Red Mask"],"max_hp_gain":0,"max_hp_loss":0,"event_name":"Tomb of Lord Red Mask","floor":48,"gold_loss":361}],"is_beta":false,"boss_relics":[{"not_picked":["Runic Dome","Fusion Hammer"],"picked":"Cursed Key"},{"not_picked":["SacredBark","BewitchedHakkero"],"picked":"Black Star"}],"items_purged_floors":[11,29],"is_endless":false,"potions_floor_spawned":[3,8,18,21,26,36,38,43,45,51],"ascension_level":12}}