{"host":"ocllwaoi18j60ltd","time":1607613100,"event":{"mods":["BaseMod","Quick Restart","StSLib","SuperFastMode","DeckTracker","Permanent Neow","Minty Spire (QoL Compilation)"],"gold_per_floor":[116,128,138,24,24,24,53,53,79,79,95,56,56,67,67,138,138,114,133,133,150,20,20,20,39,39,39,39,39],"floor_reached":28,"playtime":617,"items_purged":["Strike_B","Writhe"],"score":436,"play_id":"48b542c1-3673-4a89-862c-111a50ee481b","local_time":"20201211001140","is_ascension_mode":true,"campfire_choices":[{"data":"Defragment","floor":6.0,"key":"SMITH"},{"data":"Creative AI","floor":8.0,"key":"SMITH"},{"data":"Dualcast","floor":10.0,"key":"SMITH"},{"data":"Turbo","floor":15.0,"key":"SMITH"},{"floor":23.0,"key":"REST"}],"circlet_count":0,"master_deck":["AscendersBane","Strike_B","Defend_B","Defend_B","Defend_B","Defend_B","Zap","Dualcast+1","All For One","Defragment+1","Ball Lightning","Cold Snap","Doom and Gloom","Capacitor","Creative AI+1","Recycle","Turbo+1","Fission","Coolheaded","Darkness","Double Energy","Chill","Ghostly","Ghostly","Ghostly"],"special_seed":0,"relics":["Cracked Core","Lantern","Nunchaku","Empty Cage","Smiling Mask","Meat on the Bone","Bottled Tornado"],"acts_visited":["Exordium","TheCity"],"potions_floor_usage":[],"damage_taken":[{"damage":14.0,"enemies":"Small Slimes","floor":1.0,"turns":4.0},{"damage":1.0,"enemies":"Cultist","floor":2.0,"turns":3.0},{"damage":0.0,"enemies":"2 Louse","floor":3.0,"turns":2.0},{"damage":20.0,"enemies":"Lagavulin","floor":7.0,"turns":6.0},{"damage":9.0,"enemies":"Exordium Wildlife","floor":11.0,"turns":5.0},{"damage":11.0,"enemies":"Looter","floor":14.0,"turns":3.0},{"damage":29.0,"enemies":"The Guardian","floor":16.0,"turns":7.0},{"damage":29.0,"enemies":"2 Thieves","floor":18.0,"turns":4.0},{"damage":7.0,"enemies":"Chosen","floor":19.0,"turns":3.0},{"damage":9.0,"enemies":"Snecko","floor":21.0,"turns":5.0},{"damage":28.0,"enemies":"Snake Plant","floor":25.0,"turns":5.0},{"damage":17,"enemies":"Book of Stabbing","floor":28,"turns":7}],"seed_played":"815259640770832000","potions_obtained":[{"floor":2.0,"key":"ColorlessPotion"},{"floor":3.0,"key":"SteroidPotion"},{"floor":18.0,"key":"AttackPotion"},{"floor":19.0,"key":"FearPotion"}],"is_trial":false,"path_per_floor":["M","M","M","$","?","R","E","R","T","R","M","$","?","M","R","B",null,"M","M","?","M","$","R","T","M","T","?","E"],"character_chosen":"DEFECT","items_purchased":["Doom and Gloom","Recycle","Chill"],"campfire_rested":1,"item_purchase_floors":[4,12,22],"current_hp_per_floor":[50,49,49,49,49,49,29,29,29,29,20,20,43,32,32,3,54,25,18,18,9,9,30,30,14,14,14,0,0],"gold":39,"neow_bonus":"ONE_RANDOM_RARE_CARD","is_daily":false,"chose_seed":false,"campfire_upgraded":4,"win_rate":0,"timestamp":1607613100,"path_taken":["M","M","M","$","?","R","E","R","T","R","M","?","?","M","R","BOSS","M","M","?","M","$","R","?","M","T","?","E"],"build_version":"2020-11-30","purchased_purges":2,"victory":false,"max_hp_per_floor":[71,71,71,71,71,71,71,71,71,71,71,71,71,71,71,71,71,71,71,71,71,71,71,71,71,71,35,35,35],"card_choices":[{"not_picked":["Leap","Coolheaded"],"picked":"Defragment","floor":1.0},{"not_picked":["Streamline","Steam"],"picked":"Ball Lightning","floor":2.0},{"not_picked":["Compile Driver","Rebound"],"picked":"Cold Snap","floor":3.0},{"not_picked":["Compile Driver","Coolheaded"],"picked":"Creative AI","floor":7.0},{"not_picked":["Compile Driver","Streamline","Heatsinks"],"picked":"SKIP","floor":11.0},{"not_picked":["Reprogram","Ball Lightning"],"picked":"Turbo","floor":14.0},{"not_picked":["Amplify","All For One"],"picked":"Fission","floor":16.0},{"not_picked":["Hologram","Stack"],"picked":"Coolheaded","floor":18.0},{"not_picked":["Barrage","Streamline"],"picked":"Darkness","floor":19.0},{"not_picked":["Redo","Steam"],"picked":"Double Energy","floor":21.0},{"not_picked":["Doom and Gloom","Streamline","Rebound"],"picked":"SKIP","floor":25.0}],"player_experience":817247,"relics_obtained":[{"floor":7.0,"key":"Lantern"},{"floor":9.0,"key":"Nunchaku"},{"floor":24.0,"key":"Meat on the Bone"},{"floor":26.0,"key":"Bottled Tornado"}],"event_choices":[{"damage_healed":0.0,"max_hp_gain":0.0,"max_hp_loss":0.0,"gold_gain":0.0,"event_name":"Match and Keep!","player_choice":"1 cards matched","floor":5.0,"gold_loss":0.0,"damage_taken":0.0,"cards_obtained":["Capacitor"]},{"damage_healed":23.0,"max_hp_gain":0.0,"max_hp_loss":0.0,"gold_gain":0.0,"event_name":"Big Fish","player_choice":"Banana","floor":13.0,"gold_loss":0.0,"damage_taken":0.0},{"damage_healed":0.0,"max_hp_gain":0.0,"max_hp_loss":0.0,"gold_gain":0.0,"event_name":"The Mausoleum","player_choice":"Opened","floor":20.0,"gold_loss":0.0,"damage_taken":0.0,"relics_obtained":["Smiling Mask"],"cards_obtained":["Writhe"]},{"damage_healed":0.0,"max_hp_gain":0.0,"max_hp_loss":36.0,"gold_gain":0.0,"event_name":"Ghosts","player_choice":"Became a Ghost","floor":27.0,"gold_loss":0.0,"damage_taken":0.0,"cards_obtained":["Ghostly","Ghostly","Ghostly"]}],"is_beta":false,"boss_relics":[{"not_picked":["Sozu","Philosopher\u0027s Stone"],"picked":"Empty Cage"}],"items_purged_floors":[4,22],"is_endless":false,"potions_floor_spawned":[2,3,18,19],"killed_by":"Book of Stabbing","ascension_level":20}}