{"host":"7gewg82ormp6yt4e","time":1607606917,"event":{"gold_per_floor":[99,99,12,12,12,12,12,12,12,12,12,0,0,0,0,0,0,0,0,0,0,0,0,0,0,0,0,0,0,0,0,0,0,0,0,0,0,0,0,0,0,0,0,0,0,0,0,0,0,0,0,0,0,0,0,0],"floor_reached":57,"playtime":5729,"items_purged":[],"score":2905,"play_id":"8250f99c-6ba6-44a9-9345-3efef8774764","local_time":"20201210222837","is_ascension_mode":true,"campfire_choices":[{"data":"Noxious Fumes","floor":6.0,"key":"SMITH"},{"data":"Wraith Form v2","floor":8.0,"key":"SMITH"},{"data":"Dagger Spray","floor":10.0,"key":"SMITH"},{"data":"Bane","floor":15.0,"key":"SMITH"},{"floor":23.0,"key":"REST"},{"data":"Wraith Form v2","floor":25.0,"key":"SMITH"},{"data":"Footwork","floor":27,"key":"SMITH"},{"data":"Burst","floor":32,"key":"SMITH"},{"floor":42,"key":"REST"},{"floor":49,"key":"RECALL"},{"data":"Caltrops","floor":53,"key":"SMITH"}],"neow_cost":"NONE","seed_source_timestamp":1027567855255800,"circlet_count":0,"master_deck":["AscendersBane","Survivor","Neutralize+1","Dagger Throw","Noxious Fumes+1","Wraith Form v2+1","Bane+1","Crippling Poison","Backflip","Adrenaline","Caltrops+1","Backstab","Footwork+1","Tactician","Tools of the Trade","Acrobatics","Tools of the Trade","Phantasmal Killer","Slice+1","Dagger Throw","Dodge and Roll","Noxious Fumes","Wraith Form v2+1","Dodge and Roll+1","Backflip","Leg Sweep","Reflex","Burst+1","PiercingWail+1","Dodge and Roll+1","Adrenaline","Madness","Madness","Blur+1","Footwork","Outmaneuver+1","Cloak And Dagger+1","Secret Weapon","Bouncing Flask"],"special_seed":0,"relics":["Ectoplasm","Golden Idol","Regal Pillow","Blood Vial","PreservedInsect","Question Card","Pandora\u0027s Box","Kunai","Whetstone","Runic Pyramid","Red Mask","Vajra","Happy Flower","Snake Skull","Orichalcum","HornCleat"],"potions_floor_usage":[31,31,40,56],"damage_taken":[{"damage":1.0,"enemies":"Small Slimes","floor":1.0,"turns":5.0},{"damage":0.0,"enemies":"2 Louse","floor":4.0,"turns":3.0},{"damage":1.0,"enemies":"Cultist","floor":5.0,"turns":4.0},{"damage":22.0,"enemies":"3 Sentries","floor":7.0,"turns":6.0},{"damage":9.0,"enemies":"3 Louse","floor":11.0,"turns":3.0},{"damage":0.0,"enemies":"Exordium Thugs","floor":12.0,"turns":4.0},{"damage":1.0,"enemies":"Gremlin Nob","floor":13.0,"turns":4.0},{"damage":9.0,"enemies":"Gremlin Nob","floor":14.0,"turns":4.0},{"damage":0.0,"enemies":"Hexaghost","floor":16.0,"turns":10.0},{"damage":13.0,"enemies":"Shell Parasite","floor":18.0,"turns":4.0},{"damage":4.0,"enemies":"Chosen","floor":19.0,"turns":6.0},{"damage":13.0,"enemies":"Snecko","floor":21.0,"turns":6.0},{"damage":4.0,"enemies":"Centurion and Healer","floor":22.0,"turns":7.0},{"damage":11.0,"enemies":"Snake Plant","floor":24.0,"turns":5.0},{"damage":4,"enemies":"Sentry and Sphere","floor":28,"turns":6},{"damage":8,"enemies":"Book of Stabbing","floor":29,"turns":6},{"damage":0,"enemies":"Centurion and Healer","floor":30,"turns":6},{"damage":1,"enemies":"Slavers","floor":31,"turns":3},{"damage":10,"enemies":"Champ","floor":33,"turns":15},{"damage":1,"enemies":"Orb Walker","floor":35,"turns":5},{"damage":24,"enemies":"3 Shapes","floor":38,"turns":4},{"damage":0,"enemies":"Nemesis","floor":40,"turns":7},{"damage":3,"enemies":"Maw","floor":41,"turns":8},{"damage":9,"enemies":"Reptomancer","floor":45,"turns":6},{"damage":0,"enemies":"Nemesis","floor":48,"turns":7},{"damage":1,"enemies":"Time Eater","floor":50,"turns":16},{"damage":39,"enemies":"Donu and Deca","floor":51,"turns":10},{"damage":1,"enemies":"Shield and Spear","floor":55,"turns":7},{"damage":55,"enemies":"The Heart","floor":56,"turns":12}],"seed_played":"4628313184597703797","potions_obtained":[{"floor":4.0,"key":"FearPotion"},{"floor":12.0,"key":"EssenceOfSteel"},{"floor":14.0,"key":"Fire Potion"},{"floor":21.0,"key":"BlessingOfTheForge"},{"floor":40,"key":"Fruit Juice"},{"floor":41,"key":"FairyPotion"},{"floor":55,"key":"EssenceOfSteel"}],"is_trial":false,"path_per_floor":["M","?","$","M","M","R","E","R","T","R","M","M","?","E","R","B",null,"M","M","?","M","M","R","M","R","T","R","M","E","M","E","R","B",null,"M","?","?","M","?","E","M","R","T","?","E","?","$","E","R","B","B",null,"R","$","E","B",null],"character_chosen":"THE_SILENT","items_purchased":["Noxious Fumes"],"campfire_rested":2,"item_purchase_floors":[3],"current_hp_per_floor":[58,58,58,58,57,57,35,35,35,35,28,30,31,24,24,26,52,41,39,39,28,26,59,49,49,49,49,47,41,43,44,44,36,54,55,44,44,22,22,29,28,62,62,62,55,55,55,57,57,58,21,54,54,54,55,2],"gold":0,"neow_bonus":"BOSS_RELIC","is_prod":false,"is_daily":false,"chose_seed":false,"campfire_upgraded":8,"win_rate":0,"timestamp":1607606917,"path_taken":["M","?","$","M","M","R","E","R","T","R","M","M","?","E","R","BOSS","M","M","?","M","M","R","M","R","T","R","M","E","M","E","R","BOSS","M","?","?","?","?","E","M","R","T","?","E","?","$","E","R","BOSS","BOSS","R","$","E","BOSS"],"build_version":"2020-11-30","purchased_purges":0,"victory":true,"max_hp_per_floor":[66,60,60,60,60,60,60,60,60,60,60,60,60,60,60,60,60,60,60,60,60,60,60,60,60,60,60,60,60,60,60,60,60,60,60,60,60,60,60,65,65,65,65,65,65,65,65,65,65,65,65,65,65,65,65,65],"relic_stats":{"Regal Pillow":30,"Happy Flower":[19],"counters":[29,189],"Golden Idol":234,"PreservedInsect":345,"Snake Skull":[73],"Whetstone":["Neutralize","Slice"],"Orichalcum":[42],"Question Card":19,"Blood Vial":49,"Pandora\u0027s Box":["Caltrops","Backstab","Footwork","Tactician","Tools of the Trade","Acrobatics","Tools of the Trade","Phantasmal Killer","Slice","Dagger Throw"],"Ectoplasm":937,"Kunai":[40],"obtain_stats":[{"Regal Pillow":7,"Happy Flower":43,"Golden Idol":2,"Vajra":40,"PreservedInsect":13,"Snake Skull":45,"Whetstone":31,"Orichalcum":48,"Question Card":14,"Blood Vial":9,"HornCleat":55,"Pandora\u0027s Box":17,"Ectoplasm":0,"Red Mask":39,"Kunai":29,"Ring of the Snake":0,"Runic Pyramid":34},{"Regal Pillow":4,"Happy Flower":23,"Golden Idol":1,"Vajra":22,"PreservedInsect":7,"Snake Skull":24,"Whetstone":18,"Orichalcum":25,"Question Card":8,"Blood Vial":4,"HornCleat":28,"Pandora\u0027s Box":9,"Ectoplasm":0,"Red Mask":21,"Kunai":16,"Ring of the Snake":0,"Runic Pyramid":19},{"Regal Pillow":18,"Happy Flower":131,"Golden Idol":5,"Vajra":123,"PreservedInsect":29,"Snake Skull":137,"Whetstone":92,"Orichalcum":144,"Question Card":33,"Blood Vial":18,"HornCleat":177,"Pandora\u0027s Box":43,"Ectoplasm":0,"Red Mask":116,"Kunai":83,"Ring of the Snake":0,"Runic Pyramid":107}]},"card_choices":[{"not_picked":["Sucker Punch","Acrobatics"],"picked":"Dagger Throw","floor":1.0},{"not_picked":["Outmaneuver","Bane"],"picked":"Dagger Spray","floor":4.0},{"not_picked":["Dodge and Roll","Outmaneuver","Bane"],"picked":"SKIP","floor":5.0},{"not_picked":["Acrobatics","Deflect"],"picked":"Wraith Form v2","floor":7.0},{"not_picked":["Expertise","Dagger Spray","Dodge and Roll"],"picked":"SKIP","floor":11.0},{"not_picked":["Dagger Spray","Dodge and Roll"],"picked":"Bane","floor":12.0},{"not_picked":["Flying Knee","Concentrate"],"picked":"Crippling Poison","floor":13.0},{"not_picked":["Deflect","Acrobatics"],"picked":"Backflip","floor":14.0},{"not_picked":["Phantasmal Killer","Doppelganger","Grand Finale"],"picked":"Adrenaline","floor":16.0},{"not_picked":["Backstab","Poisoned Stab","Heel Hook"],"picked":"Dodge and Roll","floor":18.0},{"not_picked":["Poisoned Stab","Escape Plan","Masterful Stab"],"picked":"Noxious Fumes","floor":19.0},{"not_picked":["Terror","PiercingWail","Deflect"],"picked":"Dodge and Roll+1","floor":21.0},{"not_picked":["Setup","Slice","Prepared"],"picked":"Backflip","floor":22.0},{"not_picked":["Dagger Throw","Blade Dance","Outmaneuver"],"picked":"Leg Sweep","floor":24.0},{"not_picked":["Poisoned Stab","Sucker Punch+1","Noxious Fumes"],"picked":"Reflex","floor":28},{"not_picked":["Dagger Spray","Leg Sweep","Accuracy"],"picked":"Burst","floor":29},{"not_picked":["Deflect","Dodge and Roll","Flying Knee"],"picked":"PiercingWail+1","floor":30},{"not_picked":["Endless Agony","PiercingWail","Prepared"],"picked":"Dodge and Roll+1","floor":31},{"not_picked":["Phantasmal Killer","Envenom","Tools of the Trade"],"picked":"Adrenaline","floor":33},{"not_picked":["Well Laid Plans","Quick Slash","Prepared","Poisoned Stab"],"picked":"SKIP","floor":35},{"not_picked":["Blade Dance+1","Dagger Throw","Backstab"],"picked":"Blur+1","floor":38},{"not_picked":["Cloak And Dagger+1","Dagger Throw","Underhanded Strike"],"picked":"Footwork","floor":40},{"not_picked":["PiercingWail","Poisoned Stab+1","Leg Sweep"],"picked":"Outmaneuver+1","floor":41},{"not_picked":["Deadly Poison","Riddle With Holes","Distraction"],"picked":"Cloak And Dagger+1","floor":45},{"not_picked":["HandOfGreed","Dramatic Entrance","Mind Blast"],"picked":"Secret Weapon","floor":46},{"not_picked":["Quick Slash","Dodge and Roll","Poisoned Stab","Phantasmal Killer"],"picked":"SKIP","floor":48},{"not_picked":["Dagger Throw+1","Finisher","Deadly Poison+1"],"picked":"Bouncing Flask","floor":55}],"player_experience":2300361,"relics_obtained":[{"floor":7.0,"key":"Regal Pillow"},{"floor":9.0,"key":"Blood Vial"},{"floor":13.0,"key":"PreservedInsect"},{"floor":14.0,"key":"Question Card"},{"floor":29,"key":"Kunai"},{"floor":31,"key":"Whetstone"},{"floor":40,"key":"Vajra"},{"floor":43,"key":"Happy Flower"},{"floor":45,"key":"Snake Skull"},{"floor":48,"key":"Orichalcum"},{"floor":55,"key":"HornCleat"}],"event_choices":[{"damage_healed":0.0,"max_hp_gain":0.0,"max_hp_loss":6.0,"gold_gain":0.0,"event_name":"Golden Idol","player_choice":"Lose Max HP","floor":2.0,"gold_loss":0.0,"damage_taken":0.0,"relics_obtained":["Golden Idol"]},{"damage_healed":0.0,"max_hp_gain":0.0,"max_hp_loss":0.0,"gold_gain":0.0,"event_name":"Dead Adventurer","player_choice":"Searched \u00271\u0027 times","floor":13.0,"gold_loss":0.0,"damage_taken":0.0},{"damage_healed":0.0,"max_hp_gain":0.0,"max_hp_loss":0.0,"gold_gain":0.0,"event_name":"Match and Keep!","player_choice":"1 cards matched","floor":20.0,"gold_loss":0.0,"damage_taken":0.0,"cards_obtained":["Wraith Form v2"]},{"damage_healed":0,"gold_gain":0,"player_choice":"Embrace Madness","damage_taken":11,"max_hp_gain":0,"max_hp_loss":0,"event_name":"Winding Halls","floor":36,"gold_loss":0,"cards_obtained":["Madness","Madness"]},{"damage_healed":0,"gold_gain":50,"player_choice":"Pray","damage_taken":0,"max_hp_gain":0,"max_hp_loss":0,"event_name":"Golden Shrine","floor":37,"gold_loss":0},{"damage_healed":0,"gold_gain":0,"player_choice":"Paid","damage_taken":0,"relics_obtained":["Red Mask"],"max_hp_gain":0,"max_hp_loss":0,"event_name":"Tomb of Lord Red Mask","floor":39,"gold_loss":0},{"cards_removed":["Dagger Spray"],"damage_healed":0,"gold_gain":0,"player_choice":"Removed Attack","damage_taken":0,"max_hp_gain":0,"max_hp_loss":0,"event_name":"Falling","floor":44,"gold_loss":0},{"damage_healed":0,"gold_gain":0,"player_choice":"Memory 1","damage_taken":0,"max_hp_gain":0,"max_hp_loss":0,"event_name":"SensoryStone","floor":46,"gold_loss":0}],"is_beta":false,"boss_relics":[{"not_picked":["Black Star","Empty Cage"],"picked":"Pandora\u0027s Box"},{"not_picked":["Cursed Key","Calling Bell"],"picked":"Runic Pyramid"}],"items_purged_floors":[],"is_endless":false,"potions_floor_spawned":[4,12,14,21,28,30,40,41,55],"ascension_level":20}}