{"host":"l4jj3li0klahglqo","time":1607634110,"event":{"mods":["BaseMod","Conspire","StSLib","Hubris","Infinite Spire","Replay The Spire","Minty Spire (QoL Compilation)","The Animator","Shop Mod","Quick Restart"],"gold_per_floor":[109,109,119,129,148,176,176,176,176,196,196,8,23,56,56,160,160,178,178,178,189,206,206,206],"floor_reached":23,"playtime":1365,"items_purged":[],"score":361,"play_id":"8b1cb73f-584d-4e49-b220-2511517f3023","local_time":"20201210150150","is_ascension_mode":true,"campfire_choices":[{"floor":8,"key":"REST"},{"floor":11,"key":"REST"},{"floor":15,"key":"REST"}],"circlet_count":0,"master_deck":["Strike_P","Strike_P","Strike_P","Strike_P","Defend_P","Defend_P","Defend_P","Defend_P","Eruption","Vigilance","JustLucky","Meditate","CrushJoints","Judgement","Replay:ManipulateFuture","Crescendo+1","MentalFortress","Nirvana","Consecrate","ClearTheMind","Replay:LoomingThreat","Replay:Anticipation","DeusExMachina","Replay:ManipulateFuture","FollowUp+1","ThirdEye","SashWhip","JustLucky+1","Replay:DivineShield+1"],"relics":["PureWater","Ring of Fury","ReplayTheSpireMod:Ring of Collecting","Mercury Hourglass","Dream Catcher","infinitespire:EmpoweringShard","Ring of Hypnosis","Gremlin Food","infinitespire:Beetle Shell","hubris:Backtick","Prayer Wheel","hubris:Towel"],"acts_visited":["Exordium","TheCity"],"potions_floor_usage":[6,10,16,22,23],"damage_taken":[{"damage":0,"enemies":"Cultist","floor":1,"turns":2},{"damage":0,"enemies":"Small Slimes","floor":3,"turns":2},{"damage":0,"enemies":"2 Louse","floor":4,"turns":3},{"damage":0,"enemies":"Large Slime","floor":5,"turns":4},{"damage":18,"enemies":"Gremlin Nob","floor":6,"turns":3},{"damage":0,"enemies":"Looter","floor":10,"turns":1},{"damage":0,"enemies":"Red Slaver","floor":13,"turns":1},{"damage":0,"enemies":"3 Sentries","floor":14,"turns":2},{"damage":0,"enemies":"Slime Boss","floor":16,"turns":6},{"damage":0,"enemies":"conspire:FuzzyDice","floor":18,"turns":6},{"damage":0,"enemies":"Spheric Guardian","floor":21,"turns":1},{"damage":58,"enemies":"Cultist and Chosen","floor":22,"turns":7},{"damage":38,"enemies":"Nightmare","floor":23,"turns":5}],"seed_played":"688134273134138956","potions_obtained":[{"floor":5,"key":"Energy Potion"},{"floor":6,"key":"Explosive Potion"},{"floor":10,"key":"Explosive Potion"},{"floor":16,"key":"Regen Potion"},{"floor":18,"key":"Dexterity Potion"}],"is_trial":false,"path_per_floor":["M","?","M","M","M","E","?","R","T","M","R","$","M","E","R","B",null,"M","?","?","M","M","NM"],"character_chosen":"WATCHER","items_purchased":["Gremlin Food","Consecrate"],"campfire_rested":3,"item_purchase_floors":[12,12],"current_hp_per_floor":[72,72,72,72,72,54,54,77,77,77,79,79,79,79,79,79,79,79,79,79,79,31,0,0],"gold":206,"neow_bonus":"TEN_PERCENT_HP_BONUS","is_daily":false,"chose_seed":false,"campfire_upgraded":0,"win_rate":0,"timestamp":1607634110,"path_taken":["M","?","M","M","M","E","?","R","T","M","R","$","M","E","R","BOSS","M","?","?","M","M","NM"],"build_version":"2020-11-30","purchased_purges":0,"victory":false,"max_hp_per_floor":[79,79,79,79,79,79,79,79,79,79,79,79,79,79,79,79,79,79,79,79,79,79,79,79],"card_choices":[{"not_picked":["ClearTheMind","EmptyMind"],"picked":"JustLucky","floor":1},{"not_picked":["Perseverance","CarveReality"],"picked":"Meditate","floor":3},{"not_picked":["Evaluate","SashWhip"],"picked":"CrushJoints","floor":4},{"not_picked":["PathToVictory","Study"],"picked":"Judgement","floor":5},{"not_picked":["Study","Consecrate"],"picked":"Replay:ManipulateFuture","floor":6},{"not_picked":["FlyingSleeves","Replay:Anticipation"],"picked":"Crescendo","floor":8},{"not_picked":["CrushJoints","Evaluate"],"picked":"MentalFortress","floor":10},{"not_picked":["WindmillStrike","PathToVictory"],"picked":"Nirvana","floor":11},{"not_picked":["Sanctity","ReachHeaven"],"picked":"ClearTheMind","floor":13},{"not_picked":["CrushJoints","Crescendo"],"picked":"Replay:LoomingThreat","floor":14},{"not_picked":["BowlingBash","SignatureMove"],"picked":"Replay:Anticipation","floor":15},{"not_picked":["SpiritShield","Brilliance"],"picked":"DeusExMachina","floor":16},{"not_picked":["Weave","WaveOfTheHand"],"picked":"Replay:ManipulateFuture","floor":18},{"not_picked":["EmptyFist","BowlingBash"],"picked":"FollowUp+1","floor":18},{"not_picked":["Protect","PathToVictory"],"picked":"ThirdEye","floor":21},{"not_picked":["BowlingBash","Replay:Anticipation"],"picked":"SashWhip","floor":21},{"not_picked":["EmptyBody+1","Replay:DivineShield"],"picked":"JustLucky+1","floor":22},{"not_picked":["JustLucky","Prostrate"],"picked":"Replay:DivineShield+1","floor":22}],"player_experience":1157218,"relics_obtained":[{"floor":2,"key":"Ring of Fury"},{"floor":2,"key":"ReplayTheSpireMod:Ring of Collecting"},{"floor":6,"key":"Mercury Hourglass"},{"floor":7,"key":"Dream Catcher"},{"floor":9,"key":"infinitespire:EmpoweringShard"},{"floor":9,"key":"Ring of Hypnosis"},{"floor":14,"key":"infinitespire:Beetle Shell"}],"event_choices":[{"damage_healed":0,"gold_gain":0,"player_choice":"Leave","damage_taken":0,"max_hp_gain":0,"max_hp_loss":0,"event_name":"conspire:Investor","floor":19,"gold_loss":0}],"is_beta":false,"boss_relics":[{"not_picked":["hubris:GrandSneckoEye","ReplayTheSpireMod:SealedPack"],"picked":"hubris:Backtick"}],"items_purged_floors":[],"is_endless":false,"potions_floor_spawned":[5,6,10,16,18],"killed_by":"Nightmare","ascension_level":6}}