{"host":"0tiuc76yumknr6qf","time":1607573977,"event":{"gold_per_floor":[119,136,136,150,150,150,170,170,170,196,216,56,72,83,83,158,158,177,177,177,190,209,209,241,241,294,209,223,242,242,242],"floor_reached":30,"playtime":1749,"items_purged":[],"score":558,"play_id":"7a6c6bcf-1ddc-483a-839d-4a2d8510eccf","local_time":"20201209221937","is_ascension_mode":true,"campfire_choices":[{"floor":6.0,"key":"REST"},{"floor":8.0,"key":"REST"},{"floor":15.0,"key":"REST"},{"floor":23,"key":"REST"},{"floor":25,"key":"REST"}],"neow_cost":"NONE","seed_source_timestamp":60558978468200,"circlet_count":0,"master_deck":["AscendersBane","Zap","Dualcast","Defragment","Cold Snap","Beam Cell","Rip and Tear","BootSequence","Rebound","Defragment","Glacier","Reinforced Body","Biased Cognition","Amplify","BootSequence","Fusion","Reprogram","Seek","Skim","Defragment","Force Field","Ghostly","Ghostly","Ghostly","Pain","Capacitor","Electrodynamics","Coolheaded+1","Conserve Battery","Stack+1"],"special_seed":0,"relics":["Fusion Hammer","Mango","Pear","Centennial Puzzle","DollysMirror","Pandora\u0027s Box","WarpedTongs","Bag of Preparation","Toy Ornithopter","PreservedInsect"],"potions_floor_usage":[30],"damage_taken":[{"damage":0.0,"enemies":"2 Louse","floor":1.0,"turns":2.0},{"damage":19.0,"enemies":"Jaw Worm","floor":2.0,"turns":4.0},{"damage":0.0,"enemies":"Cultist","floor":4.0,"turns":4.0},{"damage":12.0,"enemies":"3 Louse","floor":7.0,"turns":3.0},{"damage":32.0,"enemies":"Gremlin Nob","floor":10.0,"turns":4.0},{"damage":4.0,"enemies":"Red Slaver","floor":11.0,"turns":3.0},{"damage":16.0,"enemies":"Lots of Slimes","floor":13.0,"turns":5.0},{"damage":0.0,"enemies":"2 Fungi Beasts","floor":14.0,"turns":4.0},{"damage":21.0,"enemies":"Slime Boss","floor":16.0,"turns":10.0},{"damage":0.0,"enemies":"Spheric Guardian","floor":18.0,"turns":6.0},{"damage":13,"enemies":"Shell Parasite","floor":21,"turns":8},{"damage":13,"enemies":"Chosen and Byrds","floor":22,"turns":12},{"damage":6,"enemies":"Gremlin Leader","floor":24,"turns":8},{"damage":22,"enemies":"Centurion and Healer","floor":28,"turns":4},{"damage":8,"enemies":"Snecko","floor":29,"turns":6},{"damage":24,"enemies":"Cultist and Chosen","floor":30,"turns":3}],"seed_played":"-1331779707880898011","potions_obtained":[{"floor":4.0,"key":"Block Potion"},{"floor":10.0,"key":"AttackPotion"},{"floor":13.0,"key":"SkillPotion"},{"floor":16.0,"key":"FocusPotion"},{"floor":24,"key":"SkillPotion"},{"floor":28,"key":"Ancient Potion"}],"is_trial":false,"path_per_floor":["M","M","?","M","?","R","M","R","T","E","M","$","M","M","R","B",null,"M","?","?","M","M","R","E","R","T","?","M","M","M"],"character_chosen":"DEFECT","items_purchased":["DollysMirror"],"campfire_rested":5,"item_purchase_floors":[12],"current_hp_per_floor":[64,45,45,45,41,66,54,79,89,57,53,53,37,37,65,44,82,82,47,47,34,21,35,29,43,43,43,21,13,0,0],"gold":242,"neow_bonus":"BOSS_RELIC","is_prod":false,"is_daily":false,"chose_seed":false,"campfire_upgraded":0,"win_rate":0,"timestamp":1607573977,"path_taken":["M","M","?","M","?","R","M","R","T","E","M","$","M","M","R","BOSS","M","?","?","?","M","R","E","R","T","?","M","M","M"],"build_version":"2020-11-30","purchased_purges":0,"victory":false,"max_hp_per_floor":[71,71,71,71,85,85,85,85,95,95,95,95,95,95,95,95,95,95,47,47,47,47,47,47,47,47,47,47,47,47,47],"card_choices":[{"not_picked":["Coolheaded","Gash"],"picked":"Defragment","floor":1.0},{"not_picked":["Chill","FTL"],"picked":"Cold Snap","floor":2.0},{"not_picked":["Barrage","Steam"],"picked":"Beam Cell","floor":4.0},{"not_picked":["Double Energy","Steam"],"picked":"Rip and Tear","floor":7.0},{"not_picked":["Undo","Barrage"],"picked":"BootSequence","floor":10.0},{"not_picked":["Streamline","Steam"],"picked":"Rebound","floor":11.0},{"not_picked":["Cold Snap","Barrage"],"picked":"Glacier","floor":13.0},{"not_picked":["Go for the Eyes","Leap"],"picked":"Reinforced Body","floor":14.0},{"not_picked":["Amplify","Thunder Strike"],"picked":"Biased Cognition","floor":16.0},{"not_picked":["Go for the Eyes","Steam","Turbo"],"picked":"SKIP","floor":18.0},{"not_picked":["Beam Cell+1","Compile Driver"],"picked":"Capacitor","floor":21},{"not_picked":["Steam","Barrage"],"picked":"Electrodynamics","floor":22},{"not_picked":["Hyperbeam","Redo"],"picked":"Coolheaded+1","floor":24},{"not_picked":["BootSequence","Capacitor"],"picked":"Conserve Battery","floor":28},{"not_picked":["Doom and Gloom","Aggregate"],"picked":"Stack+1","floor":29}],"player_experience":1775146,"relics_obtained":[{"floor":9.0,"key":"Pear"},{"floor":10.0,"key":"Centennial Puzzle"},{"floor":24,"key":"Bag of Preparation"},{"floor":26,"key":"Toy Ornithopter"}],"event_choices":[{"damage_healed":0.0,"max_hp_gain":0.0,"max_hp_loss":0.0,"gold_gain":0.0,"event_name":"Liars Game","player_choice":"Ignored","floor":3.0,"gold_loss":0.0,"damage_taken":0.0},{"damage_healed":0.0,"max_hp_gain":0.0,"max_hp_loss":0.0,"gold_gain":0.0,"event_name":"Scrap Ooze","player_choice":"Success","floor":5.0,"gold_loss":0.0,"damage_taken":18.0,"relics_obtained":["Mango"]},{"damage_healed":0.0,"max_hp_gain":0.0,"max_hp_loss":48.0,"gold_gain":0.0,"event_name":"Ghosts","player_choice":"Became a Ghost","floor":19.0,"gold_loss":0.0,"damage_taken":0.0,"cards_obtained":["Ghostly","Ghostly","Ghostly"]},{"damage_healed":0,"gold_gain":0,"player_choice":"Rummage","damage_taken":0,"relics_obtained":["WarpedTongs"],"max_hp_gain":0,"max_hp_loss":0,"event_name":"Accursed Blacksmith","floor":20,"gold_loss":0,"cards_obtained":["Pain"]},{"damage_healed":0,"gold_gain":0,"player_choice":"Obtained Relic","damage_taken":0,"relics_obtained":["PreservedInsect"],"max_hp_gain":0,"max_hp_loss":0,"event_name":"Addict","floor":27,"gold_loss":85}],"is_beta":false,"boss_relics":[{"not_picked":["SacredBark","Coffee Dripper"],"picked":"Pandora\u0027s Box"}],"items_purged_floors":[],"is_endless":false,"potions_floor_spawned":[4,10,13,14,16,24,28,29],"killed_by":"Cultist and Chosen","ascension_level":20}}