{"host":"206uhceyiubfocqu","time":1607644349,"event":{"mods":["Act Like it!","BaseMod","Gensokyo","Minty Spire (QoL Compilation)","Robot Space Explorer","StSLib"],"gold_per_floor":[119,137,137,137,137,137,176,191,191,191,191,216,216,241,241,365,365,388,487,511,511,529,570,586,586,612,612,612,612,631,670,670,800,800,813,837,1170,352,352,380,394,413,413,9,24,24,24,41,41,41],"floor_reached":51,"playtime":3648,"items_purged":["RobotSpaceExplorer:Strike","RobotSpaceExplorer:Defend"],"score":815,"play_id":"2a8391bc-f8d7-4c29-abba-eec6add317e7","local_time":"20201211005229","is_ascension_mode":false,"campfire_choices":[{"data":"RobotSpaceExplorer:MiniBoosters","floor":6,"key":"SMITH"},{"data":"RobotSpaceExplorer:PowerCollector","floor":10,"key":"SMITH"},{"floor":13,"key":"REST"},{"data":"RobotSpaceExplorer:MiniLasers","floor":15,"key":"SMITH"},{"data":"RobotSpaceExplorer:ChargingLaser","floor":25,"key":"SMITH"},{"data":"RobotSpaceExplorer:SwiftStep","floor":27,"key":"SMITH"},{"data":"RobotSpaceExplorer:DualCore","floor":32,"key":"SMITH"},{"data":"RobotSpaceExplorer:Accelerator","floor":46,"key":"SMITH"},{"data":"RobotSpaceExplorer:ScrapToss","floor":49,"key":"SMITH"}],"circlet_count":0,"master_deck":["RobotSpaceExplorer:Defend+1","RobotSpaceExplorer:Defend","RobotSpaceExplorer:Scan","RobotSpaceExplorer:MiniLasers+1","RobotSpaceExplorer:Pulsar+1","RobotSpaceExplorer:TurboDodge+1","RobotSpaceExplorer:MiniBoosters+1","Bandage Up","RobotSpaceExplorer:SwiftStep+1","RobotSpaceExplorer:PowerCollector+1","RobotSpaceExplorer:DualCore+1","RobotSpaceExplorer:Probe","RobotSpaceExplorer:ChargingLaser+1","RobotSpaceExplorer:LuckyStrike+1","RobotSpaceExplorer:RigExplosive+1","RobotSpaceExplorer:Blaster+1","RobotSpaceExplorer:ScrapToss+1","RobotSpaceExplorer:FranticSearch+1","RobotSpaceExplorer:PowerCollector","RobotSpaceExplorer:LaserBurst+1","RobotSpaceExplorer:GearShield","RobotSpaceExplorer:Accelerator+1","Master of Strategy","Panacea","Jack Of All Trades","Sadistic Nature","RobotSpaceExplorer:JunkDive+1"],"relics":["RobotSpaceExplorer:RoboCore","NeowsBlessing","Mango","Blue Candle","Boot","Odd Mushroom","Astrolabe","MutagenicStrength","RobotSpaceExplorer:ClockworkSextant","Pen Nib","RobotSpaceExplorer:RingOfTheNewt","Turnip","SlaversCollar","Ice Cream","Bottled Flame","Letter Opener","Singing Bowl","RobotSpaceExplorer:FoglandsKnife","Lee\u0027s Waffle"],"acts_visited":["Exordium","TheCity","TheBeyond"],"potions_floor_usage":[18,22,23,24,30,31,31,33,36,41,45,50,50],"damage_taken":[{"damage":0,"enemies":"Jaw Worm","floor":1,"turns":1},{"damage":0,"enemies":"2 Louse","floor":2,"turns":1},{"damage":0,"enemies":"3 Sentries","floor":7,"turns":1},{"damage":0,"enemies":"Cultist","floor":8,"turns":4},{"damage":36,"enemies":"The Mushroom Lair","floor":12,"turns":6},{"damage":6,"enemies":"Looter","floor":14,"turns":3},{"damage":17,"enemies":"Hexaghost","floor":16,"turns":12},{"damage":0,"enemies":"Chosen","floor":18,"turns":6},{"damage":7,"enemies":"2 Thieves","floor":20,"turns":3},{"damage":10,"enemies":"Snake Plant","floor":22,"turns":2},{"damage":15,"enemies":"Book of Stabbing","floor":23,"turns":4},{"damage":4,"enemies":"Shelled Parasite and Fungi","floor":24,"turns":3},{"damage":0,"enemies":"Centurion and Healer","floor":30,"turns":4},{"damage":3,"enemies":"Gremlin Leader","floor":31,"turns":4},{"damage":0,"enemies":"Collector","floor":33,"turns":5},{"damage":9,"enemies":"3 Shapes","floor":35,"turns":3},{"damage":0,"enemies":"Orb Walker","floor":36,"turns":1},{"damage":0,"enemies":"Giant Head","floor":40,"turns":3},{"damage":7,"enemies":"Transient","floor":41,"turns":5},{"damage":10,"enemies":"Maw","floor":42,"turns":4},{"damage":23,"enemies":"Writhing Mass","floor":45,"turns":3},{"damage":3,"enemies":"3 Darklings","floor":48,"turns":2},{"damage":3,"enemies":"Donu and Deca","floor":50,"turns":4}],"seed_played":"-4340781316662095460","potions_obtained":[{"floor":2,"key":"EssenceOfSteel"},{"floor":12,"key":"RobotSpaceExplorer:RecyclePotion"},{"floor":22,"key":"AttackPotion"},{"floor":36,"key":"AttackPotion"}],"is_trial":false,"path_per_floor":["M","M","?","?","?","R","E","M","T","R","?","?","R","M","R","B",null,"M","?","M","?","M","E","M","R","T","R","?","T","M","E","R","B",null,"M","M","?","$","?","E","M","M","T","$","M","R","?","M","R","B",null],"character_chosen":"RobotSpaceExplorer","items_purchased":["Ice Cream","Master of Strategy","Bottled Flame","RobotSpaceExplorer:FoglandsKnife","Lee\u0027s Waffle"],"campfire_rested":1,"item_purchase_floors":[38,38,38,44,44],"current_hp_per_floor":[75,75,57,42,42,42,56,60,60,60,57,25,51,49,49,36,89,89,89,86,86,79,68,68,68,68,68,68,68,72,69,69,73,89,80,80,80,80,70,74,71,65,65,96,79,79,79,82,82,83],"gold":41,"neow_bonus":"THREE_ENEMY_KILL","is_daily":false,"chose_seed":false,"campfire_upgraded":8,"win_rate":0.0,"timestamp":1607644349,"path_taken":["M","M","?","?","?","R","E","?","T","R","?","?","R","M","R","BOSS","M","?","M","?","M","E","M","R","T","R","?","?","M","E","R","BOSS","M","M","?","$","?","E","M","M","T","$","M","R","?","M","R","BOSS"],"items_purchased_type":["Relic","Card","Relic","Relic","Relic"],"build_version":"2020-11-30","purchased_purges":2,"victory":true,"max_hp_per_floor":[75,75,75,75,75,75,89,89,89,89,89,89,89,89,89,89,89,89,89,89,89,89,89,89,89,89,89,89,89,89,89,89,89,89,89,89,89,89,89,89,89,89,89,96,98,98,98,100,100,100],"card_choices":[{"not_picked":["RobotSpaceExplorer:FrostMissile","RobotSpaceExplorer:Discharger"],"picked":"RobotSpaceExplorer:Pulsar","floor":1},{"not_picked":["RobotSpaceExplorer:SwiftStep","RobotSpaceExplorer:DoubleFind"],"picked":"RobotSpaceExplorer:TurboDodge","floor":2},{"not_picked":["RobotSpaceExplorer:Ammunition","RobotSpaceExplorer:FrostMissile"],"picked":"RobotSpaceExplorer:SwiftStep","floor":7},{"not_picked":["RobotSpaceExplorer:MakeshiftVolley","RobotSpaceExplorer:FranticSearch"],"picked":"RobotSpaceExplorer:PowerCollector","floor":8},{"not_picked":["RobotSpaceExplorer:StunGrenade","RobotSpaceExplorer:ImprovisedAttack"],"picked":"RobotSpaceExplorer:DualCore","floor":12},{"not_picked":["RobotSpaceExplorer:SwiftStep","RobotSpaceExplorer:JunkDive"],"picked":"RobotSpaceExplorer:Probe","floor":14},{"not_picked":["RobotSpaceExplorer:ShockMissile","RobotSpaceExplorer:Autoloader"],"picked":"RobotSpaceExplorer:ChargingLaser","floor":16},{"not_picked":["RobotSpaceExplorer:MetalStrike+1","RobotSpaceExplorer:ScrapMissile"],"picked":"RobotSpaceExplorer:ScrapToss","floor":18},{"not_picked":["RobotSpaceExplorer:SlimeMissile","RobotSpaceExplorer:ExhaustFan"],"picked":"RobotSpaceExplorer:FranticSearch+1","floor":20},{"not_picked":["RobotSpaceExplorer:StunGrenade","RobotSpaceExplorer:ScrapShield"],"picked":"RobotSpaceExplorer:PowerCollector","floor":22},{"not_picked":["RobotSpaceExplorer:Counterblock","RobotSpaceExplorer:MakeshiftVolley","RobotSpaceExplorer:Probe"],"picked":"SKIP","floor":23},{"not_picked":["RobotSpaceExplorer:DoubleFind","RobotSpaceExplorer:ScrapShield+1"],"picked":"RobotSpaceExplorer:LaserBurst+1","floor":24},{"not_picked":["RobotSpaceExplorer:FrostMissile+1","RobotSpaceExplorer:Smokescreen","RobotSpaceExplorer:MiniDrones+1"],"picked":"SKIP","floor":30},{"not_picked":["RobotSpaceExplorer:BigMissile","RobotSpaceExplorer:Smokescreen","RobotSpaceExplorer:ShockKick"],"picked":"SKIP","floor":31},{"not_picked":["RobotSpaceExplorer:BlastShield","RobotSpaceExplorer:ChargingLaser"],"picked":"RobotSpaceExplorer:Accelerator","floor":33},{"not_picked":["RobotSpaceExplorer:SurgingStrike","RobotSpaceExplorer:SurgingShield","RobotSpaceExplorer:PlasmaMissile+1"],"picked":"SKIP","floor":35},{"not_picked":["RobotSpaceExplorer:BigMissile","RobotSpaceExplorer:FrostMissile","RobotSpaceExplorer:DoubleFind+1"],"picked":"SKIP","floor":36},{"not_picked":["Blind","Violence"],"picked":"Panacea","floor":39},{"not_picked":["The Bomb","HandOfGreed"],"picked":"Jack Of All Trades","floor":39},{"not_picked":["Good Instincts","Trip"],"picked":"Sadistic Nature","floor":39},{"not_picked":["RobotSpaceExplorer:ImprovisedAttack","RobotSpaceExplorer:FrostMissile"],"picked":"RobotSpaceExplorer:Wormhole","floor":40},{"not_picked":["RobotSpaceExplorer:ScrapMissile+1","RobotSpaceExplorer:Discharger+1"],"picked":"RobotSpaceExplorer:JunkDive+1","floor":41},{"not_picked":["RobotSpaceExplorer:Ammunition","RobotSpaceExplorer:SwiftStep+1","RobotSpaceExplorer:ExhaustFan+1"],"picked":"SKIP","floor":42},{"not_picked":["RobotSpaceExplorer:SwiftStep","RobotSpaceExplorer:Probe+1","RobotSpaceExplorer:ToxicBomb+1"],"picked":"Singing Bowl","floor":45},{"not_picked":["RobotSpaceExplorer:MetalStrike","RobotSpaceExplorer:MakeshiftVolley+1","RobotSpaceExplorer:Ammunition+1"],"picked":"Singing Bowl","floor":48}],"player_experience":639155,"relics_obtained":[{"floor":7,"key":"Mango"},{"floor":9,"key":"Blue Candle"},{"floor":12,"key":"Odd Mushroom"},{"floor":23,"key":"RobotSpaceExplorer:ClockworkSextant"},{"floor":26,"key":"Pen Nib"},{"floor":29,"key":"RobotSpaceExplorer:RingOfTheNewt"},{"floor":31,"key":"Turnip"},{"floor":40,"key":"Letter Opener"},{"floor":43,"key":"Singing Bowl"}],"event_choices":[{"damage_healed":0,"gold_gain":0,"player_choice":"Take Damage","damage_taken":18,"relics_obtained":["Golden Idol"],"max_hp_gain":0,"max_hp_loss":0,"event_name":"Golden Idol","floor":3,"gold_loss":0},{"damage_healed":0,"gold_gain":0,"player_choice":"Entered Light","damage_taken":15,"max_hp_gain":0,"max_hp_loss":0,"event_name":"Shining Light","floor":4,"gold_loss":0,"cards_upgraded":["RobotSpaceExplorer:Defend","RobotSpaceExplorer:TurboDodge"]},{"damage_healed":0,"gold_gain":0,"player_choice":"2 cards matched","damage_taken":0,"max_hp_gain":0,"max_hp_loss":0,"event_name":"Match and Keep!","floor":5,"gold_loss":0,"cards_obtained":["RobotSpaceExplorer:MiniBoosters","Bandage Up"]},{"damage_healed":0,"gold_gain":0,"player_choice":"2 cards matched","damage_taken":0,"max_hp_gain":0,"max_hp_loss":0,"event_name":"Match and Keep!","floor":5,"gold_loss":0,"cards_obtained":["RobotSpaceExplorer:MiniBoosters","Bandage Up"]},{"damage_healed":0,"gold_gain":0,"player_choice":"Success","damage_taken":3,"relics_obtained":["Boot"],"max_hp_gain":0,"max_hp_loss":0,"event_name":"Scrap Ooze","floor":11,"gold_loss":0},{"damage_healed":0,"gold_gain":0,"player_choice":"Fought Mushrooms","damage_taken":0,"max_hp_gain":0,"max_hp_loss":0,"event_name":"Mushrooms","floor":12,"gold_loss":0},{"damage_healed":0,"gold_gain":99,"player_choice":"Stole From Cult","damage_taken":0,"max_hp_gain":0,"max_hp_loss":0,"event_name":"Nest","floor":19,"gold_loss":0},{"damage_healed":0,"gold_gain":0,"player_choice":"Inject Mutagens","damage_taken":0,"relics_obtained":["MutagenicStrength"],"max_hp_gain":0,"max_hp_loss":0,"event_name":"Drug Dealer","floor":21,"gold_loss":0},{"damage_healed":0,"gold_gain":0,"player_choice":"Read","damage_taken":0,"max_hp_gain":0,"max_hp_loss":0,"event_name":"The Library","floor":28,"gold_loss":0,"cards_obtained":["RobotSpaceExplorer:GearShield"]},{"damage_healed":0,"gold_gain":333,"player_choice":"Gave Idol","damage_taken":0,"max_hp_gain":0,"max_hp_loss":0,"event_name":"The Moai Head","floor":37,"relics_lost":["Golden Idol"],"gold_loss":0},{"damage_healed":0,"gold_gain":0,"player_choice":"Memory 3","damage_taken":10,"max_hp_gain":0,"max_hp_loss":0,"event_name":"SensoryStone","floor":39,"gold_loss":0},{"damage_healed":0,"gold_gain":0,"player_choice":"Forge","damage_taken":0,"max_hp_gain":0,"max_hp_loss":0,"event_name":"Accursed Blacksmith","floor":47,"gold_loss":0,"cards_upgraded":["RobotSpaceExplorer:Pulsar"]}],"is_beta":false,"boss_relics":[{"not_picked":["Empty Cage","Velvet Choker"],"picked":"Astrolabe"},{"not_picked":["Busted Crown","Runic Dome"],"picked":"SlaversCollar"}],"items_purged_floors":[38,44],"is_endless":false,"potions_floor_spawned":[2,12,20,22,35,36,42],"ascension_level":0}}