{"host":"w7o06k3e8uel8euj","time":1607612432,"event":{"mods":["BaseMod","Colored Powertips","DeckTracker","StSLib","Minty Spire (QoL Compilation)","AchievementEnabler","Custom Start","Keyboard Shortcuts","Quick Restart","everything is the same but u backflip on backflip","SuperFastMode","Relic Stats","Arknights The Spire"],"gold_per_floor":[114,114,189,114,14,42,42,42,68,97,110,121,154,181,181,294,294,325,372,404,279,312,355,355,118,118,144,144,144,184,184,184,297,297,327,77,108,137,47,88,119,164,234,269,269,69,102,151,151,151,151,151,52,102,102],"floor_reached":56,"playtime":3198,"items_purged":["ats:Powerful Strike","ats:Defend Up","ats:Powerful Strike","ats:Defend Up","ats:Just Like an Apocalypse","ats:Attack Strengthen+1"],"score":1570,"play_id":"a5cd8ade-3172-4521-98b5-0d414fc59ec2","local_time":"20201211000032","is_ascension_mode":false,"campfire_choices":[{"data":"ats:Emotion Absorption","floor":8.0,"key":"SMITH"},{"data":"ats:Emotion Absorption","floor":15.0,"key":"SMITH"},{"data":"ats:Assault Order","floor":24.0,"key":"SMITH"},{"data":"ats:Chain Hook","floor":29.0,"key":"SMITH"},{"data":"Impatience","floor":32.0,"key":"SMITH"},{"data":"ats:Hook Shot","floor":45.0,"key":"SMITH"},{"floor":49.0,"key":"RECALL"},{"data":"ats:Echo Reverb","floor":52.0,"key":"SMITH"}],"circlet_count":0,"master_deck":["ats:Defend Up+1","ats:Emotion Absorption+1","ats:Emotion Absorption+1","ats:Chain Hook+1","ats:Assault Order+1","ats:Nebulous Foxfire","Impatience+1","ats:Echo Reverb+1","ats:Hook Shot+1","ats:Roar Of Ursus"],"special_seed":0,"relics":["ats:Sanity","NeowsBlessing","Orichalcum","MealTicket","Ancient Tea Set","Sundial","ats:Gyao","Empty Cage","Bottled Flame","Pantograph","ats:MaxSp1","SacredBark","ats:MaxSp4","Turnip","Ornamental Fan","Akabeko"],"acts_visited":["Exordium","TheCity","TheBeyond","TheEnding"],"potions_floor_usage":[55,55,55],"damage_taken":[{"damage":0.0,"enemies":"Cultist","floor":1.0,"turns":1.0},{"damage":0.0,"enemies":"Lagavulin","floor":6.0,"turns":1.0},{"damage":0.0,"enemies":"3 Sentries","floor":10.0,"turns":2.0},{"damage":0.0,"enemies":"2 Louse","floor":11.0,"turns":2.0},{"damage":1.0,"enemies":"Jaw Worm","floor":12.0,"turns":2.0},{"damage":13.0,"enemies":"Lagavulin","floor":13.0,"turns":6.0},{"damage":0.0,"enemies":"Gremlin Gang","floor":14.0,"turns":2.0},{"damage":44.0,"enemies":"The Guardian","floor":16.0,"turns":13.0},{"damage":10.0,"enemies":"Spheric Guardian","floor":18.0,"turns":4.0},{"damage":9.0,"enemies":"2 Thieves","floor":19.0,"turns":3.0},{"damage":30.0,"enemies":"Cultist and Chosen","floor":20.0,"turns":10.0},{"damage":7.0,"enemies":"Sentry and Sphere","floor":22.0,"turns":7.0},{"damage":15.0,"enemies":"Book of Stabbing","floor":23.0,"turns":6.0},{"damage":3.0,"enemies":"Centurion and Healer","floor":27.0,"turns":5.0},{"damage":71.0,"enemies":"Slavers","floor":30.0,"turns":17.0},{"damage":11.0,"enemies":"Automaton","floor":33.0,"turns":3.0},{"damage":5.0,"enemies":"Orb Walker","floor":35.0,"turns":2.0},{"damage":3.0,"enemies":"3 Shapes","floor":37.0,"turns":1.0},{"damage":0.0,"enemies":"Maw","floor":38.0,"turns":1.0},{"damage":3.0,"enemies":"Giant Head","floor":40.0,"turns":3.0},{"damage":0.0,"enemies":"Spire Growth","floor":41.0,"turns":1.0},{"damage":0.0,"enemies":"Reptomancer","floor":42.0,"turns":1.0},{"damage":0.0,"enemies":"4 Shapes","floor":44.0,"turns":1.0},{"damage":0.0,"enemies":"Sphere and 2 Shapes","floor":47.0,"turns":1.0},{"damage":0.0,"enemies":"Nemesis","floor":48.0,"turns":1.0},{"damage":0.0,"enemies":"Donu and Deca","floor":50.0,"turns":1.0},{"damage":0.0,"enemies":"Shield and Spear","floor":54.0,"turns":1.0},{"damage":37,"enemies":"The Heart","floor":55,"turns":5}],"seed_played":"-6342431692435790585","potions_obtained":[{"floor":6.0,"key":"SmokeBomb"},{"floor":11.0,"key":"DuplicationPotion"},{"floor":14.0,"key":"Block Potion"},{"floor":16.0,"key":"PowerPotion"},{"floor":30.0,"key":"GamblersBrew"},{"floor":40.0,"key":"Regen Potion"},{"floor":41.0,"key":"LiquidBronze"},{"floor":44.0,"key":"CultistPotion"}],"is_trial":false,"path_per_floor":["M","?","?","$","$","E","$","R","T","E","M","M","E","M","R","B",null,"M","M","M","$","M","E","R","$","T","M","?","R","E","?","R","B",null,"M","$","M","M","?","E","M","E","T","M","R","$","M","E","R","B",null,"R","$","E","B",null],"character_chosen":"DOCTOR_CLASS","items_purchased":["Impatience","ats:Hook Shot","Strength Potion","Strength Potion"],"campfire_rested":0,"item_purchase_floors":[25,36,53,53],"current_hp_per_floor":[72,65,54,54,54,54,69,69,69,69,69,68,55,55,55,11,72,64,60,46,61,70,62,62,72,72,71,71,71,69,69,69,61,72,67,72,69,69,69,72,72,72,72,72,72,72,72,72,72,72,72,72,72,72,72],"gold":102,"neow_bonus":"THREE_ENEMY_KILL","is_daily":false,"chose_seed":false,"campfire_upgraded":7,"win_rate":0,"timestamp":1607612432,"path_taken":["M","?","?","?","$","E","$","R","T","E","M","M","E","M","R","BOSS","M","M","?","$","M","E","R","$","T","M","?","R","E","?","R","BOSS","M","?","M","?","?","E","M","E","T","M","R","$","M","E","R","BOSS","R","$","E","BOSS"],"build_version":"2020-11-30","purchased_purges":6,"victory":true,"max_hp_per_floor":[72,72,72,72,72,72,72,72,72,72,72,72,72,72,72,72,72,72,72,72,72,72,72,72,72,72,72,72,72,72,72,72,72,72,72,72,72,72,72,72,72,72,72,72,72,72,72,72,72,72,72,72,72,72,72],"relic_stats":{"counters":[28,103],"Sundial":[524],"Ornamental Fan":[80],"Pantograph":3,"MealTicket":45,"Turnip":[2],"Orichalcum":[180],"obtain_stats":[{"NeowsBlessing":0,"SacredBark":34,"Orichalcum":2,"Ancient Tea Set":9,"Empty Cage":17,"Akabeko":54,"ats:Gyao":13,"ats:MaxSp1":30,"Bottled Flame":23,"Sundial":10,"Ornamental Fan":48,"Pantograph":26,"ats:MaxSp4":40,"MealTicket":6,"Turnip":42,"ats:Sanity":0},{"NeowsBlessing":0,"SacredBark":16,"Orichalcum":1,"Ancient Tea Set":2,"Empty Cage":8,"Akabeko":27,"ats:Gyao":6,"ats:MaxSp1":15,"Bottled Flame":13,"Sundial":3,"Ornamental Fan":25,"Pantograph":13,"ats:MaxSp4":20,"MealTicket":2,"Turnip":22,"ats:Sanity":0},{"NeowsBlessing":0,"SacredBark":84,"Orichalcum":1,"Ancient Tea Set":2,"Empty Cage":29,"Akabeko":98,"ats:Gyao":14,"ats:MaxSp1":81,"Bottled Flame":59,"Sundial":4,"Ornamental Fan":96,"Pantograph":59,"ats:MaxSp4":91,"MealTicket":2,"Turnip":93,"ats:Sanity":0}]},"card_choices":[{"not_picked":["ats:Shell Defense","ats:Flexible Camouflage"],"picked":"ats:Chain Hook","floor":1.0},{"not_picked":["ats:Support Order","ats:Defend Order","ats:Spore Proliferation"],"picked":"SKIP","floor":6.0},{"not_picked":["ats:Very Hot Blade","ats:Chain Hook","ats:Cat Scratch"],"picked":"SKIP","floor":10.0},{"not_picked":["ats:Revitalization","ats:Attack Strengthen"],"picked":"ats:Explosion Area Strengthen","floor":11.0},{"not_picked":["ats:Curse Doll","ats:Attack Strengthen","ats:True Silver Slash"],"picked":"SKIP","floor":12.0},{"not_picked":["ats:Fractured Body","ats:Composite Medical Shells"],"picked":"ats:Assault Order","floor":13.0},{"not_picked":["ats:Cat Scratch","ats:Assault Order","ats:Magnetic Hammer"],"picked":"SKIP","floor":14.0},{"not_picked":["ats:Fate","ats:Durian"],"picked":"ats:Nebulous Foxfire","floor":16.0},{"not_picked":["ats:Flexible Camouflage","ats:Very Hot Blade"],"picked":"ats:Consecutive Shot: Auto","floor":18.0},{"not_picked":["ats:Shadow Raid","ats:Very Hot Blade+1","ats:Red Shift"],"picked":"SKIP","floor":19.0},{"not_picked":["ats:Flexible Camouflage+1","ats:Support Order+1","ats:Spore Proliferation"],"picked":"SKIP","floor":20.0},{"not_picked":["ats:Charging Defense","ats:Flexible Camouflage"],"picked":"ats:Just Like an Apocalypse","floor":22.0},{"not_picked":["ats:Revitalization","ats:Ignite"],"picked":"ats:Attack Strengthen+1","floor":23.0},{"not_picked":["ats:Automatic Cover","ats:Just Like an Apocalypse","ats:Cat Scratch"],"picked":"SKIP","floor":27.0},{"not_picked":["ats:Assault Order","ats:Attack Strengthen","ats:Support Order"],"picked":"SKIP","floor":30.0},{"not_picked":["ats:Attack Strengthen","ats:Revitalization+1","ats:Composite Medical Shells+1"],"picked":"SKIP","floor":35.0},{"not_picked":["ats:Explosion Area Strengthen+1","ats:Very Hot Blade+1","ats:Shadow Raid+1"],"picked":"SKIP","floor":37.0},{"not_picked":["ats:Automatic Cover+1","ats:Cat Scratch","ats:Consecutive Shot: Auto+1"],"picked":"SKIP","floor":38.0},{"not_picked":["ats:Automatic Cover","ats:Poison Spread+1"],"picked":"ats:Roar Of Ursus","floor":40.0},{"not_picked":["ats:Explosion Area Strengthen","ats:Sunburst+1","ats:Magnetic Hammer"],"picked":"SKIP","floor":41.0},{"not_picked":["ats:Explosion Area Strengthen","ats:Sunburst+1","ats:Magnetic Hammer"],"picked":"SKIP","floor":41.0},{"not_picked":["ats:Thorns","ats:Soul Rend","ats:Shadow Raid"],"picked":"SKIP","floor":42.0},{"not_picked":["ats:Poison Spread","ats:Rapid Magazine","ats:Red Shift"],"picked":"SKIP","floor":44.0},{"not_picked":["ats:Curse Doll","ats:Cat Scratch+1","ats:Shell Defense"],"picked":"SKIP","floor":47.0},{"not_picked":["ats:Magnetic Hammer+1","ats:Encircling Forest+1","ats:Thermite Blade+1"],"picked":"SKIP","floor":48.0},{"not_picked":["ats:Thermite Blade","ats:Just Like an Apocalypse","ats:Assault Order+1"],"picked":"SKIP","floor":54.0}],"player_experience":544963,"relics_obtained":[{"floor":6.0,"key":"MealTicket"},{"floor":9.0,"key":"Ancient Tea Set"},{"floor":10.0,"key":"Sundial"},{"floor":13.0,"key":"ats:Gyao"},{"floor":23.0,"key":"Bottled Flame"},{"floor":26.0,"key":"Pantograph"},{"floor":30.0,"key":"ats:MaxSp1"},{"floor":40.0,"key":"ats:MaxSp4"},{"floor":42.0,"key":"Turnip"},{"floor":48.0,"key":"Ornamental Fan"},{"floor":54.0,"key":"Akabeko"}],"event_choices":[{"damage_healed":0.0,"max_hp_gain":0.0,"max_hp_loss":0.0,"gold_gain":0.0,"event_name":"Scrap Ooze","player_choice":"Success","floor":2.0,"gold_loss":0.0,"damage_taken":7.0,"relics_obtained":["Orichalcum"]},{"damage_healed":0.0,"max_hp_gain":0.0,"max_hp_loss":0.0,"gold_gain":75.0,"event_name":"World of Goop","player_choice":"Gather Gold","floor":3.0,"gold_loss":0.0,"damage_taken":11.0},{"damage_healed":0.0,"max_hp_gain":0.0,"max_hp_loss":0.0,"gold_gain":0.0,"cards_transformed":["ats:Armor Crushing Shot","ats:Explosion Area Strengthen"],"event_name":"Drug Dealer","player_choice":"Became Test Subject","floor":28.0,"gold_loss":0.0,"damage_taken":0.0,"cards_obtained":["ats:Assault Order","ats:Echo Reverb"]},{"cards_removed":["ats:Assault Order"],"damage_healed":0.0,"max_hp_gain":0.0,"max_hp_loss":0.0,"gold_gain":0.0,"event_name":"Purifier","player_choice":"Purged","floor":31.0,"gold_loss":0.0,"damage_taken":0.0},{"cards_removed":["ats:Consecutive Shot: Auto"],"damage_healed":0.0,"max_hp_gain":0.0,"max_hp_loss":0.0,"gold_gain":0.0,"event_name":"Designer","player_choice":"Upgrade and Remove","floor":39.0,"gold_loss":90.0,"damage_taken":0.0,"cards_upgraded":["ats:Defend Up"]}],"is_beta":false,"boss_relics":[{"not_picked":["Tiny House","Calling Bell"],"picked":"Empty Cage"},{"not_picked":["Fusion Hammer","Pandora\u0027s Box"],"picked":"SacredBark"}],"items_purged_floors":[4,5,21,25,36,46],"is_endless":false,"potions_floor_spawned":[6,11,14,16,22,30,40,41,42,44,47],"ascension_level":0}}