{"host":"2pgz2fctomabfk86","time":1607601015,"event":{"gold_per_floor":[117,117,130,130,47,77,134,59,59,59,79,114,114,129,129,206,206,217,217,44,63,77,77,77,77,77,94,109,134,184,184,184,184,184],"floor_reached":33,"playtime":1191,"items_purged":["Strike_R"],"score":491,"play_id":"0a345f39-4abe-44e0-a217-c28f7974cc87","local_time":"20201210205015","is_ascension_mode":true,"campfire_choices":[{"data":"Fire Breathing","floor":10.0,"key":"SMITH"},{"data":"Rupture","floor":13.0,"key":"SMITH"},{"data":"Brutality","floor":15.0,"key":"SMITH"},{"data":"Whirlwind","floor":23.0,"key":"SMITH"},{"floor":25.0,"key":"REST"},{"floor":32,"key":"REST"}],"neow_cost":"CURSE","seed_source_timestamp":72058291884500,"circlet_count":0,"master_deck":["AscendersBane","Defend_R","Defend_R","Defend_R","Defend_R","Bash","Clumsy","Offering","Warcry","Fire Breathing+1","Havoc","Feel No Pain","Power Through","Combust","Rupture+1","Whirlwind+1","Brutality+1","Offering","Blood for Blood+1","Intimidate+1","Immolate+1","Dark Embrace+1","Battle Trance+1","Hemokinesis","Barricade"],"special_seed":0,"relics":["Burning Blood","Letter Opener","Unceasing Top","Art of War","Ginger","Torii","Astrolabe","Orrery","The Courier","Blue Candle"],"potions_floor_usage":[29,29],"damage_taken":[{"damage":8.0,"enemies":"Jaw Worm","floor":1.0,"turns":4.0},{"damage":7.0,"enemies":"Small Slimes","floor":3.0,"turns":4.0},{"damage":12.0,"enemies":"3 Sentries","floor":6.0,"turns":5.0},{"damage":6.0,"enemies":"3 Sentries","floor":7.0,"turns":5.0},{"damage":9.0,"enemies":"2 Louse","floor":11.0,"turns":3.0},{"damage":30.0,"enemies":"Gremlin Nob","floor":12.0,"turns":4.0},{"damage":8.0,"enemies":"Blue Slaver","floor":14.0,"turns":5.0},{"damage":20.0,"enemies":"Hexaghost","floor":16.0,"turns":6.0},{"damage":14.0,"enemies":"Chosen","floor":18.0,"turns":3.0},{"damage":9.0,"enemies":"3 Byrds","floor":21.0,"turns":3.0},{"damage":18.0,"enemies":"Centurion and Healer","floor":22.0,"turns":3.0},{"damage":11.0,"enemies":"Snake Plant","floor":27.0,"turns":3.0},{"damage":16.0,"enemies":"Chosen and Byrds","floor":28.0,"turns":4.0},{"damage":21,"enemies":"Slavers","floor":29,"turns":3},{"damage":51,"enemies":"Automaton","floor":33,"turns":6}],"seed_played":"-5566692619119091040","potions_obtained":[{"floor":6.0,"key":"DistilledChaos"},{"floor":7.0,"key":"SmokeBomb"},{"floor":14.0,"key":"PowerPotion"},{"floor":18.0,"key":"Block Potion"}],"is_trial":false,"path_per_floor":["M","?","M","?","$","E","?","$","T","R","M","E","R","M","R","B",null,"M","?","$","M","M","R","?","R","T","M","M","E","?","?","R","B"],"character_chosen":"IRONCLAD","items_purchased":["Feel No Pain","Orrery"],"campfire_rested":2,"item_purchase_floors":[5,20],"current_hp_per_floor":[66,61,60,60,60,54,54,54,54,54,51,27,27,25,25,11,59,51,51,51,48,36,36,15,39,39,34,24,9,9,9,33,0,0],"gold":184,"neow_bonus":"THREE_RARE_CARDS","is_prod":false,"is_daily":false,"chose_seed":false,"campfire_upgraded":4,"win_rate":0,"timestamp":1607601015,"path_taken":["M","?","M","?","?","E","?","?","T","R","?","E","R","M","R","BOSS","M","?","$","?","M","R","?","R","T","M","M","E","?","?","R","BOSS"],"build_version":"2020-11-30","purchased_purges":1,"victory":false,"max_hp_per_floor":[75,75,75,75,75,75,75,75,75,75,75,75,75,75,75,75,75,75,75,75,75,75,75,80,80,80,80,80,80,80,80,80,80,80],"card_choices":[{"not_picked":["Bludgeon","Double Tap"],"picked":"Offering","floor":0.0},{"not_picked":["Clash","Body Slam"],"picked":"Warcry","floor":1.0},{"not_picked":["Cleave","Headbutt"],"picked":"Fire Breathing","floor":3.0},{"not_picked":["Twin Strike","Warcry"],"picked":"Power Through","floor":6.0},{"not_picked":["Thunderclap","Warcry"],"picked":"Combust","floor":7.0},{"not_picked":["Pommel Strike","Flex"],"picked":"Rupture","floor":11.0},{"not_picked":["Headbutt","Body Slam"],"picked":"Whirlwind","floor":12.0},{"not_picked":["Anger","Dropkick"],"picked":"Brutality","floor":14.0},{"not_picked":["Immolate","Barricade"],"picked":"Offering","floor":16.0},{"not_picked":["Clash","Twin Strike+1"],"picked":"Dark Embrace+1","floor":18.0},{"not_picked":["Feed","Wild Strike"],"picked":"Battle Trance+1","floor":20.0},{"not_picked":["Pommel Strike","Feel No Pain"],"picked":"Hemokinesis","floor":20.0},{"not_picked":["Warcry","Dark Embrace","Iron Wave"],"picked":"SKIP","floor":21.0},{"not_picked":["Uppercut","Flex+1","Combust"],"picked":"SKIP","floor":22.0},{"not_picked":["Flex","Thunderclap"],"picked":"Barricade","floor":27.0},{"not_picked":["Wild Strike","Blood for Blood","Rupture"],"picked":"SKIP","floor":28.0},{"not_picked":["Cleave","Thunderclap+1","Infernal Blade"],"picked":"SKIP","floor":29}],"player_experience":869213,"relics_obtained":[{"floor":6.0,"key":"Unceasing Top"},{"floor":7.0,"key":"Art of War"},{"floor":9.0,"key":"Ginger"},{"floor":12.0,"key":"Torii"},{"floor":26.0,"key":"The Courier"},{"floor":29,"key":"Blue Candle"}],"event_choices":[{"damage_healed":0.0,"max_hp_gain":0.0,"max_hp_loss":0.0,"gold_gain":0.0,"event_name":"Scrap Ooze","player_choice":"Success","floor":2.0,"gold_loss":0.0,"damage_taken":5.0,"relics_obtained":["Letter Opener"]},{"damage_healed":0.0,"max_hp_gain":0.0,"max_hp_loss":0.0,"gold_gain":0.0,"cards_transformed":["Strike_R"],"event_name":"Living Wall","player_choice":"Change","floor":4.0,"gold_loss":0.0,"damage_taken":0.0,"cards_obtained":["Havoc"]},{"damage_healed":0.0,"max_hp_gain":0.0,"max_hp_loss":0.0,"gold_gain":0.0,"event_name":"Dead Adventurer","player_choice":"Searched \u00271\u0027 times","floor":7.0,"gold_loss":0.0,"damage_taken":0.0},{"damage_healed":0.0,"max_hp_gain":0.0,"max_hp_loss":0.0,"gold_gain":0.0,"event_name":"Lab","player_choice":"Got Potions","floor":19.0,"gold_loss":0.0,"damage_taken":0.0},{"damage_healed":0.0,"max_hp_gain":5.0,"max_hp_loss":0.0,"gold_gain":0.0,"event_name":"Forgotten Altar","player_choice":"Shed Blood","floor":24.0,"gold_loss":0.0,"damage_taken":26.0},{"damage_healed":0,"gold_gain":50,"player_choice":"Stole From Cult","damage_taken":0,"max_hp_gain":0,"max_hp_loss":0,"event_name":"Nest","floor":30,"gold_loss":0},{"damage_healed":0,"gold_gain":0,"player_choice":"Ignored","damage_taken":0,"max_hp_gain":0,"max_hp_loss":0,"event_name":"Cursed Tome","floor":31,"gold_loss":0}],"is_beta":false,"boss_relics":[{"not_picked":["Ectoplasm","Snecko Eye"],"picked":"Astrolabe"}],"items_purged_floors":[8],"is_endless":false,"potions_floor_spawned":[6,7,14,18,22,27,28],"killed_by":"Automaton","ascension_level":16}}