{"host":"k6qwgpygxbgz06bg","time":1607619301,"event":{"mods":["BaseMod","StSLib","BetterRewards","Colored Map","Friendly Minions","Better Third Choice","Minty Spire (QoL Compilation)","Replay The Spire","Marisa????????","The Bug Knight","The Cursed","The Mystic","Beaked The Cultist","The Gatherer","The Witch","The Administrix"],"gold_per_floor":[116,116,130,55,75,46,46,46,46,63,63,77,77,93,93,194,194,212,212,227,127,146,146,179,27,27,27,38,38,71,87,87,183,183,196,66,82,82,134,134,180,199,249,92,92,92,110,144,144,144,144,144,75,107,107],"floor_reached":56,"playtime":3806,"items_purged":["Normality","SummonBatFamiliar+1"],"score":1205,"play_id":"f090b1bb-4920-4116-b792-e3891614ee0b","local_time":"20201210175501","is_ascension_mode":false,"campfire_choices":[{"data":"SummonBatFamiliar","floor":7.0,"key":"SMITH"},{"data":"RiteOfSummer","floor":11.0,"key":"SMITH"},{"data":"ZombieSpit","floor":13.0,"key":"SMITH"},{"data":"DoomBlade","floor":15.0,"key":"SMITH"},{"data":"SummonRavenFamiliar","floor":23.0,"key":"SMITH"},{"data":"ChosenOfTheMoon","floor":27.0,"key":"SMITH"},{"data":"Malady","floor":29.0,"key":"SMITH"},{"floor":32,"key":"DIG"},{"data":"DeliriumForm","floor":40,"key":"SMITH"},{"floor":45,"key":"RECALL"},{"data":"Schadenfreude","floor":49,"key":"SMITH"},{"data":"Malady","floor":52,"key":"SMITH"}],"circlet_count":0,"master_deck":["ZombieSpit+1","RiteOfSummer+1","Broomstick","SoulBarrier","BlackShield+1","Harmlessness","DoomBlade+1","ChosenOfTheMoon+1","RiteOfSpring+1","SaltCircle+1","MercuryWand","SkullFlask","SummonRavenFamiliar+1","Pillage+1","WretchedNails+1","Shrooms+1","BlackBolt","Schadenfreude+1","Malady+1","WretchedNails","DeliriumForm+1","CurseOfTheBell","CrystalResonance+1","Schadenfreude+1","Shrooms+1","Shrooms+1","Shrooms+1","Malady+1","BoneCarving+1","Bewitch+1","PlagueSpreader+1","Schadenfreude","FatalRay"],"special_seed":0,"relics":["BlackCat","Ginger","betterThird:SlimedRelic","Toxic Egg 2","Pandora\u0027s Box","Gremlin Horn","Vajra","Garlic","Onion Ring","Bottled Tornado","Calling Bell","Art of War","White Beast Statue","TungstenRod","Lizard Tail","CatCart","Potion Belt","PreservedInsect","Replay:Baseball"],"acts_visited":["TheBeyond","TheEnding"],"potions_floor_usage":[50,54,54,55,55,55],"damage_taken":[{"damage":0.0,"enemies":"2 Louse","floor":1.0,"turns":3.0},{"damage":6.0,"enemies":"Cultist","floor":3.0,"turns":6.0},{"damage":0.0,"enemies":"Small Slimes","floor":5.0,"turns":3.0},{"damage":3.0,"enemies":"3 Louse","floor":10.0,"turns":4.0},{"damage":4.0,"enemies":"Red Slaver","floor":12.0,"turns":2.0},{"damage":6.0,"enemies":"Exordium Wildlife","floor":14.0,"turns":3.0},{"damage":3.0,"enemies":"Slime Boss","floor":16.0,"turns":8.0},{"damage":12.0,"enemies":"Spheric Guardian","floor":18.0,"turns":4.0},{"damage":0.0,"enemies":"Centurion and Healer","floor":20.0,"turns":5.0},{"damage":18.0,"enemies":"Snake Plant","floor":22.0,"turns":4.0},{"damage":0.0,"enemies":"HollowMod:Nosk","floor":24.0,"turns":6.0},{"damage":12.0,"enemies":"Snecko","floor":28.0,"turns":5.0},{"damage":2.0,"enemies":"Slavers","floor":30.0,"turns":6.0},{"damage":0,"enemies":"3 Cultists","floor":31,"turns":4},{"damage":28,"enemies":"Champ","floor":33,"turns":8},{"damage":0,"enemies":"Orb Walker","floor":35,"turns":2},{"damage":0,"enemies":"3 Darklings","floor":37,"turns":3},{"damage":0,"enemies":"2 Orb Walkers","floor":39,"turns":3},{"damage":0,"enemies":"Orin","floor":41,"turns":6},{"damage":4,"enemies":"4 Shapes","floor":42,"turns":3},{"damage":3,"enemies":"Spire Growth","floor":47,"turns":4},{"damage":0,"enemies":"Nemesis","floor":48,"turns":1},{"damage":10,"enemies":"Donu and Deca","floor":50,"turns":6},{"damage":22,"enemies":"Shield and Spear","floor":54,"turns":3},{"damage":35,"enemies":"The Heart","floor":55,"turns":7}],"seed_played":"2769185049032454476","potions_obtained":[{"floor":1.0,"key":"Energy Potion"},{"floor":12.0,"key":"FearPotion"},{"floor":14.0,"key":"LifebloodPotion"},{"floor":31,"key":"CultistPotion"},{"floor":33,"key":"Toxic Potion"},{"floor":41,"key":"PowerPotion"},{"floor":47,"key":"AttackPotion"},{"floor":48,"key":"GamblersBrew"},{"floor":54,"key":"DuplicationPotion"}],"is_trial":false,"path_per_floor":["M","?","M","$","M","?","R","?","T","M","R","M","R","M","R","B",null,"M","?","M","$","M","R","E","$","T","R","M","R","E","M","R_BF","B",null,"M","$","M","?","?","R","?","M","T","$","R","$","M","E","R","B",null,"R","$","E","B",null],"character_chosen":"WITCH","items_purchased":["Vajra","Schadenfreude","Shrooms+1","Potion Belt","Schadenfreude"],"campfire_rested":0,"item_purchase_floors":[25,36,36,44,53],"current_hp_per_floor":[67,67,61,61,61,50,50,55,55,52,52,48,48,42,42,39,72,60,72,72,72,54,54,58,58,58,58,48,48,52,64,64,38,72,72,72,72,72,72,72,72,68,68,68,68,68,65,65,65,63,72,72,72,50,27],"gold":107,"neow_bonus":"ONE_RARE_RELIC","is_daily":false,"chose_seed":false,"campfire_upgraded":10,"win_rate":1,"timestamp":1607619301,"path_taken":["M","?","?","$","M","?","R","?","T","M","R","M","R","M","R","BOSS","M","?","M","$","M","R","E","$","T","R","M","R","E","M","R_BF","BOSS","M","$","M","?","?","R","?","?","T","$","R","?","?","E","R","BOSS","R","$","E","BOSS"],"build_version":"2020-11-30","purchased_purges":2,"victory":true,"max_hp_per_floor":[67,67,67,67,67,67,67,72,72,72,72,72,72,72,72,72,72,72,72,72,72,72,72,72,72,72,72,72,72,72,72,72,72,72,72,72,72,72,72,72,72,72,72,72,72,72,72,72,72,72,72,72,72,72,72],"card_choices":[{"not_picked":["Thundercloud","KarmaDrain"],"picked":"SummonBatFamiliar","floor":1.0},{"not_picked":["RoilingBarrier","KarmaDrain"],"picked":"Broomstick","floor":3.0},{"not_picked":["RiteOfWinter","BlackShield"],"picked":"SoulBarrier","floor":5.0},{"not_picked":["Puncture","MagicFang"],"picked":"BlackShield+1","floor":10.0},{"not_picked":["SkullFlask","PainBolt"],"picked":"Harmlessness","floor":12.0},{"not_picked":["Thundercloud","MementoMori"],"picked":"DoomBlade","floor":14.0},{"not_picked":["DeliriumForm","DarkProcession"],"picked":"ChosenOfTheMoon","floor":16.0},{"not_picked":["Thundercloud","BlackBolt"],"picked":"WretchedNails+1","floor":18.0},{"not_picked":["Thundercloud+1","Pillage+1"],"picked":"Shrooms+1","floor":20.0},{"not_picked":["RiteOfSummer+1","SoulBarrier+1"],"picked":"BlackBolt","floor":22.0},{"not_picked":["Harmlessness","DireShriek"],"picked":"Schadenfreude+1","floor":24.0},{"not_picked":["MagicFang","WretchedNails+1"],"picked":"Malady","floor":28.0},{"not_picked":["KarmaDrain+1","SummonOwlFamiliar"],"picked":"WretchedNails","floor":30},{"not_picked":["BlackBolt","Thundercloud","Pillage+1"],"picked":"SKIP","floor":31},{"not_picked":["RiteOfSpring+1","MysticUnburial+1"],"picked":"DeliriumForm","floor":33},{"not_picked":["Thundercloud+1","BlackShield+1"],"picked":"CrystalResonance+1","floor":35},{"not_picked":["Broomstick+1","MercuryWand"],"picked":"Shrooms+1","floor":37},{"not_picked":["Thundercloud","Atonement+1"],"picked":"Malady","floor":41},{"not_picked":["SkullFlask+1","KarmaDrain+1"],"picked":"BoneCarving+1","floor":42},{"not_picked":["SoulBarrier+1","BlackBolt"],"picked":"Bewitch+1","floor":47},{"not_picked":["Atonement+1","NighInvulnerability"],"picked":"PlagueSpreader+1","floor":48},{"not_picked":["SummonCatFamiliar+1","SummonOwlFamiliar+1"],"picked":"FatalRay","floor":54}],"player_experience":132897,"relics_obtained":[{"floor":9.0,"key":"Toxic Egg 2"},{"floor":24.0,"key":"Gremlin Horn"},{"floor":26.0,"key":"Garlic"},{"floor":30,"key":"Onion Ring"},{"floor":32,"key":"Bottled Tornado"},{"floor":34,"key":"Art of War"},{"floor":34,"key":"White Beast Statue"},{"floor":34,"key":"TungstenRod"},{"floor":39,"key":"Lizard Tail"},{"floor":41,"key":"CatCart"},{"floor":48,"key":"PreservedInsect"},{"floor":54,"key":"Replay:Baseball"}],"event_choices":[{"damage_healed":0.0,"max_hp_gain":0.0,"max_hp_loss":0.0,"gold_gain":0.0,"cards_transformed":["Strike_Witch"],"event_name":"Transmorgrifier","player_choice":"Transformed","floor":2.0,"gold_loss":0.0,"damage_taken":0.0,"cards_obtained":["RiteOfSummer"]},{"damage_healed":0.0,"max_hp_gain":0.0,"max_hp_loss":0.0,"gold_gain":0.0,"event_name":"betterThird:BetterGoop","player_choice":"Slimed","floor":6.0,"gold_loss":29.0,"damage_taken":11.0},{"damage_healed":0.0,"max_hp_gain":5.0,"max_hp_loss":0.0,"gold_gain":0.0,"event_name":"Big Fish","player_choice":"Donut","floor":8.0,"gold_loss":0.0,"damage_taken":0.0},{"cards_removed":["SummonCatFamiliar"],"damage_healed":12.0,"max_hp_gain":0.0,"max_hp_loss":0.0,"gold_gain":0.0,"event_name":"Bonfire Elementals","player_choice":"Offered Uncommon","floor":19.0,"gold_loss":0.0,"damage_taken":0.0},{"cards_removed":["Hexguard"],"damage_healed":0,"gold_gain":0,"player_choice":"Removed Skill","damage_taken":0,"max_hp_gain":0,"max_hp_loss":0,"event_name":"Falling","floor":38,"gold_loss":0},{"damage_healed":0,"gold_gain":0,"player_choice":"Fight","damage_taken":0,"max_hp_gain":0,"max_hp_loss":0,"event_name":"Mysterious Sphere","floor":39,"gold_loss":0},{"damage_healed":0,"gold_gain":0,"player_choice":"Fight","damage_taken":0,"max_hp_gain":0,"max_hp_loss":0,"event_name":"OrinTheCat","floor":41,"gold_loss":0}],"is_beta":false,"boss_relics":[{"not_picked":["Painkiller Herb","Snecko Eye"],"picked":"Pandora\u0027s Box"},{"not_picked":["SacredBark","Sozu"],"picked":"Calling Bell"}],"items_purged_floors":[4,21],"is_endless":false,"potions_floor_spawned":[1,12,14,18,24,31,33,35,37,39,41,42,47,48,54],"ascension_level":0}}