{"host":"baymyijz6sxaqj5s","time":1607558493,"event":{"gold_per_floor":[116,135,85,102,114,114,114,114,114,127,147,166,180,200,200,200,200],"floor_reached":16,"playtime":479,"items_purged":[],"score":98,"play_id":"4c836785-3b44-4456-816f-0f8d310a4e36","local_time":"20201210090133","is_ascension_mode":false,"campfire_choices":[{"data":"Heavy Blade","floor":6,"key":"SMITH"},{"floor":15,"key":"REST"}],"neow_cost":"NONE","seed_source_timestamp":551748596417200,"circlet_count":0,"master_deck":["Strike_R","Strike_R","Strike_R","Strike_R","Defend_R","Defend_R","Defend_R","Defend_R","Bash","Iron Wave","Thunderclap","Heavy Blade+1","Pommel Strike","Body Slam","Rage","Immolate","Sword Boomerang"],"relics":["Burning Blood","Darkstone Periapt"],"potions_floor_usage":[11,13],"damage_taken":[{"damage":11,"enemies":"Jaw Worm","floor":1,"turns":5},{"damage":4,"enemies":"2 Louse","floor":2,"turns":5},{"damage":0,"enemies":"Small Slimes","floor":4,"turns":3},{"damage":1,"enemies":"2 Fungi Beasts","floor":5,"turns":4},{"damage":14,"enemies":"3 Louse","floor":10,"turns":3},{"damage":4,"enemies":"Lots of Slimes","floor":11,"turns":6},{"damage":9,"enemies":"Large Slime","floor":12,"turns":7},{"damage":24,"enemies":"Exordium Thugs","floor":13,"turns":5},{"damage":15,"enemies":"3 Louse","floor":14,"turns":3},{"damage":68,"enemies":"The Guardian","floor":16,"turns":8}],"seed_played":"2276514466138742200","potions_obtained":[{"floor":10,"key":"DistilledChaos"},{"floor":11,"key":"LiquidBronze"},{"floor":14,"key":"FairyPotion"}],"is_trial":false,"path_per_floor":["M","M","?","M","M","R","?","?","T","M","M","M","M","M","R","B"],"character_chosen":"IRONCLAD","items_purchased":[],"campfire_rested":1,"item_purchase_floors":[],"current_hp_per_floor":[83,85,85,88,88,88,88,88,88,80,82,79,61,52,78,10,10],"gold":200,"neow_bonus":"TEN_PERCENT_HP_BONUS","is_prod":false,"is_daily":false,"chose_seed":false,"campfire_upgraded":1,"win_rate":0.0,"timestamp":1607558493,"path_taken":["M","M","?","M","M","R","?","?","T","M","M","M","M","?","R","BOSS"],"build_version":"2020-11-30","purchased_purges":0,"victory":false,"max_hp_per_floor":[88,88,88,88,88,88,88,88,88,88,88,88,88,88,88,88,88],"card_choices":[{"not_picked":["Warcry","Clothesline"],"picked":"Iron Wave","floor":1},{"not_picked":["Flex","Clothesline"],"picked":"Thunderclap","floor":2},{"not_picked":["Wild Strike","Flex"],"picked":"Heavy Blade","floor":4},{"not_picked":["Searing Blow","Iron Wave"],"picked":"Pommel Strike","floor":5},{"not_picked":["Heavy Blade","Warcry"],"picked":"Body Slam","floor":10},{"not_picked":["True Grit","Evolve","Bloodletting"],"picked":"SKIP","floor":11},{"not_picked":["Dual Wield","Disarm"],"picked":"Rage","floor":12},{"not_picked":["Searing Blow","Twin Strike"],"picked":"Immolate","floor":13},{"not_picked":["Pummel","Cleave"],"picked":"Sword Boomerang","floor":14}],"player_experience":132101,"relics_obtained":[{"floor":9,"key":"Darkstone Periapt"}],"event_choices":[{"cards_removed":["Strike_R"],"damage_healed":0,"gold_gain":0,"player_choice":"Card Removal","damage_taken":0,"max_hp_gain":0,"max_hp_loss":0,"event_name":"The Cleric","floor":3,"gold_loss":50},{"damage_healed":0,"gold_gain":0,"player_choice":"Ignored","damage_taken":0,"max_hp_gain":0,"max_hp_loss":0,"event_name":"Golden Idol","floor":7,"gold_loss":0},{"damage_healed":0,"gold_gain":0,"player_choice":"Ignored","damage_taken":0,"max_hp_gain":0,"max_hp_loss":0,"event_name":"NoteForYourself","floor":8,"gold_loss":0}],"is_beta":false,"boss_relics":[],"items_purged_floors":[],"is_endless":false,"potions_floor_spawned":[10,11,14],"killed_by":"The Guardian","ascension_level":0}}