{"host":"un97lkyah1pp4w16","time":1607615044,"event":{"mods":["BaseMod","Colored Map","Colored Powertips","Minty Spire (QoL Compilation)","StSLib","SuperFastMode"],"gold_per_floor":[109,184,184,359,55,55,4,14,14,26,26,56,21,32,32,129,129,140,140,154,165,180,180,105,105,105,105,121,121,36,52,52,52,52],"floor_reached":33,"playtime":886,"items_purged":["Regret"],"score":245,"play_id":"28b6e7e4-655b-4f86-b3eb-0754626d63eb","local_time":"20201210234404","is_ascension_mode":false,"campfire_choices":[{"data":"Storm","floor":6.0,"key":"SMITH"},{"floor":15.0,"key":"REST"},{"floor":23.0,"key":"REST"},{"floor":27,"key":"REST"},{"floor":29,"key":"REST"},{"floor":32,"key":"REST"}],"circlet_count":0,"master_deck":["Strike_B","Strike_B","Strike_B","Defend_B","Defend_B","Defend_B","Defend_B","Zap+1","Dualcast","Tempest","Doubt","Storm+1","Leap","Streamline","Stack+1","Loop","Ball Lightning","Buffer","Leap","Streamline+1","Auto Shields","Conserve Battery","Storm","Streamline"],"special_seed":0,"relics":["Cracked Core","NeowsBlessing","Matryoshka","Anchor","Oddly Smooth Stone","Gambling Chip","HornCleat","SacredBark","Tiny Chest","Toxic Egg 2","Art of War"],"acts_visited":[],"potions_floor_usage":[33,33,33],"damage_taken":[{"damage":0.0,"enemies":"Small Slimes","floor":1.0,"turns":1.0},{"damage":0.0,"enemies":"2 Louse","floor":8.0,"turns":1.0},{"damage":0.0,"enemies":"Jaw Worm","floor":10.0,"turns":1.0},{"damage":32.0,"enemies":"Lagavulin","floor":12.0,"turns":6.0},{"damage":1.0,"enemies":"Exordium Wildlife","floor":14.0,"turns":3.0},{"damage":17.0,"enemies":"Slime Boss","floor":16.0,"turns":8.0},{"damage":0.0,"enemies":"Spheric Guardian","floor":18.0,"turns":4.0},{"damage":0.0,"enemies":"Chosen","floor":20.0,"turns":4.0},{"damage":20.0,"enemies":"Snecko","floor":21.0,"turns":5.0},{"damage":33.0,"enemies":"Sentry and Sphere","floor":22.0,"turns":6.0},{"damage":45,"enemies":"Cultist and Chosen","floor":28,"turns":7},{"damage":20,"enemies":"3 Cultists","floor":31,"turns":7},{"damage":40,"enemies":"Collector","floor":33,"turns":13}],"seed_played":"-2989362916130687300","potions_obtained":[{"floor":1.0,"key":"Dexterity Potion"},{"floor":10.0,"key":"Block Potion"},{"floor":16.0,"key":"Energy Potion"},{"floor":21.0,"key":"Ancient Potion"},{"floor":22.0,"key":"DistilledChaos"}],"is_trial":false,"path_per_floor":["M","?","?","?","$","R","$","M","T","M","?","E","?","M","R","B",null,"M","?","M","M","M","R","?","?","T","R","M","R","?","M","R","B"],"character_chosen":"DEFECT","items_purchased":["Storm","Anchor","Leap"],"campfire_rested":5,"item_purchase_floors":[5,5,7],"current_hp_per_floor":[75,64,64,64,64,64,64,64,64,64,49,17,35,34,56,39,75,75,68,68,48,15,37,37,37,37,59,14,36,36,16,38,0,0],"gold":52,"neow_bonus":"THREE_ENEMY_KILL","is_daily":false,"chose_seed":false,"campfire_upgraded":1,"win_rate":0.0,"timestamp":1607615044,"path_taken":["M","?","?","?","$","R","?","?","T","M","?","E","?","M","R","BOSS","M","?","?","M","M","R","?","?","T","R","?","R","?","M","R","BOSS"],"build_version":"2020-11-30","purchased_purges":1,"victory":false,"max_hp_per_floor":[75,75,75,75,75,75,75,75,75,75,75,75,75,75,75,75,75,75,75,75,75,75,75,75,75,75,75,75,75,75,75,75,75,75],"card_choices":[{"not_picked":["Compile Driver","Leap"],"picked":"Tempest","floor":1.0},{"not_picked":["Sweeping Beam","Barrage"],"picked":"Streamline","floor":8.0},{"not_picked":["Rebound","Hologram"],"picked":"Stack","floor":10.0},{"not_picked":["Steam","All For One"],"picked":"Loop","floor":12.0},{"not_picked":["Stack","Compile Driver"],"picked":"Ball Lightning","floor":14.0},{"not_picked":["Core Surge","Reboot"],"picked":"Buffer","floor":16.0},{"not_picked":["Barrage","Scrape"],"picked":"Leap","floor":18.0},{"not_picked":["Hologram+1","Beam Cell"],"picked":"Streamline+1","floor":20.0},{"not_picked":["Heatsinks+1","Stack+1"],"picked":"Auto Shields","floor":21.0},{"not_picked":["Fusion","Sunder"],"picked":"Conserve Battery","floor":22.0},{"not_picked":["Leap+1","Streamline+1"],"picked":"Storm","floor":28},{"not_picked":["White Noise+1","Steam Power+1"],"picked":"Streamline","floor":31}],"player_experience":79377,"relics_obtained":[{"floor":9.0,"key":"Oddly Smooth Stone"},{"floor":9.0,"key":"Gambling Chip"},{"floor":12.0,"key":"HornCleat"},{"floor":26.0,"key":"Tiny Chest"},{"floor":26.0,"key":"Toxic Egg 2"}],"event_choices":[{"damage_healed":0.0,"max_hp_gain":0.0,"max_hp_loss":0.0,"gold_gain":75.0,"event_name":"World of Goop","player_choice":"Gather Gold","floor":2.0,"gold_loss":0.0,"damage_taken":11.0},{"damage_healed":0.0,"max_hp_gain":0.0,"max_hp_loss":0.0,"gold_gain":0.0,"event_name":"Big Fish","player_choice":"Box","floor":3.0,"gold_loss":0.0,"damage_taken":0.0,"relics_obtained":["Matryoshka"],"cards_obtained":["Regret"]},{"damage_healed":0.0,"max_hp_gain":0.0,"max_hp_loss":0.0,"gold_gain":175.0,"event_name":"Liars Game","player_choice":"AGREE","floor":4.0,"gold_loss":0.0,"damage_taken":0.0,"cards_obtained":["Doubt"]},{"damage_healed":0.0,"max_hp_gain":0.0,"max_hp_loss":0.0,"gold_gain":0.0,"event_name":"Shining Light","player_choice":"Entered Light","floor":11.0,"gold_loss":0.0,"damage_taken":15.0,"cards_upgraded":["Stack","Zap"]},{"damage_healed":18.0,"max_hp_gain":0.0,"max_hp_loss":0.0,"gold_gain":0.0,"event_name":"The Cleric","player_choice":"Healed","floor":13.0,"gold_loss":35.0,"damage_taken":0.0},{"damage_healed":0.0,"max_hp_gain":0.0,"max_hp_loss":0.0,"gold_gain":0.0,"event_name":"Wheel of Change","player_choice":"Damaged","floor":19.0,"gold_loss":0.0,"damage_taken":7.0},{"cards_removed":["Strike_B"],"damage_healed":0.0,"max_hp_gain":0.0,"max_hp_loss":0.0,"gold_gain":0.0,"event_name":"Beggar","player_choice":"Gave Gold","floor":24.0,"gold_loss":75.0,"damage_taken":0.0},{"damage_healed":0.0,"max_hp_gain":0.0,"max_hp_loss":0.0,"gold_gain":0.0,"event_name":"The Woman in Blue","player_choice":"Bought 0 Potions","floor":25.0,"gold_loss":0.0,"damage_taken":0.0},{"damage_healed":0,"gold_gain":0,"player_choice":"Obtained Relic","damage_taken":0,"relics_obtained":["Art of War"],"max_hp_gain":0,"max_hp_loss":0,"event_name":"Addict","floor":30,"gold_loss":85}],"is_beta":false,"boss_relics":[{"not_picked":["Fusion Hammer","Sozu"],"picked":"SacredBark"}],"items_purged_floors":[5],"is_endless":false,"potions_floor_spawned":[1,10,16,21,22],"killed_by":"Collector","ascension_level":0}}