{"host":"rkx7wjnnqacdcfe4","time":1607570672,"event":{"gold_per_floor":[114,114,114,114,114,127,142,167,167,183,183,183,214,232,307,2,2,2,2,2],"floor_reached":18,"playtime":854,"items_purged":[],"score":145,"play_id":"ac729fd2-5a9d-4356-bf34-211ffa5038d6","local_time":"20201209222432","is_ascension_mode":false,"campfire_choices":[{"data":"theSleuth:ThinkAhead","floor":9,"key":"SMITH"},{"floor":12,"key":"REST"},{"floor":17,"key":"REST"}],"neow_cost":"NONE","seed_source_timestamp":22752496771637,"circlet_count":0,"master_deck":["theSleuth:Strike","theSleuth:Strike","theSleuth:Strike","theSleuth:Defend","theSleuth:Defend","theSleuth:Defend","theSleuth:KeyHandgun","theSleuth:TakeInventory","theSleuth:Diplomacy","theSleuth:ThinkAhead+1","theSleuth:CandyCane","Regret","theSleuth:Conjure","theSleuth:FlaskOfWhiskey","theSleuth:Taze","theSleuth:Ogle","theSleuth:Tootshotgun","theSleuth:FudgeDeck"],"relics":["theSleuth:Typewriter","HushsDoor","BookofShadows","NeowsBlessing","StuffTheSpire:RedRose","HollowMod:PaleOreRelic","StuffTheSpire:ForceGauntlet","Simple Rune","TheAbacus"],"potions_floor_usage":[8,8,13],"damage_taken":[{"damage":0,"enemies":"Cultist","floor":1,"turns":1},{"damage":0,"enemies":"Small Slimes","floor":6,"turns":1},{"damage":0,"enemies":"2 Louse","floor":7,"turns":1},{"damage":0,"enemies":"3 Sentries","floor":8,"turns":4},{"damage":37,"enemies":"Gremlin Gang","floor":10,"turns":4},{"damage":7,"enemies":"Lagavulin","floor":13,"turns":4},{"damage":4,"enemies":"Exordium Wildlife","floor":14,"turns":2},{"damage":65,"enemies":"Fading Forest","floor":18,"turns":8}],"seed_played":"-6021341376181259944","potions_obtained":[{"floor":6,"key":"SkillPotion"},{"floor":7,"key":"Block Potion"},{"floor":10,"key":"SteroidPotion"}],"is_trial":false,"path_per_floor":["M","?","?","PTL","PTL","M","M","E","R","M","T","R","E","M","?","$","R","B"],"character_chosen":"THE_sleuth","items_purchased":["Simple Rune","TheAbacus"],"campfire_rested":2,"item_purchase_floors":[16,16],"current_hp_per_floor":[73,73,73,73,73,73,73,73,73,36,36,57,50,46,35,35,56,0,0,0],"gold":2,"neow_bonus":"THREE_ENEMY_KILL","is_prod":false,"is_daily":false,"chose_seed":false,"campfire_upgraded":1,"win_rate":0.0,"timestamp":1607570672,"path_taken":["M","?","?","PTL","PTL","M","M","E","R","M","T","R","E","M","?","$","R","BOSS"],"build_version":"2020-11-30","purchased_purges":0,"victory":false,"max_hp_per_floor":[73,73,73,73,73,73,73,73,73,73,73,73,73,73,73,73,73,73,73,73],"card_choices":[{"not_picked":[],"picked":"Bomb","floor":0},{"not_picked":["theSleuth:Unscale","theSleuth:Fortify"],"picked":"theSleuth:ThinkAhead","floor":1},{"not_picked":["theSleuth:Ignore","theSleuth:Unscale"],"picked":"theSleuth:Conjure","floor":6},{"not_picked":["theSleuth:Unscale","theSleuth:WeighIn"],"picked":"theSleuth:FlaskOfWhiskey","floor":7},{"not_picked":["theSleuth:BrassTacks","theSleuth:Unscale"],"picked":"theSleuth:Taze","floor":8},{"not_picked":["theSleuth:TorsoFlail","theSleuth:WeighIn"],"picked":"theSleuth:Ogle","floor":10},{"not_picked":["theSleuth:TruffleTrouble","theSleuth:Parry"],"picked":"theSleuth:Tootshotgun","floor":13},{"not_picked":["theSleuth:Ogle","theSleuth:Fortune"],"picked":"theSleuth:FudgeDeck","floor":14}],"player_experience":230425,"relics_obtained":[{"floor":8,"key":"HollowMod:PaleOreRelic"},{"floor":13,"key":"StuffTheSpire:ForceGauntlet"}],"event_choices":[{"damage_healed":0,"gold_gain":0,"cards_transformed":["theSleuth:Strike"],"player_choice":"Transformed","damage_taken":0,"max_hp_gain":0,"max_hp_loss":0,"event_name":"Transmorgrifier","floor":2,"gold_loss":0,"cards_obtained":["theSleuth:CandyCane"]},{"damage_healed":0,"gold_gain":75,"player_choice":"Gold","damage_taken":11,"max_hp_gain":0,"max_hp_loss":0,"event_name":"betterThird:BetterGoop","floor":15,"gold_loss":0}],"is_beta":false,"boss_relics":[],"items_purged_floors":[],"is_endless":false,"potions_floor_spawned":[6,7,10],"killed_by":"Fading Forest","ascension_level":0}}