{"host":"hz5hj4ftqeo22kw2","time":1607576902,"event":{"gold_per_floor":[109,129,129,141,141,141,164,208,208,228,228,228,253,271,271,365,365,365,365,280,47,47,47,47,47,47,0,0,0],"floor_reached":28,"playtime":1711,"items_purged":["Decay"],"score":448,"play_id":"5b2c242a-fcaf-4a93-b604-7b9c6ef8d407","local_time":"20201210000822","is_ascension_mode":true,"campfire_choices":[{"data":"Ragnarok","floor":6,"key":"SMITH"},{"floor":15,"key":"REST"},{"floor":23,"key":"REST"}],"neow_cost":"TEN_PERCENT_HP_LOSS","seed_source_timestamp":1630082282944000,"circlet_count":0,"master_deck":["AscendersBane","Strike_P","Strike_P","Strike_P","Strike_P","Defend_P","Defend_P","Defend_P","Defend_P","Eruption","Vigilance","Ragnarok+1","FearNoEvil","EmptyBody","Halt","CrushJoints","DeusExMachina","FlurryOfBlows","Scrawl","EmptyBody+1","Protect","SashWhip"],"relics":["PureWater","Golden Idol","Incense Burner","Question Card","Ectoplasm","Dream Catcher","Happy Flower"],"potions_floor_usage":[8,16,22,24,28],"damage_taken":[{"damage":1,"enemies":"Small Slimes","floor":1,"turns":3},{"damage":0,"enemies":"Cultist","floor":2,"turns":2},{"damage":6,"enemies":"2 Louse","floor":4,"turns":2},{"damage":0,"enemies":"2 Fungi Beasts","floor":7,"turns":3},{"damage":16,"enemies":"Gremlin Nob","floor":8,"turns":3},{"damage":3,"enemies":"Exordium Thugs","floor":10,"turns":5},{"damage":0,"enemies":"Large Slime","floor":13,"turns":3},{"damage":8,"enemies":"Exordium Wildlife","floor":14,"turns":2},{"damage":11,"enemies":"Hexaghost","floor":16,"turns":7},{"damage":0,"enemies":"2 Thieves","floor":18,"turns":1},{"damage":24,"enemies":"Shell Parasite","floor":19,"turns":6},{"damage":0,"enemies":"Centurion and Healer","floor":22,"turns":4},{"damage":0,"enemies":"Gremlin Leader","floor":24,"turns":1},{"damage":2,"enemies":"Snake Plant","floor":25,"turns":4},{"damage":72,"enemies":"Cultist and Chosen","floor":28,"turns":7}],"seed_played":"-1173404143487586737","potions_obtained":[{"floor":2,"key":"LiquidMemories"},{"floor":10,"key":"BlessingOfTheForge"},{"floor":13,"key":"SteroidPotion"},{"floor":22,"key":"SmokeBomb"},{"floor":25,"key":"Weak Potion"}],"is_trial":false,"path_per_floor":["M","M","?","M","?","R","M","E","T","M","?","?","M","M","R","B",null,"M","M","?","$","M","R","E","M","T","?","M"],"character_chosen":"WATCHER","items_purchased":["Happy Flower"],"campfire_rested":2,"item_purchase_floors":[21],"current_hp_per_floor":[60,60,65,59,59,59,59,43,43,40,40,40,40,32,50,39,56,56,32,32,32,32,50,50,48,48,48,0,0],"gold":0,"neow_bonus":"THREE_RARE_CARDS","is_prod":false,"is_daily":false,"chose_seed":false,"campfire_upgraded":1,"win_rate":0,"timestamp":1607576902,"path_taken":["M","M","?","M","?","R","?","E","T","M","?","?","M","M","R","BOSS","M","M","?","$","M","R","E","M","T","?","M"],"build_version":"2020-11-30","purchased_purges":1,"victory":false,"max_hp_per_floor":[62,62,67,67,61,61,61,61,61,61,61,61,61,61,61,61,61,61,61,61,61,61,61,61,61,61,61,61,61],"card_choices":[{"not_picked":["SpiritShield","DevaForm"],"picked":"Ragnarok","floor":0},{"not_picked":["Prostrate","Protect"],"picked":"FearNoEvil","floor":1},{"not_picked":["Perseverance","Study","Crescendo"],"picked":"SKIP","floor":2},{"not_picked":["JustLucky","Evaluate"],"picked":"EmptyBody","floor":4},{"not_picked":["LikeWater","Evaluate"],"picked":"Halt","floor":7},{"not_picked":["ReachHeaven","EmptyBody","SashWhip"],"picked":"SKIP","floor":8},{"not_picked":["Halt","Study","Crescendo"],"picked":"CrushJoints","floor":10},{"not_picked":["JustLucky","Nirvana","EmptyBody"],"picked":"DeusExMachina","floor":13},{"not_picked":["Crescendo","ClearTheMind","Tantrum"],"picked":"FlurryOfBlows","floor":14},{"not_picked":["Ragnarok","Blasphemy","DevaForm"],"picked":"Scrawl","floor":16},{"not_picked":["SashWhip","BattleHymn+1","JustLucky","Vengeance"],"picked":"SKIP","floor":18},{"not_picked":["Sanctity","FlyingSleeves","Evaluate+1"],"picked":"EmptyBody+1","floor":19},{"not_picked":["Wireheading+1","Halt","FearNoEvil"],"picked":"Protect","floor":22},{"not_picked":["FollowUp+1","ThirdEye","BowlingBash"],"picked":"SashWhip","floor":25}],"player_experience":418891,"relics_obtained":[{"floor":8,"key":"Incense Burner"},{"floor":9,"key":"Question Card"}],"event_choices":[{"damage_healed":0,"gold_gain":0,"player_choice":"Donut","damage_taken":0,"max_hp_gain":5,"max_hp_loss":0,"event_name":"Big Fish","floor":3,"gold_loss":0},{"damage_healed":0,"gold_gain":0,"player_choice":"Lose Max HP","damage_taken":0,"relics_obtained":["Golden Idol"],"max_hp_gain":0,"max_hp_loss":6,"event_name":"Golden Idol","floor":5,"gold_loss":0},{"damage_healed":0,"gold_gain":0,"player_choice":"Cursed","damage_taken":0,"max_hp_gain":0,"max_hp_loss":0,"event_name":"Wheel of Change","floor":11,"gold_loss":0,"cards_obtained":["Decay"]},{"damage_healed":0,"gold_gain":0,"player_choice":"Ignored","damage_taken":228,"max_hp_gain":0,"max_hp_loss":0,"event_name":"betterThird:BetterSerpent","floor":12,"gold_loss":0},{"damage_healed":0,"gold_gain":0,"player_choice":"Obtained Relic","damage_taken":0,"relics_obtained":["Dream Catcher"],"max_hp_gain":0,"max_hp_loss":0,"event_name":"Addict","floor":20,"gold_loss":85},{"damage_healed":0,"gold_gain":0,"player_choice":"Paid Fearfully","damage_taken":0,"max_hp_gain":0,"max_hp_loss":0,"event_name":"Masked Bandits","floor":27,"gold_loss":47}],"is_beta":false,"boss_relics":[{"not_picked":["Calling Bell","SlaversCollar"],"picked":"Ectoplasm"}],"items_purged_floors":[21],"is_endless":false,"potions_floor_spawned":[2,10,13,14,22,25],"killed_by":"Cultist and Chosen","ascension_level":17}}