{"host":"s2kjy8nqny1yatvf","time":1607617675,"event":{"mods":["BaseMod","StSLib","Minty Spire (QoL Compilation)","Replay The Spire","Shop Mod","Colored Powertips","¡¾ÒÅÎï¿¨ÅÆ¡¿REMEMod"],"gold_per_floor":[112,125,149,164,164,164,176,64,64,80,80,113,131,148,148,250,250,265,315,315,315,315,360,360,386,386,60,92,17,53,53,53,69,69],"floor_reached":33,"playtime":5113,"items_purged":["Doubt"],"score":290,"play_id":"559d0490-cb07-4fb3-809c-6da294c3b33a","local_time":"20201211002755","is_ascension_mode":false,"campfire_choices":[{"floor":6,"key":"REST"},{"data":"REME_BattleFury","floor":11,"key":"SMITH"},{"data":"SashWhip","floor":15,"key":"SMITH"},{"floor":24,"key":"REST"},{"floor":32,"key":"REST"}],"circlet_count":0,"master_deck":["Strike_P","Strike_P","Strike_P+1","Defend_P","Defend_P","Defend_P","Defend_P","Eruption+1","Vigilance","CarveReality+1","REME_BattleFury+1","REME_Repentance","FollowUp","JustLucky","EmptyBody","DeusExMachina","ThirdEye","Replay:Cycle","EmptyFist","SashWhip+1","DevaForm","CutThroughFate","DeceiveReality","Clumsy","Replay:Cycle","ClearTheMind","ClearTheMind","Evaluate","ReplayTheSpireMod:Doomed","FearNoEvil","Replay:LoomingThreat"],"relics":["HolyWater","REME_ComplimentaryCards","Peace Pipe","MerchantsRug","Replay:Bottled Steam","Ring of Greed","Tiny Chest","Replay:Bandana","Ring of Fangs","Mercury Hourglass","Replay:Accelerometer","Blood Vial","Snack Pack"],"acts_visited":["Exordium","TheCity"],"potions_floor_usage":[12,16,16,16,33,33],"damage_taken":[{"damage":6,"enemies":"2 Louse","floor":1,"turns":2},{"damage":2,"enemies":"Small Slimes","floor":2,"turns":2},{"damage":3,"enemies":"Jaw Worm","floor":4,"turns":4},{"damage":0,"enemies":"2 Fungi Beasts","floor":7,"turns":1},{"damage":2,"enemies":"Exordium Thugs","floor":10,"turns":5},{"damage":0,"enemies":"Gremlin Nob","floor":12,"turns":2},{"damage":0,"enemies":"Large Slime","floor":13,"turns":3},{"damage":6,"enemies":"Exordium Wildlife","floor":14,"turns":3},{"damage":37,"enemies":"The Guardian","floor":16,"turns":10},{"damage":0,"enemies":"Spheric Guardian","floor":18,"turns":1},{"damage":57,"enemies":"Gremlin Leader","floor":23,"turns":7},{"damage":20,"enemies":"3 Byrds","floor":28,"turns":3},{"damage":5,"enemies":"3 Cultists","floor":30,"turns":6},{"damage":80,"enemies":"Automaton","floor":33,"turns":12}],"seed_played":"-2946872048937028634","potions_obtained":[{"floor":2,"key":"BottledMiracle"},{"floor":4,"key":"Cursed Concoction"},{"floor":12,"key":"StancePotion"},{"floor":13,"key":"SneckoOil"},{"floor":14,"key":"BottledMiracle"},{"floor":28,"key":"Death Potion"},{"floor":30,"key":"BottledMiracle"}],"is_trial":false,"path_per_floor":["M","M","?","M","?","R","M","$","T","M","R","E","M","M","R","B",null,"M","?","T","?","?","E","R","T","T","$","M","?","M","?","R","B"],"character_chosen":"WATCHER","items_purchased":["MerchantsRug","Snack Pack","Replay:Cycle","ClearTheMind"],"campfire_rested":3,"item_purchase_floors":[8,27,27,27],"current_hp_per_floor":[66,64,46,43,43,64,64,64,64,62,62,62,62,56,56,19,72,72,72,72,72,72,15,36,43,43,43,29,29,32,32,55,0,0],"gold":69,"neow_bonus":"THREE_CARDS","is_daily":false,"chose_seed":false,"campfire_upgraded":2,"win_rate":0,"timestamp":1607617675,"path_taken":["M","M","?","M","?","R","?","$","T","M","R","E","M","M","R","BOSS","M","?","?","?","?","E","R","?","T","$","?","?","M","?","R","BOSS"],"build_version":"2020-11-30","purchased_purges":1,"victory":false,"max_hp_per_floor":[72,72,72,72,72,72,72,72,72,72,72,72,72,72,72,72,72,72,72,72,72,72,72,72,79,79,79,79,79,79,79,79,79,79],"card_choices":[{"not_picked":["BowlingBash","PathToVictory"],"picked":"CarveReality","floor":0},{"not_picked":["EmptyMind","Conclude"],"picked":"REME_Repentance","floor":1},{"not_picked":["Adaptation","REME_Repentance"],"picked":"FollowUp","floor":2},{"not_picked":["EmptyMind","CutThroughFate"],"picked":"JustLucky","floor":3},{"not_picked":["CrushJoints","Fasting2"],"picked":"EmptyBody","floor":4},{"not_picked":["Replay:Battleflow","Replay:Hum"],"picked":"DeusExMachina","floor":7},{"not_picked":["FollowUp","Crescendo"],"picked":"ThirdEye","floor":10},{"not_picked":["Fasting2","EmptyFist"],"picked":"Replay:Cycle","floor":12},{"not_picked":["Wallop","PathToVictory"],"picked":"EmptyFist","floor":13},{"not_picked":["JustLucky","Collect"],"picked":"SashWhip","floor":14},{"not_picked":["MasterReality","Blasphemy"],"picked":"DevaForm","floor":16},{"not_picked":["DeceiveReality+1","EmptyFist"],"picked":"CutThroughFate","floor":18},{"not_picked":["Nirvana+1","Pray+1"],"picked":"DeceiveReality","floor":23},{"not_picked":["Indignation","EmptyFist"],"picked":"Evaluate","floor":28},{"not_picked":["Protect","Replay:AtTheReady"],"picked":"FearNoEvil","floor":30}],"player_experience":150923,"relics_obtained":[{"floor":3,"key":"Peace Pipe"},{"floor":9,"key":"Replay:Bottled Steam"},{"floor":12,"key":"Girya"},{"floor":19,"key":"Ring of Greed"},{"floor":19,"key":"Tiny Chest"},{"floor":19,"key":"Replay:Bandana"},{"floor":19,"key":"Ring of Fangs"},{"floor":20,"key":"Mercury Hourglass"},{"floor":23,"key":"Whetstone"},{"floor":25,"key":"Strawberry"},{"floor":26,"key":"Blood Vial"}],"event_choices":[{"damage_healed":0,"gold_gain":0,"player_choice":"Ignored","damage_taken":0,"max_hp_gain":0,"max_hp_loss":0,"event_name":"Vampires","floor":22,"gold_loss":0},{"cards_removed":["Strike_P"],"damage_healed":0,"gold_gain":0,"player_choice":"Gave Gold","damage_taken":0,"max_hp_gain":0,"max_hp_loss":0,"event_name":"Beggar","floor":29,"gold_loss":75},{"damage_healed":0,"gold_gain":0,"player_choice":"1 cards matched","damage_taken":0,"max_hp_gain":0,"max_hp_loss":0,"event_name":"Match and Keep!","floor":31,"gold_loss":0,"cards_obtained":["Replay:LoomingThreat"]},{"damage_healed":0,"gold_gain":0,"player_choice":"1 cards matched","damage_taken":0,"max_hp_gain":0,"max_hp_loss":0,"event_name":"Match and Keep!","floor":31,"gold_loss":0,"cards_obtained":["Replay:LoomingThreat"]}],"is_beta":false,"boss_relics":[{"not_picked":["Runic Pyramid","Painkiller Herb"],"picked":"HolyWater"}],"items_purged_floors":[27],"is_endless":false,"potions_floor_spawned":[2,4,12,13,14,28,30],"killed_by":"Automaton","ascension_level":0}}