{"host":"1n288js6hgq5nx1s","time":1607611961,"event":{"mods":["BaseMod","StSLib","Colored Powertips","Minty Spire (QoL Compilation)","Quick Restart","Rare Cards Sparkle","Block Reminder","AchievementEnabler","The Necromancer","The Servant 0.9.4","Colored Map","Googly Eyes"],"gold_per_floor":[113,123,134,146,18,51,51,65,135,135,149,175,175,175,175,272,272,284,302,13,33,33,33,46,46,46,62,4,23,23,37,37,37,37],"floor_reached":0,"playtime":0,"items_purged":[],"score":0,"play_id":"2aa9f2db-cd32-4214-8c50-e8bd27d3b82c","local_time":"20201210185241","is_ascension_mode":false,"campfire_choices":[{"floor":10.0,"key":"REST"},{"floor":15.0,"key":"REST"},{"floor":23,"key":"REST"},{"floor":25,"key":"REST"},{"floor":30,"key":"REST"},{"floor":32,"key":"REST"}],"circlet_count":0,"master_deck":["Strike_S","Strike_S","Strike_S","Strike_S","Defend_S","Defend_S","Defend_S","Defend_S","KidneyShot","Exchange","ShatteredReality","Starlight","Initiator","Duplication","Impatience","Reset","Advance","Ricochet","Read","TheWorld","MurderousAura","BestPractice","Rewind","Metamorphosis","Defy","Spin","DualDimension","Blind","Impatience","Revamp","FlawlessForm","BottledTime+1","SurpressingFire"],"special_seed":0,"relics":["Uniform","Bag of Preparation","Lizard Tail","MealTicket","MysterySword","Ancient Tea Set","Toy Ornithopter"],"acts_visited":["TheCity"],"potions_floor_usage":[19],"damage_taken":[{"damage":6.0,"enemies":"Cultist","floor":1.0,"turns":6.0},{"damage":5.0,"enemies":"Small Slimes","floor":2.0,"turns":5.0},{"damage":6.0,"enemies":"Jaw Worm","floor":3.0,"turns":2.0},{"damage":4.0,"enemies":"Blue Slaver","floor":4.0,"turns":4.0},{"damage":34.0,"enemies":"3 Sentries","floor":6.0,"turns":8.0},{"damage":5.0,"enemies":"Lots of Slimes","floor":8.0,"turns":4.0},{"damage":0.0,"enemies":"Large Slime","floor":11.0,"turns":2.0},{"damage":0.0,"enemies":"Gremlin Nob","floor":12.0,"turns":2.0},{"damage":30.0,"enemies":"The Guardian","floor":16.0,"turns":12.0},{"damage":12.0,"enemies":"3 Byrds","floor":18.0,"turns":5.0},{"damage":12,"enemies":"Chosen","floor":19,"turns":6},{"damage":21,"enemies":"3 Cultists","floor":21,"turns":4},{"damage":27,"enemies":"Centurion and Healer","floor":24,"turns":5},{"damage":17,"enemies":"Sentry and Sphere","floor":27,"turns":6},{"damage":12,"enemies":"Snecko","floor":29,"turns":6},{"damage":0,"enemies":"Centurion and Healer","floor":31,"turns":6},{"damage":0,"enemies":"Automaton","floor":33,"turns":2}],"seed_played":"-998274397628258056","potions_obtained":[{"floor":3.0,"key":"SneckoOil"},{"floor":4.0,"key":"ColorlessPotion"},{"floor":6.0,"key":"Dexterity Potion"},{"floor":7.0,"key":"Swift Potion"},{"floor":7.0,"key":"Strength Potion"},{"floor":7.0,"key":"EntropicBrew"},{"floor":11.0,"key":"Energy Potion"},{"floor":12.0,"key":"Strength Potion"},{"floor":18.0,"key":"LiquidMemories"},{"floor":27,"key":"FearPotion"},{"floor":29,"key":"AttackPotion"}],"is_trial":false,"path_per_floor":["M","M","M","M","$","E","?","M","T","R","M","E","?","T","R","B",null,"M","M","$","M","?","R","M","R","T","M","?","M","R","M","R","B"],"character_chosen":"THE_SERVANT","items_purchased":["Impatience","Reset","Metamorphosis","Defy","Spin","Weak Potion"],"campfire_rested":6,"item_purchase_floors":[5,5,20,20,20,20],"current_hp_per_floor":[65,60,54,50,50,16,16,11,11,32,32,32,32,32,53,23,71,59,47,62,41,22,43,16,37,37,20,20,8,29,29,50,50,50],"gold":37,"neow_bonus":"TEN_PERCENT_HP_BONUS","is_daily":false,"chose_seed":false,"campfire_upgraded":0,"win_rate":0.0,"timestamp":1607611961,"path_taken":["M","M","M","?","$","E","?","M","T","R","?","E","?","?","R","BOSS","M","M","$","M","?","R","?","R","T","M","?","?","R","M","R","BOSS"],"build_version":"2020-11-30","purchased_purges":0,"victory":false,"max_hp_per_floor":[71,71,71,71,71,71,71,71,71,71,71,71,71,71,71,71,71,71,71,71,71,71,71,71,71,71,71,71,71,71,71,71,71,71],"card_choices":[{"not_picked":["FastForward","Alleviate"],"picked":"ShatteredReality","floor":1.0},{"not_picked":["FastForward","Hightail"],"picked":"Starlight","floor":2.0},{"not_picked":["Replace","BottledTime"],"picked":"Initiator","floor":3.0},{"not_picked":["Rearm","Replace"],"picked":"Duplication","floor":4.0},{"not_picked":["Moonlight","Unruled"],"picked":"Advance","floor":6.0},{"not_picked":["Starlight","Rewind"],"picked":"Ricochet","floor":8.0},{"not_picked":["Contraction","Potential"],"picked":"Read","floor":11.0},{"not_picked":["ShatteredReality","Starlight"],"picked":"TheWorld","floor":12.0},{"not_picked":["TheWorld","Solidify"],"picked":"MurderousAura","floor":16.0},{"not_picked":["Revamp","Potential"],"picked":"BestPractice","floor":18.0},{"not_picked":["Ricochet","Potential"],"picked":"Rewind","floor":19},{"not_picked":["RealityMarble","Rearm"],"picked":"DualDimension","floor":21},{"not_picked":["Potential+1","Starlight"],"picked":"Revamp","floor":24},{"not_picked":["MoonPhase","Potential"],"picked":"FlawlessForm","floor":27},{"not_picked":["Revamp","Foresight"],"picked":"BottledTime+1","floor":29},{"not_picked":["TimeWarp","Starlight"],"picked":"SurpressingFire","floor":31}],"player_experience":56395,"relics_obtained":[{"floor":6.0,"key":"Bag of Preparation"},{"floor":12.0,"key":"Lizard Tail"},{"floor":14.0,"key":"MealTicket"},{"floor":26,"key":"Ancient Tea Set"}],"event_choices":[{"damage_healed":0.0,"max_hp_gain":0.0,"max_hp_loss":0.0,"gold_gain":0.0,"event_name":"Lab","player_choice":"Got Potions","floor":7.0,"gold_loss":0.0,"damage_taken":0.0},{"damage_healed":0.0,"max_hp_gain":0.0,"max_hp_loss":0.0,"gold_gain":0.0,"event_name":"Golden Wing","player_choice":"Ignored","floor":13.0,"gold_loss":0.0,"damage_taken":0.0},{"damage_healed":0,"gold_gain":0,"player_choice":"CARD CARD ","damage_taken":19,"max_hp_gain":0,"max_hp_loss":0,"event_name":"Knowing Skull","floor":22,"potions_obtained":[],"gold_loss":0,"cards_obtained":["Blind","Impatience"]},{"damage_healed":0,"gold_gain":0,"player_choice":"Paid Gold","damage_taken":0,"relics_obtained":["Toy Ornithopter"],"max_hp_gain":0,"max_hp_loss":0,"event_name":"WeMeetAgain","floor":28,"gold_loss":58}],"is_beta":false,"boss_relics":[{"not_picked":["SlaversCollar","Velvet Choker"],"picked":"MysterySword"}],"items_purged_floors":[],"is_endless":false,"potions_floor_spawned":[3,4,6,11,12,18,27,29],"killed_by":"Automaton","ascension_level":0}}