{"host":"1tkoe3l8wf0xx8if","time":1607570300,"event":{"gold_per_floor":[118,68,81,81,6,6,32,32,32,32,62,80,93,104,104,179,179,198,198,98,98,98,128,128,178,178,178,178,22,37,66,66,143,143,157,176,176,176,176,176,201,232,282,153,153,153,27,41,41,41,41],"floor_reached":50,"playtime":3141,"items_purged":["Strike_R","Strike_R","Strike_R","Carnage+1"],"score":974,"play_id":"96740ddf-1ae0-4197-8e02-89d446d36308","local_time":"20201210121820","is_ascension_mode":true,"campfire_choices":[{"data":"Cleave","floor":6.0,"key":"SMITH"},{"data":"Warcry","floor":8.0,"key":"SMITH"},{"data":"Carnage","floor":10.0,"key":"SMITH"},{"data":"Dark Embrace","floor":15.0,"key":"SMITH"},{"data":"Second Wind","floor":24.0,"key":"SMITH"},{"data":"Heavy Blade","floor":27.0,"key":"SMITH"},{"data":"Writhe","floor":32,"key":"PURGE"},{"data":"Fire Breathing","floor":40,"key":"PURGE"},{"floor":46,"key":"REST"},{"data":"Limit Break","floor":49,"key":"SMITH"}],"neow_cost":"NONE","seed_source_timestamp":629973949461100,"circlet_count":0,"master_deck":["AscendersBane","Defend_R","Defend_R","Defend_R","Bash","Cleave+1","Disarm","Warcry+1","Metallicize","Heavy Blade+1","Intimidate","Dark Embrace+1","Reaper","Second Wind+1","Power Through","Offering","Wild Strike+1","Feel No Pain+1","Madness","Madness","Limit Break+1"],"special_seed":0,"relics":["Burning Blood","NeowsBlessing","Tiny Chest","Sundial","Anchor","Runic Pyramid","WingedGreaves","Ancient Tea Set","Gremlin Horn","Peace Pipe","OrangePellets","Red Skull","Philosopher\u0027s Stone","Ornamental Fan","Smiling Mask","Frozen Egg 2","Dream Catcher"],"potions_floor_usage":[31,50,50],"damage_taken":[{"damage":0.0,"enemies":"Small Slimes","floor":1.0,"turns":1.0},{"damage":0.0,"enemies":"Jaw Worm","floor":3.0,"turns":1.0},{"damage":0.0,"enemies":"Gremlin Nob","floor":7.0,"turns":1.0},{"damage":20.0,"enemies":"3 Sentries","floor":11.0,"turns":7.0},{"damage":1.0,"enemies":"2 Louse","floor":12.0,"turns":3.0},{"damage":5.0,"enemies":"Exordium Thugs","floor":13.0,"turns":4.0},{"damage":6.0,"enemies":"3 Louse","floor":14.0,"turns":2.0},{"damage":39.0,"enemies":"The Guardian","floor":16.0,"turns":13.0},{"damage":42.0,"enemies":"3 Byrds","floor":18.0,"turns":7.0},{"damage":0.0,"enemies":"Gremlin Leader","floor":23.0,"turns":6.0},{"damage":10.0,"enemies":"Spheric Guardian","floor":30.0,"turns":10.0},{"damage":70,"enemies":"Slavers","floor":31,"turns":8},{"damage":25,"enemies":"Collector","floor":33,"turns":11},{"damage":43,"enemies":"3 Darklings","floor":35,"turns":5},{"damage":6,"enemies":"Orb Walker","floor":36,"turns":4},{"damage":9,"enemies":"Nemesis","floor":41,"turns":9},{"damage":30,"enemies":"Giant Head","floor":42,"turns":11},{"damage":11,"enemies":"Spire Growth","floor":48,"turns":4},{"damage":54,"enemies":"Time Eater","floor":50,"turns":10}],"seed_played":"-4650478844413639745","potions_obtained":[{"floor":7.0,"key":"Weak Potion"},{"floor":16.0,"key":"GamblersBrew"},{"floor":18.0,"key":"LiquidMemories"},{"floor":22.0,"key":"SkillPotion"},{"floor":22.0,"key":"BloodPotion"},{"floor":22.0,"key":"EntropicBrew"},{"floor":33,"key":"LiquidBronze"},{"floor":36,"key":"Dexterity Potion"}],"is_trial":false,"path_per_floor":["M","?","M","?","$","R","E","R","T","R","E","M","M","M","R","B",null,"M","?","$","?","?","E","R","T","T","R","?","$","M","E","R","B",null,"M","M","?","T","?","R","E","E","T","$","?","R","$","M","R","B"],"character_chosen":"IRONCLAD","items_purchased":["OrangePellets","Feel No Pain+1","Limit Break"],"campfire_rested":1,"item_purchase_floors":[29,44,47],"current_hp_per_floor":[78,78,80,80,80,80,80,80,80,80,66,71,72,72,72,39,70,40,25,25,25,42,56,56,56,56,56,56,56,52,31,31,32,72,43,43,43,43,43,43,50,31,31,31,20,45,45,46,46,0,0],"gold":41,"neow_bonus":"THREE_ENEMY_KILL","is_prod":false,"is_daily":false,"chose_seed":false,"campfire_upgraded":7,"win_rate":0,"timestamp":1607570300,"path_taken":["M","?","M","?","?","R","E","R","T","R","E","M","M","M","R","BOSS","M","?","$","?","?","E","R","?","T","R","?","?","M","E","R","BOSS","M","M","?","?","?","R","E","E","T","$","?","R","?","M","R","BOSS"],"build_version":"2020-11-30","purchased_purges":4,"victory":false,"max_hp_per_floor":[80,80,80,80,80,80,80,80,80,80,80,80,80,80,80,80,80,80,85,85,85,85,85,85,85,85,85,85,85,85,85,85,85,85,85,85,85,85,85,85,85,85,85,85,85,85,85,85,85,85,85],"card_choices":[{"not_picked":["Shrug It Off","Body Slam"],"picked":"Cleave","floor":1.0},{"not_picked":["Havoc","Iron Wave"],"picked":"Carnage","floor":3.0},{"not_picked":["Havoc","Iron Wave"],"picked":"Warcry","floor":7.0},{"not_picked":["Heavy Blade","Juggernaut"],"picked":"Metallicize","floor":11.0},{"not_picked":["Fire Breathing","Pummel"],"picked":"Heavy Blade","floor":12.0},{"not_picked":["Perfected Strike","Havoc"],"picked":"Intimidate","floor":13.0},{"not_picked":["True Grit","Perfected Strike"],"picked":"Dark Embrace","floor":14.0},{"not_picked":["Exhume","Fiend Fire"],"picked":"Reaper","floor":16.0},{"not_picked":["Dark Embrace","Warcry","Infernal Blade"],"picked":"SKIP","floor":18.0},{"not_picked":["Whirlwind","Iron Wave"],"picked":"Power Through","floor":23.0},{"not_picked":["Metallicize","Warcry"],"picked":"Fire Breathing","floor":30.0},{"not_picked":["Anger","Iron Wave","Sword Boomerang"],"picked":"SKIP","floor":31},{"not_picked":["Brutality","Feed"],"picked":"Offering","floor":33},{"not_picked":["Second Wind","Reckless Charge","Iron Wave"],"picked":"SKIP","floor":35},{"not_picked":["Uppercut","Wild Strike","Twin Strike"],"picked":"SKIP","floor":36},{"not_picked":["Disarm+1","Carnage+1","Wild Strike"],"picked":"SKIP","floor":41},{"not_picked":["Shrug It Off+1","Corruption+1"],"picked":"Wild Strike+1","floor":42},{"not_picked":["True Grit","Headbutt","Thunderclap"],"picked":"SKIP","floor":48}],"player_experience":290129,"relics_obtained":[{"floor":7.0,"key":"Tiny Chest"},{"floor":9.0,"key":"Sundial"},{"floor":11.0,"key":"Anchor"},{"floor":23.0,"key":"WingedGreaves"},{"floor":25.0,"key":"Ancient Tea Set"},{"floor":26.0,"key":"Gremlin Horn"},{"floor":31,"key":"Red Skull"},{"floor":38,"key":"Ornamental Fan"},{"floor":41,"key":"Smiling Mask"},{"floor":42,"key":"Frozen Egg 2"},{"floor":43,"key":"Dream Catcher"}],"event_choices":[{"cards_removed":["Strike_R"],"damage_healed":0.0,"max_hp_gain":0.0,"max_hp_loss":0.0,"gold_gain":0.0,"event_name":"The Cleric","player_choice":"Card Removal","floor":2.0,"gold_loss":50.0,"damage_taken":0.0},{"damage_healed":0.0,"max_hp_gain":0.0,"max_hp_loss":0.0,"gold_gain":0.0,"cards_transformed":["Strike_R"],"event_name":"Living Wall","player_choice":"Change","floor":4.0,"gold_loss":0.0,"damage_taken":0.0,"cards_obtained":["Disarm"]},{"damage_healed":0.0,"max_hp_gain":5.0,"max_hp_loss":0.0,"gold_gain":0.0,"event_name":"Forgotten Altar","player_choice":"Shed Blood","floor":19.0,"gold_loss":0.0,"damage_taken":20.0},{"damage_healed":0.0,"max_hp_gain":0.0,"max_hp_loss":0.0,"gold_gain":0.0,"event_name":"The Library","player_choice":"Read","floor":21.0,"gold_loss":0.0,"damage_taken":0.0,"cards_obtained":["Second Wind"]},{"damage_healed":0.0,"max_hp_gain":0.0,"max_hp_loss":0.0,"gold_gain":0.0,"event_name":"Lab","player_choice":"Got Potions","floor":22.0,"gold_loss":0.0,"damage_taken":0.0},{"damage_healed":0.0,"max_hp_gain":0.0,"max_hp_loss":0.0,"gold_gain":0.0,"event_name":"The Mausoleum","player_choice":"Opened","floor":28.0,"gold_loss":0.0,"damage_taken":0.0,"relics_obtained":["Peace Pipe"],"cards_obtained":["Writhe"]},{"cards_removed":["Defend_R"],"damage_healed":0,"gold_gain":0,"player_choice":"Removed Skill","damage_taken":0,"max_hp_gain":0,"max_hp_loss":0,"event_name":"Falling","floor":37,"gold_loss":0},{"damage_healed":0,"gold_gain":0,"player_choice":"Ignored","damage_taken":0,"max_hp_gain":0,"max_hp_loss":0,"event_name":"Tomb of Lord Red Mask","floor":39,"gold_loss":0},{"damage_healed":0,"gold_gain":0,"player_choice":"Embrace Madness","damage_taken":11,"max_hp_gain":0,"max_hp_loss":0,"event_name":"Winding Halls","floor":45,"gold_loss":0,"cards_obtained":["Madness","Madness"]}],"is_beta":false,"boss_relics":[{"not_picked":["Calling Bell","Pandora\u0027s Box"],"picked":"Runic Pyramid"},{"not_picked":["SlaversCollar","Busted Crown"],"picked":"Philosopher\u0027s Stone"}],"items_purged_floors":[5,20,44,47],"is_endless":false,"potions_floor_spawned":[7,16,18,30,33,36],"killed_by":"Time Eater","ascension_level":13}}