{"host":"cjhtzh7tp54jdfyv","time":1607632170,"event":{"gold_per_floor":[112,131,144,161,1,1,34,48,130,145,145,145,177,177,177,251,251,269,282,302,322,9,38,38,38,38,38,38],"floor_reached":27,"playtime":2116,"items_purged":["Strike_B"],"score":540,"play_id":"e5728eaf-1130-4618-8ed3-ebc122481392","local_time":"20201210152930","is_ascension_mode":true,"campfire_choices":[{"data":"Darkness","floor":6.0,"key":"SMITH"},{"data":"Loop","floor":11,"key":"SMITH"},{"data":"Capacitor","floor":15,"key":"SMITH"},{"floor":24,"key":"REST"}],"neow_cost":"NONE","seed_source_timestamp":780977789370900,"circlet_count":0,"master_deck":["AscendersBane","Strike_B","Defend_B","Defend_B","Defend_B+1","Defend_B","Zap","Dualcast","Reinforced Body","Darkness+1","Capacitor+1","Loop+1","Cold Snap","Chill","Rainbow+1","Electrodynamics","Skim+1","Glacier","Capacitor","Reinforced Body"],"special_seed":0,"relics":["Cracked Core","ClockworkSouvenir","Gambling Chip","Meat on the Bone","WingedGreaves","Nuclear Battery","Frozen Eye","War Paint"],"potions_floor_usage":[10,18,23,27],"damage_taken":[{"damage":1.0,"enemies":"Cultist","floor":1.0,"turns":3.0},{"damage":1.0,"enemies":"Small Slimes","floor":2.0,"turns":2.0},{"damage":14.0,"enemies":"Jaw Worm","floor":3.0,"turns":6.0},{"damage":3.0,"enemies":"Blue Slaver","floor":4.0,"turns":3.0},{"damage":15.0,"enemies":"Lagavulin","floor":7.0,"turns":6.0},{"damage":13,"enemies":"2 Fungi Beasts","floor":8,"turns":4},{"damage":0,"enemies":"Lots of Slimes","floor":10,"turns":2},{"damage":9,"enemies":"3 Sentries","floor":13,"turns":6},{"damage":20,"enemies":"Hexaghost","floor":16,"turns":8},{"damage":24,"enemies":"2 Thieves","floor":18,"turns":5},{"damage":2,"enemies":"Spheric Guardian","floor":19,"turns":3},{"damage":11,"enemies":"Cultist and Chosen","floor":20,"turns":6},{"damage":0,"enemies":"Chosen and Byrds","floor":21,"turns":4},{"damage":35,"enemies":"Slavers","floor":23,"turns":6},{"damage":39,"enemies":"Gremlin Leader","floor":27,"turns":6}],"seed_played":"8950279283913702540","potions_obtained":[{"floor":1.0,"key":"Fire Potion"},{"floor":7.0,"key":"ColorlessPotion"},{"floor":8,"key":"Fire Potion"},{"floor":13,"key":"Energy Potion"},{"floor":20,"key":"LiquidBronze"},{"floor":23,"key":"Regen Potion"}],"is_trial":false,"path_per_floor":["M","M","M","M","$","R","E","M","T","M","R","?","E","?","R","B",null,"M","M","M","M","$","E","R","?","T","E"],"character_chosen":"DEFECT","items_purchased":["ClockworkSouvenir","Frozen Eye","Capacitor"],"campfire_rested":1,"item_purchase_floors":[5,22,22],"current_hp_per_floor":[70,69,55,52,52,52,37,24,24,36,36,36,39,39,39,31,66,42,40,41,41,41,18,41,19,19,0,0],"gold":38,"neow_bonus":"TEN_PERCENT_HP_BONUS","is_prod":false,"is_daily":false,"chose_seed":false,"campfire_upgraded":3,"win_rate":0,"timestamp":1607632170,"path_taken":["M","M","M","M","?","R","E","M","T","M","R","?","E","?","R","BOSS","M","?","M","M","$","E","R","?","T","E"],"build_version":"2020-11-30","purchased_purges":1,"victory":false,"max_hp_per_floor":[78,78,78,78,78,78,78,78,78,78,78,78,78,78,78,78,78,78,78,78,78,78,78,78,83,83,83,83],"card_choices":[{"not_picked":["Beam Cell","Rebound","Hologram"],"picked":"SKIP","floor":1.0},{"not_picked":["Rebound","Streamline"],"picked":"Reinforced Body","floor":2.0},{"not_picked":["Tempest","Gash"],"picked":"Darkness","floor":3.0},{"not_picked":["White Noise","Hologram"],"picked":"Capacitor","floor":4.0},{"not_picked":["Undo","Creative AI"],"picked":"Loop","floor":7.0},{"not_picked":["Auto Shields","Rebound","Go for the Eyes"],"picked":"SKIP","floor":8},{"not_picked":["Streamline","Fusion"],"picked":"Cold Snap","floor":10},{"not_picked":["Force Field","Ball Lightning"],"picked":"Chill","floor":13},{"not_picked":["Machine Learning","Thunder Strike"],"picked":"Electrodynamics","floor":16},{"not_picked":["Leap","Ball Lightning","Sunder"],"picked":"SKIP","floor":18},{"not_picked":["Go for the Eyes+1","Sweeping Beam"],"picked":"Skim+1","floor":19},{"not_picked":["Conserve Battery","Steam Power"],"picked":"Glacier","floor":20},{"not_picked":["Gash","Turbo","Rainbow"],"picked":"SKIP","floor":21},{"not_picked":["Barrage","Core Surge"],"picked":"Reinforced Body","floor":23}],"player_experience":4093722,"relics_obtained":[{"floor":7.0,"key":"Gambling Chip"},{"floor":9,"key":"Meat on the Bone"},{"floor":13,"key":"WingedGreaves"},{"floor":23,"key":"War Paint"}],"event_choices":[{"cards_removed":["Strike_B"],"damage_healed":0,"gold_gain":0,"player_choice":"Forget","damage_taken":0,"max_hp_gain":0,"max_hp_loss":0,"event_name":"Living Wall","floor":12,"gold_loss":0},{"damage_healed":0,"gold_gain":0,"cards_transformed":["Strike_B"],"player_choice":"Transformed","damage_taken":0,"max_hp_gain":0,"max_hp_loss":0,"event_name":"Transmorgrifier","floor":14,"gold_loss":0,"cards_obtained":["Rainbow"]},{"damage_healed":0,"gold_gain":0,"player_choice":"Shed Blood","damage_taken":27,"max_hp_gain":5,"max_hp_loss":0,"event_name":"Forgotten Altar","floor":25,"gold_loss":0}],"is_beta":false,"boss_relics":[{"not_picked":["Velvet Choker","Tiny House"],"picked":"Nuclear Battery"}],"items_purged_floors":[22],"is_endless":false,"potions_floor_spawned":[1,7,8,13,16,20,23],"killed_by":"Gremlin Leader","ascension_level":20}}