{"host":"q8o6l8eqnoevndy4","time":1607571216,"event":{"gold_per_floor":[114,132,13,28,45,72,72,100,100,275,275,300,300,300,184,212,222,222,222,318,318,333,333,333,364,400,400],"floor_reached":26,"playtime":927,"items_purged":["Strike_R"],"score":224,"play_id":"93baf87a-0e87-482d-947c-30755b9a000f","local_time":"20201209223336","is_ascension_mode":false,"campfire_choices":[{"floor":7.0,"key":"REST"},{"floor":9.0,"key":"REST"},{"data":"Jack Of All Trades","floor":13.0,"key":"SMITH"},{"floor":18.0,"key":"REST"},{"data":"Shockwave","floor":19.0,"key":"SMITH"}],"neow_cost":"NONE","seed_source_timestamp":67572618074700,"circlet_count":0,"master_deck":["Strike_R","Strike_R","Strike_R","Strike_R","Defend_R","Defend_R","Defend_R","Defend_R","Bash","Jack Of All Trades+1","Headbutt","Shockwave+1","Cleave","Shrug It Off","Headbutt","Twin Strike","Thunderclap","Inflame","Metallicize","Limit Break","Sword Boomerang","Decay","infinitespire:OneForAll","Flame Barrier+1"],"special_seed":0,"relics":["Burning Blood","Red Mask"],"potions_floor_usage":[],"damage_taken":[{"damage":4.0,"enemies":"Cultist","floor":1.0,"turns":3.0},{"damage":13.0,"enemies":"Jaw Worm","floor":2.0,"turns":3.0},{"damage":8.0,"enemies":"2 Louse","floor":4.0,"turns":2.0},{"damage":12.0,"enemies":"Gremlin Gang","floor":5.0,"turns":3.0},{"damage":31.0,"enemies":"3 Sentries","floor":6.0,"turns":5.0},{"damage":27.0,"enemies":"Gremlin Nob","floor":8.0,"turns":4.0},{"damage":18.0,"enemies":"3 Sentries","floor":16.0,"turns":6.0},{"damage":7.0,"enemies":"Looter","floor":17.0,"turns":3.0},{"damage":54.0,"enemies":"Hexaghost","floor":20.0,"turns":10.0},{"damage":21.0,"enemies":"Chosen","floor":22.0,"turns":5.0},{"damage":31.0,"enemies":"Masked Bandits","floor":25.0,"turns":5.0},{"damage":15.0,"enemies":"2 Thieves","floor":26.0,"turns":4.0}],"seed_played":"791694646638913077","potions_obtained":[{"floor":2.0,"key":"Explosive Potion"},{"floor":4.0,"key":"Fire Potion"},{"floor":8.0,"key":"CultistPotion"},{"floor":25.0,"key":"EntropicBrew"},{"floor":26,"key":"Dexterity Potion"}],"is_trial":false,"path_per_floor":["M","M","$","M","M","E","R","E","R","?","T","T","R","?","$","E","M","R","R","B",null,"M","?","?","?","M"],"character_chosen":"IRONCLAD","items_purchased":["Cleave","Shrug It Off","AttackPotion","Inflame"],"campfire_rested":3,"item_purchase_floors":[3,3,3,15],"current_hp_per_floor":[80,73,73,71,65,40,64,43,67,67,67,67,67,67,67,55,54,78,78,30,80,65,65,65,40,31,31],"gold":400,"neow_bonus":"RANDOM_COLORLESS","is_prod":false,"is_daily":false,"chose_seed":false,"campfire_upgraded":2,"win_rate":0,"timestamp":1607571216,"path_taken":["M","M","$","?","M","E","R","E","R","?","T","T","R","?","$","E","?","R","R","BOSS","M","?","?","?","M"],"build_version":"2020-11-30","purchased_purges":1,"victory":false,"max_hp_per_floor":[80,80,80,80,80,80,80,80,80,80,80,80,80,80,80,80,80,80,80,80,80,80,80,80,80,80,80],"relic_stats":{"counters":[12,53],"obtain_stats":[{"Red Mask":25,"Burning Blood":0},{"Red Mask":11,"Burning Blood":0},{"Red Mask":49,"Burning Blood":0}],"Burning Blood":70},"card_choices":[{"not_picked":["Mind Blast","Purity"],"picked":"Jack Of All Trades","floor":0.0},{"not_picked":["Havoc","Intimidate"],"picked":"Headbutt","floor":1.0},{"not_picked":["Clothesline","Havoc"],"picked":"Shockwave","floor":2.0},{"not_picked":["True Grit","Wild Strike"],"picked":"Headbutt","floor":4.0},{"not_picked":["Perfected Strike","Thunderclap"],"picked":"Twin Strike","floor":5.0},{"not_picked":["Barricade","Body Slam","Clash"],"picked":"SKIP","floor":6.0},{"not_picked":["Shrug It Off","Body Slam"],"picked":"Thunderclap","floor":8.0},{"not_picked":["Fire Breathing","Sentinel","Carnage"],"picked":"SKIP","floor":16.0},{"not_picked":["Iron Wave","Havoc"],"picked":"Metallicize","floor":17.0},{"not_picked":["Exhume","Fiend Fire"],"picked":"Limit Break","floor":20.0},{"not_picked":["Dual Wield+1","Carnage"],"picked":"Sword Boomerang","floor":22.0},{"not_picked":["Anger","Metallicize"],"picked":"Flame Barrier+1","floor":25.0}],"player_experience":1128830,"relics_obtained":[{"floor":25.0,"key":"Red Mask"}],"event_choices":[{"damage_healed":0.0,"max_hp_gain":0.0,"max_hp_loss":0.0,"gold_gain":175.0,"event_name":"betterThird:BetterSerpent","player_choice":"AGREE","floor":10.0,"gold_loss":0.0,"damage_taken":100.0},{"cards_removed":["Doubt"],"damage_healed":0.0,"max_hp_gain":0.0,"max_hp_loss":0.0,"gold_gain":0.0,"event_name":"Purifier","player_choice":"Purged","floor":14.0,"gold_loss":0.0,"damage_taken":0.0},{"damage_healed":0.0,"max_hp_gain":0.0,"max_hp_loss":0.0,"gold_gain":0.0,"event_name":"Wheel of Change","player_choice":"Cursed","floor":23.0,"gold_loss":0.0,"damage_taken":0.0,"cards_obtained":["Decay"]},{"cards_removed":["Jack Of All Trades"],"damage_healed":0.0,"max_hp_gain":0.0,"max_hp_loss":0.0,"gold_gain":0.0,"event_name":"betterNote:BetterNote","player_choice":"Take \u0026 Give","floor":24.0,"gold_loss":0.0,"damage_taken":0.0,"cards_obtained":["infinitespire:OneForAll"]},{"damage_healed":0.0,"max_hp_gain":0.0,"max_hp_loss":0.0,"gold_gain":0.0,"event_name":"Masked Bandits","player_choice":"Fought Bandits","floor":25.0,"gold_loss":0.0,"damage_taken":0.0}],"is_beta":false,"boss_relics":[{"not_picked":["infinitespire:Cupcake","Coffee Dripper","Pandora\u0027s Box"]}],"items_purged_floors":[15],"is_endless":false,"potions_floor_spawned":[2,4,8,25,26],"killed_by":"2 Thieves","ascension_level":0}}