{"host":"jwt4l0du6olwgnrx","time":1607605784,"event":{"mods":["BaseMod","Minty Spire (QoL Compilation)","StSLib","Marisa£®ÏF”Í°°ƒß¿Ì…≥£©","Remilia£®¿Ÿ√◊¿Ú—«£©","Waifu the Spire"],"gold_per_floor":[172,229,404,429,379,407,431,496,496,565,577,589,589],"floor_reached":12,"playtime":804,"items_purged":[],"score":346,"play_id":"d28de955-f500-4844-b4a0-2d8bfd3b0d94","local_time":"20201210210944","daily_mods":["Draft","Hoarder","Insanity","Specialized","ControlledChaos","Time Dilation","DeadlyEvents","Elite Swarm","Terminal"],"is_ascension_mode":false,"campfire_choices":[],"circlet_count":0,"master_deck":["Demon Form","Wraith Form v2","Echo Form","DevaForm","BatForm","MiserableFate","EnergyFlow","BombardNight","ScarletDevil","EmergencyRegeneration","DeepEcoloBomb","ScarletDevil","StarlightTyphoon","Maim","NonDirectionalLaser","ScarletDevil","StarBarrage","LeisurelyOfLord","WitchOfGreed","ReincarnationDial","SporeBomb","BadLadyScramble","PowerUp","MachineGunSpark","BombardNight","HunterOfTheNight","BloodHunter","BloodHunter","ManaConvection","VampireKiss","IllusionStar","ChargeUpSpray","OortCloud","BombardNight","EndlessAdversity","DoubleSpark","GlobalNightmare","GrandCross","BloodyTrap","Stigmanizer","SporeBomb","PowerUp","VampireFantasy","RedRainbow","MiserableFate","Stigmanizer","AsteroidBelt","Robbery","ChargeUpSpray","Occultation","ScarletGensokyo","BadLadyScramble","HunterOfTheNight","EnergyFlow","BloodHunter","WitchOfGreed","WitchOfGreed","WitchOfGreed","WitchOfGreed","WitchOfGreed","WitchOfGreed","WitchOfGreed","WitchOfGreed","WitchOfGreed","WitchOfGreed","WitchOfGreed","WitchOfGreed","WitchOfGreed","WitchOfGreed","SuperhumanBloodyKnife","SuperhumanBloodyKnife","SuperhumanBloodyKnife","IllusionStar","IllusionStar","IllusionStar","WitchLeyline","WitchLeyline","WitchLeyline","Acceleration","Acceleration","Acceleration","LuminesStrike","LuminesStrike","LuminesStrike","EnergyRecoil","EnergyRecoil","EnergyRecoil","Stigmanizer","Stigmanizer","Stigmanizer","DevilSight","DevilSight","DevilSight","CharismaGuard","CharismaGuard","CharismaGuard","EternalNight","EternalNight","EternalNight","DeepEcoloBomb","DeepEcoloBomb","DeepEcoloBomb","NightLord","NightLord","NightLord","UnstableMagic","UnstableMagic","UnstableMagic","AsteroidBelt","AsteroidBelt","AsteroidBelt","UnstableMagic","UnstableMagic","UnstableMagic","GasGiant","GasGiant","GasGiant","PropBag","PropBag","PropBag","Doubt","Doubt","Doubt","WitchLeyline","WitchLeyline","WitchLeyline","BlazingStar","BlazingStar","BlazingStar","CasketOfStar","CasketOfStar","CasketOfStar","QueenOfMidnight","QueenOfMidnight","QueenOfMidnight"],"special_seed":0,"relics":["MiniHakkero","Frozen Eye","Akabeko","Orichalcum","StoneCalendar","MawBank","Blood Vial"],"acts_visited":[],"potions_floor_usage":[],"damage_taken":[{"damage":1.0,"enemies":"Jaw Worm","floor":1.0,"turns":5.0},{"damage":11.0,"enemies":"Small Slimes","floor":2.0,"turns":5.0},{"damage":1.0,"enemies":"2 Louse","floor":4.0,"turns":3.0},{"damage":20.0,"enemies":"Lagavulin","floor":6.0,"turns":5.0},{"damage":2.0,"enemies":"3 Sentries","floor":8.0,"turns":8.0},{"damage":1.0,"enemies":"Gremlin Nob","floor":10.0,"turns":4.0},{"damage":0,"enemies":"3 Sentries","floor":12,"turns":1}],"seed_played":"1539214999095779476","potions_obtained":[{"floor":1.0,"key":"SteroidPotion"},{"floor":1.0,"key":"Swift Potion"},{"floor":1.0,"key":"SneckoOil"},{"floor":2.0,"key":"AttackPotion"},{"floor":4.0,"key":"EssenceOfSteel"},{"floor":8.0,"key":"Strength Potion"}],"is_trial":true,"path_per_floor":["M","M","?","M","?","E","T","E","T","E","$","E"],"character_chosen":"MARISA","items_purchased":[],"campfire_rested":0,"item_purchase_floors":[],"current_hp_per_floor":[73,62,62,62,62,49,49,47,47,46,46,48,48],"gold":589,"neow_bonus":"","is_daily":false,"chose_seed":false,"campfire_upgraded":0,"win_rate":0,"timestamp":1607605784,"path_taken":["M","M","?","M","?","E","?","E","T","E","$","E"],"build_version":"2020-11-30","purchased_purges":0,"victory":false,"max_hp_per_floor":[73,72,71,70,69,68,67,66,65,64,63,63,63],"card_choices":[{"not_picked":["VampireKiss","EndlessAdversity"],"picked":"SuperhumanBloodyKnife","floor":0.0},{"not_picked":["EndlessAdversity","EarthLightRay"],"picked":"IllusionStar","floor":0.0},{"not_picked":["ShootingEcho","NightDance"],"picked":"WitchLeyline","floor":0.0},{"not_picked":["ManaConvection","EnergyRecoil"],"picked":"Acceleration","floor":0.0},{"not_picked":["GravityBeat","ScarletDevil"],"picked":"LuminesStrike","floor":0.0},{"not_picked":["Acceleration","LuminesStrike"],"picked":"EnergyRecoil","floor":0.0},{"not_picked":["LuminesStrike","WitchOfGreed"],"picked":"Stigmanizer","floor":0.0},{"not_picked":["BloodyTrap","UltimateOffering"],"picked":"DevilSight","floor":0.0},{"not_picked":["ReincarnationDial","StarlightTyphoon"],"picked":"CharismaGuard","floor":0.0},{"not_picked":["StarOfDavid","AfternoonTea"],"picked":"EternalNight","floor":0.0},{"not_picked":["StarOfDavid","MilkyWay"],"picked":"DeepEcoloBomb","floor":0.0},{"not_picked":["VampirishNight","PulseMagic"],"picked":"NightLord","floor":0.0},{"not_picked":["VampireClaw","VampireKiss"],"picked":"UnstableMagic","floor":0.0},{"not_picked":["MagicAbsorber","VampireKiss"],"picked":"AsteroidBelt","floor":0.0},{"not_picked":["WitchLeyline","DoubleSpark"],"picked":"UnstableMagic","floor":0.0},{"not_picked":["WitchOfGreed","EndlessAdversity"],"picked":"GasGiant","floor":1.0},{"not_picked":["MagicChant","BadLadyScramble"],"picked":"PropBag","floor":2.0},{"not_picked":["EndlessAdversity","RefractionSpark"],"picked":"WitchLeyline","floor":4.0},{"not_picked":["HeartBreak","CurseOfVladTepes"],"picked":"BlazingStar","floor":6.0},{"not_picked":["ChaoticDestiny","CurseOfVladTepes"],"picked":"CasketOfStar","floor":8.0},{"not_picked":["HeartBreak","HellCatastrophe"],"picked":"QueenOfMidnight","floor":10.0}],"player_experience":365460,"relics_obtained":[{"floor":6.0,"key":"Akabeko"},{"floor":7.0,"key":"Orichalcum"},{"floor":8.0,"key":"StoneCalendar"},{"floor":9.0,"key":"MawBank"},{"floor":10.0,"key":"Blood Vial"}],"event_choices":[{"damage_healed":0.0,"max_hp_gain":0.0,"max_hp_loss":0.0,"gold_gain":175.0,"event_name":"Liars Game","player_choice":"AGREE","floor":3.0,"gold_loss":0.0,"damage_taken":0.0,"cards_obtained":["Doubt"]},{"cards_removed":["WitchOfGreed"],"damage_healed":0.0,"max_hp_gain":0.0,"max_hp_loss":0.0,"gold_gain":0.0,"event_name":"The Cleric","player_choice":"Card Removal","floor":5.0,"gold_loss":50.0,"damage_taken":0.0}],"is_beta":false,"boss_relics":[],"items_purged_floors":[],"is_endless":false,"potions_floor_spawned":[2,4,8],"killed_by":"3 Sentries","ascension_level":0}}