{"host":"ueef25wtkg2eer3h","time":1607624992,"event":{"mods":["BaseMod","DeckTracker","StSLib","AchievementEnabler","Googly Eyes","Colored Powertips","Minty Spire (QoL Compilation)","Colored Map","Displayed Cursed Tome","Highlight Path","Slay the Relics Exporter"],"gold_per_floor":[110,16,26,43,59,59,85,85,85,118,118,144,144,144,144,246,246,266,283,299,314,239,267,19,32,32,67,67,80,80,92,92,190,190,209,222,238,238,238,238],"floor_reached":39,"playtime":4456,"items_purged":[],"score":620,"play_id":"f4934984-0e20-4579-817f-542ce3e6f474","local_time":"20201210192952","is_ascension_mode":true,"campfire_choices":[{"floor":6,"key":"REST"},{"data":"Glacier","floor":8,"key":"SMITH"},{"data":"Leap","floor":13,"key":"SMITH"},{"data":"Tempest","floor":15,"key":"SMITH"},{"floor":32,"key":"REST"}],"circlet_count":0,"master_deck":["Zap","Dualcast","Seek","Ball Lightning","Barrage","Static Discharge","Leap+1","Tempest+1","Chill","Coolheaded","FTL","Glacier+1","Streamline+1","Go for the Eyes","Conserve Battery","Thunder Strike","Biased Cognition","CurseOfTheBell","Redo+1","Hologram+1","Lockon+1","Hologram+1","Echo Form","White Noise","Go for the Eyes","White Noise","Static Discharge+1","Aggregate","Zap","Defragment","Fission","Recycle","Beam Cell"],"relics":["Pandora\u0027s Box","Bag of Preparation","Bottled Flame","Gambling Chip","Question Card","Calling Bell","Oddly Smooth Stone","Meat on the Bone","Turnip","InkBottle","Runic Capacitor","Bottled Tornado","Orichalcum","Philosopher\u0027s Stone","Dream Catcher"],"acts_visited":["Exordium","TheCity","TheBeyond"],"potions_floor_usage":[10,20,21,23,29,31,33,37,39],"damage_taken":[{"damage":3,"enemies":"Cultist","floor":1,"turns":3},{"damage":10,"enemies":"Jaw Worm","floor":3,"turns":2},{"damage":0,"enemies":"Small Slimes","floor":4,"turns":4},{"damage":7,"enemies":"Looter","floor":5,"turns":3},{"damage":20,"enemies":"Lagavulin","floor":7,"turns":6},{"damage":5,"enemies":"3 Sentries","floor":10,"turns":3},{"damage":2,"enemies":"Gremlin Nob","floor":12,"turns":3},{"damage":26,"enemies":"Hexaghost","floor":16,"turns":6},{"damage":21,"enemies":"2 Thieves","floor":18,"turns":3},{"damage":6,"enemies":"Chosen","floor":19,"turns":3},{"damage":6,"enemies":"Shelled Parasite and Fungi","floor":20,"turns":6},{"damage":17,"enemies":"Cultist and Chosen","floor":21,"turns":6},{"damage":22,"enemies":"Book of Stabbing","floor":23,"turns":4},{"damage":5,"enemies":"Snecko","floor":25,"turns":4},{"damage":29,"enemies":"Gremlin Leader","floor":27,"turns":6},{"damage":9,"enemies":"Centurion and Healer","floor":29,"turns":5},{"damage":12,"enemies":"Snake Plant","floor":31,"turns":3},{"damage":48,"enemies":"Automaton","floor":33,"turns":8},{"damage":34,"enemies":"3 Darklings","floor":35,"turns":5},{"damage":11,"enemies":"Orb Walker","floor":36,"turns":5},{"damage":0,"enemies":"Spire Growth","floor":37,"turns":4},{"damage":47,"enemies":"Jaw Worm Horde","floor":39,"turns":4}],"seed_played":"3687566461163444873","potions_obtained":[{"floor":3,"key":"PowerPotion"},{"floor":7,"key":"SpeedPotion"},{"floor":10,"key":"DuplicationPotion"},{"floor":12,"key":"SpeedPotion"},{"floor":16,"key":"Ancient Potion"},{"floor":19,"key":"Weak Potion"},{"floor":21,"key":"SteroidPotion"},{"floor":25,"key":"Block Potion"},{"floor":31,"key":"Block Potion"},{"floor":33,"key":"Swift Potion"},{"floor":36,"key":"FocusPotion"}],"is_trial":false,"path_per_floor":["M","$","M","M","M","R","E","R","T","E","?","E","R","?","R","B",null,"M","M","M","M","?","E","$","M","T","E","?","M","?","M","R","B",null,"M","M","M","?","M"],"character_chosen":"DEFECT","items_purchased":["Coolheaded","FTL","Runic Capacitor","White Noise","Go for the Eyes"],"campfire_rested":2,"item_purchase_floors":[2,2,24,24,24],"current_hp_per_floor":[65,65,55,55,48,70,50,50,50,45,45,43,43,85,85,59,79,58,52,46,41,41,31,31,38,38,21,21,24,24,24,49,13,67,45,46,46,46,0,0],"gold":238,"neow_bonus":"BOSS_RELIC","is_daily":false,"chose_seed":false,"campfire_upgraded":3,"win_rate":0,"timestamp":1607624992,"path_taken":["M","$","M","M","M","R","E","R","T","E","?","E","R","?","R","BOSS","M","?","M","M","?","E","$","M","T","E","?","M","?","M","R","BOSS","M","?","M","?","?"],"build_version":"2020-11-30","purchased_purges":0,"victory":false,"max_hp_per_floor":[75,75,75,75,75,75,75,75,75,75,75,75,75,85,85,85,85,85,85,85,85,85,85,85,85,85,85,85,85,85,85,85,85,85,85,85,85,85,85,85],"card_choices":[{"not_picked":["Streamline","Rebound"],"picked":"Chill","floor":1},{"not_picked":["Static Discharge","Scrape"],"picked":"Glacier","floor":3},{"not_picked":["Scrape","Genetic Algorithm","Heatsinks"],"picked":"SKIP","floor":4},{"not_picked":["Redo","Heatsinks"],"picked":"Streamline","floor":5},{"not_picked":["Blizzard","Reboot"],"picked":"Go for the Eyes","floor":7},{"not_picked":["Compile Driver","Steam"],"picked":"Conserve Battery","floor":10},{"not_picked":["Tempest","Hologram"],"picked":"Thunder Strike","floor":12},{"not_picked":["Seek","Rainbow","Multi-Cast"],"picked":"Biased Cognition","floor":16},{"not_picked":["Buffer","Leap","Turbo"],"picked":"Redo+1","floor":18},{"not_picked":["BootSequence","Force Field","Steam+1"],"picked":"Hologram+1","floor":19},{"not_picked":["Steam Power","Reinforced Body","Coolheaded"],"picked":"Lockon+1","floor":20},{"not_picked":["Reprogram","Streamline+1","Beam Cell"],"picked":"Hologram+1","floor":21},{"not_picked":["Force Field+1","Auto Shields","Fusion"],"picked":"Echo Form","floor":23},{"not_picked":["Turbo","Coolheaded","Ball Lightning"],"picked":"White Noise","floor":25},{"not_picked":["Blizzard","Redo+1","Coolheaded"],"picked":"Static Discharge+1","floor":27},{"not_picked":["Stack","Redo","Lockon"],"picked":"Aggregate","floor":29},{"not_picked":["Glacier","Go for the Eyes","Hologram"],"picked":"Defragment","floor":31},{"not_picked":["Creative AI","Core Surge","Biased Cognition"],"picked":"Fission","floor":33},{"not_picked":["Fusion+1","Hologram","Beam Cell+1"],"picked":"Recycle","floor":35},{"not_picked":["Conserve Battery","Leap","Coolheaded+1"],"picked":"Beam Cell","floor":36},{"not_picked":["Streamline","Leap","All For One","Recycle"],"picked":"SKIP","floor":37}],"player_experience":226134,"relics_obtained":[{"floor":7,"key":"Bag of Preparation"},{"floor":9,"key":"Bottled Flame"},{"floor":10,"key":"Gambling Chip"},{"floor":12,"key":"Question Card"},{"floor":17,"key":"Oddly Smooth Stone"},{"floor":17,"key":"Meat on the Bone"},{"floor":17,"key":"Turnip"},{"floor":23,"key":"InkBottle"},{"floor":26,"key":"Bottled Tornado"},{"floor":27,"key":"Orichalcum"},{"floor":38,"key":"Dream Catcher"}],"event_choices":[{"damage_healed":0,"gold_gain":0,"player_choice":"Grow","damage_taken":0,"max_hp_gain":0,"max_hp_loss":0,"event_name":"Living Wall","floor":11,"gold_loss":0,"cards_upgraded":["Streamline"]},{"cards_removed":["All For One"],"damage_healed":32,"gold_gain":0,"player_choice":"Offered Rare","damage_taken":0,"max_hp_gain":10,"max_hp_loss":0,"event_name":"Bonfire Elementals","floor":14,"gold_loss":0},{"cards_removed":["Coolheaded"],"damage_healed":0,"gold_gain":0,"player_choice":"Gave Gold","damage_taken":0,"max_hp_gain":0,"max_hp_loss":0,"event_name":"Beggar","floor":22,"gold_loss":75},{"damage_healed":0,"gold_gain":0,"player_choice":"Ignored","damage_taken":0,"max_hp_gain":0,"max_hp_loss":0,"event_name":"Vampires","floor":28,"gold_loss":0},{"damage_healed":0,"gold_gain":0,"player_choice":"1 cards matched","damage_taken":0,"max_hp_gain":0,"max_hp_loss":0,"event_name":"Match and Keep!","floor":30,"gold_loss":0,"cards_obtained":["Zap"]},{"damage_healed":0,"gold_gain":0,"player_choice":"Relic","damage_taken":0,"max_hp_gain":0,"max_hp_loss":0,"event_name":"Wheel of Change","floor":38,"gold_loss":0}],"is_beta":false,"boss_relics":[{"not_picked":["Runic Dome","Empty Cage"],"picked":"Calling Bell"},{"not_picked":["Sozu","Tiny House"],"picked":"Philosopher\u0027s Stone"}],"items_purged_floors":[],"is_endless":false,"potions_floor_spawned":[3,7,10,12,16,19,21,25,31,33,36],"killed_by":"Jaw Worm Horde","ascension_level":8}}