{"host":"qljq6nt1bltq73k9","time":1607612207,"event":{"mods":["BaseMod","Quick Restart","StSLib","Colored Map","Lobotomy","Minty Spire (QoL Compilation)","Colored Powertips","Replay The Spire","Downfall"],"gold_per_floor":[119,99999,99153,99174,99205,99205,98326,98355,98381,98381,98381,97411,97456,97484,97484,97607,97607,97644,96781,96825,96858,95860,95892,95934,95934,95961,95961,95886,95826,95863,95897,95897,96002,96002,96002,96002],"floor_reached":35,"playtime":1801,"items_purged":["Defend_R","Strike_R","Defend_R","Defend_R","Defend_R"],"score":520,"play_id":"6e65760d-f1a7-4f17-b71b-069a5dffa867","local_time":"20201210225647","is_ascension_mode":false,"campfire_choices":[{"data":"Body Slam","floor":6,"key":"SMITH"},{"data":"Replay:SS_forest_2","floor":11,"key":"SMITH"},{"data":"ReplayTheSpireMod:Muscle Training","floor":15,"key":"SMITH"},{"data":"Replay:SS_forest_2","floor":25,"key":"SMITH"},{"data":"ReplayTheSpireMod:Brewmster","floor":27,"key":"SMITH"},{"data":"Flex","floor":32,"key":"SMITH"}],"circlet_count":0,"master_deck":["Strike_R","Strike_R","Strike_R","Bash","OSAHOGD","ReplayTheSpireMod:Muscle Training+1","Thunderclap","Metallicize","ReplayTheSpireMod:Necrogeddon","Headbutt","VoidDream","Body Slam+1","Replay:SS_forest_2+1","Impervious","ReplayTheSpireMod:Strike From Hell+1","Demon Form+1","Pommel Strike+1","Twin Strike+1","DespairKnight","Berserk","Cleave+1","FieryBird","Juggernaut","RedShoes","Juggernaut","Fire Breathing","Replay:SS_forest_2+1","Abandon","Poisoned Strike+1","Replay:SS_forest_6","Replay:SS_hec_2","WallGazer","Pommel Strike+1","BlackSwan","Sword Boomerang+1","ReplayTheSpireMod:Brewmster+1","Inflame","Flex+1","BigBadWolf","Inflame","Warcry+1","Thunderclap+1","QueenOfHatred","Pommel Strike+1","Hemogenesis+1"],"relics":["Burning Blood","CogitoBucket","RabbitCall","Replay:Ringing Soul","CeramicFish","Cauldron","Replay:Bottled Snecko","Molten Egg 2","OrangePellets","Art of War","Meat on the Bone","HandDrill","Replay:Bottled Flurry","Replay:Wax Seal","HellTrain","Runic Dome","Pet Ghost","Pocketwatch","ReplayTheSpireMod:ShopPack","Red Mask","Garlic","Red Skull","TheAbacus","ResearcherNote","Ancient Tea Set","Lantern","ReplayFunnel","Ring of Chaos"],"acts_visited":["Exordium","TheCity","TheBeyond"],"potions_floor_usage":[20,23,23],"damage_taken":[{"damage":0,"enemies":"Small Slimes","floor":1,"turns":3},{"damage":14,"enemies":"Jaw Worm","floor":2,"turns":3},{"damage":2,"enemies":"Cultist","floor":4,"turns":3},{"damage":36,"enemies":"Exordium Wildlife","floor":5,"turns":5},{"damage":8,"enemies":"Looter","floor":8,"turns":4},{"damage":14,"enemies":"Replay:BlueRogue","floor":13,"turns":4},{"damage":11,"enemies":"Blue Slaver","floor":14,"turns":5},{"damage":23,"enemies":"Fading Forest","floor":16,"turns":11},{"damage":29,"enemies":"Spheric Guardian","floor":18,"turns":4},{"damage":62,"enemies":"Masked Bandits","floor":20,"turns":4},{"damage":21,"enemies":"Shell Parasite","floor":21,"turns":4},{"damage":23,"enemies":"Chosen and Byrds","floor":23,"turns":5},{"damage":42,"enemies":"Gremlin Leader","floor":24,"turns":5},{"damage":29,"enemies":"Slavers","floor":30,"turns":5},{"damage":0,"enemies":"Sentry and Sphere","floor":31,"turns":2},{"damage":15,"enemies":"Automaton","floor":33,"turns":5},{"damage":59,"enemies":"3 Shapes","floor":35,"turns":4}],"seed_played":"-3653590681577141184","potions_obtained":[{"floor":1,"key":"Fire Potion"},{"floor":3,"key":"ColorlessPotion"},{"floor":3,"key":"EssenceOfSteel"},{"floor":20,"key":"AttackPotion"},{"floor":31,"key":"LiquidMemories"}],"is_trial":false,"path_per_floor":["M","M","$","M","M","R","$","M","T","?","R","$","E","M","R","B",null,"M","$","?","M","$","M","E","R","T","R","?","?","E","M","R","B",null,"M"],"character_chosen":"IRONCLAD","items_purchased":["Replay:Ringing Soul","CeramicFish","Cauldron","Metallicize","ReplayTheSpireMod:Necrogeddon","Replay:Bottled Snecko","Molten Egg 2","OrangePellets","Replay:SS_forest_2","Impervious","Demon Form+1","Meat on the Bone","HandDrill","Pommel Strike+1","Twin Strike+1","Replay:Bottled Flurry","Pet Ghost","Pocketwatch","Fire Breathing","Replay:SS_forest_2","Abandon","ReplayTheSpireMod:ShopPack","Garlic","Red Skull","TheAbacus","ReplayTheSpireMod:Brewmster","Inflame","Flex"],"campfire_rested":0,"item_purchase_floors":[3,3,3,3,3,7,7,7,7,7,12,12,12,12,12,12,19,19,19,19,19,19,22,22,22,22,22,22],"current_hp_per_floor":[80,72,75,82,55,55,58,59,59,59,59,62,69,67,67,77,107,87,90,57,65,68,66,45,45,45,45,45,45,45,66,66,72,137,78,76],"gold":96002,"neow_bonus":"","is_daily":false,"chose_seed":false,"campfire_upgraded":6,"win_rate":0,"timestamp":1607612207,"path_taken":["M","M","$","M","M","R","$","M","T","?","R","$","E","M","R","BOSS","M","$","?","M","$","M","E","R","T","R","?","?","E","M","R","BOSS","M"],"build_version":"2020-11-30","purchased_purges":5,"victory":false,"max_hp_per_floor":[80,80,83,86,89,89,92,95,95,95,95,98,101,104,104,107,107,110,113,116,119,122,125,128,128,128,128,128,128,131,134,134,137,137,137,137],"card_choices":[{"not_picked":["SpiderBud","CherryBlossoms"],"picked":"OSAHOGD","floor":1},{"not_picked":["Clothesline","Perfected Strike"],"picked":"ReplayTheSpireMod:Muscle Training","floor":1},{"not_picked":["BigBadWolf","Laetitia","QueenBee"],"picked":"Singing Bowl","floor":2},{"not_picked":["Replay:Many Hands","Sword Boomerang"],"picked":"Thunderclap","floor":2},{"not_picked":["Alriune","Laetitia","Scorched"],"picked":"Singing Bowl","floor":4},{"not_picked":["True Grit","Clothesline"],"picked":"Headbutt","floor":4},{"not_picked":["Scorched","LittleHelper","PunishingBird"],"picked":"Singing Bowl","floor":5},{"not_picked":["ShyLook","Scorched"],"picked":"VoidDream","floor":5},{"not_picked":["Run Through","Searing Blow"],"picked":"Body Slam","floor":5},{"not_picked":["PunishingBird","LittleHelper","Murderer"],"picked":"Singing Bowl","floor":8},{"not_picked":["Havoc","Wild Strike+1"],"picked":"ReplayTheSpireMod:Strike From Hell+1","floor":8},{"not_picked":["MeatLantern","Scorched","UniverseFragment"],"picked":"Singing Bowl","floor":13},{"not_picked":["Freischutz","ShyLook"],"picked":"DespairKnight","floor":13},{"not_picked":["Body Slam+1","Anger+1"],"picked":"Berserk","floor":13},{"not_picked":["Murderer","ShyLook","FairyFestival"],"picked":"Singing Bowl","floor":14},{"not_picked":["Body Slam+1","Headbutt+1"],"picked":"Cleave+1","floor":14},{"not_picked":["OldLady","BeautyBeast"],"picked":"FieryBird","floor":16},{"not_picked":["Berserk","Fiend Fire+1"],"picked":"Juggernaut","floor":16},{"not_picked":["Bloodbath","NakedNest","PunishingBird"],"picked":"Singing Bowl","floor":18},{"not_picked":["BeautyBeast","BlackArmy"],"picked":"RedShoes","floor":18},{"not_picked":["Warcry","ReplayTheSpireMod:Limb From Limb+1"],"picked":"Juggernaut","floor":18},{"not_picked":["Midas Touch","Transmutation"],"picked":"Poisoned Strike","floor":19},{"not_picked":["expansioncontent:Flail","Dark Shackles"],"picked":"Replay:SS_forest_6","floor":19},{"not_picked":["Crow Ritual","expansioncontent:LastStand"],"picked":"Replay:SS_hec_2","floor":19},{"not_picked":["LittleHelper","MHz","HeroicMonk"],"picked":"Singing Bowl","floor":20},{"not_picked":["Porccubus","CrumblingArmor"],"picked":"WallGazer","floor":20},{"not_picked":["Ghostly Armor","Intimidate"],"picked":"Pommel Strike+1","floor":20},{"not_picked":["SpiderBud","Laetitia"],"picked":"BlackSwan","floor":21},{"not_picked":["Anger+1","Hemokinesis+1"],"picked":"Sword Boomerang+1","floor":21},{"not_picked":["CrumblingArmor","LittlePrince","SingingMachine"],"picked":"Singing Bowl","floor":23},{"not_picked":["SpiderBud","Scorched"],"picked":"BigBadWolf","floor":23},{"not_picked":["Disarm+1","Iron Wave+1"],"picked":"Inflame","floor":23},{"not_picked":["LittlePrince","WhitesApple","MHz"],"picked":"Singing Bowl","floor":24},{"not_picked":["ReplayTheSpireMod:Stacked","Anger+1"],"picked":"Warcry+1","floor":24},{"not_picked":["WhitesApple","Rudolta","Murderer"],"picked":"Singing Bowl","floor":30},{"not_picked":["Shrug It Off+1","Body Slam+1"],"picked":"Thunderclap+1","floor":30},{"not_picked":["Woodsman","FairyFestival"],"picked":"QueenOfHatred","floor":31},{"not_picked":["Hemokinesis+1","Clothesline+1"],"picked":"Pommel Strike+1","floor":31},{"not_picked":["Wellcheers","LittleHelper","BeautyBeast"],"picked":"Singing Bowl","floor":33},{"not_picked":["Impervious","Demon Form"],"picked":"Hemogenesis+1","floor":33}],"player_experience":354673,"relics_obtained":[{"floor":9,"key":"Art of War"},{"floor":13,"key":"Replay:Wax Seal"},{"floor":20,"key":"Red Mask"},{"floor":24,"key":"Ancient Tea Set"},{"floor":26,"key":"Lantern"},{"floor":30,"key":"ReplayFunnel"}],"event_choices":[{"damage_healed":0,"gold_gain":0,"player_choice":"Ignored","damage_taken":0,"max_hp_gain":0,"max_hp_loss":0,"event_name":"Liars Game","floor":10,"gold_loss":0},{"damage_healed":0,"gold_gain":0,"player_choice":"Fought Bandits","damage_taken":0,"max_hp_gain":0,"max_hp_loss":0,"event_name":"Masked Bandits","floor":20,"gold_loss":0},{"cards_removed":["Strike_R"],"damage_healed":0,"gold_gain":0,"player_choice":"Gave Gold","damage_taken":0,"max_hp_gain":0,"max_hp_loss":0,"event_name":"Beggar","floor":28,"gold_loss":75}],"is_beta":false,"boss_relics":[{"not_picked":["Busted Crown","Calling Bell"],"picked":"Runic Dome"},{"not_picked":["Black Star","Ooze Armor"],"picked":"Ring of Chaos"}],"items_purged_floors":[3,7,12,19,22],"is_endless":false,"potions_floor_spawned":[1,8,14,18,20,21,31],"killed_by":"3 Shapes","ascension_level":0}}