{"host":"j0a1jfichhxu8b8p","time":1607613196,"event":{"mods":["BaseMod","Colored Map","DeckTracker","Keyboard Shortcuts","Minty Spire (QoL Compilation)","everything is the same but u backflip on backflip","Permanent Neow"],"gold_per_floor":[116,116,129,129,139,171,171,199,247,247,247],"floor_reached":10,"playtime":315,"items_purged":[],"score":137,"play_id":"37a0cbc5-1bf9-4847-b322-30d89a69663d","local_time":"20201211001316","is_ascension_mode":true,"campfire_choices":[{"data":"Uppercut","floor":7.0,"key":"SMITH"}],"circlet_count":0,"master_deck":["AscendersBane","Strike_R","Strike_R+1","Strike_R","Strike_R+1","Strike_R","Defend_R+1","Defend_R","Defend_R+1","Defend_R","Bash","Impervious","Disarm","Wild Strike","Wild Strike","Uppercut+1","Wild Strike"],"special_seed":0,"relics":["Burning Blood","Matryoshka","Tiny Chest","War Paint","MealTicket"],"acts_visited":["Exordium"],"potions_floor_usage":[],"damage_taken":[{"damage":8.0,"enemies":"Small Slimes","floor":1.0,"turns":5.0},{"damage":5.0,"enemies":"Cultist","floor":3.0,"turns":5.0},{"damage":7.0,"enemies":"Jaw Worm","floor":5.0,"turns":3.0},{"damage":22.0,"enemies":"Gremlin Nob","floor":6.0,"turns":5.0},{"damage":25,"enemies":"Lagavulin","floor":8,"turns":5},{"damage":29,"enemies":"Gremlin Nob","floor":10,"turns":3}],"seed_played":"3229015834955108658","potions_obtained":[{"floor":3.0,"key":"SteroidPotion"},{"floor":5.0,"key":"SteroidPotion"},{"floor":6.0,"key":"Explosive Potion"}],"is_trial":false,"path_per_floor":["M","?","M","?","M","E","R","E","T","E"],"character_chosen":"IRONCLAD","items_purchased":[],"campfire_rested":0,"item_purchase_floors":[],"current_hp_per_floor":[66,43,44,44,43,27,27,8,8,0,0],"gold":247,"neow_bonus":"ONE_RANDOM_RARE_CARD","is_daily":false,"chose_seed":false,"campfire_upgraded":1,"win_rate":0,"timestamp":1607613196,"path_taken":["M","?","M","?","M","E","R","E","T","E"],"build_version":"2020-11-30","purchased_purges":0,"victory":false,"max_hp_per_floor":[75,75,75,75,75,75,75,75,75,75,75],"card_choices":[{"not_picked":["Havoc","Perfected Strike"],"picked":"Disarm","floor":1.0},{"not_picked":["Combust","Bloodletting"],"picked":"Wild Strike","floor":3.0},{"not_picked":["Cleave","Perfected Strike"],"picked":"Wild Strike","floor":5.0},{"not_picked":["Shockwave","Sword Boomerang"],"picked":"Uppercut","floor":6.0},{"not_picked":["Anger","Intimidate"],"picked":"Wild Strike","floor":8}],"player_experience":273826,"relics_obtained":[{"floor":6.0,"key":"Matryoshka"},{"floor":8,"key":"Tiny Chest"},{"floor":9,"key":"War Paint"},{"floor":9,"key":"MealTicket"}],"event_choices":[{"damage_healed":0.0,"max_hp_gain":0.0,"max_hp_loss":0.0,"gold_gain":0.0,"event_name":"Shining Light","player_choice":"Entered Light","floor":2.0,"gold_loss":0.0,"damage_taken":23.0,"cards_upgraded":["Strike_R","Strike_R"]},{"damage_healed":0.0,"max_hp_gain":0.0,"max_hp_loss":0.0,"gold_gain":0.0,"event_name":"FaceTrader","player_choice":"Leave","floor":4.0,"gold_loss":0.0,"damage_taken":0.0}],"is_beta":false,"boss_relics":[],"items_purged_floors":[],"is_endless":false,"potions_floor_spawned":[3,5,6],"killed_by":"Gremlin Nob","ascension_level":16}}