{"host":"d7qmn60fs48wu5y6","time":1607636424,"event":{"mods":["BaseMod","Minty Spire (QoL Compilation)","StSLib","The Cursed","The Servant 0.9.4","Shade Mod","Downfall"],"gold_per_floor":[115,135,153,163,177,206,206,225,225,250,269,302,322,351,351,446,446,462,474,399,399,412,437,470,496,496,510,510,0,100,110,110,209,209,228,244,244,255,37,37,71,121,121,121,153,153,4,16,16,16,16,16,16,16,16],"floor_reached":54,"playtime":3150,"items_purged":["Defend_R"],"score":910,"play_id":"2d5c5172-ef66-4272-8ed7-3bd4e7cb9e3d","local_time":"20201210134024","is_ascension_mode":true,"campfire_choices":[{"data":"Armaments","floor":15,"key":"SMITH"},{"floor":28,"key":"RECALL"},{"data":"Body Slam","floor":32,"key":"SMITH"},{"data":"Uppercut","floor":40,"key":"SMITH"},{"data":"Sentinel","floor":44,"key":"SMITH"},{"floor":46,"key":"REST"},{"data":"Armaments","floor":49,"key":"SMITH"},{"data":"Flame Barrier","floor":52,"key":"SMITH"}],"circlet_count":0,"master_deck":["Bash","Cleave","Uppercut+1","Spot Weakness","Shrug It Off","Flex","Flame Barrier+1","Shrug It Off","Dropkick","Body Slam+1","Armaments+1","Iron Wave","Offering","Flame Barrier","True Grit+1","Uppercut","Demon Form","Demon Form","Entrench","Shrug It Off","Feel No Pain","Sentinel+1","Disarm","Immolate","Battle Trance","Sword Boomerang","Offering","Shockwave","Entrench","Inflame","Seeing Red","Iron Wave","Heavy Blade","Evolve","Shrug It Off","expansioncontent:ChargeUp","Burning Pact","Sentinel","True Grit+1","Bludgeon","Metallicize","Armaments+1"],"relics":["Burning Blood","PreservedInsect","Paper Frog","InkBottle","Gremlin Horn","Ornamental Fan","Snecko Eye","Pantograph","Red Mask","Torii","Thread and Needle","Incense Burner","StrikeDummy","Pandora\u0027s Box","Centennial Puzzle","Charon\u0027s Ashes","Question Card","Bottled Tornado"],"acts_visited":["Exordium","TheCity","TheBeyond","TheEnding"],"potions_floor_usage":[16,16,54,54,54],"damage_taken":[{"damage":6,"enemies":"Cultist","floor":1,"turns":3},{"damage":0,"enemies":"2 Louse","floor":2,"turns":2},{"damage":6,"enemies":"Jaw Worm","floor":3,"turns":3},{"damage":7,"enemies":"2 Fungi Beasts","floor":4,"turns":4},{"damage":9,"enemies":"Exordium Wildlife","floor":5,"turns":4},{"damage":31,"enemies":"Gremlin Nob","floor":6,"turns":5},{"damage":1,"enemies":"3 Louse","floor":8,"turns":2},{"damage":23,"enemies":"Lagavulin","floor":10,"turns":5},{"damage":0,"enemies":"2 Fungi Beasts","floor":11,"turns":4},{"damage":14,"enemies":"3 Sentries","floor":12,"turns":7},{"damage":0,"enemies":"Large Slime","floor":13,"turns":7},{"damage":13,"enemies":"Lagavulin","floor":14,"turns":7},{"damage":27,"enemies":"Slime Boss","floor":16,"turns":14},{"damage":2,"enemies":"Chosen","floor":18,"turns":4},{"damage":0,"enemies":"3 Byrds","floor":19,"turns":3},{"damage":0,"enemies":"Snake Plant","floor":22,"turns":3},{"damage":0,"enemies":"Slavers","floor":23,"turns":6},{"damage":5,"enemies":"Masked Bandits","floor":24,"turns":4},{"damage":7,"enemies":"Book of Stabbing","floor":25,"turns":5},{"damage":1,"enemies":"Centurion and Healer","floor":27,"turns":5},{"damage":1,"enemies":"Colosseum Slavers","floor":30,"turns":4},{"damage":6,"enemies":"Colosseum Nobs","floor":30,"turns":3},{"damage":1,"enemies":"Shelled Parasite and Fungi","floor":31,"turns":6},{"damage":42,"enemies":"Collector","floor":33,"turns":9},{"damage":0,"enemies":"3 Darklings","floor":35,"turns":3},{"damage":2,"enemies":"3 Shapes","floor":36,"turns":7},{"damage":6,"enemies":"Spire Growth","floor":38,"turns":4},{"damage":0,"enemies":"Nemesis","floor":41,"turns":5},{"damage":0,"enemies":"Mind Bloom Boss Battle","floor":42,"turns":6},{"damage":23,"enemies":"Giant Head","floor":45,"turns":6},{"damage":12,"enemies":"Maw","floor":48,"turns":8},{"damage":57,"enemies":"Donu and Deca","floor":50,"turns":11},{"damage":81,"enemies":"Shield and Spear","floor":54,"turns":6}],"seed_played":"116143074024101458","potions_obtained":[{"floor":2,"key":"LiquidBronze"},{"floor":10,"key":"ElixirPotion"},{"floor":12,"key":"EssenceOfSteel"},{"floor":14,"key":"DuplicationPotion"},{"floor":16,"key":"Ancient Potion"},{"floor":18,"key":"ColorlessPotion"},{"floor":31,"key":"EssenceOfSteel"}],"is_trial":false,"path_per_floor":["M","M","M","M","M","E","?","M","T","E","M","E","M","E","R","B",null,"M","M","?","?","M","E","?","E","T","M","R","$","?","M","R","B",null,"M","M","?","M","$","R","E","?","T","R","E","R","$","M","R","B",null,"R","$","E"],"character_chosen":"IRONCLAD","items_purchased":["Thread and Needle","Shrug It Off","Feel No Pain","Evolve","Shrug It Off","expansioncontent:ChargeUp","Bludgeon","Metallicize"],"campfire_rested":1,"item_purchase_floors":[29,29,29,39,39,39,47,47],"current_hp_per_floor":[80,80,80,79,76,51,77,80,80,63,69,61,67,60,60,39,80,80,80,80,80,80,80,80,79,79,80,80,80,80,80,80,44,80,80,80,76,76,76,76,76,76,76,76,59,76,76,70,70,25,76,76,76,0,0],"gold":16,"neow_bonus":"REMOVE_CARD","is_daily":false,"chose_seed":false,"campfire_upgraded":6,"win_rate":0,"timestamp":1607636424,"path_taken":["M","?","M","M","M","E","?","M","T","E","M","E","M","E","R","BOSS","M","M","?","?","M","E","?","E","T","M","R","$","?","M","R","BOSS","M","M","?","M","$","R","E","?","T","R","E","R","$","M","R","BOSS","R","$","E"],"build_version":"2020-11-30","purchased_purges":1,"victory":false,"max_hp_per_floor":[80,80,80,80,80,80,80,80,80,80,80,80,80,80,80,80,80,80,80,80,80,80,80,80,80,80,80,80,80,80,80,80,80,80,80,80,76,76,76,76,76,76,76,76,76,76,76,76,76,76,76,76,76,76,76],"card_choices":[{"not_picked":["Perfected Strike","Pommel Strike"],"picked":"Cleave","floor":1},{"not_picked":["Sword Boomerang","Searing Blow"],"picked":"Uppercut","floor":2},{"not_picked":["Headbutt","Havoc"],"picked":"Spot Weakness","floor":3},{"not_picked":["Wild Strike","Anger"],"picked":"Shrug It Off","floor":4},{"not_picked":["Thunderclap","Rupture"],"picked":"Flex","floor":5},{"not_picked":["Ghostly Armor","Demon Form"],"picked":"Flame Barrier","floor":6},{"not_picked":["Wild Strike","Anger","Perfected Strike"],"picked":"SKIP","floor":8},{"not_picked":["True Grit","Havoc"],"picked":"Shrug It Off","floor":10},{"not_picked":["Fire Breathing","Dark Embrace"],"picked":"Dropkick","floor":11},{"not_picked":["Burning Pact","Warcry"],"picked":"Body Slam","floor":12},{"not_picked":["Anger","Intimidate"],"picked":"Armaments","floor":13},{"not_picked":["Fire Breathing","Exhume"],"picked":"Iron Wave","floor":14},{"not_picked":["Brutality","Berserk"],"picked":"Offering","floor":16},{"not_picked":["Armaments","Thunderclap","Cleave"],"picked":"SKIP","floor":18},{"not_picked":["Thunderclap","Iron Wave"],"picked":"Flame Barrier","floor":19},{"not_picked":["Havoc+1","Bloodletting+1"],"picked":"True Grit+1","floor":22},{"not_picked":["True Grit","Twin Strike+1"],"picked":"Uppercut","floor":23},{"not_picked":["Anger","Clash"],"picked":"Demon Form","floor":24},{"not_picked":["Seeing Red","Sword Boomerang"],"picked":"Demon Form","floor":25},{"not_picked":["Wild Strike","Heavy Blade"],"picked":"Entrench","floor":27},{"not_picked":["Metallicize","Searing Blow"],"picked":"Sentinel","floor":30},{"not_picked":["Dropkick+1","Sword Boomerang"],"picked":"Disarm","floor":31},{"not_picked":["Fiend Fire","Berserk"],"picked":"Immolate","floor":33},{"not_picked":["Sentinel","Clothesline"],"picked":"Seeing Red","floor":35},{"not_picked":["Flex+1","Perfected Strike+1"],"picked":"Iron Wave","floor":36},{"not_picked":["Spot Weakness+1","Iron Wave+1"],"picked":"Heavy Blade","floor":38},{"not_picked":["Clash","Rupture+1"],"picked":"Burning Pact","floor":41},{"not_picked":["Wild Strike","Havoc"],"picked":"Sentinel","floor":42},{"not_picked":["Headbutt+1","Dropkick+1","Rage+1"],"picked":"True Grit+1","floor":45},{"not_picked":["Body Slam+1","Exhume","Sword Boomerang"],"picked":"Armaments","floor":48}],"player_experience":826338,"relics_obtained":[{"floor":6,"key":"PreservedInsect"},{"floor":9,"key":"Paper Frog"},{"floor":10,"key":"InkBottle"},{"floor":12,"key":"Gremlin Horn"},{"floor":14,"key":"Ornamental Fan"},{"floor":23,"key":"Pantograph"},{"floor":24,"key":"Red Mask"},{"floor":25,"key":"Torii"},{"floor":30,"key":"Incense Burner"},{"floor":30,"key":"StrikeDummy"},{"floor":41,"key":"Centennial Puzzle"},{"floor":42,"key":"Charon\u0027s Ashes"},{"floor":43,"key":"Question Card"},{"floor":45,"key":"Bottled Tornado"}],"event_choices":[{"damage_healed":26,"gold_gain":0,"player_choice":"Banana","damage_taken":0,"max_hp_gain":0,"max_hp_loss":0,"event_name":"Big Fish","floor":7,"gold_loss":0},{"cards_removed":["Strike_R"],"damage_healed":0,"gold_gain":0,"player_choice":"Gave Gold","damage_taken":0,"max_hp_gain":0,"max_hp_loss":0,"event_name":"Beggar","floor":20,"gold_loss":75},{"damage_healed":0,"gold_gain":0,"player_choice":"Fought Bandits","damage_taken":0,"max_hp_gain":0,"max_hp_loss":0,"event_name":"Masked Bandits","floor":24,"gold_loss":0},{"damage_healed":0,"gold_gain":0,"player_choice":"Fight","damage_taken":0,"max_hp_gain":0,"max_hp_loss":0,"event_name":"Colosseum","floor":30,"gold_loss":0},{"damage_healed":0,"gold_gain":0,"player_choice":"Fought Nobs","damage_taken":0,"max_hp_gain":0,"max_hp_loss":0,"event_name":"Colosseum","floor":30,"gold_loss":0},{"damage_healed":0,"gold_gain":0,"player_choice":"Max HP","damage_taken":0,"max_hp_gain":0,"max_hp_loss":4,"event_name":"Winding Halls","floor":37,"gold_loss":0},{"damage_healed":0,"gold_gain":0,"player_choice":"Fight","damage_taken":0,"max_hp_gain":0,"max_hp_loss":0,"event_name":"MindBloom","floor":42,"gold_loss":0}],"is_beta":false,"boss_relics":[{"not_picked":["Busted Crown","Runic Dome"],"picked":"Snecko Eye"},{"not_picked":["Coffee Dripper","Runic Pyramid"],"picked":"Pandora\u0027s Box"}],"items_purged_floors":[29],"is_endless":false,"potions_floor_spawned":[2,10,12,13,14,16,18,19,25,27,31,33,35,38,41,48],"killed_by":"Shield and Spear","ascension_level":1}}