{"host":"spdo1rkrnctwf3z7","time":1607621087,"event":{"gold_per_floor":[112,112,127,77,92,92,92,104,130,130,145,163,163,18,18,18,18],"floor_reached":16,"playtime":847,"items_purged":[],"score":94,"play_id":"af84ac5d-fe09-4dc8-b1db-ea5b1c9b33b2","local_time":"20201211022447","is_ascension_mode":false,"campfire_choices":[{"data":"Eruption","floor":6,"key":"SMITH"},{"data":"ForeignInfluence","floor":15,"key":"SMITH"}],"neow_cost":"NONE","seed_source_timestamp":189573700442200,"circlet_count":0,"master_deck":["Strike_P","Strike_P","Strike_P","Defend_P","Defend_P","Defend_P","Defend_P","Eruption+1","Vigilance","WaveOfTheHand","ForeignInfluence","ForeignInfluence+1","Protect"],"relics":["PureWater","NeowsBlessing","Happy Flower","Golden Idol","HandDrill"],"potions_floor_usage":[11,16,16],"damage_taken":[{"damage":0,"enemies":"2 Louse","floor":1,"turns":1},{"damage":2,"enemies":"Small Slimes","floor":2,"turns":2},{"damage":0,"enemies":"Jaw Worm","floor":3,"turns":1},{"damage":6,"enemies":"Blue Slaver","floor":5,"turns":4},{"damage":15,"enemies":"Looter","floor":8,"turns":3},{"damage":9,"enemies":"Large Slime","floor":11,"turns":5},{"damage":1,"enemies":"Red Slaver","floor":12,"turns":3},{"damage":53,"enemies":"The Guardian","floor":16,"turns":11}],"seed_played":"780521264346922956","potions_obtained":[{"floor":3,"key":"DuplicationPotion"},{"floor":5,"key":"SkillPotion"},{"floor":12,"key":"Energy Potion"}],"is_trial":false,"path_per_floor":["M","M","M","?","M","R","$","M","T","?","M","M","?","$","R","B"],"character_chosen":"WATCHER","items_purchased":["HandDrill"],"campfire_rested":0,"item_purchase_floors":[14],"current_hp_per_floor":[72,70,70,70,64,64,64,49,49,31,22,21,45,45,45,0,0],"gold":18,"neow_bonus":"THREE_ENEMY_KILL","is_prod":false,"is_daily":false,"chose_seed":false,"campfire_upgraded":2,"win_rate":0.0,"timestamp":1607621087,"path_taken":["M","M","M","?","M","R","$","M","T","?","M","M","?","?","R","BOSS"],"build_version":"2020-11-30","purchased_purges":0,"victory":false,"max_hp_per_floor":[72,72,72,72,72,72,72,72,72,72,72,72,72,72,72,72,72],"card_choices":[{"not_picked":["ClearTheMind","Conclude"],"picked":"WaveOfTheHand","floor":1},{"not_picked":["PathToVictory","Weave","Study"],"picked":"SKIP","floor":2},{"not_picked":["EmptyFist","FollowUp"],"picked":"ForeignInfluence","floor":3},{"not_picked":["Prostrate","TalkToTheHand"],"picked":"ForeignInfluence","floor":5},{"not_picked":["TalkToTheHand","FearNoEvil","CutThroughFate"],"picked":"SKIP","floor":8},{"not_picked":["Consecrate","Meditate","FlyingSleeves"],"picked":"SKIP","floor":11},{"not_picked":["PathToVictory","CrushJoints"],"picked":"Protect","floor":12}],"player_experience":112850,"relics_obtained":[{"floor":9,"key":"Happy Flower"}],"event_choices":[{"cards_removed":["Strike_P"],"damage_healed":0,"gold_gain":0,"player_choice":"Card Removal","damage_taken":0,"max_hp_gain":0,"max_hp_loss":0,"event_name":"The Cleric","floor":4,"gold_loss":50},{"damage_healed":0,"gold_gain":0,"player_choice":"Take Damage","damage_taken":18,"relics_obtained":["Golden Idol"],"max_hp_gain":0,"max_hp_loss":0,"event_name":"Golden Idol","floor":10,"gold_loss":0},{"damage_healed":24,"gold_gain":0,"player_choice":"Banana","damage_taken":0,"max_hp_gain":0,"max_hp_loss":0,"event_name":"Big Fish","floor":13,"gold_loss":0}],"is_beta":false,"boss_relics":[],"items_purged_floors":[],"is_endless":false,"potions_floor_spawned":[3,5,12],"killed_by":"The Guardian","ascension_level":0}}