{"host":"e60lxwgnuildi45x","time":1607611368,"event":{"mods":["BaseMod","StSLib","Act Like it!","Downfall","Minty Spire (QoL Compilation)","Gensokyo","Hallownest","Luminous","Lobotomy","[IsaacMod]ÒÔÈö¼âËþ","TestMod"],"gold_per_floor":[116,136,147,147,162,190,190,230,253,253,289,326,344,184,184,316,316,337,349,371,371,398,427,427,461,488,300,365,365,400,421,421,528,528,548,566,583,609,609,609,646,567,567,612,612,637,684,715,715,737,769,795,795,795,838,838,880,880,880,897,978,1009,1042,1042,1076,1076,1076,1076,1123,1123],"floor_reached":54,"playtime":2945,"items_purged":["Regret","Defend_P","Strike_P","Defend_P"],"score":1826,"play_id":"bc7a06da-4da3-425b-a62c-428e58aefacc","local_time":"20201210224248","is_ascension_mode":true,"campfire_choices":[{"data":"Eruption","floor":7,"key":"SMITH"},{"data":"BettingIsNotGood","floor":10,"key":"SMITH"},{"data":"FlurryOfBlows","floor":15,"key":"SMITH"},{"data":"Master of Strategy","floor":24,"key":"SMITH"},{"data":"Brilliance","floor":32,"key":"SMITH"},{"floor":40,"key":"REST"},{"data":"DevaForm","floor":45,"key":"SMITH"},{"data":"Ragnarok","floor":49,"key":"SMITH"},{"floor":41,"key":"RECALL"},{"data":"FlurryOfBlows","floor":49,"key":"SMITH"},{"data":"CarveReality","floor":52,"key":"SMITH"}],"circlet_count":0,"master_deck":["Strike_P","Strike_P","Strike_P","Defend_P","Defend_P","Eruption+1","Vigilance","BettingIsNotGood+1","TalkToTheHand","EmptyBody","Fasting2","SandsOfTime","Consecrate","FlurryOfBlows+1","Prostrate","Nirvana","Pray","InnerPeace","Master of Strategy+1","DevaForm+1","Brilliance+1","CutThroughFate+1","Protect","Worship","Ragnarok+1","ReachHeaven","FlurryOfBlows+1","CarveReality+1","ClearTheMind+1","Devotion","testmod-TradeIn","MasterReality","Impatience","Crescendo+1","Prostrate+1","DeusExMachina","Weave","expansioncontent:HyperBeam","FlurryOfBlows+1","Adaptation+1","DoctorFetus","Good Instincts+1","Judgement+1","FollowUp","Worship+1","Flash of Steel","ConjureBlade+1","Vengeance+1","Vault+1"],"relics":["HushsDoor","testmod-TestBox","testmod-D¨¦j¨¤vu","SteamSale","testmod-DeterminationOfClimber","HowToJump","Blood Vial","Omamori","Dream Catcher","testmod-ObsoleteBoomerang","testmod-CardMagician","Orichalcum","BookOfRevelations","Vajra","Lantern","Strange Spoon","HornCleat","Gensokyo:DirgeOfMelancholy","Singing Bowl","Runic Pyramid","Mango","Membership Card","testmod-Acrobat","testmod-LifeArmor","Potion Belt","Bag of Preparation","Toxic Egg 2","InkBottle","Medical Kit","Nunchaku","Happy Flower","Gremlin Horn","Strawberry","Unceasing Top","Kunai","NineVolt","Torii"],"acts_visited":["Exordium","Gensokyo:Gensokyoer","TheBeyond","TheEnding"],"potions_floor_usage":[6,20,30,42,47],"damage_taken":[{"damage":0,"enemies":"2 Louse","floor":1,"turns":2},{"damage":1,"enemies":"Small Slimes","floor":2,"turns":2},{"damage":7,"enemies":"Jaw Worm","floor":3,"turns":3},{"damage":8,"enemies":"Red Slaver","floor":5,"turns":4},{"damage":18,"enemies":"Gremlin Nob","floor":6,"turns":3},{"damage":17,"enemies":"3 Sentries","floor":8,"turns":4},{"damage":18,"enemies":"Gremlin Nob","floor":11,"turns":3},{"damage":0,"enemies":"Looter","floor":12,"turns":1},{"damage":1,"enemies":"Gremlin Gang","floor":13,"turns":2},{"damage":19,"enemies":"Hexaghost","floor":16,"turns":3},{"damage":0,"enemies":"Gensokyo:3_Dogs","floor":18,"turns":1},{"damage":0,"enemies":"Gensokyo:AngelMirror","floor":19,"turns":1},{"damage":0,"enemies":"Gensokyo:Slime_Group","floor":20,"turns":3},{"damage":0,"enemies":"Gensokyo:3_Gloops","floor":22,"turns":2},{"damage":0,"enemies":"Gensokyo:Tenshi","floor":23,"turns":1},{"damage":0,"enemies":"Gensokyo:Koishi","floor":25,"turns":2},{"damage":0,"enemies":"Gensokyo:Reisen","floor":28,"turns":3},{"damage":0,"enemies":"Gensokyo:Tenshi","floor":30,"turns":2},{"damage":0,"enemies":"Gensokyo:Wraith","floor":31,"turns":2},{"damage":0,"enemies":"Gensokyo:Eiki","floor":33,"turns":3},{"damage":0,"enemies":"3 Darklings","floor":35,"turns":2},{"damage":6,"enemies":"Orb Walker","floor":36,"turns":2},{"damage":0,"enemies":"3 Darklings","floor":37,"turns":3},{"damage":30,"enemies":"Maw","floor":38,"turns":3},{"damage":0,"enemies":"Nemesis","floor":41,"turns":1},{"damage":0,"enemies":"Reptomancer","floor":44,"turns":2},{"damage":0,"enemies":"Sphere and 2 Shapes","floor":46,"turns":1},{"damage":5,"enemies":"Nemesis","floor":47,"turns":3},{"damage":0,"enemies":"Jaw Worm Horde","floor":48,"turns":1},{"damage":0,"enemies":"Orb Walker","floor":35,"turns":1},{"damage":0,"enemies":"3 Darklings","floor":36,"turns":1},{"damage":0,"enemies":"Jaw Worm Horde","floor":37,"turns":1},{"damage":0,"enemies":"Nemesis","floor":40,"turns":1},{"damage":0,"enemies":"Reptomancer","floor":42,"turns":1},{"damage":0,"enemies":"Sphere and 2 Shapes","floor":45,"turns":1},{"damage":0,"enemies":"Giant Head","floor":46,"turns":1},{"damage":0,"enemies":"Writhing Mass","floor":47,"turns":1},{"damage":0,"enemies":"Spire Growth","floor":48,"turns":1},{"damage":0,"enemies":"Awakened One","floor":50,"turns":2},{"damage":0,"enemies":"Shield and Spear","floor":54,"turns":1}],"seed_played":"6822803986265171021","potions_obtained":[{"floor":2,"key":"Block Potion"},{"floor":5,"key":"ColorlessPotion"},{"floor":6,"key":"EssenceOfSteel"},{"floor":11,"key":"Slimebound:ThreeZeroPotion"},{"floor":13,"key":"DuplicationPotion"},{"floor":28,"key":"Ancient Potion"},{"floor":31,"key":"FearPotion"},{"floor":44,"key":"FearPotion"},{"floor":46,"key":"AttackPotion"},{"floor":48,"key":"ColorlessPotion"}],"is_trial":false,"path_per_floor":["M","M","M","?","M","E","R","E","T","R","E","M","M","$","R","B",null,"M","M","M","?","M","E","R","E","T","$","E","?","E","M","R","B",null,"M","M","M","M","?","R","E","$","T","E","R","M","E","M","R","M","M","M","$","?","E","R","E","T","?","M","E","M","M","R","B",null,"R","$","E"],"character_chosen":"WATCHER","items_purchased":["InnerPeace","Master of Strategy","Brilliance","Lantern","Strange Spoon","CarveReality","testmod-TradeIn","MasterReality","Impatience","Membership Card","testmod-Acrobat","ForgetMeNow","testmod-SpacePotion","Dexterity Potion","PowerPotion","Weave","expansioncontent:HyperBeam","Toxic Egg 2","InkBottle","Medical Kit","DoctorFetus","Good Instincts+1","Unceasing Top","Kunai","NineVolt","Flash of Steel","ConjureBlade+1","Vengeance+1"],"campfire_rested":1,"item_purchase_floors":[14,14,17,27,27,27,34,34,34,42,42,42,42,42,42,42,42,38,38,38,38,38,53,53,53,53,53,53],"current_hp_per_floor":[67,67,66,66,67,51,51,41,41,41,31,34,39,39,39,31,59,68,68,68,63,63,63,63,63,63,63,63,63,65,67,67,67,56,56,56,58,37,37,55,76,76,76,78,78,80,82,84,84,84,84,86,86,86,88,88,88,88,88,88,97,99,99,99,99,99,99,99,99,99],"gold":1123,"neow_bonus":"BOSS_RELIC","is_daily":false,"chose_seed":false,"campfire_upgraded":9,"win_rate":0,"timestamp":1607611368,"path_taken":["M","M","M","?","M","E","R","E","T","R","E","M","M","$","R","BOSS","M","M","M","?","M","E","R","E","T","$","E","?","E","?","R","BOSS","M","M","M","M","?","R","E","$","T","E","R","M","E","M","R","M","M","M","$","?","E","R","E","T","?","M","E","M","M","R","BOSS","R","$","E"],"build_version":"2020-11-30","purchased_purges":4,"victory":false,"max_hp_per_floor":[72,72,72,72,72,72,72,72,72,72,72,72,72,72,72,72,68,68,68,68,63,63,63,63,63,63,63,63,63,65,67,67,67,56,56,58,58,60,60,60,76,76,76,78,78,80,82,84,84,84,84,86,86,86,88,88,88,88,88,88,97,99,99,99,99,99,99,99,99,99],"card_choices":[{"not_picked":[],"picked":"BettingIsNotGood","floor":0},{"not_picked":["Sanctity","PathToVictory"],"picked":"TalkToTheHand","floor":1},{"not_picked":["SignatureMove","Protect"],"picked":"EmptyBody","floor":2},{"not_picked":["Pray","Indignation"],"picked":"Fasting2","floor":3},{"not_picked":["CutThroughFate","Protect"],"picked":"SandsOfTime","floor":5},{"not_picked":["SashWhip","JustLucky"],"picked":"Consecrate","floor":6},{"not_picked":["Vault","FollowUp"],"picked":"FlurryOfBlows","floor":8},{"not_picked":["SpiritShield","Crescendo"],"picked":"Prostrate","floor":11},{"not_picked":["EmptyBody","Indignation"],"picked":"Nirvana","floor":12},{"not_picked":["EmptyBody","Collect"],"picked":"Pray","floor":13},{"not_picked":["Devotion","Scrawl"],"picked":"DevaForm","floor":16},{"not_picked":["Sanctity","PathToVictory+1"],"picked":"CutThroughFate+1","floor":18},{"not_picked":["Indignation","Pray"],"picked":"Protect","floor":19},{"not_picked":["JustLucky","ThirdEye"],"picked":"Worship","floor":20},{"not_picked":["Pray+1","ThirdEye+1"],"picked":"Ragnarok","floor":22},{"not_picked":["EmptyBody","WindmillStrike"],"picked":"ReachHeaven","floor":23},{"not_picked":["ThirdEye+1","BowlingBash"],"picked":"FlurryOfBlows","floor":25},{"not_picked":["FlurryOfBlows+1","WreathOfFlame"],"picked":"ClearTheMind+1","floor":28},{"not_picked":["Conclude","Weave","SignatureMove"],"picked":"Singing Bowl","floor":30},{"not_picked":["WaveOfTheHand","CrushJoints","ClearTheMind"],"picked":"Singing Bowl","floor":31},{"not_picked":["Ragnarok","Omniscience"],"picked":"Devotion","floor":33},{"not_picked":["Worship","CutThroughFate+1"],"picked":"Crescendo+1","floor":35},{"not_picked":["Wireheading","Crescendo","Halt+1"],"picked":"Singing Bowl","floor":36},{"not_picked":["Meditate","LikeWater+1"],"picked":"Prostrate+1","floor":37},{"not_picked":["SandsOfTime","CrushJoints","Nirvana"],"picked":"Singing Bowl","floor":38},{"not_picked":["Halt+1","LikeWater"],"picked":"DeusExMachina","floor":40},{"not_picked":["FlyingSleeves+1","Pray","BowlingBash"],"picked":"Singing Bowl","floor":41},{"not_picked":["WheelKick","Crescendo+1","TalkToTheHand"],"picked":"Singing Bowl","floor":44},{"not_picked":["ThirdEye","EmptyBody+1","Prostrate"],"picked":"Singing Bowl","floor":46},{"not_picked":["Protect","Consecrate","Halt"],"picked":"Singing Bowl","floor":47},{"not_picked":["WindmillStrike+1","Consecrate","Blasphemy"],"picked":"Singing Bowl","floor":48},{"not_picked":["BowlingBash+1","SashWhip"],"picked":"FlurryOfBlows+1","floor":35},{"not_picked":["WheelKick+1","EmptyBody"],"picked":"Adaptation+1","floor":36},{"not_picked":["BowlingBash+1","FlurryOfBlows+1","EmptyFist"],"picked":"Singing Bowl","floor":37},{"not_picked":["WindmillStrike+1","CutThroughFate","SashWhip+1"],"picked":"Singing Bowl","floor":40},{"not_picked":["Tantrum","CutThroughFate"],"picked":"Judgement+1","floor":42},{"not_picked":["BattleHymn","Meditate+1"],"picked":"FollowUp","floor":45},{"not_picked":["SashWhip","EmptyBody+1","Wallop"],"picked":"Singing Bowl","floor":46},{"not_picked":["Sanctity+1","BowlingBash","Evaluate+1"],"picked":"Singing Bowl","floor":47},{"not_picked":["Nirvana","SandsOfTime+1"],"picked":"Worship+1","floor":48},{"not_picked":["PathToVictory+1","CrushJoints+1"],"picked":"Vault+1","floor":54}],"player_experience":516169,"relics_obtained":[{"floor":6,"key":"Blood Vial"},{"floor":8,"key":"Omamori"},{"floor":9,"key":"Dream Catcher"},{"floor":11,"key":"testmod-ObsoleteBoomerang"},{"floor":23,"key":"BookOfRevelations"},{"floor":25,"key":"Vajra"},{"floor":28,"key":"HornCleat"},{"floor":30,"key":"Singing Bowl"},{"floor":41,"key":"Mango"},{"floor":43,"key":"testmod-LifeArmor"},{"floor":44,"key":"Potion Belt"},{"floor":47,"key":"Bag of Preparation"},{"floor":40,"key":"Nunchaku"},{"floor":42,"key":"Happy Flower"},{"floor":43,"key":"Gremlin Horn"},{"floor":46,"key":"Strawberry"},{"floor":54,"key":"Torii"}],"event_choices":[{"damage_healed":0,"gold_gain":0,"player_choice":"Box","damage_taken":0,"relics_obtained":["HowToJump"],"max_hp_gain":0,"max_hp_loss":0,"event_name":"Big Fish","floor":4,"gold_loss":0,"cards_obtained":["Regret"]},{"damage_healed":0,"gold_gain":0,"player_choice":"Ignored","damage_taken":0,"max_hp_gain":0,"max_hp_loss":0,"event_name":"Tomb of Lord Red Mask","floor":39,"gold_loss":0}],"is_beta":false,"boss_relics":[{"not_picked":["Cursed Key","Pandora\u0027s Box"],"picked":"testmod-CardMagician"},{"not_picked":[]},{"not_picked":["Busted Crown","Runic Dome"],"picked":"Runic Pyramid"},{"not_picked":[]}],"items_purged_floors":[14,42,38,53],"is_endless":false,"potions_floor_spawned":[2,5,6,11,13,18,19,28,31,33,36,44,46,48,35,37,45,48],"killed_by":"Shield and Spear","ascension_level":7}}