{"host":"vvp4eihuvtuugjfx","time":1607574952,"event":{"gold_per_floor":[20,20,20,20,30,30,55,67,79,91,129,71,83,95,107,221,333,362,408,438,464,42,42,42],"floor_reached":23,"playtime":1568,"items_purged":["HollowMod:FocusHealStart"],"score":213,"play_id":"f60b7b7f-6812-4a61-8d7c-d3e347ce65e7","local_time":"20201210053552","is_ascension_mode":true,"campfire_choices":[{"data":"HollowMod:DescendingDark","floor":6.0,"key":"SMITH"},{"data":"HollowMod:theNailsmith","floor":8.0,"key":"SMITH"},{"data":"HollowMod:Weaversong","floor":10.0,"key":"SMITH"},{"data":"HollowMod:SharpenedShadows","floor":15,"key":"SMITH"}],"neow_cost":"NO_GOLD","seed_source_timestamp":2425948600348300,"circlet_count":0,"master_deck":["HollowMod:NailStrikeStart","HollowMod:NailStrikeStart","HollowMod:NailStrikeStart","HollowMod:NailStrikeStart","HollowMod:QuickDashStart+1","HollowMod:QuickDashStart+1","HollowMod:QuickDashStart","HollowMod:QuickDashStart","HollowMod:PogoStrike","HollowMod:Weaversong+1","Writhe","HollowMod:DescendingDark+1","HollowMod:theNailsmith+1","HollowMod:SharpenedShadows+1","HollowMod:HornetsHelp","HollowMod:CloakDash+1","HollowMod:MothsMistake","HollowMod:GrimmsGift+1","HollowMod:AbyssShriek","HollowMod:Weaversong"],"special_seed":0,"relics":["construct:RocketBooster","Gremlin Food","Hallownest:StagBellRelic1","Hallownest:DreamNailRelic","Replay:Wanted Poster","Blue Candle","MerchantsRug","Blue Doll"],"potions_floor_usage":[16,18,21],"damage_taken":[{"damage":9.0,"enemies":"Hallownest:2_Baldur","floor":1.0,"turns":3.0},{"damage":5.0,"enemies":"Hallownest:monsterHuskWarrior","floor":5.0,"turns":4.0},{"damage":4.0,"enemies":"Hallownest:eliteMossKnight","floor":7.0,"turns":8.0},{"damage":26.0,"enemies":"Hallownest:eliteCrystalGuardian","floor":11.0,"turns":5.0},{"damage":44,"enemies":"Hallownest:BossFalseKnight","floor":16,"turns":8},{"damage":14,"enemies":"Hallownest:3_Youths","floor":18,"turns":5},{"damage":6,"enemies":"Hallownest:2_Mistakes","floor":19,"turns":5},{"damage":26,"enemies":"Hallownest:2_Mistakes","floor":20,"turns":7},{"damage":24,"enemies":"Hallownest:monsterMisterMushroom","floor":21,"turns":7},{"damage":46,"enemies":"Hallownest:eliteSoulWarrior","floor":23,"turns":4}],"seed_played":"4903652237229721224","potions_obtained":[{"floor":7.0,"key":"Guardian:BlockOnCardUsePotion"},{"floor":16,"key":"ColorlessPotion"},{"floor":18,"key":"sneckomod:MuddlingPotion"},{"floor":20,"key":"Elixir"}],"is_trial":false,"path_per_floor":["M","?","?","?","M","R","E","R","T","R","E","?","$","?","R","B",null,"M","MIM","M","M","$","E"],"character_chosen":"THE_BUGKNIGHT","items_purchased":["MerchantsRug","HollowMod:AbyssShriek","HollowMod:Weaversong","Blue Doll"],"campfire_rested":0,"item_purchase_floors":[22,22,22,22],"current_hp_per_floor":[72,63,63,72,73,73,79,79,79,79,62,62,62,62,62,24,84,70,64,44,30,30,0,0],"gold":42,"neow_bonus":"THREE_RARE_CARDS","is_prod":false,"is_daily":false,"chose_seed":false,"campfire_upgraded":4,"win_rate":0,"timestamp":1607574952,"path_taken":["M","?","?","?","?","R","E","R","T","R","E","?","?","?","R","BOSS","M","?","M","M","?","E"],"build_version":"2020-11-30","purchased_purges":1,"victory":false,"max_hp_per_floor":[75,75,75,84,84,84,84,84,84,84,84,84,84,84,84,84,84,84,84,84,84,84,84,84],"card_choices":[{"not_picked":["HollowMod:LifebloodCore","HollowMod:HornetsHelp"],"picked":"HollowMod:Weaversong","floor":0.0},{"not_picked":["HollowMod:ChannelNail","HollowMod:InfectionAssault","HollowMod:HowlingWraiths"],"picked":"SKIP","floor":1.0},{"not_picked":["HollowMod:SharpenedShadows","HollowMod:DashSlash"],"picked":"HollowMod:DescendingDark","floor":5.0},{"not_picked":["HollowMod:ChannelNail","HollowMod:GreatSlash"],"picked":"HollowMod:theNailsmith","floor":7.0},{"not_picked":["HollowMod:BaldurShell","HollowMod:GoodIntentions"],"picked":"HollowMod:SharpenedShadows","floor":11.0},{"not_picked":["HollowMod:theNailsmith","HollowMod:SoulMaster"],"picked":"HollowMod:HornetsHelp","floor":16},{"not_picked":["HollowMod:NewLittleFool+1","HollowMod:SiblingsSouls+1"],"picked":"HollowMod:CloakDash+1","floor":18},{"not_picked":["HollowMod:ChannelNail","HollowMod:GoodIntentions"],"picked":"HollowMod:MothsMistake","floor":19},{"not_picked":["HollowMod:DreamGate","HollowMod:ShadowDash"],"picked":"HollowMod:GrimmsGift+1","floor":20},{"not_picked":["HollowMod:DesolateDive","HollowMod:CycloneSlash","HollowMod:SharpenedNail"],"picked":"SKIP","floor":21}],"player_experience":697447,"relics_obtained":[{"floor":7.0,"key":"aspiration:SeaSaltIceCream"},{"floor":9.0,"key":"construct:RocketBooster"},{"floor":11.0,"key":"Gremlin Food"},{"floor":19,"key":"Blue Candle"}],"event_choices":[],"is_beta":false,"boss_relics":[{"not_picked":["aspiration:WatcherSkillbook","Kintsugi"],"picked":"Replay:Wanted Poster"}],"items_purged_floors":[22],"is_endless":false,"potions_floor_spawned":[7,16,18,20],"killed_by":"Hallownest:eliteSoulWarrior","ascension_level":2}}