{"host":"mvw7i28zi3kj0eu9","time":1607595304,"event":{"gold_per_floor":[119,119,119,132,132,132,163,180,180,180,206,206,216,166,166,270,270,286,286,306,323,323,350,366,226,226,226,66,66,66,92,92,195,195,210,210,222,17,17,45,45,64,113,113,113,146,249,263,263,362,362,376,387,387,387,462,481,481,558,582,591,606,606,606,37,37,131,131,140,363,365,377,377,377,377,377,377,327,329,342,342,342,342,427,427,440,478,478,251,259,259,278,278,278,278,281,281,231,231,231,321,321,334,334,284,297,297,326,350,357,384,394,394,394,394,394,394,492,492,498,498,288,288,302,302,302,302,377,377,403,413,297,305,305,384,384,395,402,339,239,244,272,289,289,312,324,335,361,361,379,379,503,503,520,533,391,275,303,314,336,351,427,439,457,457,492,522,534,650,662,695,731,751,763,775,787,825,837,873,835,847,847,847,917,917,1017,1017,1034,1080,1091,1029,1044,1044,1115,1115,1164,1193,1193,1193,1195,1200,1200,1303,1303,1303,1253,1738,1840],"floor_reached":209,"playtime":3219,"items_purged":["Defend_R","Strike_R","Defend_R","Defend_R","Strike_R","Strike_R+1","Strike_R+1","Ghostly Armor+1","Bash+1","Limit Break+1","Shrug It Off+1","Impervious","Metallicize","expansioncontent:DefensiveStance","Thunderclap+2","Armaments+1"],"score":4856,"play_id":"84a9cfab-c1c3-483c-87f1-df6bd4017dd7","local_time":"20201210111504","is_ascension_mode":false,"campfire_choices":[{"data":"Body Slam","floor":6,"key":"SMITH"},{"data":"Body Slam","floor":10,"key":"SMITH"},{"data":"Entrench","floor":15,"key":"SMITH"},{"data":"Shrug It Off","floor":32,"key":"SMITH"},{"data":"Shrug It Off","floor":41,"key":"SMITH"},{"data":"Bash","floor":49,"key":"SMITH"},{"data":"Limit Break","floor":58,"key":"SMITH"},{"floor":64,"key":"RECALL"},{"data":"Shrug It Off+1","floor":74,"key":"SMITH"},{"data":"Shrug It Off+2","floor":76,"key":"SMITH"},{"data":"Shrug It Off+3","floor":81,"key":"SMITH"},{"data":"Shrug It Off+4","floor":83,"key":"SMITH"},{"data":"Shrug It Off+5","floor":91,"key":"SMITH"},{"data":"Shrug It Off+6","floor":95,"key":"SMITH"},{"data":"Shrug It Off+7","floor":97,"key":"SMITH"},{"data":"Shrug It Off+8","floor":100,"key":"SMITH"},{"data":"Shrug It Off+9","floor":113,"key":"SMITH"},{"data":"Shrug It Off+10","floor":114,"key":"SMITH"},{"data":"Shrug It Off+11","floor":117,"key":"SMITH"},{"data":"Shrug It Off+12","floor":125,"key":"SMITH"},{"data":"Shrug It Off","floor":127,"key":"SMITH"},{"data":"Shrug It Off+13","floor":129,"key":"SMITH"},{"data":"Shrug It Off+14","floor":134,"key":"SMITH"},{"data":"Shrug It Off+15","floor":144,"key":"SMITH"},{"data":"Thunderclap+1","floor":151,"key":"SMITH"},{"data":"expansioncontent:DefensiveMode","floor":165,"key":"SMITH"},{"data":"Shrug It Off","floor":168,"key":"SMITH"},{"data":"Shrug It Off+1","floor":176,"key":"SMITH"},{"data":"Shrug It Off+2","floor":178,"key":"SMITH"},{"data":"Shrug It Off+3","floor":183,"key":"SMITH"},{"data":"Shrug It Off+4","floor":185,"key":"SMITH"},{"data":"Shrug It Off+5","floor":193,"key":"SMITH"},{"data":"Shrug It Off+6","floor":195,"key":"SMITH"},{"data":"Shrug It Off+7","floor":202,"key":"SMITH"},{"data":"Shrug It Off+8","floor":205,"key":"SMITH"}],"neow_cost":"","seed_source_timestamp":1451535959052100,"circlet_count":1,"master_deck":["Entrench+1","hubris:DuctTapeCard","Shrug It Off+9"],"relics":["Burning Blood","Juzu Bracelet","Oddly Smooth Stone","Letter Opener","Replay:Baseball","Calipers","Tiny Chest","Gremlin Food","Chemical X","infinitespire:EmpoweringShard","HornCleat","CaptainsWheel","Akabeko","halation:QuantumPhysicsTextbook","Sundial","The Courier","MealTicket","energizedSpire:NeverEndingSparkler","MutagenicStrength","Vajra","relicPack:DarknessArmor","Happy Flower","SacredBark","hubris:TinFlute","Blood Vial","Coffee Dripper","Durian","hubris:DuctTape","MerchantsRug","SlaversCollar","conspire:TopHat","Eternal Feather","Smiling Mask","Regal Pillow","Bag of Preparation","Bag of Marbles","conspire:InfiniteJournal","Matryoshka","infinitespire:Beetle Shell","hubris:RunicObelisk","Membership Card","infinitespire:PuzzleCube","Mercury Hourglass","ReplayTheSpireMod:Lightbulb","infinitespire:CheckeredPen","hubris:SphereOfDissonance","hubris:FunFungus","infinitespire:Cupcake","halation:EternalFortune","Lantern","Centennial Puzzle","hubris:OldNail","relicPack:AllForOne","Garlic","energizedSpire:DeadBattery","hubris:SlimyHat","hubris:PeanutButter","Quantum Egg","Toy Ornithopter","Unceasing Top","Busted Crown","conspire:TreasureMap","infinitespire:Midas Blood","Omamori","Replay:Bandana","conspire:SpecialSausage","Anchor","Odd Mushroom","Ornamental Fan","MawBank","conspire:RoyalGoblet","halation:KoshaPiece","Circlet","Bronze Scales","RollingBoulder","hubris:Backtick","Replay:Arrowhead","Replay:Kaleidoscope","ReplayFunnel","infinitespire:Eraser","Gremlin Horn","hubris:Towel","relicPack:DSword","hubris:HollowSoul","hubris:MobiusCoin"],"potions_floor_usage":[23,46,50,84,150,152,186,203],"damage_taken":[{"damage":0,"enemies":"Small Slimes","floor":1,"turns":1},{"damage":0,"enemies":"Jaw Worm","floor":4,"turns":1},{"damage":0,"enemies":"Replay:BlueRogue","floor":7,"turns":3},{"damage":0,"enemies":"2 Louse","floor":8,"turns":1},{"damage":0,"enemies":"3 Sentries","floor":11,"turns":3},{"damage":0,"enemies":"Exordium Thugs","floor":13,"turns":2},{"damage":0,"enemies":"Hexaghost","floor":16,"turns":2},{"damage":0,"enemies":"Shell Parasite","floor":18,"turns":2},{"damage":0,"enemies":"3 Byrds","floor":20,"turns":2},{"damage":6,"enemies":"Shelled Parasite and Fungi","floor":21,"turns":2},{"damage":0,"enemies":"conspire:SneckoGhost","floor":23,"turns":1},{"damage":21,"enemies":"Snake Plant","floor":24,"turns":2},{"damage":0,"enemies":"Book of Stabbing","floor":31,"turns":1},{"damage":0,"enemies":"Collector","floor":33,"turns":2},{"damage":0,"enemies":"Orb Walker","floor":35,"turns":1},{"damage":0,"enemies":"3 Shapes","floor":37,"turns":1},{"damage":0,"enemies":"R_Hoarder","floor":40,"turns":2},{"damage":0,"enemies":"Sphere and 2 Shapes","floor":42,"turns":2},{"damage":0,"enemies":"Nightmare","floor":46,"turns":1},{"damage":0,"enemies":"Writhing Mass","floor":48,"turns":1},{"damage":0,"enemies":"infinitespire:MassOfShapes","floor":50,"turns":2},{"damage":0,"enemies":"Small Slimes","floor":52,"turns":1},{"damage":0,"enemies":"2 Louse","floor":53,"turns":1},{"damage":0,"enemies":"Gremlin Nob","floor":57,"turns":1},{"damage":0,"enemies":"Jaw Worm","floor":61,"turns":1},{"damage":0,"enemies":"Blue Slaver","floor":62,"turns":1},{"damage":0,"enemies":"The Guardian","floor":67,"turns":1},{"damage":0,"enemies":"Spheric Guardian","floor":69,"turns":1},{"damage":0,"enemies":"2 Thieves","floor":71,"turns":2},{"damage":0,"enemies":"Centurion and Healer","floor":72,"turns":1},{"damage":0,"enemies":"Chosen and Byrds","floor":79,"turns":2},{"damage":0,"enemies":"Snecko","floor":80,"turns":1},{"damage":0,"enemies":"Automaton","floor":84,"turns":2},{"damage":0,"enemies":"3 Shapes","floor":86,"turns":2},{"damage":0,"enemies":"2 Orb Walkers","floor":87,"turns":1},{"damage":0,"enemies":"Orb Walker","floor":90,"turns":1},{"damage":0,"enemies":"R_Hoarder","floor":92,"turns":1},{"damage":0,"enemies":"Jaw Worm Horde","floor":96,"turns":2},{"damage":0,"enemies":"Donu and Deca","floor":101,"turns":2},{"damage":0,"enemies":"Jaw Worm","floor":103,"turns":1},{"damage":0,"enemies":"Small Slimes","floor":106,"turns":2},{"damage":0,"enemies":"Gremlin Nob","floor":108,"turns":1},{"damage":0,"enemies":"3 Sentries","floor":109,"turns":2},{"damage":0,"enemies":"Cultist","floor":110,"turns":1},{"damage":0,"enemies":"2 Fungi Beasts","floor":112,"turns":2},{"damage":0,"enemies":"The Guardian","floor":118,"turns":2},{"damage":0,"enemies":"Chosen","floor":120,"turns":1},{"damage":0,"enemies":"2 Thieves","floor":124,"turns":2},{"damage":0,"enemies":"Snecko","floor":131,"turns":1},{"damage":0,"enemies":"Centurion and Healer","floor":133,"turns":1},{"damage":0,"enemies":"infinitespire:LordOfFortification","floor":135,"turns":2},{"damage":0,"enemies":"Orb Walker","floor":137,"turns":1},{"damage":0,"enemies":"3 Shapes","floor":138,"turns":2},{"damage":0,"enemies":"Transient","floor":141,"turns":1},{"damage":0,"enemies":"R_Hoarder","floor":142,"turns":1},{"damage":0,"enemies":"Spire Growth","floor":143,"turns":1},{"damage":0,"enemies":"Maw","floor":146,"turns":1},{"damage":0,"enemies":"Sphere and 2 Shapes","floor":147,"turns":1},{"damage":0,"enemies":"Nemesis","floor":148,"turns":1},{"damage":0,"enemies":"3 Darklings","floor":150,"turns":1},{"damage":0,"enemies":"infinitespire:LordOfFortification","floor":152,"turns":3},{"damage":0,"enemies":"2 Louse","floor":154,"turns":1},{"damage":0,"enemies":"Cultist","floor":155,"turns":1},{"damage":0,"enemies":"The Mushroom Lair","floor":158,"turns":1},{"damage":0,"enemies":"Jaw Worm","floor":159,"turns":1},{"damage":0,"enemies":"Red Slaver","floor":160,"turns":1},{"damage":0,"enemies":"Blue Slaver","floor":161,"turns":1},{"damage":0,"enemies":"Large Slime","floor":163,"turns":1},{"damage":0,"enemies":"Red Slaver","floor":164,"turns":1},{"damage":0,"enemies":"Lagavulin","floor":166,"turns":1},{"damage":0,"enemies":"Looter","floor":167,"turns":1},{"damage":0,"enemies":"infinitespire:LordOfFortification","floor":169,"turns":2},{"damage":0,"enemies":"Chosen","floor":171,"turns":1},{"damage":0,"enemies":"Spheric Guardian","floor":181,"turns":1},{"damage":0,"enemies":"infinitespire:LordOfFortification","floor":186,"turns":2},{"damage":0,"enemies":"3 Shapes","floor":188,"turns":1},{"damage":0,"enemies":"2 Orb Walkers","floor":189,"turns":1},{"damage":0,"enemies":"3 Darklings","floor":190,"turns":1},{"damage":0,"enemies":"Transient","floor":192,"turns":1},{"damage":0,"enemies":"R_Hoarder","floor":197,"turns":1},{"damage":0,"enemies":"4 Shapes","floor":201,"turns":2},{"damage":0,"enemies":"infinitespire:LordOfFortification","floor":203,"turns":2},{"damage":0,"enemies":"Shield and Spear","floor":207,"turns":1},{"damage":0,"enemies":"The Heart","floor":208,"turns":7}],"seed_played":"-6062014947513804335","potions_obtained":[{"floor":4,"key":"Dexterity Potion"},{"floor":7,"key":"blueLaboratory:FrostheartPotion"},{"floor":16,"key":"Swift Potion"},{"floor":23,"key":"blueLaboratory:NullPotion"},{"floor":33,"key":"Block Potion"},{"floor":52,"key":"blueLaboratory:BubblePotion"},{"floor":53,"key":"BloodPotion"},{"floor":62,"key":"Death Potion"},{"floor":71,"key":"PowerPotion"},{"floor":84,"key":"Languid Potion"},{"floor":154,"key":"ColorlessPotion"},{"floor":155,"key":"SpeedPotion"},{"floor":184,"key":"Block Potion"},{"floor":188,"key":"blueLaboratory:NullPotion"},{"floor":208,"key":"AttackPotion"}],"is_trial":false,"path_per_floor":["M","?","$","M","?","R","E","M","T","R","E","T","M","?","R","B",null,"M","?","M","M","?","E","M","$","T","T","$","?","?","E","R","B",null,"M","?","M","$","T","E","R","M","T","AVR","$","NM","$","M","R","B",null,"M","M","?","$","?","E","R","T","T","M","M","?","R","$","R","B",null,"M","$","M","M","?","R","T","R","T","$","M","M","R","?","R","B",null,"M","?","?","$","M","R","E","T","T","R","M","R","$","AVR","R","B",null,"M","?","$","M","?","E","E","M","T","M","R","R","?","T","R","B",null,"M","?","$","?","M","R","?","R","T","R","T","M","$","M","R","B",null,"M","M","$","NS","M","E","M","R","T","M","M","E","?","M","R","B",null,"M","M","$","$","?","M","M","M","T","M","M","R","E","M","R","B",null,"M","T","?","?","?","R","T","R","T","$","M","?","R","?","R","B",null,"M","?","M","$","M","R","T","R","T","E","?","?","?","M","R","B",null,"R","$","E","B",null],"character_chosen":"IRONCLAD","items_purchased":["StrikeDummy","Shrug It Off","Juzu Bracelet","Oddly Smooth Stone","Entrench","Letter Opener","Body Slam","Replay:Baseball","Calipers","Tiny Chest","Simple Rune","Gremlin Food","Chemical X","infinitespire:EmpoweringShard","HornCleat","CaptainsWheel","Akabeko","hubris:TinFlute","MerchantsRug","Bag of Preparation","halation:PrussianBluePaint","hubris:Metronome","Bag of Marbles","Membership Card","infinitespire:PuzzleCube","hubris:SlimyHat","hubris:PeanutButter","Unceasing Top","conspire:TreasureMap","Anchor","Metallicize","expansioncontent:DefensiveStance","expansioncontent:DefensiveMode","ReplayFunnel"],"campfire_rested":0,"item_purchase_floors":[0,0,0,0,0,0,0,0,0,0,0,0,0,0,0,0,0,38,47,65,65,65,65,89,89,122,122,132,139,156,156,157,157,191],"current_hp_per_floor":[80,80,80,80,80,80,80,80,80,80,80,80,80,80,80,80,80,80,80,80,80,80,80,65,80,80,80,80,80,80,80,80,80,80,80,80,80,80,80,80,80,80,80,85,85,85,85,85,85,85,85,85,85,85,85,74,82,82,82,82,85,85,85,85,85,85,85,85,85,85,85,85,85,85,85,85,85,85,85,85,85,85,85,85,85,85,85,81,81,81,81,81,81,81,81,81,81,81,81,81,81,81,81,84,84,84,89,89,89,92,92,92,92,92,92,92,92,92,92,92,92,92,92,92,92,92,92,92,92,92,92,92,92,92,92,92,92,92,92,92,92,92,92,92,92,92,92,92,92,92,92,92,92,92,92,92,92,92,92,92,92,92,92,92,92,92,92,92,92,92,92,92,76,77,78,79,80,81,81,88,92,92,92,69,70,79,92,92,92,92,92,92,92,92,92,92,92,92,92,57,64,65,72,92,92,92,92,92],"gold":1840,"neow_bonus":"","is_prod":false,"is_daily":false,"chose_seed":false,"campfire_upgraded":34,"win_rate":0,"timestamp":1607595304,"path_taken":["M","?","?","M","?","R","E","M","T","R","E","?","M","?","R","BOSS","M","?","M","M","?","E","M","$","T","?","$","?","?","E","R","BOSS","M","?","M","$","?","E","R","M","T","AVR","?","NM","$","M","R","BOSS","M","M","?","$","?","E","R","?","T","M","M","?","R","?","R","BOSS","M","$","M","M","?","R","?","R","T","$","M","M","R","?","R","BOSS","M","?","?","$","M","R","E","?","T","R","M","R","$","AVR","R","BOSS","M","?","$","M","?","E","E","M","T","M","R","R","?","?","R","BOSS","M","?","$","?","M","R","?","R","T","R","?","M","?","M","R","BOSS","M","M","$","NS","M","E","M","R","T","M","M","E","?","M","R","BOSS","M","M","$","$","?","M","M","M","T","M","M","R","E","M","R","BOSS","M","?","?","?","?","R","?","R","T","$","M","?","R","?","R","BOSS","M","?","M","$","M","R","?","R","T","E","?","?","?","M","R","BOSS","R","$","E","BOSS"],"build_version":"2020-11-30","purchased_purges":16,"victory":true,"max_hp_per_floor":[80,80,80,80,80,80,80,80,80,80,80,80,80,80,80,80,80,80,80,80,80,80,80,80,80,80,80,80,80,80,80,80,80,80,80,80,80,80,80,80,80,80,80,85,85,85,85,85,85,85,85,85,85,85,85,85,85,85,85,85,85,85,85,85,85,85,85,85,85,85,85,85,85,85,85,85,85,85,85,85,85,85,85,85,85,85,85,81,81,81,81,81,81,81,81,81,81,81,81,81,81,81,81,84,84,84,89,89,89,92,92,92,92,92,92,92,92,92,92,92,92,92,92,92,92,92,92,92,92,92,92,92,92,92,92,92,92,92,92,92,92,92,92,92,92,92,92,92,92,92,92,92,92,92,92,92,92,92,92,92,92,92,92,92,92,92,92,92,92,92,92,92,92,92,92,92,92,92,92,92,92,92,92,92,92,92,92,92,92,92,92,92,92,92,92,92,92,92,92,92,92,92,92,92,92,92,92,92],"card_choices":[{"not_picked":["Inflame","Pommel Strike"],"picked":"Body Slam","floor":1},{"not_picked":["Defy Death","Uppercut","Pommel Strike"],"picked":"SKIP","floor":4},{"not_picked":["Iron Wave","infinitespire:OneForAll","Shrug It Off"],"picked":"SKIP","floor":7},{"not_picked":["Clash","Spot Weakness","Fire Breathing"],"picked":"SKIP","floor":8},{"not_picked":["Juggernaut","Wild Strike","Evolve"],"picked":"SKIP","floor":11},{"not_picked":["Pommel Strike","Seeing Red","hubris:SharpeningStone"],"picked":"SKIP","floor":13},{"not_picked":["hubris:ReadiedAction","Reckless Charge+1","Shrug It Off"],"picked":"SKIP","floor":18},{"not_picked":["Run Through","Fire Breathing","Replay:Undeath\u0027s Touch"],"picked":"SKIP","floor":20},{"not_picked":["Perfected Strike","Abandon","Twin Strike"],"picked":"SKIP","floor":21},{"not_picked":["Uppercut","Sword Boomerang","Invigoration+1"],"picked":"SKIP","floor":23},{"not_picked":["Shrug It Off","Flame Barrier","True Grit"],"picked":"SKIP","floor":24},{"not_picked":["Berserk","Clash","Flex"],"picked":"SKIP","floor":31},{"not_picked":["Armaments+1","Twin Strike+1"],"picked":"Ghostly Armor+1","floor":35},{"not_picked":["Ghostly Armor+1","Clash+1","Body Slam+1"],"picked":"SKIP","floor":37},{"not_picked":["Life Link","Armaments+1","Brutality"],"picked":"SKIP","floor":40},{"not_picked":["ReplayTheSpireMod:Strike From Hell+1","Massacre+1","Combust"],"picked":"SKIP","floor":42},{"not_picked":["Shrug It Off","Iron Wave+1"],"picked":"Pommel Strike+1","floor":46},{"not_picked":["Bloodletting","Blood for Blood+1","Pommel Strike+1"],"picked":"SKIP","floor":48},{"not_picked":["Demon Form","Replay:Many Hands"],"picked":"Limit Break","floor":50},{"not_picked":["Clash","ReplayTheSpireMod:Muscle Training","Invigoration"],"picked":"SKIP","floor":52},{"not_picked":["Cleave","Uppercut","Replay:Undeath\u0027s Touch"],"picked":"SKIP","floor":53},{"not_picked":["Blood for Blood","Heavy Blade","True Grit"],"picked":"SKIP","floor":57},{"not_picked":["Dark Embrace","Heavy Blade","Clash"],"picked":"SKIP","floor":61},{"not_picked":["Abandon","Sword Boomerang","Absolvement"],"picked":"SKIP","floor":62},{"not_picked":["Heavy Blade","Cleave","Shrug It Off"],"picked":"SKIP","floor":69},{"not_picked":["Thunderclap","Warcry+1","Sever Soul+1"],"picked":"SKIP","floor":71},{"not_picked":["Replay:Undeath\u0027s Touch","Body Slam+1","Iron Wave"],"picked":"SKIP","floor":72},{"not_picked":["Rupture","Infernal Blade+1","Clash"],"picked":"SKIP","floor":79},{"not_picked":["ReplayReversal","Anger+1","Heavy Blade"],"picked":"SKIP","floor":80},{"not_picked":["Iron Wave+1","Rampage+1","Rupture+1"],"picked":"SKIP","floor":86},{"not_picked":["conspire:Charge+1","infinitespire:OneForAll","Perfected Strike"],"picked":"SKIP","floor":90},{"not_picked":["Absolvement+1","Run Through+1","True Grit+1"],"picked":"SKIP","floor":92},{"not_picked":["Invigoration","infinitespire:OneForAll+1","Searing Blow+1"],"picked":"SKIP","floor":96},{"not_picked":["Spot Weakness","Anger","Cleave"],"picked":"SKIP","floor":103},{"not_picked":["Run Through","hubris:ReadiedAction","infinitespire:OneForAll"],"picked":"SKIP","floor":106},{"not_picked":["True Grit","ReplayTheSpireMod:LeadingStrike","Searing Blow"],"picked":"SKIP","floor":108},{"not_picked":["Hemogenesis","Defy Death","Cleave"],"picked":"SKIP","floor":109},{"not_picked":["Pummel","Shrug It Off","Twin Strike"],"picked":"SKIP","floor":110},{"not_picked":["Exhume","Ghostly Armor","True Grit"],"picked":"SKIP","floor":112},{"not_picked":["Demon Form","Barricade"],"picked":"Impervious","floor":118},{"not_picked":["Sword Boomerang","ReplayTheSpireMod:Corrosion Curse"],"picked":"Hemokinesis+1","floor":120},{"not_picked":["Havoc","Rampage","True Grit"],"picked":"SKIP","floor":124},{"not_picked":["Twin Strike","Shrug It Off","Perfected Strike+1"],"picked":"SKIP","floor":131},{"not_picked":["Replay:Many Hands","Pommel Strike","infinitespire:OneForAll"],"picked":"SKIP","floor":133},{"not_picked":["Havoc"],"picked":"SKIP","floor":137},{"not_picked":["Sever Soul"],"picked":"SKIP","floor":138},{"not_picked":["Ghostly Armor+1"],"picked":"SKIP","floor":141},{"not_picked":["Twin Strike+1"],"picked":"SKIP","floor":142},{"not_picked":["Armaments+1"],"picked":"SKIP","floor":143},{"not_picked":["Warcry"],"picked":"SKIP","floor":146},{"not_picked":["Clothesline+1"],"picked":"SKIP","floor":147},{"not_picked":["conspire:HitWhereItHurts"],"picked":"SKIP","floor":148},{"not_picked":[],"picked":"Thunderclap+1","floor":150},{"not_picked":["Defy Death"],"picked":"SKIP","floor":154},{"not_picked":["Headbutt"],"picked":"SKIP","floor":155},{"not_picked":[],"picked":"Shrug It Off","floor":158},{"not_picked":["Defy Death"],"picked":"SKIP","floor":159},{"not_picked":["Havoc"],"picked":"SKIP","floor":160},{"not_picked":["Searing Blow"],"picked":"SKIP","floor":161},{"not_picked":["Blood for Blood"],"picked":"SKIP","floor":163},{"not_picked":["Sever Soul"],"picked":"SKIP","floor":164},{"not_picked":["Flex"],"picked":"SKIP","floor":166},{"not_picked":["Cleave"],"picked":"SKIP","floor":167},{"not_picked":["Pummel+1"],"picked":"SKIP","floor":171},{"not_picked":["Hemokinesis"],"picked":"SKIP","floor":181},{"not_picked":["Massacre+1"],"picked":"SKIP","floor":188},{"not_picked":["Pommel Strike"],"picked":"SKIP","floor":190},{"not_picked":["ReplayTheSpireMod:Strike From Hell+1"],"picked":"SKIP","floor":192},{"not_picked":[],"picked":"Armaments+1","floor":197},{"not_picked":["Defy Death"],"picked":"SKIP","floor":201},{"not_picked":["Iron Wave"],"picked":"SKIP","floor":207}],"player_experience":814194,"relics_obtained":[{"floor":7,"key":"halation:QuantumPhysicsTextbook"},{"floor":9,"key":"Sundial"},{"floor":11,"key":"The Courier"},{"floor":12,"key":"MealTicket"},{"floor":23,"key":"Vajra"},{"floor":26,"key":"relicPack:DarknessArmor"},{"floor":27,"key":"Happy Flower"},{"floor":31,"key":"Replay:Wax Seal"},{"floor":39,"key":"Blue Candle"},{"floor":40,"key":"King of Hearts"},{"floor":43,"key":"Blood Vial"},{"floor":46,"key":"hubris:DuctTape"},{"floor":57,"key":"conspire:TopHat"},{"floor":59,"key":"Eternal Feather"},{"floor":60,"key":"Smiling Mask"},{"floor":75,"key":"Matryoshka"},{"floor":77,"key":"infinitespire:Beetle Shell"},{"floor":92,"key":"Mercury Hourglass"},{"floor":93,"key":"ReplayTheSpireMod:Lightbulb"},{"floor":93,"key":"infinitespire:CheckeredPen"},{"floor":94,"key":"hubris:SphereOfDissonance"},{"floor":108,"key":"Lantern"},{"floor":109,"key":"Centennial Puzzle"},{"floor":110,"key":"halation:EternalFortune"},{"floor":111,"key":"hubris:OldNail"},{"floor":116,"key":"Garlic"},{"floor":128,"key":"Quantum Egg"},{"floor":130,"key":"Toy Ornithopter"},{"floor":142,"key":"infinitespire:Midas Blood"},{"floor":145,"key":"Omamori"},{"floor":148,"key":"Replay:Bandana"},{"floor":155,"key":"halation:EternalFortune"},{"floor":158,"key":"Odd Mushroom"},{"floor":158,"key":"halation:EternalFortune"},{"floor":159,"key":"halation:EternalFortune"},{"floor":162,"key":"Ornamental Fan"},{"floor":166,"key":"MawBank"},{"floor":172,"key":"halation:KoshaPiece"},{"floor":179,"key":"Bronze Scales"},{"floor":184,"key":"RollingBoulder"},{"floor":188,"key":"halation:EternalFortune"},{"floor":189,"key":"Replay:Kaleidoscope"},{"floor":194,"key":"infinitespire:Eraser"},{"floor":196,"key":"Gremlin Horn"},{"floor":207,"key":"hubris:MobiusCoin"}],"event_choices":[{"cards_removed":["Strike_R"],"damage_healed":0,"gold_gain":0,"player_choice":"Offered Basic","damage_taken":0,"max_hp_gain":0,"max_hp_loss":0,"event_name":"Bonfire Elementals","floor":2,"gold_loss":0},{"cards_removed":["Defend_R"],"damage_healed":0,"gold_gain":0,"player_choice":"Card Removal","damage_taken":0,"max_hp_gain":0,"max_hp_loss":0,"event_name":"The Cleric","floor":14,"gold_loss":50},{"damage_healed":0,"gold_gain":0,"player_choice":"Inject Mutagens","damage_taken":0,"relics_obtained":["MutagenicStrength"],"max_hp_gain":0,"max_hp_loss":0,"event_name":"Drug Dealer","floor":19,"gold_loss":0},{"damage_healed":0,"gold_gain":0,"player_choice":"Ignored","damage_taken":0,"max_hp_gain":0,"max_hp_loss":0,"event_name":"Vampires","floor":29,"gold_loss":0},{"damage_healed":0,"gold_gain":0,"player_choice":"Bought 0 Potions","damage_taken":0,"max_hp_gain":0,"max_hp_loss":0,"event_name":"The Woman in Blue","floor":30,"gold_loss":0},{"cards_removed":["Pommel Strike"],"damage_healed":0,"gold_gain":0,"player_choice":"Purged","damage_taken":0,"max_hp_gain":0,"max_hp_loss":0,"event_name":"Purifier","floor":54,"gold_loss":0},{"damage_healed":0,"gold_gain":75,"player_choice":"Gold","damage_taken":11,"max_hp_gain":0,"max_hp_loss":0,"event_name":"betterThird:BetterGoop","floor":56,"gold_loss":0},{"damage_healed":0,"gold_gain":0,"player_choice":"Gave Potion","damage_taken":0,"relics_obtained":["Regal Pillow"],"max_hp_gain":0,"max_hp_loss":0,"event_name":"WeMeetAgain","floor":63,"gold_loss":0},{"damage_healed":0,"gold_gain":0,"player_choice":"Fight","damage_taken":0,"max_hp_gain":0,"max_hp_loss":0,"event_name":"Mysterious Sphere","floor":87,"gold_loss":0},{"damage_healed":0,"gold_gain":0,"player_choice":"Max HP","damage_taken":0,"max_hp_gain":0,"max_hp_loss":4,"event_name":"Winding Halls","floor":88,"gold_loss":0},{"damage_healed":0,"gold_gain":0,"player_choice":"Donut","damage_taken":0,"max_hp_gain":5,"max_hp_loss":0,"event_name":"Big Fish","floor":107,"gold_loss":0},{"damage_healed":0,"gold_gain":0,"player_choice":"Ignored","damage_taken":0,"max_hp_gain":0,"max_hp_loss":0,"event_name":"Vampires","floor":121,"gold_loss":0},{"damage_healed":0,"gold_gain":0,"player_choice":"Read","damage_taken":0,"max_hp_gain":0,"max_hp_loss":0,"event_name":"The Library","floor":126,"gold_loss":0,"cards_obtained":["Shrug It Off"]},{"cards_removed":["Shrug It Off"],"damage_healed":0,"gold_gain":0,"player_choice":"Removed Skill","damage_taken":0,"max_hp_gain":0,"max_hp_loss":0,"event_name":"Falling","floor":149,"gold_loss":0},{"damage_healed":0,"gold_gain":0,"player_choice":"Fought Mushrooms","damage_taken":0,"max_hp_gain":0,"max_hp_loss":0,"event_name":"Mushrooms","floor":158,"gold_loss":0},{"damage_healed":0,"gold_gain":0,"player_choice":"Obtained Book","damage_taken":16,"max_hp_gain":0,"max_hp_loss":0,"event_name":"Cursed Tome","floor":173,"gold_loss":0},{"cards_removed":["expansioncontent:DefensiveMode"],"damage_healed":0,"gold_gain":0,"player_choice":"Elegance","damage_taken":0,"max_hp_gain":0,"max_hp_loss":0,"event_name":"betterThird:BetterWriting","floor":174,"gold_loss":0},{"damage_healed":0,"gold_gain":0,"player_choice":"Inject Mutagens","damage_taken":0,"relics_obtained":["Circlet"],"max_hp_gain":0,"max_hp_loss":0,"event_name":"Drug Dealer","floor":175,"gold_loss":0},{"damage_healed":30,"gold_gain":0,"player_choice":"Heal","damage_taken":0,"max_hp_gain":0,"max_hp_loss":0,"event_name":"The Library","floor":182,"gold_loss":0},{"damage_healed":0,"gold_gain":0,"player_choice":"Fight","damage_taken":0,"max_hp_gain":0,"max_hp_loss":0,"event_name":"Mysterious Sphere","floor":189,"gold_loss":0}],"is_beta":false,"boss_relics":[{"not_picked":["Black Blood","Snecko Eye"],"picked":"energizedSpire:NeverEndingSparkler"},{"not_picked":["Abe\u0027s Treasure","ReplayTheSpireMod:DimensionalGlitch"],"picked":"SacredBark"},{"not_picked":["ChewingGum","energizedSpire:TabascoSauce"],"picked":"SlaversCollar"},{"not_picked":["energizedSpire:MagnifyingGlass","conspire:SeveredTorchhead"],"picked":"hubris:Backtick"},{"not_picked":["conspire:RoyalGoblet","halation:ForbiddenBikini"],"picked":"hubris:RunicObelisk"},{"not_picked":["Ooze Armor","energizedSpire:HugeHouse"],"picked":"infinitespire:Cupcake"},{"not_picked":["hubris:CrackedHourglass","conspire:RoyalGoblet"],"picked":"energizedSpire:DeadBattery"},{"not_picked":["Astrolabe","hubris:Stopwatch"],"picked":"Busted Crown"},{"not_picked":["Abe\u0027s Treasure","halation:ForbiddenBikini"],"picked":"conspire:SpecialSausage"},{"not_picked":["Honey Jar","energizedSpire:StickyHand"],"picked":"conspire:RoyalGoblet"},{"not_picked":["Sozu","halation:PlatinumPhoenix"],"picked":"hubris:Backtick"},{"not_picked":["hubris:VirtuousBlindfold","Ring of Chaos"],"picked":"hubris:HollowSoul"}],"items_purged_floors":[0,0,0,0,25,28,44,78,89,98,105,122,156,157,180,206],"is_endless":true,"potions_floor_spawned":[4,7,16,18,23,24,33,35,37,42,52,53,62,71,79,80,84,87,96,108,109,110,112,124,131,137,142,143,146,147,154,155,161,166,171,181,188,192,197,201,208],"ascension_level":0}}