{"host":"69rply1jf2d1wbmp","time":1607628007,"event":{"mods":["BaseMod","Minty Spire (QoL Compilation)","Quick Restart"],"gold_per_floor":[119,137,137,153,3,3,78,107,107,107,124,124,158,158,158,257,257,275,325,31,81,91,122,137,137,190,21,38,38,49,49,49,49,49],"floor_reached":33,"playtime":980,"items_purged":["Normality"],"score":298,"play_id":"1c09f491-dafb-4e68-93f8-19506b51b4c0","local_time":"20201210142007","is_ascension_mode":false,"campfire_choices":[{"data":"Bouncing Flask","floor":6,"key":"SMITH"},{"floor":10,"key":"REST"},{"floor":15,"key":"REST"},{"floor":25,"key":"REST"},{"floor":29,"key":"REST"},{"data":"Footwork","floor":32,"key":"SMITH"}],"circlet_count":0,"master_deck":["Strike_G","Strike_G","Strike_G","Strike_G","Defend_G","Defend_G","Defend_G","Defend_G","Defend_G","Survivor","Neutralize","Backstab","Caltrops","Bouncing Flask+1","Slice","Tactician","Crippling Poison","Escape Plan+1","Deadly Poison","Flechettes","Bane+1","Footwork+1","Footwork+1"],"relics":["Ring of the Snake","NeowsBlessing","PreservedInsect","Singing Bowl","Juzu Bracelet","Bottled Lightning","SsserpentHead","Cursed Key","Meat on the Bone","Ninja Scroll","Blood Vial","Strawberry"],"acts_visited":["Exordium","TheCity"],"potions_floor_usage":[23,23],"damage_taken":[{"damage":0,"enemies":"2 Louse","floor":1,"turns":2},{"damage":0,"enemies":"Cultist","floor":2,"turns":1},{"damage":0,"enemies":"Small Slimes","floor":4,"turns":1},{"damage":21,"enemies":"3 Sentries","floor":8,"turns":7},{"damage":1,"enemies":"3 Louse","floor":11,"turns":5},{"damage":18,"enemies":"Lagavulin","floor":13,"turns":4},{"damage":19,"enemies":"The Guardian","floor":16,"turns":10},{"damage":22,"enemies":"Chosen","floor":18,"turns":7},{"damage":15,"enemies":"2 Thieves","floor":22,"turns":4},{"damage":21,"enemies":"Slavers","floor":23,"turns":4},{"damage":8,"enemies":"Snecko","floor":24,"turns":4},{"damage":14,"enemies":"Shelled Parasite and Fungi","floor":28,"turns":7},{"damage":3,"enemies":"Chosen and Byrds","floor":30,"turns":4},{"damage":112,"enemies":"Champ","floor":33,"turns":12}],"seed_played":"5448808378749074350","potions_obtained":[{"floor":1,"key":"ColorlessPotion"},{"floor":2,"key":"Ancient Potion"},{"floor":13,"key":"Explosive Potion"},{"floor":16,"key":"Poison Potion"},{"floor":23,"key":"EssenceOfSteel"},{"floor":24,"key":"SmokeBomb"}],"is_trial":false,"path_per_floor":["M","M","?","M","$","R","?","E","T","R","M","?","E","?","R","B",null,"M","?","$","?","M","E","M","R","T","$","M","R","M","$","R","B"],"character_chosen":"THE_SILENT","items_purchased":["PreservedInsect","Meat on the Bone","Deadly Poison","Strawberry"],"campfire_rested":4,"item_purchase_floors":[5,20,20,27],"current_hp_per_floor":[70,70,70,70,70,70,59,40,40,61,60,60,42,42,63,46,74,52,38,38,64,51,42,46,70,70,77,65,88,85,85,85,0,0],"gold":49,"neow_bonus":"THREE_ENEMY_KILL","is_daily":false,"chose_seed":false,"campfire_upgraded":2,"win_rate":0,"timestamp":1607628007,"path_taken":["M","M","?","?","$","R","?","E","T","R","M","?","E","?","R","BOSS","M","?","$","?","M","E","M","R","T","?","M","R","M","$","R","BOSS"],"build_version":"2020-11-30","purchased_purges":1,"victory":false,"max_hp_per_floor":[70,70,70,70,70,70,70,72,72,72,72,72,72,72,72,74,74,74,79,79,79,81,81,81,81,81,88,88,88,88,88,88,88,88],"card_choices":[{"not_picked":["Setup","Slice"],"picked":"Backstab","floor":1},{"not_picked":["Dagger Spray","Distraction"],"picked":"Caltrops","floor":2},{"not_picked":["Outmaneuver","Quick Slash"],"picked":"Bouncing Flask","floor":4},{"not_picked":["Dagger Spray","Flying Knee","Storm of Steel"],"picked":"Singing Bowl","floor":8},{"not_picked":["Dagger Throw","Cloak And Dagger"],"picked":"Slice","floor":11},{"not_picked":["Concentrate","Outmaneuver"],"picked":"Crippling Poison","floor":13},{"not_picked":["Unload","Tools of the Trade","Die Die Die"],"picked":"Singing Bowl","floor":16},{"not_picked":["Cloak And Dagger+1","PiercingWail"],"picked":"Escape Plan+1","floor":18},{"not_picked":["Quick Slash","Choke","Deadly Poison"],"picked":"Singing Bowl","floor":22},{"not_picked":["Sucker Punch","Prepared"],"picked":"Flechettes","floor":23},{"not_picked":["Sucker Punch+1","Acrobatics+1"],"picked":"Bane+1","floor":24},{"not_picked":["Acrobatics","Deflect"],"picked":"Footwork","floor":28},{"not_picked":["Flechettes","Accuracy"],"picked":"Footwork+1","floor":30}],"player_experience":335029,"relics_obtained":[{"floor":8,"key":"Singing Bowl"},{"floor":9,"key":"Juzu Bracelet"},{"floor":13,"key":"Bottled Lightning"},{"floor":23,"key":"Ninja Scroll"},{"floor":26,"key":"Blood Vial"}],"event_choices":[{"damage_healed":0,"gold_gain":0,"player_choice":"Ignored","damage_taken":0,"max_hp_gain":0,"max_hp_loss":0,"event_name":"NoteForYourself","floor":3,"gold_loss":0},{"damage_healed":0,"gold_gain":75,"player_choice":"Gather Gold","damage_taken":11,"max_hp_gain":0,"max_hp_loss":0,"event_name":"World of Goop","floor":7,"gold_loss":0},{"damage_healed":0,"gold_gain":0,"cards_transformed":["Strike_G"],"player_choice":"Transformed","damage_taken":0,"max_hp_gain":0,"max_hp_loss":0,"event_name":"Transmorgrifier","floor":12,"gold_loss":0,"cards_obtained":["Tactician"]},{"damage_healed":0,"gold_gain":0,"player_choice":"Trade","damage_taken":0,"relics_obtained":["SsserpentHead"],"max_hp_gain":0,"max_hp_loss":0,"event_name":"FaceTrader","floor":14,"gold_loss":0},{"damage_healed":0,"gold_gain":0,"player_choice":"Shed Blood","damage_taken":19,"max_hp_gain":5,"max_hp_loss":0,"event_name":"Forgotten Altar","floor":19,"gold_loss":0},{"damage_healed":26,"gold_gain":0,"player_choice":"Heal","damage_taken":0,"max_hp_gain":0,"max_hp_loss":0,"event_name":"The Library","floor":21,"gold_loss":0}],"is_beta":false,"boss_relics":[{"not_picked":["Velvet Choker","Fusion Hammer"],"picked":"Cursed Key"}],"items_purged_floors":[27],"is_endless":false,"potions_floor_spawned":[1,2,13,16,23,24,30],"killed_by":"Champ","ascension_level":0}}