{"host":"se2kry7a7ac49ar7","time":1607597569,"event":{"gold_per_floor":[117,117,67,67,87,118,118,152,152,181,194,222,241,259,259,354,354,371,371,387,387,387],"floor_reached":21,"playtime":1788,"items_purged":[],"score":240,"play_id":"53f747e7-005b-49a4-9530-a2f7d8798edd","local_time":"20201210025249","is_ascension_mode":true,"campfire_choices":[{"data":"HollowMod:LifebloodCocoon","floor":7,"key":"SMITH"},{"data":"HollowMod:SlysStrikes","floor":15,"key":"SMITH"}],"neow_cost":"TEN_PERCENT_HP_LOSS","seed_source_timestamp":62146039917631,"circlet_count":0,"master_deck":["HollowMod:NailStrikeStart","HollowMod:NailStrikeStart","HollowMod:NailStrikeStart","HollowMod:NailStrikeStart","HollowMod:QuickDashStart","HollowMod:QuickDashStart","HollowMod:QuickDashStart","HollowMod:FocusHealStart","HollowMod:PogoStrike","HollowMod:HerrahsAnger+1","HollowMod:PerfectDash","HollowMod:LifebloodCocoon+1","HollowMod:NewLittleFool","HollowMod:SiblingsSouls","HollowMod:MonomonsArchive","HollowMod:VengefulSpirit","HollowMod:SoulStrike","HollowMod:SlysStrikes+1","HollowMod:ChannelNail","HollowMod:HerrahsAnger"],"relics":["HollowMod:VesselMask","HollowMod:QueensCombRelic","The Courier","Matryoshka","HollowMod:MantisClawRelic","Juzu Bracelet","Black Star","MutagenicStrength"],"potions_floor_usage":[6,14,14,20],"damage_taken":[{"damage":1,"enemies":"Cultist","floor":1,"turns":4},{"damage":5,"enemies":"Jaw Worm","floor":5,"turns":4},{"damage":32,"enemies":"Lagavulin","floor":6,"turns":8},{"damage":22,"enemies":"Gremlin Nob","floor":8,"turns":6},{"damage":16,"enemies":"Lagavulin","floor":10,"turns":9},{"damage":0,"enemies":"2 Louse","floor":11,"turns":3},{"damage":1,"enemies":"Gremlin Nob","floor":12,"turns":4},{"damage":0,"enemies":"Large Slime","floor":13,"turns":5},{"damage":0,"enemies":"Gremlin Gang","floor":14,"turns":4},{"damage":14,"enemies":"HollowMod:FalseKnight","floor":16,"turns":9},{"damage":0,"enemies":"Spheric Guardian","floor":18,"turns":4},{"damage":21,"enemies":"3 Byrds","floor":20,"turns":5},{"damage":27,"enemies":"Shelled Parasite and Fungi","floor":21,"turns":2}],"seed_played":"-8026808362152656680","potions_obtained":[{"floor":1,"key":"Energy Potion"},{"floor":8,"key":"Fire Potion"},{"floor":10,"key":"Ancient Potion"},{"floor":11,"key":"ColorlessPotion"},{"floor":14,"key":"Fire Potion"}],"is_trial":false,"path_per_floor":["M","?","?","$","M","E","R","E","T","E","M","E","M","M","R","B",null,"M","?","M","M"],"character_chosen":"THE_BUGKNIGHT","items_purchased":[],"campfire_rested":0,"item_purchase_floors":[],"current_hp_per_floor":[67,67,67,67,68,42,42,28,28,40,44,43,44,44,44,30,44,44,44,23,0,0],"gold":387,"neow_bonus":"THREE_RARE_CARDS","is_prod":false,"is_daily":false,"chose_seed":false,"campfire_upgraded":2,"win_rate":0,"timestamp":1607597569,"path_taken":["M","?","?","$","M","E","R","E","T","E","?","E","M","M","R","BOSS","M","?","M","M"],"build_version":"2020-11-30","purchased_purges":0,"victory":false,"max_hp_per_floor":[68,68,68,68,68,44,44,44,44,44,44,44,44,44,44,44,44,44,44,44,44,44],"card_choices":[{"not_picked":["HollowMod:VoidDash","HollowMod:HornetsHelp"],"picked":"HollowMod:HerrahsAnger","floor":0},{"not_picked":["HollowMod:BlackTendrils","HollowMod:SharpenedShadows"],"picked":"HollowMod:PerfectDash","floor":1},{"not_picked":["HollowMod:RecoilStrike","HollowMod:ShadowDash"],"picked":"HollowMod:LifebloodCocoon","floor":5},{"not_picked":["HollowMod:InfectionAssault","HollowMod:NewJinnsSoul"],"picked":"HollowMod:NewLittleFool","floor":6},{"not_picked":["HollowMod:VengefulVoid","HollowMod:BlackTendrils"],"picked":"HollowMod:SiblingsSouls","floor":8},{"not_picked":["HollowMod:DesolateDive","HollowMod:DreamGate"],"picked":"HollowMod:MonomonsArchive","floor":10},{"not_picked":["HollowMod:TaintedHusks","HollowMod:InfectedAttack"],"picked":"HollowMod:VengefulSpirit","floor":11},{"not_picked":["HollowMod:DungDefenderAura","HollowMod:CrystalDash"],"picked":"HollowMod:SoulStrike","floor":12},{"not_picked":["HollowMod:AbyssShriek","HollowMod:BrokenVessel"],"picked":"HollowMod:SlysStrikes","floor":13},{"not_picked":["HollowMod:DoubleDash","HollowMod:DescendingDark"],"picked":"HollowMod:ChannelNail","floor":14},{"not_picked":["HollowMod:NewInfectedGuardian","HollowMod:SoulMaster"],"picked":"HollowMod:HerrahsAnger","floor":16},{"not_picked":["HollowMod:BrokenVessel","HollowMod:SharpenedNail","HollowMod:NewGlowingWomb"],"picked":"SKIP","floor":18},{"not_picked":["HollowMod:SharpenedNail","HollowMod:PureNailStrike","HollowMod:ShadowDash"],"picked":"SKIP","floor":20}],"player_experience":636364,"relics_obtained":[{"floor":6,"key":"HollowMod:QueensCombRelic"},{"floor":8,"key":"The Courier"},{"floor":9,"key":"Matryoshka"},{"floor":10,"key":"HollowMod:MantisClawRelic"},{"floor":12,"key":"Juzu Bracelet"}],"event_choices":[{"damage_healed":0,"gold_gain":0,"player_choice":"Grow","damage_taken":0,"max_hp_gain":0,"max_hp_loss":0,"event_name":"Living Wall","floor":2,"gold_loss":0,"cards_upgraded":["HollowMod:HerrahsAnger"]},{"cards_removed":["HollowMod:QuickDashStart"],"damage_healed":0,"gold_gain":0,"player_choice":"Card Removal","damage_taken":0,"max_hp_gain":0,"max_hp_loss":0,"event_name":"The Cleric","floor":3,"gold_loss":50},{"damage_healed":0,"gold_gain":0,"player_choice":"Inject Mutagens","damage_taken":0,"relics_obtained":["MutagenicStrength"],"max_hp_gain":0,"max_hp_loss":0,"event_name":"Drug Dealer","floor":19,"gold_loss":0}],"is_beta":false,"boss_relics":[{"not_picked":["Fusion Hammer","Coffee Dripper"],"picked":"Black Star"}],"items_purged_floors":[],"is_endless":false,"potions_floor_spawned":[1,8,10,11,14],"killed_by":"Shelled Parasite and Fungi","ascension_level":3}}