{"host":"nqllw3bmurg6dhm8","time":1607642839,"event":{"mods":["Act Like it!","BaseMod","Conspire","Gensokyo","Hallownest","Hubris","Infinite Spire","Jorbs\u0027s Wanderer Trilogy","Minty Spire (QoL Compilation)","Replay The Spire","StSLib","The Animator","Wandering Minibosses"],"gold_per_floor":[112,127,146,146,180,180,180,199,199,210,245,245,273,287,287,392,392,405,405,405,416,431,431,451,451],"floor_reached":24,"playtime":1851,"items_purged":[],"score":250,"play_id":"1898870f-746d-4fb4-8b59-a213e66b8d3c","local_time":"20201210232719","daily_mods":["Heirloom"],"is_ascension_mode":true,"campfire_choices":[{"data":"Pommel Strike","floor":6,"key":"SMITH"},{"floor":12,"key":"REST"},{"floor":15,"key":"DIG"},{"data":"Berserk","floor":23,"key":"SMITH"}],"circlet_count":0,"master_deck":["Strike_R","Strike_R","Strike_R","Strike_R","Strike_R","Defend_R+1","Defend_R+1","Defend_R+1","Defend_R+1","Bash","Pommel Strike+1","infinitespire:OneForAll","Carnage","Fiend Fire","Metallicize","True Grit","Intimidate","Heavy Blade","Seeing Red","Berserk+1","Anger","Reaper","Inflame","Iron Wave","Perfected Strike+1"],"relics":["Burning Blood","infinitespire:Lychee Nut","Strawberry","Replay:Bottled Eggs","Dream Catcher","hubris:64BitClover","Replay:Baseball","ChewingGum"],"acts_visited":["Exordium","Gensokyo:Gensokyo"],"potions_floor_usage":[11,11,21,21,22],"damage_taken":[{"damage":0,"enemies":"Gensokyo:2_Kodama","floor":1,"turns":5},{"damage":12,"enemies":"Gensokyo:Gryphon","floor":2,"turns":3},{"damage":2,"enemies":"Gensokyo:Python","floor":3,"turns":3},{"damage":18,"enemies":"Gensokyo:VengefulSpirit","floor":5,"turns":6},{"damage":15,"enemies":"Gensokyo:3_Kodama","floor":8,"turns":5},{"damage":1,"enemies":"Gensokyo:Python_and_Kodama","floor":10,"turns":4},{"damage":33,"enemies":"Gensokyo:Cirno","floor":11,"turns":6},{"damage":5,"enemies":"Gensokyo:Aya","floor":13,"turns":7},{"damage":12,"enemies":"Gensokyo:Kitsune","floor":14,"turns":4},{"damage":33,"enemies":"Gensokyo:Kokoro","floor":16,"turns":12},{"damage":32,"enemies":"Gensokyo:AngelMirror","floor":18,"turns":4},{"damage":26,"enemies":"Gensokyo:Chomper","floor":21,"turns":5},{"damage":22,"enemies":"Gensokyo:Slime_Group","floor":22,"turns":6},{"damage":57,"enemies":"Gensokyo:Chomper_and_Gloop","floor":24,"turns":7}],"seed_played":"8427930699092994022","potions_obtained":[{"floor":1,"key":"Weak Potion"},{"floor":3,"key":"Cursed Concoction"},{"floor":8,"key":"Explosive Potion"},{"floor":11,"key":"GamblersBrew"},{"floor":13,"key":"SteroidPotion"},{"floor":21,"key":"ColorlessPotion"}],"is_trial":true,"path_per_floor":["M","M","M","?","M","R","?","M","T","M","E","R","E","M","R","B",null,"M","?","?","M","M","R","M"],"character_chosen":"IRONCLAD","items_purchased":[],"campfire_rested":1,"item_purchase_floors":[],"current_hp_per_floor":[60,56,60,60,49,49,46,43,43,54,33,53,60,60,60,39,67,44,44,44,34,42,42,9,9],"gold":451,"neow_bonus":"","is_daily":false,"chose_seed":false,"campfire_upgraded":2,"win_rate":0.0,"timestamp":1607642839,"path_taken":["M","?","M","?","M","R","?","?","T","M","E","R","E","M","R","BOSS","M","?","?","?","M","R","M"],"items_purchased_type":[],"build_version":"2020-11-30","purchased_purges":0,"victory":false,"max_hp_per_floor":[60,60,60,60,60,60,67,67,67,67,67,67,67,67,67,67,67,67,67,67,67,67,67,67,67],"card_choices":[{"not_picked":["Dual Wield","Clash"],"picked":"Pommel Strike","floor":1},{"not_picked":["Twin Strike","Life Link"],"picked":"infinitespire:OneForAll","floor":2},{"not_picked":["Blood for Blood","Flex"],"picked":"Carnage","floor":3},{"not_picked":["Dual Wield","Carnage"],"picked":"Fiend Fire","floor":4},{"not_picked":["Run Through","hubris:CleavingFinish"],"picked":"Metallicize","floor":4},{"not_picked":["Clash","Heavy Blade","ReplayReversal"],"picked":"SKIP","floor":5},{"not_picked":["hubris:SharpeningStone","Twin Strike"],"picked":"True Grit","floor":8},{"not_picked":["Defy Death","Anger"],"picked":"Intimidate","floor":10},{"not_picked":["ReplayTheSpireMod:Strike From Hell","hubris:ReadiedAction"],"picked":"Heavy Blade","floor":11},{"not_picked":["Flex","Uppercut"],"picked":"Seeing Red","floor":12},{"not_picked":["Headbutt","Perfected Strike"],"picked":"Berserk","floor":13},{"not_picked":["Dropkick","Run Through"],"picked":"Anger","floor":14},{"not_picked":["Brutality","Offering"],"picked":"Reaper","floor":16},{"not_picked":["hubris:CleavingFinish","Headbutt","Sentinel"],"picked":"SKIP","floor":18},{"not_picked":["Carnage+1","Twin Strike"],"picked":"Iron Wave","floor":21},{"not_picked":["Havoc","Fire Breathing","Carnage"],"picked":"SKIP","floor":22},{"not_picked":["Shockwave","Combust"],"picked":"Perfected Strike+1","floor":24}],"player_experience":1187482,"relics_obtained":[{"floor":9,"key":"Replay:Bottled Eggs"},{"floor":11,"key":"Dream Catcher"},{"floor":13,"key":"hubris:64BitClover"},{"floor":15,"key":"Replay:Baseball"}],"event_choices":[],"is_beta":false,"boss_relics":[{"not_picked":["Kintsugi","Empty Cage"],"picked":"ChewingGum"}],"items_purged_floors":[],"is_endless":false,"potions_floor_spawned":[1,3,8,11,13,21],"killed_by":"Gensokyo:Chomper_and_Gloop","ascension_level":4}}