{"host":"xyexbe31ku0ov20l","time":1607596376,"event":{"gold_per_floor":[118,118,43,56,66,66,66,66],"floor_reached":7,"playtime":1092,"items_purged":[],"score":80,"play_id":"931712c0-3769-4a10-8284-15978cc639c6","local_time":"20201210023256","is_ascension_mode":true,"campfire_choices":[{"data":"Survivor","floor":6,"key":"SMITH"}],"neow_cost":"NONE","seed_source_timestamp":1263482274350400,"circlet_count":0,"master_deck":["AscendersBane","Strike_G","Strike_G","Strike_G","Strike_G","Defend_G","Defend_G","Defend_G","Defend_G","Defend_G","Survivor+1","Neutralize+1","Dagger Throw","Blur","Infinite Blades"],"relics":["HoveringKite"],"potions_floor_usage":[7,7],"damage_taken":[{"damage":0,"enemies":"Small Slimes","floor":1,"turns":4},{"damage":0,"enemies":"Jaw Worm","floor":4,"turns":5},{"damage":0,"enemies":"Cultist","floor":5,"turns":4},{"damage":27,"enemies":"Lagavulin","floor":7,"turns":14}],"seed_played":"-8929538444047392204","potions_obtained":[{"floor":4,"key":"Dexterity Potion"},{"floor":5,"key":"Dexterity Potion"}],"is_trial":false,"path_per_floor":["M","?","?","M","M","R","E"],"character_chosen":"THE_SILENT","items_purchased":[],"campfire_rested":0,"item_purchase_floors":[],"current_hp_per_floor":[59,59,59,59,59,59,32,32],"gold":66,"neow_bonus":"BOSS_RELIC","is_prod":false,"is_daily":false,"chose_seed":false,"campfire_upgraded":1,"win_rate":0,"timestamp":1607596376,"path_taken":["M","?","?","M","M","R","E"],"build_version":"2020-11-30","purchased_purges":0,"victory":false,"max_hp_per_floor":[66,66,66,66,66,66,66,66],"relic_stats":{"counters":[4,27],"HoveringKite":[10],"obtain_stats":[{"HoveringKite":0,"Ring of the Snake":0},{"HoveringKite":0,"Ring of the Snake":0},{"HoveringKite":0,"Ring of the Snake":0}]},"card_choices":[{"not_picked":["Prepared","Deflect"],"picked":"Dagger Throw","floor":1},{"not_picked":["Noxious Fumes","Setup"],"picked":"Blur","floor":4},{"not_picked":["Flechettes","Blade Dance"],"picked":"Infinite Blades","floor":5}],"player_experience":2197760,"relics_obtained":[],"event_choices":[{"damage_healed":0,"gold_gain":0,"player_choice":"Grow","damage_taken":0,"max_hp_gain":0,"max_hp_loss":0,"event_name":"Living Wall","floor":2,"gold_loss":0,"cards_upgraded":["Neutralize"]},{"cards_removed":["Strike_G"],"damage_healed":0,"gold_gain":0,"player_choice":"Card Removal","damage_taken":0,"max_hp_gain":0,"max_hp_loss":0,"event_name":"The Cleric","floor":3,"gold_loss":75}],"is_beta":false,"boss_relics":[],"items_purged_floors":[],"is_endless":false,"potions_floor_spawned":[4,5],"killed_by":"Lagavulin","ascension_level":19}}