{"host":"2n2g1vowfllvjtvi","time":1607627525,"event":{"mods":["BaseMod","AchievementEnabler","Custom Start","GifTheSpireLib","Keyboard Shortcuts","Minty Spire (QoL Compilation)","Quick Restart","Rare Cards Sparkle","StSLib","SuperFastMode"],"gold_per_floor":[114,114,114,125,125,152,2,2,56,70,102,102,112,138,138,237,237,257,268,286,55,55,87,87,103,128,128,156,156,176,207,207,304,304,317,317,335,92,103,128,146,146,227,72,72,32,63,63,63,63],"floor_reached":51,"playtime":1403,"items_purged":["Strike_G"],"score":1177,"play_id":"1471840f-fedf-4321-bbe8-d056fbd567c2","local_time":"20201211041205","is_ascension_mode":true,"campfire_choices":[{"data":"Poisoned Stab","floor":8.0,"key":"SMITH"},{"data":"Blade Dance","floor":12.0,"key":"SMITH"},{"data":"Crippling Poison","floor":15.0,"key":"SMITH"},{"data":"Envenom","floor":24.0,"key":"SMITH"},{"data":"Calculated Gamble","floor":27.0,"key":"SMITH"},{"data":"Prepared","floor":29.0,"key":"SMITH"},{"data":"Tools of the Trade","floor":32.0,"key":"SMITH"},{"data":"Catalyst","floor":42.0,"key":"SMITH"},{"data":"Cloak And Dagger","floor":45.0,"key":"SMITH"},{"data":"Neutralize","floor":49.0,"key":"SMITH"}],"circlet_count":0,"master_deck":["Strike_G","Strike_G","Strike_G","Defend_G","Defend_G","Defend_G","Defend_G","Defend_G","Survivor","Neutralize+1","Poisoned Stab+1","Bane","Prepared+1","Cloak And Dagger+1","Blade Dance+1","Crippling Poison+1","Calculated Gamble+1","Envenom+1","Noxious Fumes+1","Acrobatics+1","PiercingWail+1","Escape Plan","Corpse Explosion","Tools of the Trade+1","Wraith Form v2+1","Catalyst+1"],"special_seed":0,"relics":["Ring of the Snake","NeowsBlessing","Orichalcum","StrikeDummy","PreservedInsect","Ancient Tea Set","Mercury Hourglass","Bag of Marbles","Coffee Dripper","Snake Skull","Lantern","Red Mask","Bottled Tornado","Busted Crown","Eternal Feather","Happy Flower","OrangePellets","Blood Vial"],"acts_visited":["Exordium","TheCity","TheBeyond"],"potions_floor_usage":[],"damage_taken":[{"damage":0.0,"enemies":"Small Slimes","floor":1.0,"turns":1.0},{"damage":0.0,"enemies":"Jaw Worm","floor":4.0,"turns":1.0},{"damage":0.0,"enemies":"Lagavulin","floor":6.0,"turns":1.0},{"damage":0.0,"enemies":"Cultist","floor":10.0,"turns":2.0},{"damage":8.0,"enemies":"3 Sentries","floor":11.0,"turns":7.0},{"damage":3.0,"enemies":"Large Slime","floor":13.0,"turns":5.0},{"damage":2.0,"enemies":"Lagavulin","floor":14.0,"turns":4.0},{"damage":5.0,"enemies":"Hexaghost","floor":16.0,"turns":8.0},{"damage":7.0,"enemies":"Shell Parasite","floor":18.0,"turns":3.0},{"damage":0.0,"enemies":"Chosen","floor":19.0,"turns":4.0},{"damage":4.0,"enemies":"Shelled Parasite and Fungi","floor":20.0,"turns":3.0},{"damage":13.0,"enemies":"Book of Stabbing","floor":23.0,"turns":4.0},{"damage":0.0,"enemies":"Chosen and Byrds","floor":25.0,"turns":3.0},{"damage":0.0,"enemies":"Masked Bandits","floor":28.0,"turns":2.0},{"damage":7.0,"enemies":"Snecko","floor":30.0,"turns":4.0},{"damage":1.0,"enemies":"Slavers","floor":31.0,"turns":2.0},{"damage":14.0,"enemies":"Collector","floor":33.0,"turns":6.0},{"damage":3.0,"enemies":"3 Darklings","floor":35.0,"turns":3.0},{"damage":0.0,"enemies":"Orb Walker","floor":37.0,"turns":3.0},{"damage":0.0,"enemies":"Sphere and 2 Shapes","floor":39.0,"turns":4.0},{"damage":15.0,"enemies":"Reptomancer","floor":40.0,"turns":4.0},{"damage":0.0,"enemies":"4 Shapes","floor":41.0,"turns":1.0},{"damage":9.0,"enemies":"Giant Head","floor":47.0,"turns":5.0},{"damage":3,"enemies":"Donu and Deca","floor":50,"turns":5}],"seed_played":"9042126772852783561","potions_obtained":[{"floor":1.0,"key":"SkillPotion"},{"floor":4.0,"key":"Fire Potion"},{"floor":13.0,"key":"Strength Potion"},{"floor":16.0,"key":"DuplicationPotion"},{"floor":20.0,"key":"DistilledChaos"},{"floor":23.0,"key":"GamblersBrew"},{"floor":31.0,"key":"DuplicationPotion"},{"floor":33.0,"key":"AttackPotion"},{"floor":35.0,"key":"FearPotion"},{"floor":39.0,"key":"Regen Potion"},{"floor":46.0,"key":"SmokeBomb"},{"floor":46.0,"key":"FearPotion"}],"is_trial":false,"path_per_floor":["M","?","?","M","?","E","$","R","T","M","E","R","M","E","R","B",null,"M","M","M","$","?","E","R","M","T","R","?","R","M","E","R","B",null,"M","?","M","$","M","E","M","R","T","$","R","?","E","$","R","B",null],"character_chosen":"THE_SILENT","items_purchased":["PreservedInsect","Snake Skull","Eternal Feather","OrangePellets"],"campfire_rested":0,"item_purchase_floors":[7,21,38,44],"current_hp_per_floor":[63,63,63,63,56,56,56,56,56,56,48,48,45,43,43,38,62,55,55,51,51,38,25,25,25,25,25,25,25,18,17,17,3,57,54,54,54,54,54,51,51,66,66,66,75,75,66,66,75,72],"gold":63,"neow_bonus":"THREE_ENEMY_KILL","is_daily":false,"chose_seed":false,"campfire_upgraded":10,"win_rate":0,"timestamp":1607627525,"path_taken":["M","?","?","?","?","E","$","R","T","M","E","R","M","E","R","BOSS","M","M","M","$","?","E","R","M","T","R","?","R","M","E","R","BOSS","M","?","?","$","M","E","?","R","T","$","R","?","E","?","R","BOSS"],"build_version":"2020-11-30","purchased_purges":1,"victory":true,"max_hp_per_floor":[70,70,70,70,70,70,70,70,70,70,70,70,70,70,70,70,70,70,70,70,70,75,75,75,75,75,75,75,75,75,75,75,75,75,75,75,75,75,75,75,75,75,75,75,75,75,75,75,75,75],"card_choices":[{"not_picked":["Leg Sweep","Well Laid Plans"],"picked":"Poisoned Stab","floor":1.0},{"not_picked":["Infinite Blades","Accuracy"],"picked":"Prepared","floor":4.0},{"not_picked":["Caltrops","Cloak And Dagger","Night Terror"],"picked":"SKIP","floor":6.0},{"not_picked":["Prepared","Accuracy"],"picked":"Cloak And Dagger","floor":10.0},{"not_picked":["Sucker Punch","Cloak And Dagger"],"picked":"Blade Dance","floor":11.0},{"not_picked":["Underhanded Strike","Bane"],"picked":"Crippling Poison","floor":13.0},{"not_picked":["Flying Knee","Blade Dance"],"picked":"Calculated Gamble","floor":14.0},{"not_picked":["Phantasmal Killer","Grand Finale"],"picked":"Envenom","floor":16.0},{"not_picked":["Bane","Endless Agony"],"picked":"Noxious Fumes+1","floor":18.0},{"not_picked":["Underhanded Strike","Dodge and Roll+1"],"picked":"Acrobatics+1","floor":19.0},{"not_picked":["Deflect","Terror+1"],"picked":"PiercingWail+1","floor":20.0},{"not_picked":["PiercingWail","Deflect","Blade Dance"],"picked":"SKIP","floor":23.0},{"not_picked":["Slice","Backstab"],"picked":"Escape Plan","floor":25.0},{"not_picked":["Sucker Punch","Underhanded Strike+1"],"picked":"Corpse Explosion","floor":30.0},{"not_picked":["Sucker Punch","Crippling Poison"],"picked":"Tools of the Trade","floor":31.0},{"not_picked":["Unload","Bullet Time"],"picked":"Wraith Form v2","floor":33.0},{"not_picked":["Backflip"],"picked":"SKIP","floor":35.0},{"not_picked":["Bane"],"picked":"SKIP","floor":37.0},{"not_picked":["Deadly Poison+1"],"picked":"SKIP","floor":39.0},{"not_picked":[],"picked":"Catalyst","floor":40.0},{"not_picked":["Finisher+1"],"picked":"SKIP","floor":41.0},{"not_picked":["Prepared"],"picked":"SKIP","floor":47.0}],"player_experience":438004,"relics_obtained":[{"floor":6.0,"key":"StrikeDummy"},{"floor":9.0,"key":"Ancient Tea Set"},{"floor":11.0,"key":"Mercury Hourglass"},{"floor":14.0,"key":"Bag of Marbles"},{"floor":26.0,"key":"Lantern"},{"floor":28.0,"key":"Red Mask"},{"floor":31.0,"key":"Bottled Tornado"},{"floor":40.0,"key":"Happy Flower"},{"floor":47.0,"key":"Blood Vial"}],"event_choices":[{"damage_healed":0.0,"max_hp_gain":0.0,"max_hp_loss":0.0,"gold_gain":0.0,"event_name":"Liars Game","player_choice":"Ignored","floor":2.0,"gold_loss":0.0,"damage_taken":0.0},{"damage_healed":0.0,"max_hp_gain":0.0,"max_hp_loss":0.0,"gold_gain":0.0,"cards_transformed":["Strike_G"],"event_name":"Transmorgrifier","player_choice":"Transformed","floor":3.0,"gold_loss":0.0,"damage_taken":0.0,"cards_obtained":["Bane"]},{"damage_healed":0.0,"max_hp_gain":0.0,"max_hp_loss":0.0,"gold_gain":0.0,"event_name":"Scrap Ooze","player_choice":"Success","floor":5.0,"gold_loss":0.0,"damage_taken":7.0,"relics_obtained":["Orichalcum"]},{"damage_healed":0.0,"max_hp_gain":5.0,"max_hp_loss":0.0,"gold_gain":0.0,"event_name":"Forgotten Altar","player_choice":"Shed Blood","floor":22.0,"gold_loss":0.0,"damage_taken":18.0},{"damage_healed":0.0,"max_hp_gain":0.0,"max_hp_loss":0.0,"gold_gain":0.0,"event_name":"Masked Bandits","player_choice":"Fought Bandits","floor":28.0,"gold_loss":0.0,"damage_taken":0.0},{"damage_healed":0.0,"max_hp_gain":0.0,"max_hp_loss":0.0,"gold_gain":0.0,"event_name":"Accursed Blacksmith","player_choice":"Forge","floor":36.0,"gold_loss":0.0,"damage_taken":0.0,"cards_upgraded":["Wraith Form v2"]},{"damage_healed":0.0,"max_hp_gain":0.0,"max_hp_loss":0.0,"gold_gain":0.0,"event_name":"The Woman in Blue","player_choice":"Bought 3 Potions","floor":46.0,"gold_loss":0.0,"damage_taken":0.0}],"is_beta":false,"boss_relics":[{"not_picked":["SacredBark","Velvet Choker"],"picked":"Coffee Dripper"},{"not_picked":["HoveringKite","Tiny House"],"picked":"Busted Crown"}],"items_purged_floors":[21],"is_endless":false,"potions_floor_spawned":[1,4,13,16,20,23,25,31,33,35,39],"ascension_level":7}}