{"host":"Ian","time":1607597090,"event":{"gold_per_floor":[112,126,138,34,44,72,72,87,87,107,125,137,23,53,53,126,126,143,143,58,58,75,101,101,133,202,222,257,257,275,309,309,385,385,398,409,429,447,463,493,493,493,493,493,493,493,504,524,524,524,524,524,524,9,36,36,36],"floor_reached":56,"playtime":3875,"items_purged":["Pain","Strike_R"],"score":2196,"play_id":"67ab4ebb-5278-4906-828e-0db785b7623a","local_time":"20201210104450","is_ascension_mode":true,"campfire_choices":[{"data":"Anger","floor":7,"key":"SMITH"},{"floor":15,"key":"REST"},{"floor":24,"key":"REST"},{"floor":29,"key":"REST"},{"data":"Pommel Strike","floor":32,"key":"SMITH"},{"data":"Feel No Pain","floor":41,"key":"SMITH"},{"data":"Immolate","floor":45,"key":"SMITH"},{"floor":49,"key":"RECALL"},{"data":"Warcry","floor":53,"key":"SMITH"}],"neow_cost":"CURSE","seed_source_timestamp":0,"circlet_count":0,"master_deck":["AscendersBane","Strike_R","Strike_R","Strike_R","Strike_R","Defend_R","Defend_R","Defend_R","Defend_R","Pommel Strike+1","Intimidate","Warcry+1","Anger+1","Infernal Blade","Warcry+1","Warcry+1","True Grit+1","Feel No Pain+1","Havoc+1","Spot Weakness+1","Limit Break+1","CurseOfTheBell","True Grit+1","Disarm+1","Immolate+1","True Grit+1","Intimidate+1","Second Wind+1","Armaments+1","Reaper","True Grit+1","Reaper","Havoc+1","Flame Barrier+1","Disarm+1"],"special_seed":0,"relics":["Burning Blood","Dead Branch","Toxic Egg 2","Bag of Preparation","Ancient Tea Set","Calling Bell","Lantern","Pantograph","StoneCalendar","White Beast Statue","Du-Vu Doll","Kunai","Pear","Regal Pillow","Bottled Flame","SlaversCollar","Darkstone Periapt","TungstenRod","Mercury Hourglass"],"potions_floor_usage":[16,23,23,23,37,50,56],"damage_taken":[{"damage":5,"enemies":"2 Louse","floor":1,"turns":4},{"damage":13,"enemies":"Small Slimes","floor":2,"turns":3},{"damage":11,"enemies":"Jaw Worm","floor":3,"turns":5},{"damage":36,"enemies":"Large Slime","floor":5,"turns":5},{"damage":10,"enemies":"Gremlin Nob","floor":6,"turns":3},{"damage":10,"enemies":"Blue Slaver","floor":8,"turns":3},{"damage":6,"enemies":"3 Louse","floor":10,"turns":4},{"damage":10,"enemies":"Exordium Wildlife","floor":11,"turns":5},{"damage":13,"enemies":"Large Slime","floor":12,"turns":6},{"damage":17,"enemies":"3 Sentries","floor":14,"turns":5},{"damage":11,"enemies":"Hexaghost","floor":16,"turns":8},{"damage":30,"enemies":"Spheric Guardian","floor":18,"turns":6},{"damage":17,"enemies":"3 Byrds","floor":22,"turns":5},{"damage":18,"enemies":"Book of Stabbing","floor":23,"turns":5},{"damage":0,"enemies":"Gremlin Leader","floor":25,"turns":7},{"damage":5,"enemies":"3 Cultists","floor":27,"turns":4},{"damage":44,"enemies":"Book of Stabbing","floor":28,"turns":6},{"damage":2,"enemies":"Sentry and Sphere","floor":30,"turns":3},{"damage":20,"enemies":"Slavers","floor":31,"turns":2},{"damage":67,"enemies":"Collector","floor":33,"turns":10},{"damage":10,"enemies":"3 Shapes","floor":35,"turns":5},{"damage":36,"enemies":"3 Darklings","floor":36,"turns":6},{"damage":26,"enemies":"Transient","floor":37,"turns":6},{"damage":2,"enemies":"Jaw Worm Horde","floor":38,"turns":3},{"damage":25,"enemies":"Writhing Mass","floor":39,"turns":5},{"damage":30,"enemies":"Giant Head","floor":40,"turns":7},{"damage":12,"enemies":"Sphere and 2 Shapes","floor":47,"turns":4},{"damage":52,"enemies":"3 Darklings","floor":48,"turns":4},{"damage":4,"enemies":"Donu and Deca","floor":50,"turns":4},{"damage":33,"enemies":"Awakened One","floor":51,"turns":12},{"damage":78,"enemies":"Shield and Spear","floor":55,"turns":6},{"damage":116,"enemies":"The Heart","floor":56,"turns":8}],"seed_played":"-7723726544750509590","potions_obtained":[{"floor":3,"key":"SteroidPotion"},{"floor":6,"key":"FairyPotion"},{"floor":14,"key":"DistilledChaos"},{"floor":16,"key":"EntropicBrew"},{"floor":22,"key":"Fire Potion"},{"floor":23,"key":"Ancient Potion"},{"floor":28,"key":"PowerPotion"},{"floor":33,"key":"Regen Potion"},{"floor":37,"key":"Fire Potion"},{"floor":47,"key":"FairyPotion"},{"floor":55,"key":"ElixirPotion"}],"is_trial":false,"path_per_floor":["M","M","M","$","M","E","R","M","T","M","M","M","$","E","R","B",null,"M","?","?","?","M","E","R","E","T","M","E","R","M","E","R","B",null,"M","M","M","M","M","E","R","?","T","?","R","?","M","M","R","B","B",null,"R","$","E","B"],"character_chosen":"IRONCLAD","items_purchased":["Anger","Feel No Pain","Havoc+1","Disarm+1","TungstenRod"],"campfire_rested":3,"item_purchase_floors":[4,13,13,54,54],"current_hp_per_floor":[69,62,57,57,27,23,23,19,19,19,15,8,8,26,48,43,67,43,43,43,43,32,20,42,48,58,59,21,61,65,51,51,15,68,71,53,71,85,66,68,68,68,68,58,58,58,82,36,36,85,81,84,84,84,66,0,0],"gold":36,"neow_bonus":"ONE_RARE_RELIC","is_prod":false,"is_daily":false,"chose_seed":false,"campfire_upgraded":5,"win_rate":0,"timestamp":1607597090,"path_taken":["M","M","M","$","M","E","R","M","T","M","M","M","$","E","R","BOSS","M","?","?","?","M","E","R","E","T","M","E","R","M","E","R","BOSS","M","M","M","M","M","E","R","?","T","?","R","?","?","M","R","BOSS","BOSS","R","$","E","BOSS"],"build_version":"2020-12-07","purchased_purges":2,"victory":false,"max_hp_per_floor":[75,75,75,75,75,75,75,75,75,75,75,75,75,75,75,75,75,75,75,75,75,75,75,75,75,85,85,85,85,85,85,85,85,85,85,85,85,85,85,85,85,85,85,85,85,85,85,85,85,85,85,85,85,85,85,85,85],"relic_stats":{"Darkstone Periapt":0,"Regal Pillow":15,"counters":[32,169],"Dead Branch":[423],"Pantograph":69,"StoneCalendar":[166],"Bag of Preparation":[52],"Kunai":[24],"obtain_stats":[{"Darkstone Periapt":40,"Lantern":17,"Regal Pillow":28,"Pear":26,"Dead Branch":0,"StoneCalendar":17,"Bag of Preparation":9,"Ancient Tea Set":14,"Burning Blood":0,"White Beast Statue":20,"Mercury Hourglass":55,"Calling Bell":17,"Du-Vu Doll":23,"keyreminder:keyreminder":40,"SlaversCollar":34,"Bottled Flame":31,"Pantograph":17,"Kunai":25,"Toxic Egg 2":6,"TungstenRod":54},{"Darkstone Periapt":26,"Lantern":11,"Regal Pillow":17,"Pear":15,"Dead Branch":0,"StoneCalendar":11,"Bag of Preparation":6,"Ancient Tea Set":10,"Burning Blood":0,"White Beast Statue":12,"Mercury Hourglass":31,"Calling Bell":11,"Du-Vu Doll":14,"keyreminder:keyreminder":26,"SlaversCollar":20,"Bottled Flame":19,"Pantograph":11,"Kunai":15,"Toxic Egg 2":5,"TungstenRod":30},{"Darkstone Periapt":131,"Lantern":51,"Regal Pillow":84,"Pear":74,"Dead Branch":0,"StoneCalendar":51,"Bag of Preparation":23,"Ancient Tea Set":43,"Burning Blood":0,"White Beast Statue":57,"Mercury Hourglass":161,"Calling Bell":51,"Du-Vu Doll":67,"keyreminder:keyreminder":131,"SlaversCollar":99,"Bottled Flame":89,"Pantograph":51,"Kunai":74,"Toxic Egg 2":20,"TungstenRod":155}],"Burning Blood":176,"TungstenRod":39,"Mercury Hourglass":[24]},"card_choices":[{"not_picked":["Perfected Strike","Infernal Blade"],"picked":"Pommel Strike","floor":1},{"not_picked":["Heavy Blade","Armaments"],"picked":"Intimidate","floor":2},{"not_picked":["Headbutt","Sword Boomerang"],"picked":"Warcry","floor":3},{"not_picked":["Demon Form","Pommel Strike"],"picked":"Infernal Blade","floor":5},{"not_picked":["Cleave","Pommel Strike","Headbutt"],"picked":"SKIP","floor":6},{"not_picked":["Iron Wave","Sword Boomerang"],"picked":"Warcry+1","floor":8},{"not_picked":["Inflame","Pommel Strike"],"picked":"Warcry+1","floor":10},{"not_picked":["Entrench+1","Iron Wave","Anger"],"picked":"SKIP","floor":11},{"not_picked":["Sword Boomerang","Cleave"],"picked":"True Grit+1","floor":12},{"not_picked":["Clothesline","Pummel"],"picked":"Spot Weakness+1","floor":14},{"not_picked":["Double Tap+1","Immolate"],"picked":"Limit Break+1","floor":16},{"not_picked":["Wild Strike","Blood for Blood"],"picked":"True Grit+1","floor":18},{"not_picked":["Thunderclap","Pommel Strike","Clothesline"],"picked":"SKIP","floor":22},{"not_picked":["Thunderclap","Heavy Blade"],"picked":"Immolate","floor":23},{"not_picked":["Bloodletting+1","Anger"],"picked":"True Grit+1","floor":25},{"not_picked":["Perfected Strike","Metallicize","Clash"],"picked":"SKIP","floor":27},{"not_picked":["Anger","Body Slam"],"picked":"Intimidate+1","floor":28},{"not_picked":["Iron Wave","Brutality"],"picked":"Second Wind+1","floor":30},{"not_picked":["Rupture","Anger"],"picked":"Armaments+1","floor":31},{"not_picked":["Immolate","Brutality"],"picked":"Reaper","floor":33},{"not_picked":["Searing Blow","Whirlwind+1","Uppercut"],"picked":"SKIP","floor":35},{"not_picked":["Armaments+1","Searing Blow","Twin Strike"],"picked":"SKIP","floor":36},{"not_picked":["Entrench+1","Sever Soul","Wild Strike"],"picked":"SKIP","floor":37},{"not_picked":["Headbutt","Clash"],"picked":"True Grit+1","floor":38},{"not_picked":["Spot Weakness+1","Clash"],"picked":"Reaper","floor":39},{"not_picked":["Hemokinesis","Cleave"],"picked":"Havoc+1","floor":40},{"not_picked":["Bloodletting+1","Burning Pact+1"],"picked":"Flame Barrier+1","floor":47},{"not_picked":["Heavy Blade","Clash+1","Intimidate+1"],"picked":"SKIP","floor":48},{"not_picked":["Hemokinesis","Clothesline","Wild Strike"],"picked":"SKIP","floor":55}],"player_experience":2482807,"relics_obtained":[{"floor":6,"key":"Toxic Egg 2"},{"floor":9,"key":"Bag of Preparation"},{"floor":14,"key":"Ancient Tea Set"},{"floor":17,"key":"Lantern"},{"floor":17,"key":"Pantograph"},{"floor":17,"key":"StoneCalendar"},{"floor":23,"key":"Du-Vu Doll"},{"floor":25,"key":"Kunai"},{"floor":26,"key":"Pear"},{"floor":28,"key":"Regal Pillow"},{"floor":31,"key":"Bottled Flame"},{"floor":40,"key":"Darkstone Periapt"},{"floor":55,"key":"Mercury Hourglass"}],"event_choices":[{"damage_healed":0,"gold_gain":0,"player_choice":"Ignored","damage_taken":0,"max_hp_gain":0,"max_hp_loss":0,"event_name":"The Mausoleum","floor":19,"gold_loss":0},{"damage_healed":0,"gold_gain":0,"player_choice":"Obtained Relic","damage_taken":0,"relics_obtained":["White Beast Statue"],"max_hp_gain":0,"max_hp_loss":0,"event_name":"Addict","floor":20,"gold_loss":85},{"damage_healed":0,"gold_gain":0,"player_choice":"Read","damage_taken":0,"max_hp_gain":0,"max_hp_loss":0,"event_name":"The Library","floor":21,"gold_loss":0,"cards_obtained":["Disarm"]},{"damage_healed":0,"gold_gain":0,"player_choice":"Ignored","damage_taken":0,"max_hp_gain":0,"max_hp_loss":0,"event_name":"Tomb of Lord Red Mask","floor":42,"gold_loss":0},{"damage_healed":0,"gold_gain":0,"player_choice":"Memory 3","damage_taken":10,"max_hp_gain":0,"max_hp_loss":0,"event_name":"SensoryStone","floor":44,"gold_loss":0},{"cards_removed":["Bash"],"damage_healed":0,"gold_gain":0,"player_choice":"Removed Attack","damage_taken":0,"max_hp_gain":0,"max_hp_loss":0,"event_name":"Falling","floor":46,"gold_loss":0}],"is_beta":true,"boss_relics":[{"not_picked":["Busted Crown","Runic Dome"],"picked":"Calling Bell"},{"not_picked":["Pandora\u0027s Box","Black Star"],"picked":"SlaversCollar"}],"items_purged_floors":[4,54],"is_endless":false,"potions_floor_spawned":[3,6,12,14,16,22,23,25,27,28,30,31,33,35,36,37,38,39,40,47,48,55],"killed_by":"The Heart","ascension_level":20}}