{"host":"d8hh7rr4yzitjeuj","time":1607619495,"event":{"mods":["BaseMod","AchievementEnabler","StSLib","CapriCore","Colored Powertips","Highlight Path","Minty Spire (QoL Compilation)","Quick Restart","SuperFastMode","Keyboard Shortcuts","Permanent Neow","Colored Map","2.2 Compatiblity"],"gold_per_floor":[118,137,137,137,150,150,183,203,203,221,238,255,272,59,59,138,138,153,153,170,182,15,15,15],"floor_reached":23,"playtime":676,"items_purged":[],"score":394,"play_id":"2d62447a-2f5a-417f-bb6c-afc00b48ed4b","local_time":"20201211015815","is_ascension_mode":true,"campfire_choices":[{"data":"Zap","floor":6.0,"key":"SMITH"},{"floor":15.0,"key":"REST"}],"circlet_count":0,"master_deck":["AscendersBane","Strike_B","Strike_B","Strike_B","Defend_B","Defend_B","Defend_B","Defend_B","Zap+1","Dualcast","Cold Snap","Stack","Barrage","Cold Snap","Skim","Hello World","Conserve Battery","Turbo","Fusion","Sweeping Beam","Immolate","Blade Dance","Decay","Headbutt","Cloak And Dagger"],"special_seed":0,"relics":["SacredBark","StrikeDummy","Ornamental Fan","Shuriken","PrismaticShard","Cursed Key","Bottled Lightning","Omamori"],"acts_visited":["Exordium","TheCity"],"potions_floor_usage":[18,21,23],"damage_taken":[{"damage":2.0,"enemies":"2 Louse","floor":1.0,"turns":3.0},{"damage":6.0,"enemies":"Cultist","floor":2.0,"turns":3.0},{"damage":0.0,"enemies":"Small Slimes","floor":5.0,"turns":7.0},{"damage":35.0,"enemies":"3 Sentries","floor":7.0,"turns":10.0},{"damage":5.0,"enemies":"Looter","floor":8.0,"turns":3.0},{"damage":27.0,"enemies":"Large Slime","floor":10.0,"turns":6.0},{"damage":9.0,"enemies":"Exordium Wildlife","floor":11.0,"turns":6.0},{"damage":3.0,"enemies":"Red Slaver","floor":12.0,"turns":4.0},{"damage":0.0,"enemies":"Looter","floor":13.0,"turns":3.0},{"damage":12.0,"enemies":"Slime Boss","floor":16.0,"turns":8.0},{"damage":17,"enemies":"2 Thieves","floor":18,"turns":3},{"damage":0,"enemies":"Spheric Guardian","floor":20,"turns":3},{"damage":4,"enemies":"Centurion and Healer","floor":21,"turns":3},{"damage":47,"enemies":"Book of Stabbing","floor":23,"turns":4}],"seed_played":"-33988878777357213","potions_obtained":[{"floor":1.0,"key":"FairyPotion"},{"floor":11.0,"key":"SteroidPotion"},{"floor":13.0,"key":"EntropicBrew"},{"floor":16.0,"key":"DistilledChaos"},{"floor":20,"key":"SteroidPotion"}],"is_trial":false,"path_per_floor":["M","M","?","?","M","R","E","M","T","M","M","M","M","$","R","B",null,"M","T","M","M","$","E"],"character_chosen":"DEFECT","items_purchased":["PrismaticShard","Sweeping Beam","Omamori"],"campfire_rested":1,"item_purchase_floors":[14,14,22],"current_hp_per_floor":[62,56,45,45,45,45,10,5,5,36,27,24,24,24,45,33,62,45,45,45,41,41,0,0],"gold":15,"neow_bonus":"BOSS_RELIC","is_daily":false,"chose_seed":false,"campfire_upgraded":1,"win_rate":0,"timestamp":1607619495,"path_taken":["M","M","?","?","M","R","E","M","T","M","M","M","M","$","R","BOSS","M","?","?","M","$","E"],"build_version":"2020-11-30","purchased_purges":0,"victory":false,"max_hp_per_floor":[71,71,71,71,71,71,71,71,71,71,71,71,71,71,71,71,71,71,71,71,71,71,71,71],"card_choices":[{"not_picked":["Reinforced Body","Redo"],"picked":"Cold Snap","floor":1.0},{"not_picked":["Doom and Gloom","Barrage"],"picked":"Stack","floor":2.0},{"not_picked":["Scrape","Chaos"],"picked":"Barrage","floor":5.0},{"not_picked":["Turbo","Rebound"],"picked":"Cold Snap","floor":7.0},{"not_picked":["Rebound","Static Discharge"],"picked":"Skim","floor":8.0},{"not_picked":["Static Discharge","BootSequence"],"picked":"Hello World","floor":10.0},{"not_picked":["Skim","Stack"],"picked":"Conserve Battery","floor":11.0},{"not_picked":["Stack","Coolheaded"],"picked":"Turbo","floor":12.0},{"not_picked":["Consume","Stack"],"picked":"Fusion","floor":13.0},{"not_picked":["Malaise","Vault"],"picked":"Immolate","floor":16.0},{"not_picked":["Turbo","Eviscerate"],"picked":"Blade Dance","floor":18},{"not_picked":["Prepared","CrushJoints"],"picked":"Headbutt","floor":20},{"not_picked":["Bane","Choke"],"picked":"Cloak And Dagger","floor":21}],"player_experience":1319797,"relics_obtained":[{"floor":7.0,"key":"Ornamental Fan"},{"floor":9.0,"key":"Shuriken"},{"floor":19,"key":"Bottled Lightning"}],"event_choices":[{"damage_healed":0.0,"max_hp_gain":0.0,"max_hp_loss":0.0,"gold_gain":0.0,"event_name":"Scrap Ooze","player_choice":"Success","floor":3.0,"gold_loss":0.0,"damage_taken":11.0,"relics_obtained":["StrikeDummy"]},{"cards_removed":["Strike_B"],"damage_healed":0.0,"max_hp_gain":0.0,"max_hp_loss":0.0,"gold_gain":0.0,"event_name":"Purifier","player_choice":"Purged","floor":4.0,"gold_loss":0.0,"damage_taken":0.0}],"is_beta":false,"boss_relics":[{"not_picked":["Black Star","Runic Pyramid"],"picked":"Cursed Key"}],"items_purged_floors":[],"is_endless":false,"potions_floor_spawned":[1,11,13,16,20],"killed_by":"Book of Stabbing","ascension_level":20}}