{"host":"j4g6ia6asvpyu2b0","time":1607562632,"event":{"gold_per_floor":[110,128,138,156,169,197,197,227,227,257,257,257,270,270,270],"floor_reached":14,"playtime":272,"items_purged":[],"score":107,"play_id":"13a55689-ea7d-4380-b908-2039e6971c89","local_time":"20201209181032","is_ascension_mode":true,"campfire_choices":[{"data":"Zap","floor":7.0,"key":"SMITH"},{"data":"Beam Cell","floor":12.0,"key":"SMITH"}],"neow_cost":"NONE","seed_source_timestamp":91151675076700,"circlet_count":0,"master_deck":["Strike_B","Strike_B","Strike_B","Strike_B","Defend_B","Defend_B","Defend_B","Defend_B","Zap+1","Dualcast","Beam Cell+1","Doom and Gloom","Redo","All For One","Cold Snap","Capacitor","Ball Lightning","BootSequence"],"special_seed":0,"relics":["Cracked Core","Lantern","Singing Bowl","Odd Mushroom","Toy Ornithopter","Smiling Mask"],"potions_floor_usage":[],"damage_taken":[{"damage":1.0,"enemies":"Cultist","floor":1.0,"turns":3.0},{"damage":3.0,"enemies":"Small Slimes","floor":2.0,"turns":3.0},{"damage":1.0,"enemies":"2 Louse","floor":3.0,"turns":2.0},{"damage":0.0,"enemies":"Exordium Wildlife","floor":4.0,"turns":3.0},{"damage":5.0,"enemies":"Looter","floor":5.0,"turns":3.0},{"damage":16.0,"enemies":"Gremlin Nob","floor":6.0,"turns":4.0},{"damage":7.0,"enemies":"The Mushroom Lair","floor":8.0,"turns":3.0},{"damage":22.0,"enemies":"Lagavulin","floor":10.0,"turns":5.0},{"damage":0.0,"enemies":"Lots of Slimes","floor":13.0,"turns":1.0},{"damage":0,"enemies":"3 Sentries","floor":14,"turns":1}],"seed_played":"6772466379899175335","potions_obtained":[{"floor":5.0,"key":"Regen Potion"},{"floor":6.0,"key":"LiquidBronze"},{"floor":8.0,"key":"FearPotion"},{"floor":13.0,"key":"SkillPotion"}],"is_trial":false,"path_per_floor":["M","M","M","M","M","E","R","?","T","E","?","R","M","E"],"character_chosen":"DEFECT","items_purchased":[],"campfire_rested":0,"item_purchase_floors":[],"current_hp_per_floor":[74,71,70,70,65,49,49,42,42,39,44,44,44,44,44],"gold":270,"neow_bonus":"RANDOM_COMMON_RELIC","is_prod":false,"is_daily":false,"chose_seed":false,"campfire_upgraded":2,"win_rate":0,"timestamp":1607562632,"path_taken":["M","M","?","M","M","E","R","?","T","E","?","R","M","E"],"build_version":"2020-11-30","purchased_purges":0,"victory":false,"max_hp_per_floor":[75,75,75,75,75,75,75,75,75,75,80,80,80,80,80],"relic_stats":{"Singing Bowl":0,"counters":[10,27],"Smiling Mask":0,"obtain_stats":[{"Lantern":0,"Singing Bowl":6,"Odd Mushroom":8,"Cracked Core":0,"Smiling Mask":10,"Toy Ornithopter":9},{"Lantern":0,"Singing Bowl":6,"Odd Mushroom":7,"Cracked Core":0,"Smiling Mask":8,"Toy Ornithopter":7},{"Lantern":0,"Singing Bowl":18,"Odd Mushroom":21,"Cracked Core":0,"Smiling Mask":26,"Toy Ornithopter":21}],"Toy Ornithopter":5},"card_choices":[{"not_picked":["Go for the Eyes","Barrage"],"picked":"Beam Cell","floor":1.0},{"not_picked":["Coolheaded","Streamline"],"picked":"Doom and Gloom","floor":2.0},{"not_picked":["Recycle","Leap"],"picked":"Redo","floor":3.0},{"not_picked":["Go for the Eyes","Conserve Battery"],"picked":"All For One","floor":4.0},{"not_picked":["Recycle","Turbo","Stack"],"picked":"SKIP","floor":5.0},{"not_picked":["Tempest","Recycle"],"picked":"Cold Snap","floor":6.0},{"not_picked":["Sweeping Beam","Barrage"],"picked":"Capacitor","floor":8.0},{"not_picked":["Go for the Eyes","Hello World"],"picked":"Ball Lightning","floor":10.0},{"not_picked":["Rebound","Barrage"],"picked":"BootSequence","floor":13.0}],"player_experience":600977,"relics_obtained":[{"floor":6.0,"key":"Singing Bowl"},{"floor":8.0,"key":"Odd Mushroom"},{"floor":9.0,"key":"Toy Ornithopter"},{"floor":10.0,"key":"Smiling Mask"}],"event_choices":[{"damage_healed":0.0,"max_hp_gain":0.0,"max_hp_loss":0.0,"gold_gain":0.0,"event_name":"Mushrooms","player_choice":"Fought Mushrooms","floor":8.0,"gold_loss":0.0,"damage_taken":0.0},{"damage_healed":0.0,"max_hp_gain":5.0,"max_hp_loss":0.0,"gold_gain":0.0,"event_name":"Big Fish","player_choice":"Donut","floor":11.0,"gold_loss":0.0,"damage_taken":0.0}],"is_beta":false,"boss_relics":[],"items_purged_floors":[],"is_endless":false,"potions_floor_spawned":[5,6,8,13],"killed_by":"3 Sentries","ascension_level":1}}