{"host":"6p0attdrtjqaih7v","time":1607626611,"event":{"mods":["BaseMod","StSLib","AchievementEnabler","2.2 Compatiblity","Random Character Button","Minty Spire (QoL Compilation)","Highlight Path","Quick Restart","Relic Stats","Key Reminder","Permanent Neow","Colored Powertips","Better Skull","The Construct","Hermit","Better Third Choice","Replay The Spire","Bard","Jorbs\u0027s Wanderer Trilogy"],"gold_per_floor":[118,129,139,214,71,71,90,90,117,117,134,134,151,167,167,241,241,253,270,270,290,300,300,300,300],"floor_reached":24,"playtime":1492,"items_purged":[],"score":449,"play_id":"e01aa947-ef5c-4a44-9c60-a89cf8f326e4","local_time":"20201210135651","is_ascension_mode":true,"campfire_choices":[{"data":"construct:SiegeForm","floor":6,"key":"SMITH"},{"data":"construct:FlammableFog","floor":8,"key":"SMITH"},{"data":"construct:NuclearCore","floor":10,"key":"SMITH"},{"floor":12,"key":"REST"},{"data":"construct:NuclearCore+1","floor":15,"key":"SMITH"},{"data":"construct:HeavyBolt+1","floor":23,"key":"SMITH"}],"circlet_count":0,"master_deck":["AscendersBane","construct:Defend_Gold","construct:Defend_Gold","construct:Defend_Gold","construct:Defend_Gold","construct:Defend_Gold","construct:AttackMode","construct:DefenseMode","construct:Backfire","construct:QuickAttack","construct:FlammableFog+1","construct:SiegeForm+1","construct:NuclearCore+2","construct:Antimatter","construct:ScrapCannon","construct:Missile","construct:MemoryTap","Bite","Bite","Bite","Bite","Bite","construct:HeavyBolt+2"],"relics":["construct:ClockworkPhoenix","Lantern","ReplayTheSpireMod:TigerMarble","ReplayTheSpireMod:DimensionalGlitch"],"acts_visited":["Exordium","TheCity"],"potions_floor_usage":[7,22,22,24],"damage_taken":[{"damage":7,"enemies":"Jaw Worm","floor":1,"turns":6},{"damage":5,"enemies":"2 Louse","floor":2,"turns":3},{"damage":0,"enemies":"Small Slimes","floor":3,"turns":4},{"damage":16,"enemies":"Exordium Wildlife","floor":7,"turns":6},{"damage":15,"enemies":"Gremlin Gang","floor":11,"turns":4},{"damage":3,"enemies":"3 Louse","floor":13,"turns":4},{"damage":15,"enemies":"Exordium Thugs","floor":14,"turns":5},{"damage":0,"enemies":"Hexaghost","floor":16,"turns":10},{"damage":23,"enemies":"3 Byrds","floor":18,"turns":5},{"damage":28,"enemies":"Shell Parasite","floor":19,"turns":7},{"damage":7,"enemies":"Centurion and Healer","floor":21,"turns":11},{"damage":9,"enemies":"Chosen and Byrds","floor":22,"turns":6},{"damage":29,"enemies":"Book of Stabbing","floor":24,"turns":4}],"seed_played":"-2640102876027843424","potions_obtained":[{"floor":2,"key":"Swift Potion"},{"floor":7,"key":"Elixir"},{"floor":14,"key":"BlessingOfTheForge"},{"floor":21,"key":"SkillPotion"}],"is_trial":false,"path_per_floor":["M","M","M","?","$","R","M","R","T","R","M","R","M","M","R","B",null,"M","M","?","M","M","R","E"],"character_chosen":"THE_CONSTRUCT_MOD","items_purchased":["construct:SiegeForm","construct:NuclearCore"],"campfire_rested":1,"item_purchase_floors":[5,5],"current_hp_per_floor":[65,60,60,49,49,49,33,33,33,33,18,42,39,24,24,24,66,43,15,15,21,23,23,0,0],"gold":300,"neow_bonus":"RANDOM_COMMON_RELIC","is_daily":false,"chose_seed":false,"campfire_upgraded":5,"win_rate":0,"timestamp":1607626611,"path_taken":["M","M","M","?","$","R","M","R","T","R","M","R","M","M","R","BOSS","M","M","?","M","M","R","E"],"build_version":"2020-11-30","purchased_purges":0,"victory":false,"max_hp_per_floor":[80,80,80,80,80,80,80,80,80,80,80,80,80,80,80,80,80,80,80,56,56,56,56,56,56],"relic_stats":{"counters":[13,75],"obtain_stats":[{"Lantern":0,"ReplayTheSpireMod:TigerMarble":9,"construct:ClockworkPhoenix":0,"ReplayTheSpireMod:DimensionalGlitch":17},{"Lantern":0,"ReplayTheSpireMod:TigerMarble":4,"construct:ClockworkPhoenix":0,"ReplayTheSpireMod:DimensionalGlitch":8},{"Lantern":0,"ReplayTheSpireMod:TigerMarble":19,"construct:ClockworkPhoenix":0,"ReplayTheSpireMod:DimensionalGlitch":42}]},"card_choices":[{"not_picked":["construct:Chainstrike","ReplayTheSpireMod:Mirror System"],"picked":"construct:Backfire","floor":1},{"not_picked":["construct:Agitation","construct:Versatility"],"picked":"construct:QuickAttack","floor":2},{"not_picked":["construct:FocusedBeam","construct:FierceBash"],"picked":"construct:FlammableFog","floor":3},{"not_picked":["construct:ElectricArmor","construct:OilSpill"],"picked":"construct:Antimatter","floor":7},{"not_picked":["construct:ShiftStrike","construct:ShiftingStance"],"picked":"construct:ScrapCannon","floor":11},{"not_picked":["construct:SaveState","construct:CriticalHit"],"picked":"construct:Missile","floor":13},{"not_picked":["construct:CriticalHit","construct:FlakBarrage","construct:ShiftStrike"],"picked":"SKIP","floor":14},{"not_picked":["construct:Bunker","construct:Supernova"],"picked":"construct:MemoryTap","floor":16},{"not_picked":["construct:HardReboot","construct:Chainstrike","construct:Reinforce"],"picked":"SKIP","floor":18},{"not_picked":["construct:SaveState","construct:Boost","construct:OilSpill"],"picked":"SKIP","floor":19},{"not_picked":["construct:Anticipate","construct:PowerUp","construct:Forcefield"],"picked":"SKIP","floor":21},{"not_picked":["construct:SweepLaser","construct:OmegaCannon"],"picked":"construct:HeavyBolt+1","floor":22}],"player_experience":805688,"relics_obtained":[{"floor":9,"key":"ReplayTheSpireMod:TigerMarble"}],"event_choices":[{"damage_healed":0,"gold_gain":75,"player_choice":"Gather Gold","damage_taken":11,"max_hp_gain":0,"max_hp_loss":0,"event_name":"World of Goop","floor":4,"gold_loss":0},{"damage_healed":0,"gold_gain":0,"player_choice":"Became a vampire","damage_taken":0,"max_hp_gain":0,"max_hp_loss":24,"event_name":"Vampires","floor":20,"gold_loss":0,"cards_obtained":["Bite","Bite","Bite","Bite","Bite"]}],"is_beta":false,"boss_relics":[{"not_picked":["Black Star","Empty Cage"],"picked":"ReplayTheSpireMod:DimensionalGlitch"}],"items_purged_floors":[],"is_endless":false,"potions_floor_spawned":[2,7,14,16,21],"killed_by":"Book of Stabbing","ascension_level":15}}