{"host":"gx04ak8ofzo346nl","time":1607597947,"event":{"gold_per_floor":[113,126,145,156,175,175,209,209,209,235,251,268,293,309,309,406,406,424,424,424,129,129,129,129,129,129,143,50,50,78,94,94,199,199,211,211,234,246,268,280,0,21,21,49,75,61,61,85,85,85,85,85,69,109,109,109],"floor_reached":55,"playtime":4822,"items_purged":[],"score":734,"play_id":"61d1b75b-50ac-4f20-9914-2cdae92ac953","local_time":"20201210025907","is_ascension_mode":false,"campfire_choices":[{"floor":6,"key":"RECALL"},{"floor":8,"key":"REST"},{"floor":15,"key":"REST"},{"data":"TheCursedMod:SpitefulPray","floor":23,"key":"SMITH"},{"data":"TheCursedMod:Neurasthenia","floor":29,"key":"SMITH"},{"data":"TheCursedMod:CircleOfCorruption","floor":32,"key":"SMITH"},{"data":"TheCursedMod:CollectTribute","floor":40,"key":"SMITH"},{"floor":47,"key":"REST"},{"data":"TheCursedMod:LuckyCharm","floor":49,"key":"SMITH"},{"data":"TheCursedMod:LuckyCharm","floor":52,"key":"SMITH"}],"neow_cost":"NONE","seed_source_timestamp":1624417556008500,"circlet_count":0,"master_deck":["TheCursedMod:Strike_TheCursed","TheCursedMod:Strike_TheCursed+1","TheCursedMod:Strike_TheCursed+1","TheCursedMod:Defend_TheCursed","TheCursedMod:Defend_TheCursed","TheCursedMod:Defend_TheCursed","TheCursedMod:CursedWand","TheCursedMod:Dregs","TheCursedMod:CursedShiv","TheCursedMod:WearCloak","TheCursedMod:RapidMovement","TheCursedMod:ManaBullet","TheCursedMod:SpitefulPray+1","TheCursedMod:TacticalStrike","TheCursedMod:CursedBlade","TheCursedMod:Neurasthenia+1","TheCursedMod:CursedMace","TheCursedMod:Wield","TheCursedMod:CursedAmulet","TheCursedMod:StunningStrike","TheCursedMod:SmokeScreen+1","Necronomicurse","TheCursedMod:CursedSpellbook","TheCursedMod:LuckyCharm+1","TheCursedMod:CursedShiv","TheCursedMod:CircleOfCorruption+1","TheCursedMod:CollectTribute+1","TheCursedMod:CursedBlade+1","TheCursedMod:PrepareRite+1","TheCursedMod:VitalStrike+1","TheCursedMod:CircleOfFlame+1","TheCursedMod:CursedShiv","Flash of Steel","TheCursedMod:CursedShiv+1","TheCursedMod:LuckyCharm+1","TheCursedMod:FleshFromBone+1","TheCursedMod:WearCloak","TheCursedMod:SoulReap+1","TheCursedMod:SmokeScreen","TheCursedMod:Obscuration+1"],"relics":["TheCursedMod:BlackMagic101","Tiny Chest","Whetstone","Pantograph","TheCursedMod:FourLeafCloverCharm","Necronomicon","TheCursedMod:SoulVessel","Matryoshka","CaptainsWheel","Centennial Puzzle","TheCursedMod:MagicCandle","Du-Vu Doll","Astrolabe","Bronze Scales","MawBank","Membership Card","TheCursedMod:Tack","CeramicFish","Mango","Strawberry","Boot"],"potions_floor_usage":[7,10,10,16,33,33,42,48,48],"damage_taken":[{"damage":0,"enemies":"Small Slimes","floor":1,"turns":5},{"damage":0,"enemies":"2 Louse","floor":2,"turns":3},{"damage":0,"enemies":"Cultist","floor":3,"turns":5},{"damage":0,"enemies":"2 Fungi Beasts","floor":4,"turns":4},{"damage":12,"enemies":"Exordium Wildlife","floor":5,"turns":5},{"damage":40,"enemies":"Gremlin Nob","floor":7,"turns":6},{"damage":10,"enemies":"3 Sentries","floor":10,"turns":10},{"damage":3,"enemies":"Exordium Thugs","floor":11,"turns":4},{"damage":16,"enemies":"Large Slime","floor":12,"turns":7},{"damage":20,"enemies":"Lagavulin","floor":13,"turns":7},{"damage":0,"enemies":"3 Louse","floor":14,"turns":2},{"damage":50,"enemies":"Hexaghost","floor":16,"turns":19},{"damage":24,"enemies":"3 Byrds","floor":18,"turns":8},{"damage":17,"enemies":"Chosen","floor":27,"turns":6},{"damage":1,"enemies":"Book of Stabbing","floor":30,"turns":5},{"damage":0,"enemies":"Snecko","floor":31,"turns":4},{"damage":7,"enemies":"Champ","floor":33,"turns":11},{"damage":2,"enemies":"Orb Walker","floor":35,"turns":2},{"damage":7,"enemies":"3 Shapes","floor":37,"turns":2},{"damage":3,"enemies":"Spire Growth","floor":39,"turns":3},{"damage":15,"enemies":"4 Shapes","floor":42,"turns":3},{"damage":33,"enemies":"Writhing Mass","floor":44,"turns":3},{"damage":0,"enemies":"Transient","floor":48,"turns":5},{"damage":65,"enemies":"Awakened One","floor":50,"turns":26},{"damage":38,"enemies":"Shield and Spear","floor":54,"turns":9},{"damage":115,"enemies":"The Heart","floor":55,"turns":10}],"seed_played":"-8609265009034475957","potions_obtained":[{"floor":2,"key":"FearPotion"},{"floor":4,"key":"EssenceOfSteel"},{"floor":7,"key":"AttackPotion"},{"floor":13,"key":"GamblersBrew"},{"floor":27,"key":"sneckomod:MuddlingPotion"},{"floor":31,"key":"DistilledChaos"},{"floor":39,"key":"SpeedPotion"},{"floor":42,"key":"Energy Potion"},{"floor":44,"key":"SneckoOil"}],"is_trial":false,"path_per_floor":["M","M","M","M","M","R","E","R","T","E","M","M","E","M","R","B",null,"M","?","?","$","?","R","T","?","T","M","$","R","E","M","R","B",null,"M","T","M","?","M","R","$","M","T","M","T","$","R","M","R","B",null,"R","$","E","B"],"character_chosen":"THE_CURSED","items_purchased":["TheCursedMod:SoulVessel","TheCursedMod:LuckyCharm","TheCursedMod:CursedShiv","Membership Card","TheCursedMod:Tack","CeramicFish","TheCursedMod:WearCloak","TheCursedMod:SmokeScreen"],"campfire_rested":3,"item_purchase_floors":[21,28,28,41,41,41,46,53],"current_hp_per_floor":[82,82,82,82,70,70,30,54,54,44,41,25,5,5,29,4,82,58,42,42,42,82,82,82,82,82,69,69,69,73,77,77,82,82,81,81,75,75,76,76,76,61,75,47,54,54,84,88,88,60,103,103,103,80,0,0],"gold":109,"neow_bonus":"TEN_PERCENT_HP_BONUS","is_prod":false,"is_daily":false,"chose_seed":false,"campfire_upgraded":6,"win_rate":0,"timestamp":1607597947,"path_taken":["M","M","M","M","M","R","E","R","T","E","M","M","E","M","R","BOSS","M","?","?","$","?","R","?","?","T","?","?","R","E","M","R","BOSS","M","?","M","?","M","R","?","?","T","M","?","$","R","M","R","BOSS","R","$","E","BOSS"],"build_version":"2020-11-30","purchased_purges":0,"victory":false,"max_hp_per_floor":[82,82,82,82,82,82,82,82,82,82,82,82,82,82,82,82,82,82,82,82,82,82,82,82,82,82,82,82,82,82,82,82,82,82,82,82,82,82,82,82,82,82,96,96,103,103,103,103,103,103,103,103,103,103,103,103],"card_choices":[{"not_picked":["TheCursedMod:WearCloak","TheCursedMod:Mangle"],"picked":"TheCursedMod:CursedShiv","floor":1},{"not_picked":["TheCursedMod:Hemoplague","TheCursedMod:ReleasedStrength"],"picked":"TheCursedMod:WearCloak","floor":2},{"not_picked":["TheCursedMod:Stretching","TheCursedMod:SaltUponWound"],"picked":"TheCursedMod:RapidMovement","floor":3},{"not_picked":["TheCursedMod:SurpriseAttack","TheCursedMod:Wield"],"picked":"TheCursedMod:ManaBullet","floor":4},{"not_picked":["TheCursedMod:Stigma","TheCursedMod:ReleasedKnowledge"],"picked":"TheCursedMod:SpitefulPray","floor":5},{"not_picked":["TheCursedMod:Stretching","TheCursedMod:CircleOfFlame"],"picked":"TheCursedMod:TacticalStrike","floor":7},{"not_picked":["TheCursedMod:Stretching","TheCursedMod:CircleOfFocus"],"picked":"TheCursedMod:CursedBlade","floor":10},{"not_picked":["TheCursedMod:TacticalStrike","TheCursedMod:BlessingInDisguise"],"picked":"TheCursedMod:Neurasthenia","floor":11},{"not_picked":["TheCursedMod:PrepareRite","TheCursedMod:CursedShiv"],"picked":"TheCursedMod:CursedMace","floor":12},{"not_picked":["TheCursedMod:BlessingInDisguise","TheCursedMod:CircleOfCorruption"],"picked":"TheCursedMod:Wield","floor":13},{"not_picked":["TheCursedMod:Stretching","TheCursedMod:SurpriseAttack"],"picked":"TheCursedMod:CursedAmulet","floor":14},{"not_picked":["TheCursedMod:ShockAndAwe","TheCursedMod:DemonicPact"],"picked":"TheCursedMod:StunningStrike","floor":16},{"not_picked":["TheCursedMod:CircleOfAmplification","TheCursedMod:RavingStaff"],"picked":"TheCursedMod:SmokeScreen+1","floor":18},{"not_picked":["TheCursedMod:AbyssShockwave+1","TheCursedMod:CircleOfFlame"],"picked":"TheCursedMod:CursedSpellbook","floor":27},{"not_picked":["TheCursedMod:Wield","TheCursedMod:RavingStaff","TheCursedMod:Torture"],"picked":"SKIP","floor":30},{"not_picked":["TheCursedMod:Wield","TheCursedMod:Torture+1"],"picked":"TheCursedMod:CircleOfCorruption","floor":31},{"not_picked":["TheCursedMod:AntiAging","TheCursedMod:NeowsMight"],"picked":"TheCursedMod:CollectTribute","floor":33},{"not_picked":["TheCursedMod:Hemoplague","TheCursedMod:CursedSpellbook"],"picked":"TheCursedMod:CircleOfFlame+1","floor":35},{"not_picked":["TheCursedMod:Torture+1","TheCursedMod:CircleOfWindfury"],"picked":"TheCursedMod:CursedShiv","floor":37},{"not_picked":["expansioncontent:LastStand","expansioncontent:PrepareCrush"],"picked":"Flash of Steel","floor":38},{"not_picked":["TheCursedMod:CursedBoomerang+1","TheCursedMod:FleshFromBone"],"picked":"TheCursedMod:CursedShiv+1","floor":39},{"not_picked":["TheCursedMod:SpreadPlague+1","TheCursedMod:CursedMace+1"],"picked":"TheCursedMod:LuckyCharm","floor":42},{"not_picked":["TheCursedMod:CircleOfWindfury","TheCursedMod:RavingStaff+1"],"picked":"TheCursedMod:FleshFromBone+1","floor":44},{"not_picked":["TheCursedMod:VitalStrike","TheCursedMod:RavingStaff+1"],"picked":"TheCursedMod:SoulReap+1","floor":48},{"not_picked":["TheCursedMod:ManaCirculation","TheCursedMod:CursedShiv"],"picked":"TheCursedMod:Obscuration+1","floor":54}],"player_experience":149624,"relics_obtained":[{"floor":7,"key":"Tiny Chest"},{"floor":10,"key":"Whetstone"},{"floor":13,"key":"Pantograph"},{"floor":19,"key":"Necronomicon"},{"floor":24,"key":"Matryoshka"},{"floor":26,"key":"Centennial Puzzle"},{"floor":26,"key":"TheCursedMod:MagicCandle"},{"floor":30,"key":"Du-Vu Doll"},{"floor":36,"key":"Bronze Scales"},{"floor":36,"key":"MawBank"},{"floor":43,"key":"Mango"},{"floor":45,"key":"Strawberry"},{"floor":54,"key":"Boot"}],"event_choices":[{"damage_healed":0,"gold_gain":0,"player_choice":"Obtained Book","damage_taken":16,"max_hp_gain":0,"max_hp_loss":0,"event_name":"Cursed Tome","floor":19,"gold_loss":0},{"damage_healed":0,"gold_gain":0,"player_choice":"Ignored","damage_taken":0,"max_hp_gain":0,"max_hp_loss":0,"event_name":"Beggar","floor":20,"gold_loss":0},{"damage_healed":40,"gold_gain":0,"player_choice":"Full Heal","damage_taken":0,"max_hp_gain":0,"max_hp_loss":0,"event_name":"Wheel of Change","floor":22,"gold_loss":0},{"damage_healed":0,"gold_gain":0,"player_choice":"Opened","damage_taken":0,"relics_obtained":["CaptainsWheel"],"max_hp_gain":0,"max_hp_loss":0,"event_name":"The Mausoleum","floor":25,"gold_loss":0},{"damage_healed":0,"gold_gain":0,"player_choice":"Memory 1","damage_taken":0,"max_hp_gain":0,"max_hp_loss":0,"event_name":"SensoryStone","floor":38,"gold_loss":0}],"is_beta":false,"boss_relics":[{"not_picked":["Sozu","Velvet Choker"],"picked":"TheCursedMod:FourLeafCloverCharm"},{"not_picked":["Philosopher\u0027s Stone","SacredBark"],"picked":"Astrolabe"}],"items_purged_floors":[],"is_endless":false,"potions_floor_spawned":[2,4,7,13,27,31,39,42,44],"killed_by":"The Heart","ascension_level":0}}