{"host":"2qv44oxt58ptq59r","time":1607616305,"event":{"mods":["BaseMod","StSLib","AchievementEnabler","Colored Powertips","Highlight Path","Minty Spire (QoL Compilation)","Permanent Neow"],"gold_per_floor":[119,139,155,170,170,170,198,198,198,218,218,231,258,258,258,362,362,372,382,382,393,23,0,0,0,68,68,68,82,6,6,6,6,6],"floor_reached":33,"playtime":3761,"items_purged":[],"score":280,"play_id":"57dfcab5-db89-46fe-a674-929d1a8ac932","local_time":"20201210160505","is_ascension_mode":false,"campfire_choices":[{"data":"Flame Barrier","floor":6.0,"key":"SMITH"},{"data":"Shockwave","floor":8.0,"key":"SMITH"},{"data":"Cleave","floor":11.0,"key":"SMITH"},{"floor":15.0,"key":"REST"},{"floor":24,"key":"REST"},{"data":"Fire Breathing","floor":27,"key":"SMITH"},{"floor":32,"key":"REST"}],"circlet_count":0,"master_deck":["Strike_R","Strike_R","Strike_R","Strike_R","Strike_R","Defend_R","Defend_R","Defend_R","Defend_R","Bash","Shockwave+1","Clothesline","Clothesline","Cleave+1","Flame Barrier+1","Thunderclap","Shrug It Off","Sword Boomerang","Immolate+1","Barricade","Spot Weakness","Armaments+1","Disarm+1","Fire Breathing+1","Blood for Blood+1","RitualDagger+1","Shrug It Off+1","Reckless Charge+1"],"special_seed":0,"relics":["Burning Blood","Question Card","Molten Egg 2","Busted Crown","Meat on the Bone","Mummified Hand"],"acts_visited":["TheCity"],"potions_floor_usage":[18,33],"damage_taken":[{"damage":3.0,"enemies":"Jaw Worm","floor":1.0,"turns":6.0},{"damage":0.0,"enemies":"Small Slimes","floor":2.0,"turns":3.0},{"damage":0.0,"enemies":"2 Louse","floor":3.0,"turns":2.0},{"damage":4.0,"enemies":"Looter","floor":4.0,"turns":3.0},{"damage":0.0,"enemies":"3 Sentries","floor":7.0,"turns":5.0},{"damage":9.0,"enemies":"2 Fungi Beasts","floor":10.0,"turns":3.0},{"damage":15.0,"enemies":"Exordium Thugs","floor":12.0,"turns":5.0},{"damage":40.0,"enemies":"Lagavulin","floor":13.0,"turns":8.0},{"damage":5.0,"enemies":"Slime Boss","floor":16.0,"turns":8.0},{"damage":0,"enemies":"3 Byrds","floor":18,"turns":2},{"damage":10,"enemies":"2 Thieves","floor":19,"turns":3},{"damage":23,"enemies":"Sentry and Sphere","floor":21,"turns":6},{"damage":13,"enemies":"Centurion and Healer","floor":29,"turns":6},{"damage":109,"enemies":"Champ","floor":33,"turns":18}],"seed_played":"-2044080001569030884","potions_obtained":[{"floor":3.0,"key":"DistilledChaos"},{"floor":4.0,"key":"FearPotion"},{"floor":12.0,"key":"ColorlessPotion"},{"floor":13.0,"key":"LiquidBronze"},{"floor":16.0,"key":"AttackPotion"},{"floor":29,"key":"BloodPotion"}],"is_trial":false,"path_per_floor":["M","M","M","M","?","R","E","R","T","M","R","M","E","?","R","B",null,"M","M","?","M","$","?","R","?","T","R","?","M","$","?","R","B"],"character_chosen":"IRONCLAD","items_purchased":["Meat on the Bone","Fire Breathing","Blood for Blood+1","Reckless Charge+1"],"campfire_rested":3,"item_purchase_floors":[22,22,22,30],"current_hp_per_floor":[80,80,80,80,80,80,80,80,80,77,77,68,34,39,64,65,85,85,81,81,64,64,64,85,85,85,85,79,72,72,64,85,0,0],"gold":6,"neow_bonus":"THREE_CARDS","is_daily":false,"chose_seed":false,"campfire_upgraded":4,"win_rate":0,"timestamp":1607616305,"path_taken":["M","M","M","M","?","R","E","R","T","M","R","M","E","?","R","BOSS","M","M","?","M","$","?","R","?","T","R","?","M","$","?","R","BOSS"],"build_version":"2020-11-30","purchased_purges":0,"victory":false,"max_hp_per_floor":[80,80,80,80,80,80,80,80,80,80,80,80,80,85,85,85,85,85,85,85,85,85,85,85,85,85,85,85,85,85,85,85,85,85],"card_choices":[{"not_picked":["Headbutt","Anger"],"picked":"Shockwave","floor":0.0},{"not_picked":["Warcry","Power Through"],"picked":"Clothesline","floor":1.0},{"not_picked":["Blood for Blood","Warcry"],"picked":"Clothesline","floor":2.0},{"not_picked":["Clothesline","Warcry"],"picked":"Cleave","floor":3.0},{"not_picked":["Anger","Evolve"],"picked":"Flame Barrier","floor":4.0},{"not_picked":["Power Through","Headbutt"],"picked":"Thunderclap","floor":7.0},{"not_picked":["Impervious","Havoc","Headbutt"],"picked":"Shrug It Off","floor":10.0},{"not_picked":["Iron Wave","Clothesline","Anger"],"picked":"Sword Boomerang","floor":12.0},{"not_picked":["Burning Pact","Limit Break","Offering"],"picked":"Immolate+1","floor":13.0},{"not_picked":["Berserk","Offering","Exhume"],"picked":"Barricade","floor":16.0},{"not_picked":["Sever Soul+1"],"picked":"Spot Weakness","floor":18},{"not_picked":["Headbutt+1"],"picked":"Armaments+1","floor":19},{"not_picked":["Wild Strike+1"],"picked":"Disarm+1","floor":21},{"not_picked":["Perfected Strike+1"],"picked":"Shrug It Off+1","floor":29}],"player_experience":4871286,"relics_obtained":[{"floor":7.0,"key":"Question Card"},{"floor":13.0,"key":"Molten Egg 2"},{"floor":26,"key":"Mummified Hand"}],"event_choices":[{"damage_healed":0.0,"max_hp_gain":0.0,"max_hp_loss":0.0,"gold_gain":0.0,"event_name":"Liars Game","player_choice":"Ignored","floor":5.0,"gold_loss":0.0,"damage_taken":0.0},{"damage_healed":0.0,"max_hp_gain":5.0,"max_hp_loss":0.0,"gold_gain":0.0,"event_name":"Big Fish","player_choice":"Donut","floor":14.0,"gold_loss":0.0,"damage_taken":0.0},{"damage_healed":0,"gold_gain":0,"player_choice":"Ignored","damage_taken":0,"max_hp_gain":0,"max_hp_loss":0,"event_name":"Beggar","floor":20,"gold_loss":0},{"damage_healed":0,"gold_gain":0,"player_choice":"Paid Fearfully","damage_taken":0,"max_hp_gain":0,"max_hp_loss":0,"event_name":"Masked Bandits","floor":23,"gold_loss":23},{"damage_healed":0,"gold_gain":0,"player_choice":"Ignored","damage_taken":0,"max_hp_gain":0,"max_hp_loss":0,"event_name":"Ghosts","floor":25,"gold_loss":0},{"damage_healed":0,"gold_gain":0,"player_choice":"Joined the Cult","damage_taken":6,"max_hp_gain":0,"max_hp_loss":0,"event_name":"Nest","floor":28,"gold_loss":0,"cards_obtained":["RitualDagger"]},{"damage_healed":0,"gold_gain":0,"player_choice":"Damaged","damage_taken":8,"max_hp_gain":0,"max_hp_loss":0,"event_name":"Wheel of Change","floor":31,"gold_loss":0}],"is_beta":false,"boss_relics":[{"not_picked":["Coffee Dripper","Pandora\u0027s Box"],"picked":"Busted Crown"}],"items_purged_floors":[],"is_endless":false,"potions_floor_spawned":[3,4,12,13,16,29],"killed_by":"Champ","ascension_level":0}}