{"host":"yassvrowvc2yfwp2","time":1607604862,"event":{"gold_per_floor":[116,126,126,144,212,223,239,181,181,181,211,211,224,237,237,237,237],"floor_reached":16,"playtime":473,"items_purged":[],"score":279,"play_id":"c60d5109-0584-4564-b578-86771b15f95f","local_time":"20201210205422","daily_mods":["Insanity","ControlledChaos","Binary"],"is_ascension_mode":false,"campfire_choices":[{"data":"BestPractice","floor":15,"key":"SMITH"}],"neow_cost":"","seed_source_timestamp":0,"circlet_count":0,"master_deck":["DoubleEdge","Potential","Unruled","InstantArmor+1","Ricochet","FastForward","Ricochet","RealityMarble","Unruled","Reset","Gouge","FastForward","BottledTime","Ricochet","FastForward","Starlight","DoubleEdge","Potential","Replace","Replace","Replace","TimeWarp","Alleviate","Alleviate","MoonPhase","Revamp","Orbit","Spin","Ricochet","FastForward","Comet","Read","BottledTime","TimeWarp","Replace","Replace","Spin","FastForward","FanOfKnives","Misdirection","BestPractice+1","Sabotage","Ricochet","Alleviate","DoubleEdge","TimeWarp","Collapse","ShatteredReality","DoubleEdge","Rewind","Misdirection","Read","ShatteredReality","ShatteredReality","Clumsy","Regret","Shuttle","WasteNot","MoonPhase"],"relics":["Uniform","Frozen Eye","Lantern","Ginger","Sundial","Turnip"],"potions_floor_usage":[],"damage_taken":[{"damage":0,"enemies":"Small Slimes","floor":1,"turns":1},{"damage":0,"enemies":"2 Louse","floor":2,"turns":1},{"damage":0,"enemies":"Cultist","floor":4,"turns":2},{"damage":3,"enemies":"Blue Slaver","floor":6,"turns":2},{"damage":0,"enemies":"2 Fungi Beasts","floor":7,"turns":2},{"damage":0,"enemies":"Lagavulin","floor":11,"turns":5},{"damage":0,"enemies":"Looter","floor":13,"turns":1},{"damage":0,"enemies":"Exordium Thugs","floor":14,"turns":2},{"damage":4,"enemies":"The Guardian","floor":16,"turns":8}],"seed_played":"485512087817956203","potions_obtained":[{"floor":6,"key":"Swift Potion"},{"floor":11,"key":"Fruit Juice"},{"floor":13,"key":"Toxic Potion"}],"is_trial":true,"path_per_floor":["M","M","?","M","?","M","M","$","T","?","E","?","M","M","R","B"],"character_chosen":"THE_SERVANT","items_purchased":["Lantern"],"campfire_rested":0,"item_purchase_floors":[8],"current_hp_per_floor":[65,65,65,65,65,62,62,62,62,62,62,62,62,62,62,58,58],"gold":237,"neow_bonus":"","is_prod":false,"is_daily":false,"chose_seed":false,"campfire_upgraded":1,"win_rate":0,"timestamp":1607604862,"path_taken":["M","M","?","M","?","M","M","$","T","?","E","?","M","M","R","BOSS"],"build_version":"2020-11-30","purchased_purges":0,"victory":false,"max_hp_per_floor":[65,65,65,65,65,65,65,65,65,65,65,65,65,65,65,65,65],"card_choices":[{"not_picked":["TimeWarp"],"picked":"Rewind","floor":1},{"not_picked":["BottledTime"],"picked":"Misdirection","floor":2},{"not_picked":["FastForward"],"picked":"Read","floor":4},{"not_picked":["Rewind"],"picked":"ShatteredReality","floor":6},{"not_picked":["BottledTime"],"picked":"ShatteredReality","floor":7},{"not_picked":["Starlight"],"picked":"Shuttle","floor":11},{"not_picked":["ShatteredReality","FastForward"],"picked":"SKIP","floor":13},{"not_picked":["Defy"],"picked":"MoonPhase","floor":14}],"player_experience":1896117,"relics_obtained":[{"floor":9,"key":"Ginger"},{"floor":11,"key":"Turnip"}],"event_choices":[{"damage_healed":0,"gold_gain":0,"player_choice":"Grow","damage_taken":0,"max_hp_gain":0,"max_hp_loss":0,"event_name":"Living Wall","floor":3,"gold_loss":0,"cards_upgraded":["InstantArmor"]},{"damage_healed":0,"gold_gain":68,"player_choice":"Gained Gold","damage_taken":0,"max_hp_gain":0,"max_hp_loss":0,"event_name":"Golden Wing","floor":5,"gold_loss":0},{"damage_healed":0,"gold_gain":0,"player_choice":"Box","damage_taken":0,"relics_obtained":["Sundial"],"max_hp_gain":0,"max_hp_loss":0,"event_name":"Big Fish","floor":10,"gold_loss":0,"cards_obtained":["Regret"]},{"damage_healed":0,"gold_gain":0,"cards_transformed":["ShatteredReality"],"player_choice":"Transformed","damage_taken":0,"max_hp_gain":0,"max_hp_loss":0,"event_name":"Transmorgrifier","floor":12,"gold_loss":0,"cards_obtained":["WasteNot"]}],"is_beta":false,"boss_relics":[],"items_purged_floors":[],"is_endless":false,"potions_floor_spawned":[6,11,13,14],"killed_by":"The Guardian","ascension_level":0}}