{"host":"rmsq46plbpwfbxcc","time":1607594375,"event":{"gold_per_floor":[14,33,49,49,49,49,79,79,103,133,145,156,25,36,36,113,113,131,147,97,97,47,82,82,82,82,82,117,117,134,151,151,151,151],"floor_reached":33,"playtime":846,"items_purged":["Strike_G","Defend_G","Shame"],"score":576,"play_id":"6629fd84-e0a4-41df-baad-9d28cd5863dd","local_time":"20201210185935","is_ascension_mode":true,"campfire_choices":[{"data":"Neutralize","floor":6.0,"key":"SMITH"},{"data":"Eviscerate","floor":8.0,"key":"SMITH"},{"floor":15,"key":"REST"},{"data":"Blade Dance","floor":24,"key":"SMITH"},{"data":"Accuracy","floor":27,"key":"SMITH"},{"data":"Accuracy","floor":32,"key":"SMITH"}],"neow_cost":"NO_GOLD","seed_source_timestamp":1978917667774500,"circlet_count":0,"master_deck":["AscendersBane","Strike_G","Strike_G","Strike_G","Defend_G","Defend_G","Defend_G","Survivor","Neutralize+1","Quick Slash","Outmaneuver","Backstab","Eviscerate+1","Blade Dance+1","Backflip","Choke","Accuracy+1","Burst","PiercingWail","Blur","Accuracy+1","Decay","Crippling Poison"],"special_seed":0,"relics":["Ring of the Snake","Smiling Mask","PreservedInsect","Bronze Scales","Calipers","Coffee Dripper","Question Card","Anchor","Bag of Marbles","White Beast Statue"],"potions_floor_usage":[16,23,31,33],"damage_taken":[{"damage":1.0,"enemies":"Jaw Worm","floor":1.0,"turns":3.0},{"damage":3.0,"enemies":"2 Louse","floor":2.0,"turns":3.0},{"damage":0.0,"enemies":"Small Slimes","floor":3.0,"turns":3.0},{"damage":13.0,"enemies":"Gremlin Nob","floor":7.0,"turns":4.0},{"damage":20.0,"enemies":"Lagavulin","floor":10.0,"turns":5.0},{"damage":0.0,"enemies":"Looter","floor":11.0,"turns":3.0},{"damage":7,"enemies":"Exordium Wildlife","floor":12,"turns":3},{"damage":0,"enemies":"3 Louse","floor":14,"turns":2},{"damage":14,"enemies":"The Guardian","floor":16,"turns":9},{"damage":6,"enemies":"Spheric Guardian","floor":18,"turns":3},{"damage":11,"enemies":"Shell Parasite","floor":19,"turns":4},{"damage":18,"enemies":"Book of Stabbing","floor":23,"turns":4},{"damage":0,"enemies":"Slavers","floor":28,"turns":5},{"damage":0,"enemies":"Snake Plant","floor":30,"turns":2},{"damage":27,"enemies":"Snecko","floor":31,"turns":6},{"damage":20,"enemies":"Automaton","floor":33,"turns":6}],"seed_played":"-3028992568269660089","potions_obtained":[{"floor":1.0,"key":"DuplicationPotion"},{"floor":2.0,"key":"EssenceOfSteel"},{"floor":12,"key":"BlessingOfTheForge"},{"floor":19,"key":"DistilledChaos"},{"floor":23,"key":"DuplicationPotion"},{"floor":31,"key":"SneckoOil"}],"is_trial":false,"path_per_floor":["M","M","M","?","?","R","E","R","T","E","M","M","$","M","R","B",null,"M","M","$","?","$","E","R","?","T","R","E","?","M","M","R","B"],"character_chosen":"THE_SILENT","items_purchased":["Choke"],"campfire_rested":1,"item_purchase_floors":[13],"current_hp_per_floor":[58,55,55,50,55,55,42,42,42,22,22,15,15,15,36,22,59,53,42,42,42,42,24,24,38,38,38,38,38,38,11,11,0,0],"gold":151,"neow_bonus":"TRANSFORM_TWO_CARDS","is_prod":false,"is_daily":false,"chose_seed":false,"campfire_upgraded":5,"win_rate":0,"timestamp":1607594375,"path_taken":["M","M","M","?","?","R","E","R","T","E","M","M","?","M","R","BOSS","M","M","$","?","$","E","R","?","T","R","E","?","M","M","R","BOSS"],"build_version":"2020-11-30","purchased_purges":3,"victory":false,"max_hp_per_floor":[66,66,66,66,71,71,71,71,71,71,71,71,71,71,71,71,71,71,71,71,71,71,71,71,71,71,71,71,71,71,71,71,71,71],"card_choices":[{"not_picked":["Endless Agony","Outmaneuver","Bouncing Flask"],"picked":"SKIP","floor":1.0},{"not_picked":["Poisoned Stab","Dodge and Roll"],"picked":"Backstab","floor":2.0},{"not_picked":["Riddle With Holes","Quick Slash","Underhanded Strike"],"picked":"SKIP","floor":3.0},{"not_picked":["Infinite Blades","Slice"],"picked":"Eviscerate","floor":7.0},{"not_picked":["PiercingWail","Dagger Spray"],"picked":"Blade Dance","floor":10.0},{"not_picked":["Caltrops","Flying Knee"],"picked":"Backflip","floor":11.0},{"not_picked":["Deflect","Outmaneuver","Backstab"],"picked":"SKIP","floor":12},{"not_picked":["Grand Finale","Blade Dance"],"picked":"Accuracy","floor":14},{"not_picked":["Phantasmal Killer","Wraith Form v2"],"picked":"Burst","floor":16},{"not_picked":["Bane","Escape Plan"],"picked":"PiercingWail","floor":18},{"not_picked":["Prepared","Deadly Poison","Accuracy"],"picked":"SKIP","floor":19},{"not_picked":["Slice","Flying Knee","Bane"],"picked":"Blur","floor":23},{"not_picked":["Noxious Fumes","Quick Slash","Catalyst"],"picked":"Accuracy","floor":28},{"not_picked":["Skewer","Outmaneuver","Setup"],"picked":"Crippling Poison","floor":30},{"not_picked":["Caltrops","Outmaneuver","Backflip","Eviscerate"],"picked":"SKIP","floor":31}],"player_experience":1305168,"relics_obtained":[{"floor":7.0,"key":"PreservedInsect"},{"floor":9.0,"key":"Bronze Scales"},{"floor":10.0,"key":"Calipers"},{"floor":23,"key":"Anchor"},{"floor":26,"key":"Bag of Marbles"},{"floor":28,"key":"White Beast Statue"}],"event_choices":[{"damage_healed":0.0,"max_hp_gain":0.0,"max_hp_loss":0.0,"gold_gain":0.0,"event_name":"Scrap Ooze","player_choice":"Success","floor":4.0,"gold_loss":0.0,"damage_taken":5.0,"relics_obtained":["Smiling Mask"]},{"damage_healed":0.0,"max_hp_gain":5.0,"max_hp_loss":0.0,"gold_gain":0.0,"event_name":"Big Fish","player_choice":"Donut","floor":5.0,"gold_loss":0.0,"damage_taken":0.0},{"damage_healed":0,"gold_gain":0,"player_choice":"Stole Relic","damage_taken":0,"relics_obtained":["Question Card"],"max_hp_gain":0,"max_hp_loss":0,"event_name":"Addict","floor":21,"gold_loss":0,"cards_obtained":["Shame"]},{"damage_healed":14,"gold_gain":0,"player_choice":"Heal","damage_taken":0,"max_hp_gain":0,"max_hp_loss":0,"event_name":"The Library","floor":25,"gold_loss":0},{"damage_healed":0,"gold_gain":0,"player_choice":"Smashed Altar","damage_taken":0,"max_hp_gain":0,"max_hp_loss":0,"event_name":"Forgotten Altar","floor":29,"gold_loss":0,"cards_obtained":["Decay"]}],"is_beta":false,"boss_relics":[{"not_picked":["Tiny House","Ring of the Serpent"],"picked":"Coffee Dripper"}],"items_purged_floors":[13,20,22],"is_endless":false,"potions_floor_spawned":[1,2,12,14,19,23,30,31],"killed_by":"Automaton","ascension_level":16}}