{"host":"38abhf7uonnoqlzr","time":1607611681,"event":{"mods":["BaseMod","Colored Map","StSLib","Hubris","Replay The Spire","Aspiration","Minty Spire (QoL Compilation)","Block Reminder","Act Like it!","Energized Spire","Rare Cards Sparkle","Waifu the Spire","CapriCore","Downfall","Better Third Choice","Spicy Shops","Conspire","Pale of the Ancients","Better Note","Displayed Cursed Tome","Friendly Minions","Relic Stats","Dota2Spire","Hallownest","The Dragon Tamer"],"gold_per_floor":[119,59,78,92,42,42,117,117,117,135,160,160,172,189,189,287,287,305,319,133,133,149,149,149,164,188,198,211,246,262,277,352,450,450,537,537,622,112,112,217,217,319,319,409,496,496,581,669,669,669,756,846,846,48,48,48,48,75,75,75,75,75],"floor_reached":60,"playtime":6447,"items_purged":["Delirium","Sickly"],"score":1056,"play_id":"ede0b63d-659f-438d-bdcd-cc96f9e8e93b","local_time":"20201210154801","is_ascension_mode":false,"metric_token":1619,"campfire_choices":[{"data":"DTMod:DoubleHit","floor":6.0,"key":"SMITH"},{"data":"DTMod:Punisher","floor":8.0,"key":"SMITH"},{"data":"DTMod:Dissolve","floor":12.0,"key":"SMITH"},{"data":"DTMod:MagiciansMark","floor":15.0,"key":"SMITH"},{"data":"DTMod:Harmonize","floor":23.0,"key":"SMITH"},{"data":"DTMod:Harmonize","floor":41.0,"key":"SMITH"},{"floor":46,"key":"REST"},{"data":"DTMod:InvisibleFlame","floor":49,"key":"SMITH"},{"floor":55,"key":"REST"},{"floor":57,"key":"REST"}],"dtmod_dragon_data":[32,50,3,4,10,11],"circlet_count":0,"master_deck":["DTMod:Strike","DTMod:Strike","DTMod:Strike","DTMod:DoubleHit+1","DTMod:TargetDefense","DTMod:TargetDefense","DTMod:TargetDefense","DTMod:TargetDefense","DTMod:SwitchingTactic","DTMod:ComboAttack","DTMod:ComboAttack","DTMod:Punisher+1","DTMod:Dissolve+1","DTMod:DarkBreath","DTMod:CalculatedDefense","DTMod:MagiciansMark+1","DTMod:Harmonize+1","DTMod:HeatWave","DTMod:Dissolve","DTMod:Training","DTMod:Training","DTMod:Harmonize+1","DTMod:ComboAttack","DTMod:OpeningTactic","DTMod:Hide+1","DTMod:BreakAttack","DTMod:Threaten+1","DTMod:BurningEnergy","DTMod:ForkedFire+1","DTMod:Safeguard","DTMod:BuildUp+1","DTMod:PurifyingFlame","DTMod:InvisibleFlame+1","DTMod:Conduct","DTMod:BalancedStrike+1","DTMod:MagiciansMark+1","DTMod:Dissolve+1","DTMod:BuildUp+1","DTMod:Coolant","DTMod:LastStand+1","DTMod:SneakAttack","Apotheosis"],"special_seed":0,"relics":["DTMod:PactStone","conspire:TreasureMap","ReplayTheSpireMod:CursedCoin","Guardian:PocketSentry","hubris:SphereOfDissonance","energizedSpire:NeverEndingSparkler","Bag of Marbles","Replay:Rubber Ducky","aspiration:StickyExplosives_weak","Cursed Key","hubris:Towel","Strange Spoon","Gremlin Horn","DTMod:BindingString","Omamori","aspiration:ChemicalBlood","paleoftheancients:Timepiece","paleoftheancients:KeyRelic","Letter Opener","CultistMask","paleoftheancients:SoulOfTheShapes","DTMod:OddArmor","DTMod:BasicTextbook","Dota2Spire:ArmletOfMordiggian","aspiration:Nostalgia","Replay:M_StaffOfTheSnake","Pen Nib"],"acts_visited":["TheBeyond","TheBeyond"],"potions_floor_usage":[50,51,52,52,56,56,56,60,60,60,60,60],"damage_taken":[{"damage":0.0,"enemies":"Cultist","floor":1.0,"turns":4.0},{"damage":0.0,"enemies":"2 Louse","floor":3.0,"turns":3.0},{"damage":0.0,"enemies":"Small Slimes","floor":4.0,"turns":3.0},{"damage":1.0,"enemies":"Exordium Wildlife","floor":10.0,"turns":3.0},{"damage":0.0,"enemies":"Lagavulin","floor":11.0,"turns":5.0},{"damage":0.0,"enemies":"2 Fungi Beasts","floor":13.0,"turns":2.0},{"damage":0.0,"enemies":"Large Slime","floor":14.0,"turns":3.0},{"damage":42.0,"enemies":"Fading Forest","floor":16.0,"turns":11.0},{"damage":0.0,"enemies":"conspire:FuzzyDice","floor":18.0,"turns":6.0},{"damage":0.0,"enemies":"3 Byrds","floor":19.0,"turns":5.0},{"damage":0.0,"enemies":"Snecko","floor":22.0,"turns":3.0},{"damage":14.0,"enemies":"Snake Plant","floor":25.0,"turns":4.0},{"damage":0.0,"enemies":"Shelled Parasite and Fungi","floor":27.0,"turns":3.0},{"damage":4.0,"enemies":"Chosen and Byrds","floor":28.0,"turns":5.0},{"damage":14.0,"enemies":"Slavers","floor":29.0,"turns":6.0},{"damage":0.0,"enemies":"Sentry and Sphere","floor":30.0,"turns":5.0},{"damage":2.0,"enemies":"Snake Plant","floor":31.0,"turns":3.0},{"damage":11.0,"enemies":"hubris:MusketHawk","floor":33.0,"turns":10.0},{"damage":0.0,"enemies":"3 Darklings","floor":35.0,"turns":4.0},{"damage":0.0,"enemies":"Orb Walker","floor":37.0,"turns":4.0},{"damage":0.0,"enemies":"Nemesis","floor":40.0,"turns":5.0},{"damage":1,"enemies":"Reptomancer","floor":42,"turns":4},{"damage":0,"enemies":"Jaw Worm Horde","floor":44,"turns":3},{"damage":0,"enemies":"Writhing Mass","floor":45,"turns":4},{"damage":0,"enemies":"Spire Growth","floor":47,"turns":4},{"damage":1,"enemies":"Transient","floor":48,"turns":5},{"damage":0,"enemies":"Time Eater","floor":50,"turns":11},{"damage":14,"enemies":"Time Eater","floor":51,"turns":6},{"damage":0,"enemies":"Time Eater","floor":52,"turns":8},{"damage":50,"enemies":"Time Eater","floor":56,"turns":9},{"damage":56,"enemies":"paleoftheancients:N","floor":60,"turns":10}],"seed_played":"1560199472874569924","potions_obtained":[{"floor":11.0,"key":"EntropicBrew"},{"floor":13.0,"key":"Fire Potion"},{"floor":19.0,"key":"Ancient Potion"},{"floor":25.0,"key":"SkillPotion"},{"floor":29.0,"key":"Guardian:BlockOnCardUsePotion"},{"floor":30.0,"key":"Energy Potion"},{"floor":42,"key":"Dexterity Potion"},{"floor":45,"key":"Guardian:BlockOnCardUsePotion"},{"floor":47,"key":"SteroidPotion"},{"floor":52,"key":"Energy Potion"}],"is_trial":false,"path_per_floor":["M","$","M","M","?","R","$","R","T","M","E","R","M","M","R","B",null,"M","M","$","?","M","R","?","M","T","M","M","E","M","M","R_BF","B",null,"M","?","M","$","?","E","R","E","T","M","M","R","M","M","R","B","M","M","?","$","R","M","R","T","?","B"],"character_chosen":"THE_DT","items_purchased":["conspire:TreasureMap","ReplayTheSpireMod:CursedCoin","DTMod:Training","Bag of Marbles","Strange Spoon","DTMod:InvisibleFlame","Gremlin Horn","Apotheosis","DTMod:OddArmor","DTMod:BasicTextbook","Dota2Spire:ArmletOfMordiggian","aspiration:Nostalgia","PowerPotion"],"campfire_rested":3,"item_purchase_floors":[2,7,20,20,38,38,38,54,54,54,54,54,54],"current_hp_per_floor":[49,49,49,49,49,49,49,49,49,48,48,48,48,48,48,6,49,49,49,49,49,49,49,49,35,35,35,31,17,17,15,15,4,49,49,49,49,49,49,49,49,48,48,48,48,49,49,48,48,49,42,46,46,46,49,49,49,49,49,0,0,0],"gold":75,"neow_bonus":"TEN_PERCENT_HP_BONUS","is_daily":false,"chose_seed":false,"campfire_upgraded":7,"win_rate":0.0,"timestamp":1607611681,"path_taken":["M","?","M","M","?","R","?","R","T","M","E","R","M","M","R","BOSS","M","M","$","?","M","R","?","M","T","M","M","E","M","M","R_BF","BOSS","M","?","M","$","?","E","R","E","T","M","?","R","M","M","R","BOSS","M","M","?","$","R","M","R","T","?","BOSS"],"build_version":"2020-11-30","purchased_purges":2,"victory":false,"max_hp_per_floor":[49,49,49,49,49,49,49,49,49,49,49,49,49,49,49,49,49,49,49,49,49,49,49,49,49,49,49,49,49,49,49,49,49,49,49,49,49,49,49,49,49,49,49,49,49,49,49,49,49,49,49,49,49,49,49,49,49,49,49,49,49,49],"relic_stats":{"Strange Spoon":[21],"Gremlin Horn":[22,22],"counters":[31,160],"Pen Nib":[2],"Letter Opener":[161],"Cursed Key":2,"obtain_stats":[{"Gremlin Horn":38,"Dota2Spire:ArmletOfMordiggian":54,"Cursed Key":34,"paleoftheancients:SoulOfTheShapes":51,"Replay:Rubber Ducky":26,"aspiration:StickyExplosives_weak":29,"DTMod:OddArmor":54,"DTMod:BindingString":40,"aspiration:ChemicalBlood":43,"conspire:TreasureMap":2,"paleoftheancients:KeyRelic":50,"Replay:M_StaffOfTheSnake":54,"ReplayTheSpireMod:CursedCoin":7,"aspiration:Nostalgia":54,"hubris:SphereOfDissonance":11,"Pen Nib":58,"Guardian:PocketSentry":9,"Omamori":42,"Letter Opener":50,"hubris:Towel":36,"paleoftheancients:Timepiece":50,"Strange Spoon":38,"DTMod:PactStone":0,"energizedSpire:NeverEndingSparkler":17,"DTMod:BasicTextbook":54,"CultistMask":50,"Bag of Marbles":20},{"Gremlin Horn":20,"Dota2Spire:ArmletOfMordiggian":29,"Cursed Key":18,"paleoftheancients:SoulOfTheShapes":28,"Replay:Rubber Ducky":12,"aspiration:StickyExplosives_weak":15,"DTMod:OddArmor":29,"DTMod:BindingString":21,"aspiration:ChemicalBlood":22,"conspire:TreasureMap":1,"paleoftheancients:KeyRelic":27,"Replay:M_StaffOfTheSnake":29,"ReplayTheSpireMod:CursedCoin":3,"aspiration:Nostalgia":29,"hubris:SphereOfDissonance":5,"Pen Nib":30,"Guardian:PocketSentry":3,"Omamori":22,"Letter Opener":27,"hubris:Towel":19,"paleoftheancients:Timepiece":27,"Strange Spoon":20,"DTMod:PactStone":0,"energizedSpire:NeverEndingSparkler":8,"DTMod:BasicTextbook":29,"CultistMask":27,"Bag of Marbles":10},{"Gremlin Horn":91,"Dota2Spire:ArmletOfMordiggian":141,"Cursed Key":84,"paleoftheancients:SoulOfTheShapes":133,"Replay:Rubber Ducky":52,"aspiration:StickyExplosives_weak":66,"DTMod:OddArmor":141,"DTMod:BindingString":96,"aspiration:ChemicalBlood":100,"conspire:TreasureMap":4,"paleoftheancients:KeyRelic":127,"Replay:M_StaffOfTheSnake":141,"ReplayTheSpireMod:CursedCoin":10,"aspiration:Nostalgia":141,"hubris:SphereOfDissonance":18,"Pen Nib":150,"Guardian:PocketSentry":10,"Omamori":100,"Letter Opener":127,"hubris:Towel":88,"paleoftheancients:Timepiece":127,"Strange Spoon":91,"DTMod:PactStone":0,"energizedSpire:NeverEndingSparkler":34,"DTMod:BasicTextbook":141,"CultistMask":127,"Bag of Marbles":45}]},"card_choices":[{"not_picked":["DTMod:CleansingStrike","DTMod:RunningTactic"],"picked":"DTMod:ComboAttack","floor":1.0},{"not_picked":["DTMod:TauntingStrike","DTMod:Hide"],"picked":"DTMod:ComboAttack","floor":3.0},{"not_picked":["DTMod:ComboAttack","DTMod:GhostSkin"],"picked":"DTMod:Punisher","floor":4.0},{"not_picked":["DTMod:StunTrap","DTMod:SneakAttack"],"picked":"DTMod:Dissolve","floor":10.0},{"not_picked":["DTMod:Weaken","DTMod:FlameSlash"],"picked":"DTMod:DarkBreath","floor":11.0},{"not_picked":["DTMod:BlueScale","DTMod:BuildUp"],"picked":"DTMod:CalculatedDefense","floor":13.0},{"not_picked":["DTMod:SneakAttack","DTMod:Haste"],"picked":"DTMod:MagiciansMark","floor":14.0},{"not_picked":["DTMod:LightShield","DTMod:SealedStrike"],"picked":"DTMod:Harmonize","floor":16.0},{"not_picked":["DTMod:BuildUp","DTMod:Punisher"],"picked":"DTMod:HeatWave","floor":18.0},{"not_picked":["DTMod:Feint","DTMod:ShieldDrain"],"picked":"DTMod:Dissolve","floor":19.0},{"not_picked":["DTMod:Overwhelm","DTMod:Dissolve"],"picked":"DTMod:ComboAttack","floor":22.0},{"not_picked":["DTMod:ForkedFire","DTMod:Weaken"],"picked":"DTMod:OpeningTactic","floor":25.0},{"not_picked":["DTMod:BurningEnergy","DTMod:Training"],"picked":"DTMod:Hide+1","floor":27.0},{"not_picked":["DTMod:QuickFly","DTMod:DeepFocus+1"],"picked":"DTMod:BreakAttack","floor":28.0},{"not_picked":["DTMod:ComboAttack","DTMod:CleansingStrike"],"picked":"DTMod:Threaten+1","floor":29.0},{"not_picked":["DTMod:CalculatedDefense","DTMod:BuildUp"],"picked":"DTMod:BurningEnergy","floor":30.0},{"not_picked":["DTMod:LowKick","DTMod:BuildUp"],"picked":"DTMod:ForkedFire+1","floor":31.0},{"not_picked":["DTMod:Inferno","DTMod:StunTrap"],"picked":"DTMod:Safeguard","floor":33.0},{"not_picked":["DTMod:MagicField","DTMod:BizarreTactic"],"picked":"DTMod:BuildUp+1","floor":35.0},{"not_picked":["DTMod:BalancedStrike","DTMod:CalculatedDefense"],"picked":"DTMod:PurifyingFlame","floor":37.0},{"not_picked":["DTMod:MasterPlan+1","DTMod:FlameSlash"],"picked":"DTMod:Conduct","floor":40.0},{"not_picked":["DTMod:Conduct+1","DTMod:QuickFly"],"picked":"DTMod:BalancedStrike+1","floor":42},{"not_picked":["DTMod:LowKick+1","DTMod:ForkedFire"],"picked":"DTMod:MagiciansMark+1","floor":44},{"not_picked":["DTMod:StarRain","DTMod:Punisher+1"],"picked":"DTMod:Dissolve+1","floor":45},{"not_picked":["DTMod:Observe","DTMod:RecklessFlurry"],"picked":"DTMod:BuildUp+1","floor":47},{"not_picked":["DTMod:BalancedStrike+1","DTMod:Observe+1"],"picked":"DTMod:Coolant","floor":48},{"not_picked":["DTMod:BuildUp","DTMod:Cover+1"],"picked":"DTMod:LastStand+1","floor":51},{"not_picked":["DTMod:BuildUp","DTMod:Conduct"],"picked":"DTMod:SneakAttack","floor":52}],"player_experience":307139,"relics_obtained":[{"floor":9.0,"key":"Guardian:PocketSentry"},{"floor":11.0,"key":"hubris:SphereOfDissonance"},{"floor":26.0,"key":"Replay:Rubber Ducky"},{"floor":29.0,"key":"aspiration:StickyExplosives_weak"},{"floor":40.0,"key":"DTMod:BindingString"},{"floor":42,"key":"Omamori"},{"floor":43,"key":"aspiration:ChemicalBlood"},{"floor":51,"key":"paleoftheancients:SoulOfTheShapes"},{"floor":58,"key":"Pen Nib"}],"event_choices":[{"cards_removed":["Pride"],"damage_healed":0.0,"max_hp_gain":0.0,"max_hp_loss":0.0,"gold_gain":0.0,"event_name":"The Cleric","player_choice":"Card Removal","floor":5.0,"gold_loss":50.0,"damage_taken":0.0},{"damage_healed":0.0,"max_hp_gain":0.0,"max_hp_loss":0.0,"gold_gain":0.0,"event_name":"Match and Keep!","player_choice":"2 cards matched","floor":21.0,"gold_loss":0.0,"damage_taken":0.0,"cards_obtained":["Sickly","DTMod:Harmonize"]},{"cards_removed":["Sickly"],"damage_healed":0.0,"max_hp_gain":0.0,"max_hp_loss":0.0,"gold_gain":0.0,"event_name":"betterNote:BetterNote","player_choice":"Give","floor":24.0,"gold_loss":0.0,"damage_taken":0.0,"cards_obtained":["None"]},{"cards_removed":["DTMod:Strike"],"damage_healed":0.0,"max_hp_gain":0.0,"max_hp_loss":0.0,"gold_gain":0.0,"event_name":"Purifier","player_choice":"Purged","floor":39.0,"gold_loss":0.0,"damage_taken":0.0},{"damage_healed":0,"gold_gain":0,"player_choice":"Leave","damage_taken":0,"max_hp_gain":0,"max_hp_loss":0,"event_name":"conspire:Investor","floor":53,"gold_loss":0}],"is_beta":false,"boss_relics":[{"not_picked":["Fusion Hammer","Replay:Wanted Poster"],"picked":"energizedSpire:NeverEndingSparkler"},{"not_picked":["conspire:SpecialSausage","hubris:VirtuousBlindfold"],"picked":"Cursed Key"}],"items_purged_floors":[7,38],"is_endless":false,"potions_floor_spawned":[11,13,19,25,29,30,42,45,47,52],"killed_by":"paleoftheancients:N","ascension_level":0}}