{"host":"omov159tyjzan9wn","time":1607615518,"event":{"mods":["BaseMod","StSLib","AchievementEnabler","Better Note","BetterRewards","Colored Powertips","Friendly Minions","Googly Eyes","Hermit","Highlight Path","KinomotoSakuraMod(????)","Kiyohime????","Koishi","Mad Scientist","Marisa????????","Minty Spire (QoL Compilation)","Prisma Mod","Quick Restart","Remilia??????","Replay The Spire","Shop Mod","The Administrix","The Animator","The Bug Knight","The Cursed","The Hierophant","The Mystic","The Servant 0.9.4","Yohane!","everything is the same but u backflip on backflip","Aspiration","Hubris","Lobotomy","2.2 Compatiblity","Downfall"],"gold_per_floor":[199,199,216,216,325,335,335,363,363,378,393,393,493,543,560,560,560],"floor_reached":16,"playtime":977,"items_purged":[],"score":100,"play_id":"1e66f87e-59d2-4213-995e-399da75ef31c","local_time":"20201210155158","is_ascension_mode":false,"campfire_choices":[{"data":"Slimebound:Split","floor":1,"key":"SMITH"},{"data":"Slimebound:Replication","floor":9,"key":"SMITH"}],"circlet_count":0,"master_deck":["Slimebound:Strike_Slimebound","Slimebound:Strike_Slimebound","Slimebound:Strike_Slimebound","Slimebound:Tackle","Slimebound:Defend_Slimebound","Slimebound:Defend_Slimebound","Slimebound:Defend_Slimebound","Slimebound:Defend_Slimebound","Slimebound:Split+1","Slimebound:CorrosiveSpit","Slimebound:Dissolve","Slimebound:SplitMire","Slimebound:HauntingLick","Slimebound:SplitMire","Slimebound:Replication+1","Slimebound:LeadByExample","Slimebound:ProtectTheBoss","Slimebound:MegaLick","Slimebound:LivingWall"],"relics":["Slimebound:AbsorbEndCombat","hubris:Towel","hubris:BottledRain","Bag of Marbles","Gambling Chip","Golden Egg","Happy Flower"],"acts_visited":["Exordium"],"potions_floor_usage":[15],"damage_taken":[{"damage":8,"enemies":"Small Slimes","floor":3,"turns":3},{"damage":7,"enemies":"2 Louse","floor":6,"turns":2},{"damage":36,"enemies":"Lagavulin","floor":8,"turns":6},{"damage":13,"enemies":"Cultist","floor":10,"turns":3},{"damage":27,"enemies":"Red Slaver","floor":11,"turns":3},{"damage":12,"enemies":"Gremlin Gang","floor":15,"turns":5},{"damage":62,"enemies":"downfall:CharBossIronclad","floor":16,"turns":9}],"seed_played":"-3622491117505130718","potions_obtained":[{"floor":6,"key":"Fire Potion"},{"floor":11,"key":"SmokeBomb"}],"is_trial":false,"path_per_floor":["R","?","M","?","?","M","T","E","R","M","M","$","?","T","M","B"],"character_chosen":"SLIMEBOUND","items_purchased":["Gambling Chip","Golden Egg"],"campfire_rested":0,"item_purchase_floors":[12,12],"current_hp_per_floor":[60,65,65,65,49,54,54,46,46,53,46,8,8,8,20,0,0],"gold":560,"neow_bonus":"HUNDRED_GOLD","is_daily":false,"chose_seed":false,"campfire_upgraded":2,"win_rate":0.0,"timestamp":1607615518,"path_taken":["R","?","M","?","?","?","T","E","R","M","M","?","?","?","M","BOSS"],"build_version":"2020-11-30","purchased_purges":0,"victory":false,"max_hp_per_floor":[60,65,65,65,65,65,65,65,65,65,65,65,65,65,65,65,65],"card_choices":[{"not_picked":["Slimebound:PressTheAttack","Slimebound:ViciousTackle"],"picked":"Slimebound:Dissolve","floor":3},{"not_picked":["Slimebound:LeechEnergy","Slimebound:GrowthPunch"],"picked":"Slimebound:SplitMire","floor":5},{"not_picked":["Slimebound:BestDefense","Slimebound:Nibble"],"picked":"Slimebound:HauntingLick","floor":5},{"not_picked":["Slimebound:Chomp","Slimebound:SpikyOuterGoop"],"picked":"Slimebound:SplitMire","floor":5},{"not_picked":["Slimebound:Schlurp","Slimebound:GrowthPunch"],"picked":"Slimebound:Replication","floor":6},{"not_picked":["Slimebound:PressTheAttack","Slimebound:GrowthPunch"],"picked":"Slimebound:LeadByExample","floor":8},{"not_picked":["Slimebound:SlimeSpikes","Slimebound:RollThrough"],"picked":"Slimebound:ProtectTheBoss","floor":10},{"not_picked":["Slimebound:GoopSpray","Slimebound:ComboTackle"],"picked":"Slimebound:MegaLick","floor":11},{"not_picked":["Slimebound:SplitAcid","Slimebound:Prepare"],"picked":"Slimebound:LivingWall","floor":15}],"player_experience":53277,"relics_obtained":[{"floor":7,"key":"hubris:BottledRain"},{"floor":8,"key":"Bag of Marbles"},{"floor":14,"key":"Happy Flower"}],"event_choices":[{"damage_healed":0,"gold_gain":0,"player_choice":"Donut","damage_taken":0,"max_hp_gain":5,"max_hp_loss":0,"event_name":"Big Fish","floor":2,"gold_loss":0}],"is_beta":false,"boss_relics":[],"items_purged_floors":[],"is_endless":false,"potions_floor_spawned":[6,11],"killed_by":"downfall:CharBossIronclad","ascension_level":0}}