{"host":"kpyf5rnb72uwap8k","time":1607565231,"event":{"gold_per_floor":[112,123,134,153,0,0,25,25,25,25,36,36,36,55,55,156,156,176,19,19,33,33,33,33,33],"floor_reached":24,"playtime":638,"items_purged":["Strike_R"],"score":216,"play_id":"7f0a81ab-e24b-4055-978e-f6c3e180fd63","local_time":"20201210105351","is_ascension_mode":true,"campfire_choices":[{"data":"Searing Blow","floor":6,"key":"SMITH"},{"data":"Searing Blow+1","floor":10,"key":"SMITH"},{"data":"Madness","floor":15,"key":"SMITH"},{"data":"Heavy Blade","floor":23,"key":"SMITH"}],"neow_cost":"NONE","seed_source_timestamp":232112526294500,"circlet_count":0,"master_deck":["Strike_R","Strike_R","Strike_R","Strike_R","Defend_R","Defend_R","Defend_R","Defend_R","Bash","Madness+1","Heavy Blade","Searing Blow+2","Thunderclap","Demon Form","Heavy Blade+1","Double Tap","Blood for Blood","Bandage Up"],"relics":["Black Blood","Strange Spoon","Bag of Preparation","Gremlin Horn"],"potions_floor_usage":[4,16,16],"damage_taken":[{"damage":7,"enemies":"2 Louse","floor":1,"turns":3},{"damage":7,"enemies":"Jaw Worm","floor":2,"turns":3},{"damage":11,"enemies":"Cultist","floor":3,"turns":4},{"damage":30,"enemies":"Lots of Slimes","floor":4,"turns":5},{"damage":28,"enemies":"Gremlin Nob","floor":7,"turns":4},{"damage":18,"enemies":"Large Slime","floor":11,"turns":3},{"damage":7,"enemies":"Looter","floor":14,"turns":4},{"damage":33,"enemies":"Hexaghost","floor":16,"turns":6},{"damage":67,"enemies":"Shell Parasite","floor":18,"turns":7},{"damage":30,"enemies":"Spheric Guardian","floor":21,"turns":4},{"damage":89,"enemies":"Gremlin Leader","floor":24,"turns":8}],"seed_played":"-4651895946355696773","potions_obtained":[{"floor":1,"key":"Strength Potion"},{"floor":7,"key":"SpeedPotion"},{"floor":11,"key":"CultistPotion"}],"is_trial":false,"path_per_floor":["M","M","M","M","$","R","E","?","T","R","M","?","?","M","R","B",null,"M","$","?","M","?","R","E"],"character_chosen":"IRONCLAD","items_purchased":["Strange Spoon","Bandage Up"],"campfire_rested":0,"item_purchase_floors":[5,19],"current_hp_per_floor":[79,78,73,49,49,49,27,53,53,53,41,41,41,40,40,13,80,25,25,51,37,80,80,0,0],"gold":33,"neow_bonus":"RANDOM_COLORLESS","is_prod":false,"is_daily":false,"chose_seed":false,"campfire_upgraded":4,"win_rate":0,"timestamp":1607565231,"path_taken":["M","M","M","M","$","R","E","?","T","R","M","?","?","M","R","BOSS","M","$","?","M","?","R","E"],"build_version":"2020-11-30","purchased_purges":1,"victory":false,"max_hp_per_floor":[80,80,80,80,80,80,80,80,80,80,80,80,80,80,80,80,80,80,80,80,80,80,80,80,80],"card_choices":[{"not_picked":["Dark Shackles","Bandage Up"],"picked":"Madness","floor":0},{"not_picked":["Perfected Strike","Havoc"],"picked":"Heavy Blade","floor":1},{"not_picked":["Twin Strike","Clash"],"picked":"Searing Blow","floor":2},{"not_picked":["Bloodletting","Hemokinesis","Havoc"],"picked":"SKIP","floor":3},{"not_picked":["Twin Strike","Iron Wave"],"picked":"Thunderclap","floor":4},{"not_picked":["Carnage","Shockwave"],"picked":"Demon Form","floor":7},{"not_picked":["Shrug It Off","Warcry"],"picked":"Dual Wield","floor":11},{"not_picked":["Pommel Strike","Burning Pact"],"picked":"Heavy Blade","floor":14},{"not_picked":["Juggernaut","Berserk"],"picked":"Double Tap","floor":16},{"not_picked":["Clash+1","Anger"],"picked":"Blood for Blood","floor":18},{"not_picked":["Sword Boomerang","Dark Embrace","Heavy Blade+1"],"picked":"SKIP","floor":21}],"player_experience":195282,"relics_obtained":[{"floor":7,"key":"Bag of Preparation"},{"floor":9,"key":"Gremlin Horn"}],"event_choices":[{"damage_healed":26,"gold_gain":0,"player_choice":"Banana","damage_taken":0,"max_hp_gain":0,"max_hp_loss":0,"event_name":"Big Fish","floor":8,"gold_loss":0},{"damage_healed":0,"gold_gain":0,"player_choice":"Searched \u00270\u0027 times","damage_taken":0,"max_hp_gain":0,"max_hp_loss":0,"event_name":"Dead Adventurer","floor":12,"gold_loss":0},{"damage_healed":0,"gold_gain":0,"player_choice":"Ignored","damage_taken":0,"max_hp_gain":0,"max_hp_loss":0,"event_name":"Liars Game","floor":13,"gold_loss":0},{"damage_healed":26,"gold_gain":0,"player_choice":"Heal","damage_taken":0,"max_hp_gain":0,"max_hp_loss":0,"event_name":"The Library","floor":20,"gold_loss":0},{"cards_removed":["Dual Wield"],"damage_healed":43,"gold_gain":0,"player_choice":"Offered Uncommon","damage_taken":0,"max_hp_gain":0,"max_hp_loss":0,"event_name":"Bonfire Elementals","floor":22,"gold_loss":0}],"is_beta":false,"boss_relics":[{"not_picked":["Astrolabe","Runic Dome"],"picked":"Black Blood"}],"items_purged_floors":[19],"is_endless":false,"potions_floor_spawned":[1,7,11],"killed_by":"Gremlin Leader","ascension_level":2}}