{"host":"1tl36azeqm6yhdgj","time":1607618562,"event":{"mods":["BaseMod","AchievementEnabler","Minty Spire (QoL Compilation)","StSLib","everything is the same but u backflip on backflip","The IronCluck"],"gold_per_floor":[366,383,401,419,437,464,464,496,496,496,520,587,35,47,47,149,149,166,166,0,0,16,16,29,60,84,110,25,45,45,45,45,145,145,161,161,177,177,189,218,158,158,158],"floor_reached":42,"playtime":1659,"items_purged":["Strike_R"],"score":777,"play_id":"3a84ece2-db28-4069-b794-472c9b94bc57","local_time":"20201210114242","is_ascension_mode":true,"campfire_choices":[{"floor":7.0,"key":"REST"},{"floor":10.0,"key":"REST"},{"floor":15.0,"key":"REST"},{"data":"Reaper","floor":23.0,"key":"SMITH"},{"floor":30.0,"key":"RECALL"},{"data":"Flame Barrier","floor":32.0,"key":"SMITH"}],"circlet_count":0,"master_deck":["AscendersBane","Strike_R","Strike_R","Strike_R","Defend_R","Defend_R","Defend_R","Defend_R","Bash","Flame Barrier+1","Fire Breathing","Twin Strike","Flex","Carnage","Reaper+1","Shrug It Off","Dropkick","Anger","Corruption+1","Spot Weakness","Dark Embrace+1","Thunderclap","Feed","Inflame+1","Shrug It Off+1"],"special_seed":0,"relics":["Burning Blood","PreservedInsect","Dead Branch","Mercury Hourglass","Odd Mushroom","Blood Vial","Frozen Egg 2","Singing Bowl","Kunai","FossilizedHelix","SacredBark","Centennial Puzzle"],"acts_visited":["Exordium","TheCity","TheBeyond"],"potions_floor_usage":[42,42],"damage_taken":[{"damage":25.0,"enemies":"Jaw Worm","floor":1.0,"turns":5.0},{"damage":15.0,"enemies":"Small Slimes","floor":2.0,"turns":4.0},{"damage":2.0,"enemies":"2 Louse","floor":3.0,"turns":4.0},{"damage":15.0,"enemies":"Large Slime","floor":4.0,"turns":6.0},{"damage":6.0,"enemies":"Blue Slaver","floor":5.0,"turns":5.0},{"damage":35.0,"enemies":"3 Sentries","floor":6.0,"turns":6.0},{"damage":18.0,"enemies":"Gremlin Nob","floor":8.0,"turns":3.0},{"damage":28.0,"enemies":"The Mushroom Lair","floor":11.0,"turns":4.0},{"damage":7.0,"enemies":"2 Fungi Beasts","floor":14.0,"turns":4.0},{"damage":21.0,"enemies":"Slime Boss","floor":16.0,"turns":9.0},{"damage":19.0,"enemies":"Spheric Guardian","floor":18.0,"turns":4.0},{"damage":29.0,"enemies":"3 Byrds","floor":22.0,"turns":5.0},{"damage":10.0,"enemies":"Centurion and Healer","floor":24.0,"turns":5.0},{"damage":39.0,"enemies":"Gremlin Leader","floor":25.0,"turns":6.0},{"damage":24.0,"enemies":"Slavers","floor":27.0,"turns":4.0},{"damage":10.0,"enemies":"3 Cultists","floor":29.0,"turns":4.0},{"damage":70.0,"enemies":"Champ","floor":33.0,"turns":9.0},{"damage":19.0,"enemies":"3 Shapes","floor":35.0,"turns":4.0},{"damage":31.0,"enemies":"Orb Walker","floor":37.0,"turns":4.0},{"damage":51.0,"enemies":"Sphere and 2 Shapes","floor":39.0,"turns":6.0},{"damage":7.0,"enemies":"Nemesis","floor":40.0,"turns":3.0},{"damage":21,"enemies":"3 Darklings","floor":42,"turns":1}],"seed_played":"5892300539499745710","potions_obtained":[{"floor":4.0,"key":"FearPotion"},{"floor":8.0,"key":"PowerPotion"},{"floor":14.0,"key":"Swift Potion"},{"floor":18.0,"key":"Dexterity Potion"},{"floor":22.0,"key":"Dexterity Potion"},{"floor":29.0,"key":"FearPotion"},{"floor":39.0,"key":"BlessingOfTheForge"},{"floor":40.0,"key":"PowerPotion"}],"is_trial":false,"path_per_floor":["M","M","M","M","M","E","R","E","T","R","?","?","$","M","R","B",null,"M","?","?","?","M","R","M","E","T","E","?","M","R","$","R","B",null,"M","?","M","?","M","E","?","M"],"character_chosen":"IRONCLAD","items_purchased":["Blood Vial","Frozen Egg 2","Dropkick"],"campfire_rested":3,"item_purchase_floors":[13,13,13],"current_hp_per_floor":[53,44,48,39,39,10,31,19,19,40,22,22,22,23,44,43,65,58,58,58,58,43,43,61,49,49,68,68,78,78,78,78,14,62,65,65,53,53,12,15,15,0,0],"gold":158,"neow_bonus":"TWO_FIFTY_GOLD","is_daily":false,"chose_seed":false,"campfire_upgraded":2,"win_rate":0,"timestamp":1607618562,"path_taken":["M","M","M","M","M","E","R","E","T","R","?","?","?","M","R","BOSS","M","?","?","?","M","R","M","E","T","E","?","M","R","?","R","BOSS","M","?","M","?","M","E","?","?"],"build_version":"2020-11-30","purchased_purges":1,"victory":false,"max_hp_per_floor":[72,72,72,72,72,72,72,72,72,72,72,72,72,72,72,72,72,72,72,72,72,72,72,72,74,74,76,76,78,78,78,78,78,78,78,78,78,78,80,82,82,82,82],"card_choices":[{"not_picked":["Pommel Strike","Iron Wave"],"picked":"Flame Barrier","floor":1.0},{"not_picked":["Warcry","Thunderclap"],"picked":"Fire Breathing","floor":2.0},{"not_picked":["Reckless Charge","Body Slam"],"picked":"Twin Strike","floor":3.0},{"not_picked":["Fire Breathing","Headbutt"],"picked":"Flex","floor":4.0},{"not_picked":["True Grit","Power Through"],"picked":"Searing Blow","floor":5.0},{"not_picked":["Power Through","Twin Strike"],"picked":"Carnage","floor":6.0},{"not_picked":["Reckless Charge","Dual Wield"],"picked":"Reaper","floor":8.0},{"not_picked":["Blood for Blood","Clothesline"],"picked":"Shrug It Off","floor":11.0},{"not_picked":["Pummel","Shrug It Off"],"picked":"Anger","floor":14.0},{"not_picked":["Berserk+1","Feed"],"picked":"Corruption+1","floor":16.0},{"not_picked":["Sentinel","Clothesline"],"picked":"Spot Weakness","floor":18.0},{"not_picked":["Cleave","Warcry"],"picked":"Thunderclap","floor":22.0},{"not_picked":["Havoc","Blood for Blood","Anger"],"picked":"SKIP","floor":24.0},{"not_picked":["Headbutt","Anger","Heavy Blade+1"],"picked":"Singing Bowl","floor":25.0},{"not_picked":["Shockwave","True Grit","Blood for Blood+1"],"picked":"Singing Bowl","floor":27.0},{"not_picked":["Heavy Blade","Armaments","Twin Strike+1"],"picked":"Singing Bowl","floor":29.0},{"not_picked":["Immolate","Brutality+1"],"picked":"Feed","floor":33.0},{"not_picked":["Flex","True Grit"],"picked":"Inflame+1","floor":35.0},{"not_picked":["Headbutt+1","Wild Strike+1"],"picked":"Shrug It Off+1","floor":37.0},{"not_picked":["Armaments+1","Thunderclap+1","Iron Wave"],"picked":"Singing Bowl","floor":39.0},{"not_picked":["Rage+1","Twin Strike+1","Rupture+1"],"picked":"Singing Bowl","floor":40.0}],"player_experience":1902175,"relics_obtained":[{"floor":6.0,"key":"PreservedInsect"},{"floor":8.0,"key":"Dead Branch"},{"floor":9.0,"key":"Mercury Hourglass"},{"floor":11.0,"key":"Odd Mushroom"},{"floor":25.0,"key":"Singing Bowl"},{"floor":27.0,"key":"Kunai"},{"floor":40.0,"key":"Centennial Puzzle"}],"event_choices":[{"damage_healed":0.0,"max_hp_gain":0.0,"max_hp_loss":0.0,"gold_gain":0.0,"event_name":"Mushrooms","player_choice":"Fought Mushrooms","floor":11.0,"gold_loss":0.0,"damage_taken":0.0},{"damage_healed":0.0,"max_hp_gain":0.0,"max_hp_loss":0.0,"gold_gain":67.0,"event_name":"Golden Wing","player_choice":"Gained Gold","floor":12.0,"gold_loss":0.0,"damage_taken":0.0},{"damage_healed":0.0,"max_hp_gain":0.0,"max_hp_loss":0.0,"gold_gain":0.0,"event_name":"The Library","player_choice":"Read","floor":19.0,"gold_loss":0.0,"damage_taken":0.0,"cards_obtained":["Dark Embrace"]},{"damage_healed":0.0,"max_hp_gain":0.0,"max_hp_loss":0.0,"gold_gain":0.0,"event_name":"Masked Bandits","player_choice":"Paid Fearfully","floor":20.0,"gold_loss":166.0,"damage_taken":0.0},{"damage_healed":0.0,"max_hp_gain":0.0,"max_hp_loss":0.0,"gold_gain":0.0,"event_name":"Cursed Tome","player_choice":"Ignored","floor":21.0,"gold_loss":0.0,"damage_taken":0.0},{"damage_healed":0.0,"max_hp_gain":0.0,"max_hp_loss":0.0,"gold_gain":0.0,"event_name":"Addict","player_choice":"Obtained Relic","floor":28.0,"gold_loss":85.0,"damage_taken":0.0,"relics_obtained":["FossilizedHelix"]},{"cards_removed":["Searing Blow"],"damage_healed":0.0,"max_hp_gain":0.0,"max_hp_loss":0.0,"gold_gain":0.0,"event_name":"Falling","player_choice":"Removed Attack","floor":36.0,"gold_loss":0.0,"damage_taken":0.0},{"damage_healed":0.0,"max_hp_gain":0.0,"max_hp_loss":0.0,"gold_gain":0.0,"event_name":"Tomb of Lord Red Mask","player_choice":"Ignored","floor":38.0,"gold_loss":0.0,"damage_taken":0.0},{"cards_removed":["Strike_R"],"damage_healed":0.0,"max_hp_gain":0.0,"max_hp_loss":0.0,"gold_gain":0.0,"event_name":"Designer","player_choice":"Single Remove","floor":41.0,"gold_loss":60.0,"damage_taken":0.0}],"is_beta":false,"boss_relics":[{"not_picked":["Coffee Dripper","Runic Dome","Philosopher\u0027s Stone"]},{"not_picked":["SlaversCollar","Snecko Eye"],"picked":"SacredBark"}],"items_purged_floors":[13],"is_endless":false,"potions_floor_spawned":[4,8,14,18,22,29,39,40],"killed_by":"3 Darklings","ascension_level":11}}