{"host":"x1qj4d8ympd5jdqh","time":1607638673,"event":{"mods":["BaseMod","Colored Map","StSLib","AchievementEnabler","AlwaysNeverKeys","SuperFastMode","Custom Start","Highlight Path","Minty Spire (QoL Compilation)","DeckTracker"],"gold_per_floor":[117,129,129,129,170,205,47,62,62,62,62,96,111,155,155,234,234,251,251,263,263,306,335,335,77,102,119,119,163,196,236,236,310,310,352,364,389,389,389,389,389,423,447,494,494,494],"floor_reached":45,"playtime":1706,"items_purged":["ReachHeaven"],"score":1140,"play_id":"16a4a1c6-31e2-41c3-919c-c49c3bb2ba19","local_time":"20201211071753","is_ascension_mode":true,"campfire_choices":[{"data":"Ragnarok","floor":10.0,"key":"SMITH"},{"data":"CrushJoints","floor":15.0,"key":"SMITH"},{"floor":24.0,"key":"REST"},{"data":"MentalFortress","floor":28.0,"key":"SMITH"},{"data":"Meditate","floor":32.0,"key":"SMITH"},{"floor":40.0,"key":"REST"},{"data":"Scrawl","floor":41.0,"key":"SMITH"}],"circlet_count":0,"master_deck":["AscendersBane","Defend_P","Defend_P+1","Defend_P+1","Eruption+1","Vigilance","EmptyBody","Wish+1","Ragnarok+1","CrushJoints+1","FearNoEvil","Vault","MentalFortress+1","Evaluate+1","Vault","Meditate+1","Scrawl+1","TalkToTheHand","Fasting2","LessonLearned","Indignation+1","Fasting2"],"special_seed":0,"relics":["HolyWater","Lantern","OrangePellets","TeardropLocket","Pear","Empty Cage","The Courier","Bag of Marbles","Toy Ornithopter","War Paint","WingedGreaves","Omamori"],"acts_visited":["Exordium","TheCity","TheBeyond"],"potions_floor_usage":[45],"damage_taken":[{"damage":7.0,"enemies":"Jaw Worm","floor":1.0,"turns":6.0},{"damage":0.0,"enemies":"Cultist","floor":2.0,"turns":2.0},{"damage":0.0,"enemies":"2 Louse","floor":5.0,"turns":4.0},{"damage":16.0,"enemies":"Gremlin Nob","floor":6.0,"turns":3.0},{"damage":0.0,"enemies":"Exordium Thugs","floor":8.0,"turns":2.0},{"damage":0.0,"enemies":"Lagavulin","floor":12.0,"turns":2.0},{"damage":0.0,"enemies":"2 Fungi Beasts","floor":13.0,"turns":1.0},{"damage":6.0,"enemies":"3 Louse","floor":14.0,"turns":4.0},{"damage":23.0,"enemies":"The Guardian","floor":16.0,"turns":8.0},{"damage":0.0,"enemies":"Chosen","floor":18.0,"turns":3.0},{"damage":0.0,"enemies":"Spheric Guardian","floor":20.0,"turns":1.0},{"damage":7.0,"enemies":"Snecko","floor":22.0,"turns":7.0},{"damage":30.0,"enemies":"Gremlin Leader","floor":23.0,"turns":7.0},{"damage":0.0,"enemies":"Sentry and Sphere","floor":27.0,"turns":3.0},{"damage":4.0,"enemies":"3 Cultists","floor":29.0,"turns":5.0},{"damage":0.0,"enemies":"Slavers","floor":30.0,"turns":2.0},{"damage":0.0,"enemies":"Snecko","floor":31.0,"turns":6.0},{"damage":25.0,"enemies":"Automaton","floor":33.0,"turns":9.0},{"damage":47.0,"enemies":"Orb Walker","floor":35.0,"turns":7.0},{"damage":0.0,"enemies":"3 Darklings","floor":36.0,"turns":4.0},{"damage":0.0,"enemies":"Mind Bloom Boss Battle","floor":37.0,"turns":3.0},{"damage":0.0,"enemies":"Nemesis","floor":42.0,"turns":3.0},{"damage":0.0,"enemies":"Maw","floor":44.0,"turns":7.0},{"damage":30,"enemies":"Reptomancer","floor":45,"turns":6}],"seed_played":"6717885010698592921","potions_obtained":[{"floor":5.0,"key":"DistilledChaos"},{"floor":6.0,"key":"SpeedPotion"},{"floor":12.0,"key":"Ambrosia"},{"floor":22.0,"key":"Dexterity Potion"},{"floor":23.0,"key":"Energy Potion"},{"floor":30.0,"key":"EssenceOfSteel"},{"floor":35.0,"key":"Swift Potion"},{"floor":36.0,"key":"SpeedPotion"}],"is_trial":false,"path_per_floor":["M","M","?","?","M","E","$","M","T","R","?","E","M","M","R","B",null,"M","?","M","?","M","E","R","$","T","M","R","M","E","M","R","B",null,"M","M","?","?","?","R","R","E","T","M","E"],"character_chosen":"WATCHER","items_purchased":["OrangePellets","Bag of Marbles","Scrawl"],"campfire_rested":2,"item_purchase_floors":[7,25,25],"current_hp_per_floor":[54,54,54,54,54,38,38,38,38,38,38,48,48,42,42,19,63,63,63,63,63,56,26,49,49,49,49,49,45,50,50,50,35,67,20,25,25,25,14,37,37,37,37,37,12,12],"gold":494,"neow_bonus":"UPGRADE_CARD","is_daily":false,"chose_seed":false,"campfire_upgraded":5,"win_rate":0,"timestamp":1607638673,"path_taken":["M","M","?","?","?","E","$","M","T","R","?","E","?","M","R","BOSS","M","?","M","?","?","E","R","$","T","M","R","M","E","?","R","BOSS","M","M","?","?","?","R","R","E","T","?","E"],"build_version":"2020-11-30","purchased_purges":1,"victory":false,"max_hp_per_floor":[68,68,68,68,68,68,68,68,68,68,68,78,78,78,78,78,78,78,78,78,78,78,78,78,78,78,78,78,78,78,78,78,78,78,78,78,78,78,78,78,78,78,78,78,78,78],"card_choices":[{"not_picked":["ThirdEye","Worship"],"picked":"BowlingBash","floor":1.0},{"not_picked":["ThirdEye","Protect"],"picked":"EmptyBody","floor":2.0},{"not_picked":["FlyingSleeves","BattleHymn","JustLucky"],"picked":"SKIP","floor":5.0},{"not_picked":["FearNoEvil","Weave"],"picked":"Ragnarok","floor":6.0},{"not_picked":["EmptyBody","Protect","SandsOfTime"],"picked":"SKIP","floor":8.0},{"not_picked":["EmptyFist","FlyingSleeves"],"picked":"CrushJoints","floor":12.0},{"not_picked":["FollowUp","Conclude"],"picked":"FearNoEvil","floor":13.0},{"not_picked":["Pray","Prostrate","BowlingBash"],"picked":"SKIP","floor":14.0},{"not_picked":["Alpha","SpiritShield"],"picked":"Vault","floor":16.0},{"not_picked":["CarveReality","EmptyFist","FlurryOfBlows"],"picked":"SKIP","floor":18.0},{"not_picked":["FlurryOfBlows","ThirdEye","Evaluate"],"picked":"SKIP","floor":20.0},{"not_picked":["FlurryOfBlows","ThirdEye"],"picked":"Evaluate","floor":20.0},{"not_picked":["Protect","SandsOfTime","FlyingSleeves"],"picked":"SKIP","floor":22.0},{"not_picked":["WheelKick","Tantrum"],"picked":"Meditate","floor":23.0},{"not_picked":["ClearTheMind","FlurryOfBlows"],"picked":"TalkToTheHand","floor":27.0},{"not_picked":["Prostrate","JustLucky","CrushJoints"],"picked":"SKIP","floor":29.0},{"not_picked":["CrushJoints","LikeWater","Crescendo"],"picked":"SKIP","floor":30.0},{"not_picked":["Conclude+1","FlyingSleeves"],"picked":"Fasting2","floor":31.0},{"not_picked":["Establishment","Alpha"],"picked":"LessonLearned","floor":33.0},{"not_picked":["FlyingSleeves","Conclude"],"picked":"Indignation+1","floor":35.0},{"not_picked":["Consecrate","FlurryOfBlows","Vengeance+1"],"picked":"SKIP","floor":36.0},{"not_picked":["CrushJoints","ThirdEye","FollowUp"],"picked":"SKIP","floor":42.0},{"not_picked":["FearNoEvil+1","CrushJoints"],"picked":"Fasting2","floor":44.0}],"player_experience":1206582,"relics_obtained":[{"floor":6.0,"key":"Lantern"},{"floor":9.0,"key":"TeardropLocket"},{"floor":12.0,"key":"Pear"},{"floor":23.0,"key":"The Courier"},{"floor":26.0,"key":"Toy Ornithopter"},{"floor":30.0,"key":"War Paint"},{"floor":37.0,"key":"WingedGreaves"},{"floor":42.0,"key":"Omamori"}],"event_choices":[{"damage_healed":0.0,"max_hp_gain":0.0,"max_hp_loss":0.0,"gold_gain":0.0,"cards_transformed":["Strike_P"],"event_name":"Living Wall","player_choice":"Change","floor":3.0,"gold_loss":0.0,"damage_taken":0.0,"cards_obtained":["Wish"]},{"cards_removed":["Defend_P"],"damage_healed":0.0,"max_hp_gain":0.0,"max_hp_loss":0.0,"gold_gain":0.0,"event_name":"Bonfire Elementals","player_choice":"Offered Basic","floor":4.0,"gold_loss":0.0,"damage_taken":0.0},{"damage_healed":0.0,"max_hp_gain":0.0,"max_hp_loss":0.0,"gold_gain":0.0,"event_name":"Upgrade Shrine","player_choice":"Upgraded","floor":11.0,"gold_loss":0.0,"damage_taken":0.0,"cards_upgraded":["Wish"]},{"damage_healed":0.0,"max_hp_gain":0.0,"max_hp_loss":0.0,"gold_gain":0.0,"cards_transformed":["Strike_P","BowlingBash"],"event_name":"Drug Dealer","player_choice":"Became Test Subject","floor":19.0,"gold_loss":0.0,"damage_taken":0.0,"cards_obtained":["MentalFortress","ReachHeaven"]},{"damage_healed":0.0,"max_hp_gain":0.0,"max_hp_loss":0.0,"gold_gain":0.0,"event_name":"Duplicator","player_choice":"Copied","floor":21.0,"gold_loss":0.0,"damage_taken":0.0,"cards_obtained":["Vault"]},{"damage_healed":0.0,"max_hp_gain":0.0,"max_hp_loss":0.0,"gold_gain":0.0,"event_name":"MindBloom","player_choice":"Fight","floor":37.0,"gold_loss":0.0,"damage_taken":0.0},{"damage_healed":0.0,"max_hp_gain":0.0,"max_hp_loss":0.0,"gold_gain":0.0,"event_name":"Tomb of Lord Red Mask","player_choice":"Ignored","floor":38.0,"gold_loss":0.0,"damage_taken":0.0},{"damage_healed":0.0,"max_hp_gain":0.0,"max_hp_loss":0.0,"gold_gain":0.0,"event_name":"Wheel of Change","player_choice":"Damaged","floor":39.0,"gold_loss":0.0,"damage_taken":11.0}],"is_beta":false,"boss_relics":[{"not_picked":["Velvet Choker","Astrolabe"],"picked":"Empty Cage"},{"not_picked":["SacredBark","Busted Crown"],"picked":"HolyWater"}],"items_purged_floors":[25],"is_endless":false,"potions_floor_spawned":[5,6,12,22,23,30,35,36],"killed_by":"Reptomancer","ascension_level":20}}