{"host":"kv06jx36eid0zw4n","time":1607588906,"event":{"gold_per_floor":[110,110,110,24,41,74,91,91,128,154,164,164,22,22,22,117,117,132,132,132,145,898,930,930,1070,1070,1095,1114,1131,1131,1167,1167,1263,1263,1274,1274,1285,1285,1285,1285,1310,1310,1343,1343,1356,1391,1391,1401,1401,1401,1401,1401,1401,1435,1435],"floor_reached":56,"playtime":9547,"items_purged":["Strike_B","Strike_B","Strike_B"],"score":2390,"play_id":"14895c6c-c0b6-4f5e-a625-5ff2cdb70404","local_time":"20201210092826","is_ascension_mode":true,"campfire_choices":[{"floor":12,"key":"RECALL"},{"data":"MostiFishMod:ATRI","floor":15,"key":"SMITH"},{"data":"FIFO Queue","floor":24,"key":"SMITH"},{"data":"Storm","floor":30,"key":"SMITH"},{"data":"Fusion","floor":32,"key":"SMITH"},{"data":"ReplayTheSpireMod:Echo Chamber","floor":40,"key":"SMITH"},{"data":"infinitespire:UltimateForm","floor":42,"key":"SMITH"},{"data":"Ragnarok","floor":44,"key":"SMITH"},{"data":"Creative AI","floor":49,"key":"SMITH"},{"data":"StuffTheSpire:Synthwave","floor":52,"key":"SMITH"}],"neow_cost":"NONE","seed_source_timestamp":983210675230100,"circlet_count":0,"master_deck":["AscendersBane","Defend_B","Defend_B","Defend_B","Defend_B","Zap","Dualcast","MostiFishMod:FrostNova","MostiFishMod:WinterMarkForm","StuffTheSpire:Coldhearted","StuffTheSpire:Plugnplay","Hello World","Go for the Eyes","Storm+1","Cold Snap","conspire:SharedLibrary","Redo","MostiFishMod:ATRI+1","Aggregate","Defragment","MostiFishMod:FluxCapactior","Storm+1","Fusion+1","Cold Snap","FIFO Queue+1","Auto Shields","Ball Lightning","Go for the Eyes","Conserve Battery","StuffTheSpire:Plugnplay","Heatsinks","Replay:Bootleg Shield Generator","Dual Wield","Self Repair","StuffTheSpire:Python","StuffTheSpire:Synthwave","Slice","ReplayTheSpireMod:Calculation Training","Demon Form","StuffTheSpire:Plugnplay","Ragnarok+1","MostiFishMod:ATRI","Creative AI+1","Pulse+1","Replay:Dark Deal","Bandage Up","Swift Strike","Static Discharge+1","infinitespire:UltimateForm+1","ReplayTheSpireMod:Echo Chamber+1","Crystallizer+1","Redo+1","StuffTheSpire:Synthwave+1","Fusion","Ball Lightning+1","FIFO Queue"],"relics":["Cracked Core","DaveBox","HushsDoor","FrostBlade","BookofShadows","Question Card","halation:KoshaPiece","trackpad:ByrdCharm","hubris:Towel","ImportantClient","trackpad:NeutrinoGenerator","DataDisk","wanderingMiniBosses:MasterThiefsPresence","DemoMod:GlassGuonStoneRelic","Geode","hubris:NiceRug","Bottled Lightning","qcfpunch:School_Backpack","Raider\u0027s Mask","StuffTheSpire:Mouthbags","Bird Faced Urn","Chemical X","ImprovedEquipment","MagicDraw1","hubris:SphereOfDissonance","qcfpunch:Chain_With_Nametags","GreenFoldingFan","vexMod:InvisibilityCloak","DianDianMeat","infinitespire:Joker Card","BionicSphere","conspire:DeflatedDodgeball","halation:PrussianBluePaint","qcfpunch:Broken_Tusk","Pear"],"potions_floor_usage":[18,23,25,27,55,55],"damage_taken":[{"damage":0,"enemies":"Gensokyo:Python","floor":1,"turns":2},{"damage":0,"enemies":"Gensokyo:2_Kodama","floor":5,"turns":3},{"damage":5,"enemies":"Gensokyo:Cirno","floor":6,"turns":5},{"damage":0,"enemies":"Gensokyo:Gryphon","floor":7,"turns":2},{"damage":0,"enemies":"Gensokyo:5_Fairies","floor":9,"turns":2},{"damage":0,"enemies":"Gensokyo:Aya","floor":10,"turns":3},{"damage":9,"enemies":"Gensokyo:5_Fairies","floor":11,"turns":3},{"damage":0,"enemies":"Gensokyo:Reimu","floor":16,"turns":6},{"damage":4,"enemies":"2 Thieves","floor":18,"turns":3},{"damage":0,"enemies":"Chosen","floor":21,"turns":3},{"damage":2,"enemies":"conspire:HollyBat","floor":22,"turns":7},{"damage":4,"enemies":"Nightmare","floor":23,"turns":5},{"damage":0,"enemies":"hubris:Merchant","floor":25,"turns":4},{"damage":0,"enemies":"conspire:Head Lice","floor":27,"turns":5},{"damage":0,"enemies":"Snake Plant","floor":28,"turns":2},{"damage":0,"enemies":"Snecko","floor":29,"turns":2},{"damage":0,"enemies":"Centurion and Healer","floor":31,"turns":3},{"damage":0,"enemies":"hubris:MusketHawk","floor":33,"turns":4},{"damage":2,"enemies":"3 Shapes","floor":35,"turns":2},{"damage":2,"enemies":"Orb Walker","floor":37,"turns":2},{"damage":2,"enemies":"Reptomancer","floor":41,"turns":4},{"damage":2,"enemies":"Jaw Worm Horde","floor":43,"turns":3},{"damage":2,"enemies":"Jaw Worm Horde","floor":45,"turns":2},{"damage":2,"enemies":"Giant Head","floor":46,"turns":4},{"damage":2,"enemies":"Maw","floor":48,"turns":2},{"damage":2,"enemies":"conspire:OrnateMirror","floor":50,"turns":4},{"damage":2,"enemies":"Shield and Spear","floor":54,"turns":4},{"damage":2,"enemies":"Delirium","floor":55,"turns":11}],"seed_played":"-7691670746205970968","potions_obtained":[{"floor":11,"key":"blueLaboratory:BubblePotion"},{"floor":21,"key":"blueLaboratory:HorrorPotion"},{"floor":22,"key":"Adrenaline Potion"},{"floor":25,"key":"DemoMod:LeadSkinPotion"},{"floor":25,"key":"blueLaboratory:ForbiddenFruitJuice"},{"floor":25,"key":"DuplicationPotion"},{"floor":27,"key":"blueLaboratory:BottledHope"},{"floor":35,"key":"DemoMod:LeadSkinPotion"},{"floor":41,"key":"Energy Potion"},{"floor":48,"key":"Dexterity Potion"}],"is_trial":false,"path_per_floor":["M","?","?","$","M","E","M","?","MIM","E","M","R","$","?","R","B",null,"M","AVR","?","M","M","NM","R","$","T","E","M","M","R","MIM","R","B",null,"M","?","M","?","AVR","R","E","R","MIM","R","M","E","?","M","R","B",null,"R","$","E","B",null],"character_chosen":"DEFECT","items_purchased":["Hello World","Go for the Eyes","Defragment","Storm","Creative AI"],"campfire_rested":0,"item_purchase_floors":[4,4,13,17,34],"current_hp_per_floor":[68,68,68,68,68,63,63,63,63,63,54,54,54,54,54,54,68,64,64,64,64,62,58,58,58,58,70,72,72,72,72,72,72,68,68,58,68,52,52,52,69,69,71,71,74,78,43,72,72,83,83,83,83,99,99],"gold":1435,"neow_bonus":"THREE_CARDS","is_prod":false,"is_daily":false,"chose_seed":false,"campfire_upgraded":9,"win_rate":0,"timestamp":1607588906,"path_taken":["M","?","?","$","?","E","M","?","MIM","E","M","R","$","?","R","BOSS","M","AVR","?","M","M","NM","R","$","T","E","M","M","R","?","R","BOSS","M","?","?","?","AVR","R","E","R","MIM","R","M","E","?","M","R","BOSS","R","$","E","BOSS"],"build_version":"2020-11-30","purchased_purges":3,"victory":true,"max_hp_per_floor":[75,75,75,75,75,75,75,75,75,75,75,75,75,75,75,75,72,72,72,72,72,72,72,72,72,72,72,72,72,72,72,72,72,68,68,68,68,68,68,68,69,69,71,71,74,78,78,83,83,83,83,83,83,99,99],"card_choices":[{"not_picked":["aspiration:Polymerization","BasicCrystalCard"],"picked":"StuffTheSpire:Coldhearted","floor":0},{"not_picked":["Steam Power","StuffTheSpire:GlassShard"],"picked":"StuffTheSpire:Plugnplay","floor":1},{"not_picked":["Turbo","Conserve Battery","Rebound"],"picked":"Storm","floor":5},{"not_picked":["Auto Shields","Sunder","Steam"],"picked":"Cold Snap","floor":6},{"not_picked":["StuffTheSpire:GlassShard","Barrage","Coolheaded"],"picked":"conspire:SharedLibrary","floor":7},{"not_picked":["Force Field","StuffTheSpire:CleanHardDrive","Beam Cell"],"picked":"Redo","floor":9},{"not_picked":["ReplaySort","Undo","Cold Snap"],"picked":"MostiFishMod:ATRI","floor":10},{"not_picked":["Reprogram","Rebound","BasicCrystalCard"],"picked":"Aggregate","floor":11},{"not_picked":["StuffTheSpire:LaunchingStrike","ReplayTheSpireMod:Omega Cannon","MostiFishMod:Culaccino"],"picked":"MostiFishMod:FluxCapactior","floor":16},{"not_picked":["Double Energy","Hologram","Beam Cell"],"picked":"Auto Shields","floor":18},{"not_picked":["ReplayGash+1","MostiFishMod:InterfaceCompatibility","StuffTheSpire:Plugnplay"],"picked":"Fusion","floor":21},{"not_picked":["Conserve Battery","conspire:Rain","Leap"],"picked":"Cold Snap","floor":22},{"not_picked":["ReplayRNGCard","Redo","ReplayTheSpireMod:GoodbyeWorld"],"picked":"FIFO Queue","floor":23},{"not_picked":[],"picked":"Ball Lightning","floor":25},{"not_picked":[],"picked":"Go for the Eyes","floor":25},{"not_picked":[],"picked":"Conserve Battery","floor":25},{"not_picked":[],"picked":"StuffTheSpire:Plugnplay","floor":25},{"not_picked":[],"picked":"Heatsinks","floor":25},{"not_picked":[],"picked":"Replay:Bootleg Shield Generator","floor":25},{"not_picked":["MostiFishMod:ElfcollectionBox"],"picked":"SKIP","floor":25},{"not_picked":["hubris:ReadiedAction","Shrug It Off","Cleave"],"picked":"Dual Wield","floor":27},{"not_picked":["Streamline+1","Leap","hubris:Ukulele"],"picked":"Self Repair","floor":27},{"not_picked":["Dodge and Roll","StuffTheSpire:Sprint+1","Slice"],"picked":"StuffTheSpire:Python","floor":28},{"not_picked":["Turbo","Rip and Tear","Conserve Battery"],"picked":"StuffTheSpire:Synthwave","floor":28},{"not_picked":["Unload","Dagger Spray","Quick Slash"],"picked":"Slice","floor":29},{"not_picked":["ReplaySolidLightProjector","ReplayTheSpireMod:Repulse","Fusion"],"picked":"ReplayTheSpireMod:Calculation Training","floor":29},{"not_picked":["Headbutt","Iron Wave","Cleave"],"picked":"Demon Form","floor":31},{"not_picked":["Doom and Gloom","Turbo","Tempest"],"picked":"StuffTheSpire:Plugnplay","floor":31},{"not_picked":["Establishment","MostiFishMod:ScryFuture","MostiFishMod:OutWit"],"picked":"Ragnarok","floor":33},{"not_picked":["MostiFishMod:Overload","MostiFishMod:Tomorrow","MostiFishMod:FourSeasons"],"picked":"MostiFishMod:ATRI","floor":33},{"not_picked":["StuffTheSpire:LoadUp","Cold Snap+1","Multi-Cast"],"picked":"Pulse+1","floor":35},{"not_picked":["SuicideKing","Blind","Replay:BasicMightCard"],"picked":"Replay:Dark Deal","floor":36},{"not_picked":["Replay:Bootleg Shield Generator","Impatience","Madness"],"picked":"Bandage Up","floor":36},{"not_picked":["DemoMod:Deposit","ChaosCard","Replay:Parry"],"picked":"Swift Strike","floor":36},{"not_picked":["ReplaySolidLightProjector","BasicCrystalCard","Sweeping Beam"],"picked":"Static Discharge+1","floor":37},{"not_picked":["infinitespire:Punishment","infinitespire:DeathsTouch"],"picked":"infinitespire:UltimateForm","floor":38},{"not_picked":["Panic Button","FIFO Queue","StuffTheSpire:Coldhearted"],"picked":"Crystallizer+1","floor":41},{"not_picked":["Gash","StuffTheSpire:GlassShard","BasicCrystalCard"],"picked":"Redo+1","floor":43},{"not_picked":["Fusion+1","Barrage","Panic Button"],"picked":"StuffTheSpire:Synthwave","floor":45},{"not_picked":["MostiFishMod:ReprogramOld","Turbo","Rebound"],"picked":"Fusion","floor":46},{"not_picked":["Hologram","MostiFishMod:ReprogramOld","Gash"],"picked":"Ball Lightning+1","floor":48},{"not_picked":["Gash+1","StuffTheSpire:Plugnplay+1","Stack"],"picked":"FIFO Queue","floor":54}],"player_experience":1589032,"relics_obtained":[{"floor":1,"key":"Question Card"},{"floor":6,"key":"halation:KoshaPiece"},{"floor":10,"key":"trackpad:ByrdCharm"},{"floor":16,"key":"ImportantClient"},{"floor":22,"key":"wanderingMiniBosses:MasterThiefsPresence"},{"floor":23,"key":"Geode"},{"floor":25,"key":"Bottled Lightning"},{"floor":25,"key":"qcfpunch:School_Backpack"},{"floor":25,"key":"Raider\u0027s Mask"},{"floor":25,"key":"StuffTheSpire:Mouthbags"},{"floor":25,"key":"Bird Faced Urn"},{"floor":25,"key":"Chemical X"},{"floor":26,"key":"ImprovedEquipment"},{"floor":27,"key":"MagicDraw1"},{"floor":31,"key":"hubris:SphereOfDissonance"},{"floor":31,"key":"qcfpunch:Chain_With_Nametags"},{"floor":41,"key":"DianDianMeat"},{"floor":43,"key":"infinitespire:Joker Card"},{"floor":43,"key":"BionicSphere"},{"floor":46,"key":"conspire:DeflatedDodgeball"},{"floor":54,"key":"Pear"}],"event_choices":[{"damage_healed":0,"gold_gain":0,"player_choice":"Upgraded","damage_taken":0,"max_hp_gain":0,"max_hp_loss":0,"event_name":"Upgrade Shrine","floor":20,"gold_loss":0,"cards_upgraded":["Storm"]},{"damage_healed":0,"gold_gain":0,"player_choice":"Memory 3","damage_taken":10,"max_hp_gain":0,"max_hp_loss":0,"event_name":"SensoryStone","floor":36,"gold_loss":0},{"damage_healed":0,"gold_gain":0,"player_choice":"RE RE ","damage_taken":39,"relics_obtained":["halation:PrussianBluePaint","qcfpunch:Broken_Tusk"],"max_hp_gain":0,"max_hp_loss":0,"event_name":"betterSkull:BetterSkull","floor":47,"gold_loss":0,"cards_upgraded":[]}],"is_beta":false,"boss_relics":[{"not_picked":["ExusiaiGun","halation:CatFaceCupcake"],"picked":"trackpad:NeutrinoGenerator"},{"not_picked":[]},{"not_picked":["RhineSuit","aspiration:SilentSkillbook"],"picked":"GreenFoldingFan"},{"not_picked":[]}],"items_purged_floors":[19,25,25],"is_endless":false,"potions_floor_spawned":[5,11,16,21,22,27,35,41,46,48],"ascension_level":12}}