{"host":"d6jq5n191gimxfx1","time":1607625347,"event":{"mods":["BaseMod","StSLib","Hermit","AchievementEnabler","DeckTracker","Minty Spire (QoL Compilation)","Random Character Button","Rare Cards Sparkle"],"gold_per_floor":[16,16,16,29,29,29,45,45,72,84,114,126,138,167,179,290,302,331,343,366,395,427,466,577,601,686,710,316,316,316],"floor_reached":29,"playtime":1032,"items_purged":["Survivor"],"score":402,"play_id":"63816283-ffc0-436f-ac1f-d66326809464","local_time":"20201210193547","is_ascension_mode":true,"campfire_choices":[{"data":"Strike_G","floor":6,"key":"PURGE"},{"data":"A Thousand Cuts","floor":8,"key":"SMITH"},{"data":"Defend_G","floor":10,"key":"PURGE"},{"data":"Dodge and Roll","floor":12,"key":"SMITH"},{"data":"Blade Dance","floor":15,"key":"SMITH"}],"circlet_count":0,"master_deck":["Strike_G+1","Strike_G+1","Strike_G+1","Strike_G+1","Defend_G+1","Defend_G+1","Defend_G+1","Neutralize+1","PiercingWail","Blade Dance+1","A Thousand Cuts+1","Dodge and Roll+1","Backstab","Bullet Time","Cloak And Dagger+1","Caltrops","Footwork"],"relics":["Ring of the Serpent","Peace Pipe","MawBank","Omamori","Paper Crane","Bottled Lightning"],"acts_visited":["Exordium","TheCity"],"potions_floor_usage":[16,21,22,23,29,29,29],"damage_taken":[{"damage":1,"enemies":"Small Slimes","floor":1,"turns":5},{"damage":3,"enemies":"Cultist","floor":4,"turns":4},{"damage":0,"enemies":"Jaw Worm","floor":7,"turns":4},{"damage":0,"enemies":"2 Fungi Beasts","floor":11,"turns":3},{"damage":3,"enemies":"Looter","floor":14,"turns":4},{"damage":0,"enemies":"Slime Boss","floor":16,"turns":7},{"damage":0,"enemies":"Spheric Guardian","floor":18,"turns":3},{"damage":0,"enemies":"3 Byrds","floor":20,"turns":4},{"damage":0,"enemies":"3 Cultists","floor":21,"turns":3},{"damage":20,"enemies":"Shelled Parasite and Fungi","floor":22,"turns":4},{"damage":11,"enemies":"Gremlin Leader","floor":23,"turns":4},{"damage":10,"enemies":"Snecko","floor":25,"turns":4},{"damage":17,"enemies":"Centurion and Healer","floor":27,"turns":5},{"damage":14,"enemies":"Snake Plant","floor":29,"turns":1}],"seed_played":"-3363058456354491783","potions_obtained":[{"floor":4,"key":"DistilledChaos"},{"floor":7,"key":"SpeedPotion"},{"floor":14,"key":"ColorlessPotion"},{"floor":21,"key":"LiquidBronze"},{"floor":27,"key":"EntropicBrew"}],"is_trial":false,"path_per_floor":["M","?","$","M","$","R","M","R","T","R","M","R","?","M","R","B",null,"M","?","M","M","M","E","?","M","T","M","$","M"],"character_chosen":"THE_SILENT","items_purchased":["Bottled Lightning","Footwork"],"campfire_rested":0,"item_purchase_floors":[28,28],"current_hp_per_floor":[62,62,62,59,59,59,59,59,59,59,59,59,52,49,49,49,65,65,65,65,65,45,34,34,24,24,7,7,0,0],"gold":316,"neow_bonus":"ONE_RARE_RELIC","is_daily":false,"chose_seed":false,"campfire_upgraded":3,"win_rate":0,"timestamp":1607625347,"path_taken":["M","?","?","?","$","R","M","R","T","R","M","R","?","M","R","BOSS","M","?","M","M","M","E","?","M","T","M","$","?"],"build_version":"2020-11-30","purchased_purges":1,"victory":false,"max_hp_per_floor":[70,70,70,70,70,70,70,70,70,70,70,70,70,70,70,70,70,70,70,70,70,70,70,70,70,70,70,70,70,70],"card_choices":[{"not_picked":["Acrobatics","Quick Slash"],"picked":"PiercingWail","floor":1},{"not_picked":["Finisher","Concentrate"],"picked":"Blade Dance","floor":4},{"not_picked":["Poisoned Stab","Leg Sweep"],"picked":"A Thousand Cuts","floor":7},{"not_picked":["Sucker Punch","Acrobatics"],"picked":"Dodge and Roll","floor":11},{"not_picked":["Flying Knee","PiercingWail"],"picked":"Backstab","floor":14},{"not_picked":["Die Die Die","Unload"],"picked":"Bullet Time","floor":16},{"not_picked":["Sucker Punch","Flechettes","Predator"],"picked":"SKIP","floor":18},{"not_picked":["Dagger Spray","Dagger Throw","Outmaneuver"],"picked":"SKIP","floor":20},{"not_picked":["Deflect","Dodge and Roll","Underhanded Strike"],"picked":"SKIP","floor":21},{"not_picked":["Well Laid Plans","Sucker Punch","Flying Knee"],"picked":"SKIP","floor":22},{"not_picked":["Catalyst","Poisoned Stab"],"picked":"Cloak And Dagger+1","floor":23},{"not_picked":["Sucker Punch+1","Venomology","PiercingWail"],"picked":"SKIP","floor":25},{"not_picked":["Poisoned Stab","All Out Attack"],"picked":"Caltrops","floor":27}],"player_experience":572046,"relics_obtained":[{"floor":9,"key":"MawBank"},{"floor":23,"key":"Omamori"},{"floor":26,"key":"Paper Crane"}],"event_choices":[{"damage_healed":0,"gold_gain":0,"player_choice":"Forge","damage_taken":0,"max_hp_gain":0,"max_hp_loss":0,"event_name":"Accursed Blacksmith","floor":2,"gold_loss":0,"cards_upgraded":["Neutralize"]},{"cards_removed":["Defend_G"],"damage_healed":0,"gold_gain":0,"player_choice":"Card Removal","damage_taken":7,"max_hp_gain":0,"max_hp_loss":0,"event_name":"Golden Wing","floor":13,"gold_loss":0},{"damage_healed":0,"gold_gain":0,"player_choice":"Simplicity","damage_taken":0,"max_hp_gain":0,"max_hp_loss":0,"event_name":"Back to Basics","floor":19,"gold_loss":0,"cards_upgraded":["Strike_G","Strike_G","Strike_G","Strike_G","Defend_G","Defend_G","Defend_G"]},{"damage_healed":0,"gold_gain":99,"player_choice":"Stole From Cult","damage_taken":0,"max_hp_gain":0,"max_hp_loss":0,"event_name":"Nest","floor":24,"gold_loss":0}],"is_beta":false,"boss_relics":[{"not_picked":["Tiny House","Runic Dome"],"picked":"Ring of the Serpent"}],"items_purged_floors":[28],"is_endless":false,"potions_floor_spawned":[4,7,14,21,27],"killed_by":"Snake Plant","ascension_level":8}}