{"host":"mvlqq966zh3ccmv5","time":1607593780,"event":{"gold_per_floor":[117,192,192,203,203,203,183,183,251,284,295,309,309,234,234,329,329,329],"floor_reached":17,"playtime":209,"items_purged":["Strike_R"],"score":161,"play_id":"49e31675-1ad3-4589-8163-86d66c041dcb","local_time":"20201210184940","is_ascension_mode":true,"campfire_choices":[{"data":"Searing Blow","floor":6,"key":"SMITH"},{"data":"Searing Blow+1","floor":8,"key":"SMITH"},{"data":"Searing Blow+2","floor":13,"key":"SMITH"},{"data":"Searing Blow+3","floor":15,"key":"SMITH"}],"neow_cost":"NONE","seed_source_timestamp":16485168925000,"circlet_count":0,"master_deck":["Bash","Searing Blow+4","Warcry","Bloodletting","Corruption","Feel No Pain","Demon Form","Rage","Infernal Blade","Fire Breathing","Thunderclap","Dual Wield","Evolve"],"relics":["Runic Pyramid","Pandora\u0027s Box"],"potions_floor_usage":[10],"damage_taken":[{"damage":2,"enemies":"2 Louse","floor":1,"turns":3},{"damage":0,"enemies":"Small Slimes","floor":4,"turns":3},{"damage":14,"enemies":"Gremlin Nob","floor":10,"turns":3},{"damage":1,"enemies":"Cultist","floor":11,"turns":3},{"damage":1,"enemies":"Exordium Thugs","floor":12,"turns":3},{"damage":14,"enemies":"Slime Boss","floor":16,"turns":7}],"seed_played":"459155959285735146","potions_obtained":[{"floor":4,"key":"DuplicationPotion"},{"floor":7,"key":"FairyPotion"},{"floor":11,"key":"LiquidBronze"}],"is_trial":false,"path_per_floor":["M","?","?","M","?","R","?","R","T","E","M","M","R","$","R","B",null],"character_chosen":"IRONCLAD","items_purchased":[],"campfire_rested":0,"item_purchase_floors":[],"current_hp_per_floor":[78,67,51,51,51,51,51,51,51,37,36,35,35,35,35,21,80,80],"gold":329,"neow_bonus":"BOSS_RELIC","is_prod":false,"is_daily":false,"chose_seed":false,"campfire_upgraded":4,"win_rate":0,"timestamp":1607593780,"path_taken":["M","?","?","M","?","R","?","R","T","E","M","?","R","?","R","BOSS"],"build_version":"2020-11-30","purchased_purges":1,"victory":false,"max_hp_per_floor":[80,80,80,80,80,80,80,80,80,80,80,80,80,80,80,80,80,80],"card_choices":[{"not_picked":["Headbutt","Clothesline"],"picked":"Searing Blow","floor":1},{"not_picked":["Inflame","Rampage"],"picked":"Warcry","floor":4},{"not_picked":["Uppercut","Clothesline"],"picked":"Bloodletting","floor":10},{"not_picked":["Headbutt","Havoc","Warcry"],"picked":"SKIP","floor":11},{"not_picked":["Clash","Body Slam","Heavy Blade"],"picked":"SKIP","floor":12},{"not_picked":["Juggernaut","Bludgeon"],"picked":"Corruption","floor":16}],"player_experience":188000,"relics_obtained":[],"event_choices":[{"damage_healed":0,"gold_gain":75,"player_choice":"Gather Gold","damage_taken":11,"max_hp_gain":0,"max_hp_loss":0,"event_name":"World of Goop","floor":2,"gold_loss":0},{"damage_healed":0,"gold_gain":0,"player_choice":"Entered Light","damage_taken":16,"max_hp_gain":0,"max_hp_loss":0,"event_name":"Shining Light","floor":3,"gold_loss":0,"cards_upgraded":["Strike_R","Strike_R"]},{"damage_healed":0,"gold_gain":0,"player_choice":"Ignored","damage_taken":0,"max_hp_gain":0,"max_hp_loss":0,"event_name":"Golden Idol","floor":5,"gold_loss":0},{"damage_healed":0,"gold_gain":0,"player_choice":"Bought 1 Potion","damage_taken":0,"max_hp_gain":0,"max_hp_loss":0,"event_name":"The Woman in Blue","floor":7,"gold_loss":0}],"is_beta":false,"boss_relics":[{"not_picked":["Mark of Pain","Runic Cube"],"picked":"Pandora\u0027s Box"}],"items_purged_floors":[14],"is_endless":false,"potions_floor_spawned":[4,11],"ascension_level":1}}