{"host":"x1qj4d8ympd5jdqh","time":1607601187,"event":{"gold_per_floor":[117,117,67,81,81,81,97,97,179,204,242,242,263,288,288,412,412,433,433,449,399,418,418,432,456,456,456,456],"floor_reached":27,"playtime":971,"items_purged":[],"score":278,"play_id":"ab677f42-61e4-49a1-a28a-bade8a33a116","local_time":"20201210205307","is_ascension_mode":true,"campfire_choices":[{"data":"MasterSpark","floor":6.0,"key":"SMITH"},{"data":"MilkyWay","floor":8.0,"key":"SMITH"},{"data":"OneTimeOff","floor":12.0,"key":"SMITH"},{"data":"UpSweep","floor":15.0,"key":"SMITH"},{"data":"SuperNova","floor":23.0,"key":"SMITH"}],"neow_cost":"TEN_PERCENT_HP_LOSS","seed_source_timestamp":4356697039300,"circlet_count":0,"master_deck":["Strike_MRS+1","Defend_MRS+1","Defend_MRS+1","Defend_MRS+1","Defend_MRS+1","MasterSpark+1","UpSweep+1","MilkyWay+1","EarthLightRay","OneTimeOff+1","NonDirectionalLaser","SporeBomb","SuperNova+1","IllusionStar","Orbital+1","WitchLeyline+1"],"special_seed":0,"relics":["MiniHakkero","Golden Idol","BreadOfAWashokuLover","Cursed Key"],"potions_floor_usage":[],"damage_taken":[{"damage":1.0,"enemies":"2 Louse","floor":1.0,"turns":3.0},{"damage":0.0,"enemies":"Jaw Worm","floor":4.0,"turns":3.0},{"damage":0.0,"enemies":"Small Slimes","floor":7.0,"turns":3.0},{"damage":8.0,"enemies":"2 Fungi Beasts","floor":10.0,"turns":5.0},{"damage":10.0,"enemies":"3 Sentries","floor":11.0,"turns":4.0},{"damage":0.0,"enemies":"Exordium Wildlife","floor":13.0,"turns":3.0},{"damage":0.0,"enemies":"Gremlin Gang","floor":14.0,"turns":3.0},{"damage":5.0,"enemies":"The Guardian","floor":16.0,"turns":7.0},{"damage":14.0,"enemies":"Spheric Guardian","floor":18.0,"turns":4.0},{"damage":0.0,"enemies":"Shell Parasite","floor":20.0,"turns":5.0},{"damage":14.0,"enemies":"Snecko","floor":22.0,"turns":5.0},{"damage":5.0,"enemies":"Cultist and Chosen","floor":24.0,"turns":5.0},{"damage":33.0,"enemies":"Centurion and Healer","floor":25.0,"turns":4.0},{"damage":42,"enemies":"Slavers","floor":27,"turns":2}],"seed_played":"-1908695387696010829","potions_obtained":[{"floor":1.0,"key":"Fruit Juice"},{"floor":7.0,"key":"Strength Potion"},{"floor":14.0,"key":"PowerPotion"},{"floor":20.0,"key":"Explosive Potion"},{"floor":25.0,"key":"SneckoOil"}],"is_trial":false,"path_per_floor":["M","?","?","M","?","R","M","R","T","M","E","R","M","M","R","B",null,"M","?","M","$","M","R","M","M","T","E"],"character_chosen":"MARISA","items_purchased":["IllusionStar"],"campfire_rested":0,"item_purchase_floors":[21],"current_hp_per_floor":[67,50,50,50,50,50,54,54,54,50,44,44,48,57,57,56,73,59,59,63,63,55,55,57,32,32,0,0],"gold":456,"neow_bonus":"REMOVE_TWO","is_prod":false,"is_daily":false,"chose_seed":false,"campfire_upgraded":5,"win_rate":0,"timestamp":1607601187,"path_taken":["M","?","?","M","?","R","M","R","T","M","E","R","M","M","R","BOSS","M","?","M","$","M","R","M","M","T","E"],"build_version":"2020-11-30","purchased_purges":0,"victory":false,"max_hp_per_floor":[68,68,68,68,68,68,68,68,68,68,68,68,68,73,73,73,73,73,73,73,73,73,73,73,73,73,73,73],"card_choices":[{"not_picked":["IllusionStar","ChargingUp"],"picked":"MilkyWay","floor":1.0},{"not_picked":["6A","DC"],"picked":"EarthLightRay","floor":4.0},{"not_picked":["GrandCross","IllusionStar"],"picked":"OneTimeOff","floor":7.0},{"not_picked":["UnstableBomb","GasGiant"],"picked":"NonDirectionalLaser","floor":10.0},{"not_picked":["DoubleSpark","DC","GravityBeat"],"picked":"SKIP","floor":11.0},{"not_picked":["DoubleSpark","DC","GravityBeat"],"picked":"SKIP","floor":11.0},{"not_picked":["OrrerysSun","StarBarrage","6A"],"picked":"SKIP","floor":13.0},{"not_picked":["Orbital","DragonMeteor"],"picked":"SporeBomb","floor":14.0},{"not_picked":["MaximisePower","FinalSpark"],"picked":"SuperNova","floor":16.0},{"not_picked":["6A","UnstableBomb","DarkMatter+1"],"picked":"SKIP","floor":18.0},{"not_picked":["DoubleSpark+1","6A","MysteriousBeam+1"],"picked":"SKIP","floor":20.0},{"not_picked":["6A","ShootingEcho","DoubleSpark+1"],"picked":"SKIP","floor":22.0},{"not_picked":["OpenUniverse","LuminesStrike"],"picked":"Orbital+1","floor":24.0},{"not_picked":["GrandCross","GravityBeat+1"],"picked":"WitchLeyline+1","floor":25.0}],"player_experience":1296598,"relics_obtained":[{"floor":11.0,"key":"BreadOfAWashokuLover"}],"event_choices":[{"damage_healed":0.0,"max_hp_gain":0.0,"max_hp_loss":0.0,"gold_gain":0.0,"event_name":"Golden Idol","player_choice":"Take Damage","floor":2.0,"gold_loss":0.0,"damage_taken":17.0,"relics_obtained":["Golden Idol"]},{"cards_removed":["Strike_MRS"],"damage_healed":0.0,"max_hp_gain":0.0,"max_hp_loss":0.0,"gold_gain":0.0,"event_name":"The Cleric","player_choice":"Card Removal","floor":3.0,"gold_loss":50.0,"damage_taken":0.0},{"damage_healed":0.0,"max_hp_gain":0.0,"max_hp_loss":0.0,"gold_gain":0.0,"event_name":"Liars Game","player_choice":"Ignored","floor":5.0,"gold_loss":0.0,"damage_taken":0.0},{"damage_healed":0.0,"max_hp_gain":0.0,"max_hp_loss":0.0,"gold_gain":0.0,"event_name":"Back to Basics","player_choice":"Simplicity","floor":19.0,"gold_loss":0.0,"damage_taken":0.0,"cards_upgraded":["Strike_MRS","Defend_MRS","Defend_MRS","Defend_MRS","Defend_MRS"]}],"is_beta":false,"boss_relics":[{"not_picked":["Snecko Eye","Black Star"],"picked":"Cursed Key"}],"items_purged_floors":[],"is_endless":false,"potions_floor_spawned":[1,7,14,20,25],"killed_by":"Slavers","ascension_level":3}}