{"host":"o5jvvi5yapo90aia","time":1607596672,"event":{"gold_per_floor":[119,119,134,151,171,197,207,238,265,277,289,289,289,319,319,397,397,422,441,491,513,276,276,310,334,334,369,388,438,459,474,474,556,556,573,973,973,973,413,448,448,481,552,590,613,636,666,682,682,687,692,692,692,42,77,87],"floor_reached":57,"playtime":1792,"items_purged":["Strike_P","Strike_P+1"],"score":3847,"play_id":"bba9d9ea-50ec-45cc-954d-e6f31e7d798c","local_time":"20201210183752","is_ascension_mode":true,"campfire_choices":[{"data":"Eruption","floor":13.0,"key":"SMITH"},{"data":"Strike_P","floor":15.0,"key":"PURGE"},{"data":"Strike_P","floor":23,"key":"PURGE"},{"data":"Defend_P","floor":32,"key":"PURGE"},{"floor":49,"key":"RECALL"},{"data":"Defend_P+1","floor":53,"key":"PURGE"}],"neow_cost":"NONE","seed_source_timestamp":371759464335700,"circlet_count":0,"master_deck":["AscendersBane","Defend_P+1","Vigilance+1","Wallop+1","SignatureMove+1","TalkToTheHand+1","Worship+1","LessonLearned+1","InnerPeace+1","MostiFishMod:Speedup+1","Tantrum+1","Pray+1","MostiFishMod:FantasySummer+1"],"special_seed":0,"relics":["testmod-TestBox","FeatherPendant","SacredBark","testmod-FatalChain","Question Card","Bronze Scales","Ancient Tea Set","SynthV:C4","Pen Nib","ImportantClient","SlaversCollar","Calipers","Lizard Tail","Bottled Flame","Art of War","Black Star","Medical Kit","TeardropLocket","BrkXgEgg","Toxic Egg 2","Boot","testmod-LifeArmor","Thread and Needle","ImprovedEquipment","Omamori","testmod-IndustrialRevolution","Torii","Unceasing Top","Shuriken","Eternal Feather","Sundial","testmod-CasingShield"],"potions_floor_usage":[44,46,56],"damage_taken":[{"damage":0.0,"enemies":"Cultist","floor":1.0,"turns":2.0},{"damage":0.0,"enemies":"Jaw Worm","floor":3.0,"turns":1.0},{"damage":0.0,"enemies":"Small Slimes","floor":4.0,"turns":2.0},{"damage":0.0,"enemies":"Gremlin Gang","floor":5.0,"turns":3.0},{"damage":16.0,"enemies":"Gremlin Nob","floor":6.0,"turns":3.0},{"damage":0.0,"enemies":"Large Slime","floor":7.0,"turns":1.0},{"damage":4.0,"enemies":"Lagavulin","floor":8.0,"turns":3.0},{"damage":0.0,"enemies":"Lots of Slimes","floor":10.0,"turns":1.0},{"damage":0.0,"enemies":"Red Slaver","floor":11.0,"turns":3.0},{"damage":0.0,"enemies":"3 Sentries","floor":14.0,"turns":3.0},{"damage":0.0,"enemies":"Slime Boss","floor":16.0,"turns":3.0},{"damage":0.0,"enemies":"Chosen","floor":18.0,"turns":2.0},{"damage":0.0,"enemies":"Spheric Guardian","floor":19.0,"turns":1.0},{"damage":0,"enemies":"Chosen and Byrds","floor":21,"turns":1},{"damage":0,"enemies":"Gremlin Leader","floor":24,"turns":1},{"damage":0,"enemies":"Sentry and Sphere","floor":25,"turns":3},{"damage":0,"enemies":"Slavers","floor":27,"turns":1},{"damage":18,"enemies":"Centurion and Healer","floor":28,"turns":2},{"damage":0,"enemies":"Cultist and Chosen","floor":30,"turns":1},{"damage":0,"enemies":"Snecko","floor":31,"turns":3},{"damage":0,"enemies":"Champ","floor":33,"turns":2},{"damage":0,"enemies":"Orb Walker","floor":35,"turns":2},{"damage":0,"enemies":"Reptomancer","floor":40,"turns":2},{"damage":0,"enemies":"Giant Head","floor":42,"turns":3},{"damage":12,"enemies":"Reptomancer","floor":44,"turns":3},{"damage":0,"enemies":"3 Darklings","floor":45,"turns":1},{"damage":0,"enemies":"Transient","floor":46,"turns":4},{"damage":0,"enemies":"Giant Head","floor":47,"turns":3},{"damage":0,"enemies":"Maw","floor":48,"turns":3},{"damage":0,"enemies":"Time Eater","floor":50,"turns":3},{"damage":0,"enemies":"Awakened One","floor":51,"turns":4},{"damage":0,"enemies":"Shield and Spear","floor":55,"turns":1},{"damage":6,"enemies":"The Heart","floor":56,"turns":6}],"seed_played":"2354500387343655059","potions_obtained":[{"floor":3.0,"key":"Block Potion"},{"floor":5.0,"key":"SpeedPotion"},{"floor":44,"key":"ColorlessPotion"}],"is_trial":false,"path_per_floor":["M","?","M","M","M","E","M","E","T","M","M","?","R","E","R","B",null,"M","M","?","M","$","R","E","M","T","E","M","?","M","M","R","B",null,"M","?","?","?","$","E","?","E","T","E","M","M","E","M","R","B","B",null,"R","$","E","B",null],"character_chosen":"WATCHER","items_purchased":["Calipers","InnerPeace","Medical Kit","TeardropLocket","BrkXgEgg","Shuriken","MostiFishMod:FantasySummer+1","Eternal Feather","ColorlessPotion"],"campfire_rested":0,"item_purchase_floors":[22,22,39,39,39,54,54,54,54],"current_hp_per_floor":[61,61,63,65,67,52,54,52,52,54,56,45,45,47,47,47,63,63,63,57,57,57,57,59,61,61,63,47,47,49,51,51,53,64,66,66,66,66,66,68,65,65,65,53,55,57,59,61,61,63,65,65,65,65,65,59],"gold":87,"neow_bonus":"BOSS_RELIC","is_prod":false,"is_daily":false,"chose_seed":false,"campfire_upgraded":1,"win_rate":0,"timestamp":1607596672,"path_taken":["M","?","M","?","M","E","M","E","T","M","?","?","R","E","R","BOSS","M","M","?","?","$","R","E","M","T","E","M","?","M","?","R","BOSS","M","?","?","?","$","E","?","E","T","E","M","M","E","M","R","BOSS","BOSS","R","$","E","BOSS"],"build_version":"2020-11-30","purchased_purges":2,"victory":true,"max_hp_per_floor":[68,68,68,68,68,68,68,68,68,68,68,68,68,68,68,68,68,68,68,68,68,68,68,68,68,68,68,68,68,68,68,68,68,68,68,68,68,68,68,68,65,65,65,65,65,65,65,65,65,65,65,65,65,65,65,65],"card_choices":[{"not_picked":["Consecrate","Perseverance","CutThroughFate"],"picked":"SKIP","floor":1.0},{"not_picked":["EmptyBody","PathToVictory","Prostrate"],"picked":"Wallop","floor":3.0},{"not_picked":["EmptyBody","Crescendo","Perseverance","EmptyFist"],"picked":"SKIP","floor":4.0},{"not_picked":["Perseverance","SignatureMove","Consecrate","ClearTheMind"],"picked":"SKIP","floor":5.0},{"not_picked":["Perseverance","Consecrate","ClearTheMind"],"picked":"SignatureMove","floor":5.0},{"not_picked":["DeceiveReality","PathToVictory","BowlingBash"],"picked":"TalkToTheHand","floor":6.0},{"not_picked":["CrushJoints","ThirdEye","PathToVictory","FollowUp"],"picked":"SKIP","floor":7.0},{"not_picked":["SignatureMove","JustLucky","MostiFishMod:Pointsdynamics","MostiFishMod:StarWish"],"picked":"SKIP","floor":8.0},{"not_picked":["FollowUp","FlyingSleeves","BattleHymn","EmptyFist"],"picked":"SKIP","floor":10.0},{"not_picked":["CrushJoints","ThirdEye","FearNoEvil"],"picked":"Worship","floor":11.0},{"not_picked":["Prostrate","MostiFishMod:Moonprays","JustLucky","ConjureBlade"],"picked":"SKIP","floor":14.0},{"not_picked":["MostiFishMod:OutWit","MostiFishMod:KamiSmash","ConjureBlade"],"picked":"LessonLearned","floor":16.0},{"not_picked":["CutThroughFate","FearNoEvil+1","PathToVictory","Crescendo"],"picked":"SKIP","floor":18.0},{"not_picked":["JustLucky","SashWhip","Meditate","Consecrate"],"picked":"SKIP","floor":19.0},{"not_picked":["Prostrate","Study","EmptyBody","Collect"],"picked":"SKIP","floor":21},{"not_picked":["Prostrate","FlurryOfBlows","EmptyBody","ClearTheMind"],"picked":"SKIP","floor":24},{"not_picked":["EmptyBody","FlurryOfBlows","Meditate","Evaluate"],"picked":"SKIP","floor":25},{"not_picked":["Alpha","FlurryOfBlows+1","Conclude"],"picked":"MostiFishMod:Speedup","floor":27},{"not_picked":["CutThroughFate","PathToVictory","WheelKick","ClearTheMind"],"picked":"SKIP","floor":28},{"not_picked":["InnerPeace","EmptyFist","CrushJoints","WindmillStrike"],"picked":"SKIP","floor":30},{"not_picked":["ThirdEye+1","Vengeance","Crescendo"],"picked":"Tantrum","floor":31},{"not_picked":["ForeignInfluence+1","Conclude","LikeWater","Prostrate+1"],"picked":"SKIP","floor":35},{"not_picked":["Meditate","Consecrate","Alpha"],"picked":"Pray+1","floor":37},{"not_picked":["TalkToTheHand","CrushJoints","Nirvana","EmptyFist+1"],"picked":"SKIP","floor":40},{"not_picked":["Pray+1","DeceiveReality+1","EmptyBody+1","Worship+1"],"picked":"SKIP","floor":42},{"not_picked":["WaveOfTheHand+1","EmptyBody+1","ThirdEye+1","Alpha+1"],"picked":"SKIP","floor":44},{"not_picked":["ThirdEye+1","FollowUp","BowlingBash+1","ClearTheMind+1"],"picked":"SKIP","floor":45},{"not_picked":["FollowUp","FlurryOfBlows","EmptyFist","EmptyBody+1"],"picked":"SKIP","floor":46},{"not_picked":["Crescendo+1","FlyingSleeves","MostiFishMod:Pointsdynamics+1","ClearTheMind+1"],"picked":"SKIP","floor":47},{"not_picked":["EmptyFist","Conclude","PathToVictory+1","FearNoEvil"],"picked":"SKIP","floor":48},{"not_picked":["Alpha+1","PathToVictory+1","SandsOfTime","Sanctity+1"],"picked":"SKIP","floor":55}],"player_experience":1255804,"relics_obtained":[{"floor":1.0,"key":"Question Card"},{"floor":6.0,"key":"Bronze Scales"},{"floor":8.0,"key":"Ancient Tea Set"},{"floor":14.0,"key":"Pen Nib"},{"floor":16.0,"key":"ImportantClient"},{"floor":24,"key":"Lizard Tail"},{"floor":26,"key":"Bottled Flame"},{"floor":27,"key":"Art of War"},{"floor":40,"key":"Toxic Egg 2"},{"floor":40,"key":"Boot"},{"floor":42,"key":"testmod-LifeArmor"},{"floor":42,"key":"Thread and Needle"},{"floor":43,"key":"ImprovedEquipment"},{"floor":44,"key":"Omamori"},{"floor":44,"key":"testmod-IndustrialRevolution"},{"floor":47,"key":"Torii"},{"floor":47,"key":"Unceasing Top"},{"floor":55,"key":"Sundial"},{"floor":55,"key":"testmod-CasingShield"}],"event_choices":[{"cards_removed":["Defend_P"],"damage_healed":0.0,"max_hp_gain":0.0,"max_hp_loss":0.0,"gold_gain":0.0,"event_name":"Bonfire Elementals","player_choice":"Offered Basic","floor":2.0,"gold_loss":0.0,"damage_taken":0.0},{"damage_healed":0.0,"max_hp_gain":0.0,"max_hp_loss":0.0,"gold_gain":0.0,"event_name":"Scrap Ooze","player_choice":"Success","floor":12.0,"gold_loss":0.0,"damage_taken":11.0,"relics_obtained":["SynthV:C4"]},{"damage_healed":0,"gold_gain":50,"player_choice":"Touch","damage_taken":6,"max_hp_gain":0,"max_hp_loss":0,"event_name":"FaceTrader","floor":20,"gold_loss":0},{"damage_healed":0,"gold_gain":50,"player_choice":"Pray","damage_taken":0,"max_hp_gain":0,"max_hp_loss":0,"event_name":"Golden Shrine","floor":29,"gold_loss":0},{"damage_healed":0,"gold_gain":400,"player_choice":"Sell","damage_taken":0,"max_hp_gain":0,"max_hp_loss":0,"event_name":"恩洛斯的盘子","floor":36,"relics_lost":["DaveBox"],"gold_loss":0},{"damage_healed":0,"gold_gain":0,"player_choice":"Swap Relic","damage_taken":0,"relics_obtained":["Orrery"],"max_hp_gain":0,"max_hp_loss":0,"event_name":"给自己的盒子","floor":37,"relics_lost":["Orrery"],"gold_loss":0},{"cards_removed":["Eruption"],"damage_healed":0,"gold_gain":0,"player_choice":"Removed Attack","damage_taken":0,"max_hp_gain":0,"max_hp_loss":0,"event_name":"Falling","floor":38,"gold_loss":0},{"damage_healed":0,"gold_gain":0,"player_choice":"Max HP","damage_taken":0,"max_hp_gain":0,"max_hp_loss":3,"event_name":"Winding Halls","floor":41,"gold_loss":0}],"is_beta":false,"boss_relics":[{"not_picked":["ShadowXiaoBlade","Jackal-EndForJourney"],"picked":"SlaversCollar"},{"not_picked":["testmod-StringDisintegrator","HaiYi:Twilight"],"picked":"Black Star"}],"items_purged_floors":[22,39],"is_endless":false,"potions_floor_spawned":[3,5,7,8,11,16,18,24,25,28,42,44,45,55],"ascension_level":20}}