{"host":"fr59kc135u003izd","time":1607572104,"event":{"gold_per_floor":[115,129,149,0,15,41,41,55,55,65,80,80,98,108,108,108,108],"floor_reached":16,"playtime":1018,"items_purged":[],"score":108,"play_id":"8763375e-896e-43f3-83bf-60d25b74f297","local_time":"20201209214824","is_ascension_mode":false,"campfire_choices":[{"data":"Enlightenment","floor":7.0,"key":"SMITH"},{"floor":15,"key":"REST"}],"neow_cost":"NONE","seed_source_timestamp":26581729446400,"circlet_count":0,"master_deck":["HollowMod:NailStrikeStart","HollowMod:NailStrikeStart","HollowMod:NailStrikeStart","HollowMod:NailStrikeStart","HollowMod:QuickDashStart","HollowMod:QuickDashStart","HollowMod:QuickDashStart","HollowMod:QuickDashStart","HollowMod:FocusHealStart","HollowMod:PogoStrike","HollowMod:DesolateDive","HollowMod:WraithStrike","Enlightenment+1","HollowMod:WraithStrike","HollowMod:LordofShades","HollowMod:HeavyBlow","HollowMod:CrystalDash","Burn","HollowMod:MantisMark","HollowMod:GreatSlash"],"special_seed":0,"relics":["HollowMod:VesselMask","Letter Opener","Darkstone Periapt"],"potions_floor_usage":[16],"damage_taken":[{"damage":1.0,"enemies":"Cultist","floor":1.0,"turns":3.0},{"damage":2.0,"enemies":"Small Slimes","floor":2.0,"turns":3.0},{"damage":4.0,"enemies":"2 Louse","floor":3.0,"turns":2.0},{"damage":21.0,"enemies":"Large Slime","floor":5.0,"turns":9.0},{"damage":16.0,"enemies":"3 Sentries","floor":6.0,"turns":6.0},{"damage":15.0,"enemies":"Exordium Thugs","floor":8.0,"turns":4.0},{"damage":11.0,"enemies":"3 Louse","floor":10.0,"turns":3.0},{"damage":0.0,"enemies":"Large Slime","floor":11.0,"turns":6.0},{"damage":14.0,"enemies":"2 Fungi Beasts","floor":13.0,"turns":5.0},{"damage":0,"enemies":"Gremlin Gang","floor":14,"turns":5},{"damage":32,"enemies":"HollowMod:FalseKnight","floor":16,"turns":5}],"seed_played":"3529559034141401143","potions_obtained":[{"floor":0.0,"key":"SkillPotion"},{"floor":0.0,"key":"EssenceOfSteel"},{"floor":0.0,"key":"LiquidBronze"},{"floor":1.0,"key":"FearPotion"},{"floor":3.0,"key":"Strength Potion"},{"floor":8.0,"key":"PowerPotion"}],"is_trial":false,"path_per_floor":["M","M","M","?","M","E","R","M","T","M","M","?","M","M","R","B"],"character_chosen":"THE_BUGKNIGHT","items_purchased":[],"campfire_rested":1,"item_purchase_floors":[],"current_hp_per_floor":[74,75,71,77,62,46,46,31,31,20,20,20,6,6,30,0,0],"gold":108,"neow_bonus":"THREE_SMALL_POTIONS","is_prod":false,"is_daily":false,"chose_seed":false,"campfire_upgraded":1,"win_rate":0.0,"timestamp":1607572104,"path_taken":["M","?","M","?","M","E","R","M","T","M","M","?","M","M","R","BOSS"],"build_version":"2020-11-30","purchased_purges":0,"victory":false,"max_hp_per_floor":[75,75,75,81,81,81,81,81,81,81,81,81,81,81,81,81,81],"relic_stats":{"Darkstone Periapt":0,"counters":[11,51],"Letter Opener":[21],"obtain_stats":[{"Darkstone Periapt":9,"HollowMod:VesselMask":0,"Letter Opener":6},{"Darkstone Periapt":6,"HollowMod:VesselMask":0,"Letter Opener":5},{"Darkstone Periapt":27,"HollowMod:VesselMask":0,"Letter Opener":23}]},"card_choices":[{"not_picked":["HollowMod:CornifersMapStart","HollowMod:NewLittleFool"],"picked":"HollowMod:DesolateDive","floor":1.0},{"not_picked":["HollowMod:NewLittleFool","HollowMod:SiblingsSouls"],"picked":"HollowMod:WraithStrike","floor":2.0},{"not_picked":["HollowMod:HowlingWraiths","HollowMod:CornifersMapStart","HollowMod:InfectedCysts"],"picked":"SKIP","floor":3.0},{"not_picked":["HollowMod:NewJinnsSoul","HollowMod:SoulStrike"],"picked":"HollowMod:WraithStrike","floor":5.0},{"not_picked":["HollowMod:PerfectDash","HollowMod:SiblingsSouls"],"picked":"HollowMod:LordofShades","floor":6.0},{"not_picked":["HollowMod:CornifersMapStart","HollowMod:AbyssShriek"],"picked":"HollowMod:HeavyBlow","floor":8.0},{"not_picked":["HollowMod:PureNailStrike","HollowMod:ChannelNail","HollowMod:CloakDash"],"picked":"SKIP","floor":10.0},{"not_picked":["HollowMod:DoubleDash","HollowMod:Grubsong"],"picked":"HollowMod:CrystalDash","floor":11.0},{"not_picked":["HollowMod:NewLittleFool","HollowMod:DesolateDive"],"picked":"HollowMod:MantisMark","floor":13.0},{"not_picked":["HollowMod:InfectedCysts","HollowMod:DashSlash"],"picked":"HollowMod:GreatSlash","floor":14}],"player_experience":159567,"relics_obtained":[{"floor":6.0,"key":"Letter Opener"},{"floor":9.0,"key":"Darkstone Periapt"}],"event_choices":[{"damage_healed":0.0,"max_hp_gain":0.0,"max_hp_loss":0.0,"gold_gain":0.0,"event_name":"betterThird:BetterSerpent","player_choice":"RENOUNCE","floor":4.0,"gold_loss":149.0,"damage_taken":149.0,"cards_obtained":["Enlightenment"]},{"damage_healed":20.0,"max_hp_gain":0.0,"max_hp_loss":81.0,"gold_gain":0.0,"event_name":"betterThird:BetterShining","player_choice":"Embrace Burn","floor":12.0,"gold_loss":0.0,"damage_taken":0.0}],"is_beta":false,"boss_relics":[],"items_purged_floors":[],"is_endless":false,"potions_floor_spawned":[1,3,8],"killed_by":"HollowMod:FalseKnight","ascension_level":0}}