{"host":"u0m9wcerzdqt9t83","time":1607622901,"event":{"mods":["BaseMod","AchievementEnabler","BetterRewards","Minty Spire (QoL Compilation)","Colored Map","DeckTracker","Rare Cards Sparkle","StSLib","Hermit","Shade Mod"],"gold_per_floor":[111,131,147,147,157,490,490,11,11,39,58,58,74,89,89,193,193,205,205,39,59,9,44,44,44,44,79,90,105,115,130,130,130,130],"floor_reached":33,"playtime":2716,"items_purged":[],"score":391,"play_id":"28941302-b76c-400c-a2fb-8bdc69af4337","local_time":"20201210125501","is_ascension_mode":true,"campfire_choices":[{"data":"Accuracy","floor":7.0,"key":"SMITH"},{"floor":15.0,"key":"REST"},{"data":"Infinite Blades","floor":25,"key":"SMITH"},{"floor":32,"key":"REST"}],"circlet_count":0,"master_deck":["Strike_G","Strike_G","Strike_G","Strike_G","Strike_G","Defend_G","Defend_G","Defend_G","Defend_G","Survivor+1","Neutralize","Blade Dance","Footwork","Masterful Stab","Footwork","Accuracy+1","Flying Knee","Blade Dance","Blade Dance","Noxious Fumes","Night Terror","Caltrops","Blade Dance","Masterful Stab","Phantasmal Killer","CurseOfTheBell","Blade Dance","Finisher","Infinite Blades+1","Cloak And Dagger","Backflip","Blur","Cloak And Dagger","Dodge and Roll","Bouncing Flask","Cloak And Dagger","Poisoned Stab","Infinite Blades+1","Outmaneuver+1","Die Die Die","Accuracy","Cloak And Dagger+1","Accuracy+1","PiercingWail+1"],"special_seed":0,"relics":["Ring of the Snake","Turnip","War Paint","Centennial Puzzle","Old Coin","Pear","TwistedFunnel","Incense Burner","Gambling Chip","Calling Bell","Omamori","Mercury Hourglass","Prayer Wheel","Lantern","MealTicket"],"acts_visited":[],"potions_floor_usage":[27,29,31],"damage_taken":[{"damage":0.0,"enemies":"Small Slimes","floor":1.0,"turns":1.0},{"damage":0.0,"enemies":"Cultist","floor":2.0,"turns":4.0},{"damage":0.0,"enemies":"Jaw Worm","floor":3.0,"turns":3.0},{"damage":0.0,"enemies":"Blue Slaver","floor":5.0,"turns":4.0},{"damage":13.0,"enemies":"Lagavulin","floor":6.0,"turns":7.0},{"damage":9.0,"enemies":"3 Sentries","floor":10.0,"turns":6.0},{"damage":8.0,"enemies":"Lots of Slimes","floor":11.0,"turns":2.0},{"damage":0.0,"enemies":"Red Slaver","floor":13.0,"turns":1.0},{"damage":0.0,"enemies":"Large Slime","floor":14.0,"turns":3.0},{"damage":33.0,"enemies":"The Guardian","floor":16.0,"turns":8.0},{"damage":10.0,"enemies":"Chosen","floor":18.0,"turns":2.0},{"damage":5,"enemies":"3 Byrds","floor":21,"turns":3},{"damage":18,"enemies":"Gremlin Leader","floor":23,"turns":4},{"damage":22,"enemies":"Slavers","floor":27,"turns":5},{"damage":2,"enemies":"Snecko","floor":28,"turns":4},{"damage":12,"enemies":"Shelled Parasite and Fungi","floor":29,"turns":3},{"damage":7,"enemies":"Snake Plant","floor":30,"turns":4},{"damage":0,"enemies":"Chosen and Byrds","floor":31,"turns":3},{"damage":64,"enemies":"Collector","floor":33,"turns":5}],"seed_played":"-4046318289784583045","potions_obtained":[{"floor":1.0,"key":"Weak Potion"},{"floor":10.0,"key":"LiquidMemories"},{"floor":11.0,"key":"SpeedPotion"},{"floor":14.0,"key":"LiquidBronze"},{"floor":23,"key":"Regen Potion"},{"floor":27,"key":"Fire Potion"},{"floor":28,"key":"Weak Potion"}],"is_trial":false,"path_per_floor":["M","M","M","?","M","E","R","$","T","E","M","?","M","M","R","B",null,"M","?","$","M","$","E","?","R","T","E","M","M","M","M","R","B"],"character_chosen":"THE_SILENT","items_purchased":["Blade Dance","Footwork","War Paint","Centennial Puzzle","Masterful Stab","Pear","Noxious Fumes","TwistedFunnel","Infinite Blades","Cloak And Dagger","Backflip","Dodge and Roll"],"campfire_rested":2,"item_purchase_floors":[0,0,0,0,0,8,8,8,20,20,20,22],"current_hp_per_floor":[49,49,49,42,42,29,29,39,39,30,22,22,22,22,46,13,80,70,80,80,75,75,57,57,57,57,49,47,35,28,28,52,0,0],"gold":130,"neow_bonus":"","is_daily":false,"chose_seed":false,"campfire_upgraded":2,"win_rate":0,"timestamp":1607622901,"path_taken":["M","M","M","?","M","E","R","?","T","E","?","?","?","M","R","BOSS","M","?","$","?","?","E","?","R","T","E","M","M","M","M","R","BOSS"],"build_version":"2020-11-30","purchased_purges":0,"victory":false,"max_hp_per_floor":[70,70,70,70,70,70,70,80,80,80,80,80,80,80,80,80,80,80,80,80,80,80,80,80,80,80,80,80,80,80,80,80,80,80],"card_choices":[{"not_picked":["Skewer","Poisoned Stab"],"picked":"Footwork","floor":1.0},{"not_picked":["Endless Agony","Deadly Poison"],"picked":"Accuracy","floor":2.0},{"not_picked":["Poisoned Stab","Leg Sweep"],"picked":"Flying Knee","floor":3.0},{"not_picked":["Concentrate","Deflect"],"picked":"Blade Dance","floor":5.0},{"not_picked":["Quick Slash","Riddle With Holes"],"picked":"Blade Dance","floor":6.0},{"not_picked":["Setup","Backflip"],"picked":"Night Terror","floor":10.0},{"not_picked":["Reflex","Quick Slash"],"picked":"Caltrops","floor":11.0},{"not_picked":["Setup","Deflect"],"picked":"Blade Dance","floor":13.0},{"not_picked":["Bane","Reflex"],"picked":"Masterful Stab","floor":14.0},{"not_picked":["Wraith Form v2","Venomology"],"picked":"Phantasmal Killer","floor":16.0},{"not_picked":["Deflect","Eviscerate"],"picked":"Blade Dance","floor":18.0},{"not_picked":["Reflex+1","Quick Slash+1"],"picked":"Finisher","floor":18.0},{"not_picked":["Calculated Gamble","Quick Slash"],"picked":"Blur","floor":21},{"not_picked":["Deflect","Masterful Stab"],"picked":"Cloak And Dagger","floor":21},{"not_picked":["Quick Slash","PiercingWail"],"picked":"Bouncing Flask","floor":23},{"not_picked":["Heel Hook","Caltrops"],"picked":"Cloak And Dagger","floor":27},{"not_picked":["Quick Slash","Acrobatics"],"picked":"Poisoned Stab","floor":28},{"not_picked":["Cloak And Dagger","Leg Sweep"],"picked":"Infinite Blades+1","floor":28},{"not_picked":["Deflect","Flying Knee"],"picked":"Outmaneuver+1","floor":29},{"not_picked":["Skewer+1","Flechettes"],"picked":"Die Die Die","floor":29},{"not_picked":["Acrobatics+1","Quick Slash"],"picked":"Accuracy","floor":30},{"not_picked":["Slice","Deflect"],"picked":"Cloak And Dagger+1","floor":30},{"not_picked":["Leg Sweep+1","Dodge and Roll"],"picked":"Accuracy+1","floor":31},{"not_picked":["Sucker Punch","Heel Hook+1"],"picked":"PiercingWail+1","floor":31}],"player_experience":340965,"relics_obtained":[{"floor":6.0,"key":"Old Coin"},{"floor":9.0,"key":"Incense Burner"},{"floor":10.0,"key":"Gambling Chip"},{"floor":17.0,"key":"Omamori"},{"floor":17.0,"key":"Mercury Hourglass"},{"floor":17.0,"key":"Prayer Wheel"},{"floor":23,"key":"Lantern"},{"floor":27,"key":"MealTicket"}],"event_choices":[{"damage_healed":0.0,"max_hp_gain":0.0,"max_hp_loss":0.0,"gold_gain":0.0,"event_name":"Wheel of Change","player_choice":"Damaged","floor":4.0,"gold_loss":0.0,"damage_taken":7.0},{"cards_removed":["Defend_G"],"damage_healed":0.0,"max_hp_gain":0.0,"max_hp_loss":0.0,"gold_gain":0.0,"event_name":"Bonfire Elementals","player_choice":"Offered Basic","floor":12.0,"gold_loss":0.0,"damage_taken":0.0},{"damage_healed":10.0,"max_hp_gain":0.0,"max_hp_loss":0.0,"gold_gain":0.0,"event_name":"Wheel of Change","player_choice":"Full Heal","floor":19.0,"gold_loss":0.0,"damage_taken":0.0},{"damage_healed":0,"gold_gain":0,"player_choice":"Ignored","damage_taken":0,"max_hp_gain":0,"max_hp_loss":0,"event_name":"Ghosts","floor":24,"gold_loss":0}],"is_beta":false,"boss_relics":[{"not_picked":["Astrolabe","Cursed Key"],"picked":"Calling Bell"}],"items_purged_floors":[],"is_endless":false,"potions_floor_spawned":[1,10,11,14,23,27,28],"killed_by":"Collector","ascension_level":1}}