{"host":"kux12pw67lc1ca9q","time":1607565208,"event":{"gold_per_floor":[11,11,11,28,39,39,39,71,71,71,71],"floor_reached":10,"playtime":467,"items_purged":[],"score":132,"play_id":"20360dc9-e7b4-4c63-b28e-6523e14a330e","local_time":"20201210015328","is_ascension_mode":true,"campfire_choices":[{"data":"infinitespire:Collect","floor":6,"key":"SMITH"}],"neow_cost":"NO_GOLD","seed_source_timestamp":379892911664500,"circlet_count":0,"master_deck":["AscendersBane","Strike_Witch","Strike_Witch","Strike_Witch","Strike_Witch","Defend_Witch","Defend_Witch","Defend_Witch","Defend_Witch","Hexguard","ZombieSpit+1","TrollsBlood","BlackBolt","StuffTheSpire:GnomedCurse","Sickly","infinitespire:Collect+1","SaltCircle","Decrepify","Boline"],"special_seed":0,"relics":["BlackCat","InkBottle","StuffTheSpire:ForceGauntlet"],"potions_floor_usage":[],"damage_taken":[{"damage":5,"enemies":"Jaw Worm","floor":1,"turns":6},{"damage":2,"enemies":"2 Louse","floor":4,"turns":3},{"damage":3,"enemies":"Cultist","floor":5,"turns":5},{"damage":30,"enemies":"Lagavulin","floor":8,"turns":6},{"damage":38,"enemies":"Gremlin Nob","floor":10,"turns":4}],"seed_played":"2201856860489360892","potions_obtained":[],"is_trial":false,"path_per_floor":["M","?","$","M","M","R","?","E","T","E"],"character_chosen":"WITCH","items_purchased":[],"campfire_rested":0,"item_purchase_floors":[],"current_hp_per_floor":[57,57,57,57,56,56,56,28,28,0,0],"gold":71,"neow_bonus":"THREE_RARE_CARDS","is_prod":false,"is_daily":false,"chose_seed":false,"campfire_upgraded":1,"win_rate":0,"timestamp":1607565208,"path_taken":["M","?","$","M","M","R","?","E","T","E"],"build_version":"2020-11-30","purchased_purges":0,"victory":false,"max_hp_per_floor":[63,63,63,63,63,63,63,63,63,63,63],"card_choices":[{"not_picked":["StrangeBrew","EternalThirst"],"picked":"TrollsBlood","floor":0},{"not_picked":["BlackShield","BleedOut"],"picked":"BlackBolt","floor":1},{"not_picked":["Replay:Fractal Strike","infinitespire:FinalStrike"],"picked":"infinitespire:Collect","floor":2},{"not_picked":["Bewitch","KarmaDrain"],"picked":"SaltCircle","floor":4},{"not_picked":["BoneCarving","SaltCircle"],"picked":"Decrepify","floor":5},{"not_picked":["Demonfyre","Puncture"],"picked":"Boline","floor":8}],"player_experience":1325202,"relics_obtained":[{"floor":8,"key":"InkBottle"},{"floor":9,"key":"StuffTheSpire:ForceGauntlet"}],"event_choices":[{"damage_healed":0,"gold_gain":0,"player_choice":"Upgraded","damage_taken":0,"max_hp_gain":0,"max_hp_loss":0,"event_name":"Upgrade Shrine","floor":7,"gold_loss":0,"cards_upgraded":["ZombieSpit"]}],"is_beta":false,"boss_relics":[],"items_purged_floors":[],"is_endless":false,"potions_floor_spawned":[],"killed_by":"Gremlin Nob","ascension_level":20}}