{"host":"5jyeqch4fosnsiz2","time":1607611213,"event":{"mods":["BaseMod","StSLib","Colored Map","Colored Powertips","Minty Spire (QoL Compilation)","Waifu the Spire","Bestiary","Filter the Spire","Relic Stats","ojb\u0027s Better Paths Mod","ojb\u0027s Info Mod"],"gold_per_floor":[110,285,285,296,312,342,342,374,374,402,418,418,436,436,436],"floor_reached":14,"playtime":624,"items_purged":[],"score":121,"play_id":"629871de-f7bb-4de9-b69f-ce0c84cfa7f4","local_time":"20201210094013","is_ascension_mode":true,"campfire_choices":[{"floor":7,"key":"REST"},{"floor":12,"key":"REST"}],"circlet_count":0,"master_deck":["Strike_B","Strike_B","Strike_B","Strike_B","Defend_B","Defend_B","Defend_B","Defend_B","Zap","Dualcast","CurseOfTheBell","Beam Cell","Doubt","Pain","Conserve Battery","Doom and Gloom","Turbo","Fusion","Loop","Skim"],"relics":["Calling Bell","Orichalcum","Symbiotic Virus","Ice Cream","WarpedTongs","Matryoshka","Question Card","Pen Nib","Molten Egg 2","Oddly Smooth Stone"],"acts_visited":["Exordium"],"potions_floor_usage":[11,14],"damage_taken":[{"damage":4,"enemies":"Small Slimes","floor":1,"turns":3},{"damage":7,"enemies":"Cultist","floor":4,"turns":4},{"damage":10,"enemies":"Jaw Worm","floor":5,"turns":2},{"damage":17,"enemies":"3 Sentries","floor":6,"turns":7},{"damage":29,"enemies":"Lagavulin","floor":8,"turns":8},{"damage":8,"enemies":"3 Sentries","floor":10,"turns":6},{"damage":6,"enemies":"2 Fungi Beasts","floor":11,"turns":3},{"damage":21,"enemies":"Exordium Thugs","floor":13,"turns":5},{"damage":18,"enemies":"Gremlin Nob","floor":14,"turns":3}],"seed_played":"-3882138174606427279","potions_obtained":[{"floor":4,"key":"Energy Potion"},{"floor":10,"key":"ColorlessPotion"},{"floor":13,"key":"LiquidMemories"}],"is_trial":false,"path_per_floor":["M","?","?","M","M","E","R","E","T","E","M","R","M","E"],"character_chosen":"DEFECT","items_purchased":[],"campfire_rested":2,"item_purchase_floors":[],"current_hp_per_floor":[71,71,71,64,54,37,59,30,30,22,16,38,17,0,0],"gold":436,"neow_bonus":"BOSS_RELIC","is_daily":false,"chose_seed":false,"campfire_upgraded":0,"win_rate":0,"timestamp":1607611213,"path_taken":["M","?","?","?","M","E","R","E","T","E","M","R","M","E"],"build_version":"2020-11-30","purchased_purges":0,"victory":false,"max_hp_per_floor":[75,75,75,75,75,75,75,75,75,75,75,75,75,75,75],"relic_stats":{"counters":[9,41],"Pen Nib":[2],"Orichalcum":[54],"Question Card":3,"obtain_stats":[{"Calling Bell":0,"Ice Cream":0,"Matryoshka":6,"Oddly Smooth Stone":10,"Molten Egg 2":9,"Pen Nib":9,"Orichalcum":0,"Cracked Core":0,"Symbiotic Virus":0,"Question Card":8,"WarpedTongs":3},{"Calling Bell":0,"Ice Cream":0,"Matryoshka":4,"Oddly Smooth Stone":6,"Molten Egg 2":5,"Pen Nib":5,"Orichalcum":0,"Cracked Core":0,"Symbiotic Virus":0,"Question Card":5,"WarpedTongs":1},{"Calling Bell":0,"Ice Cream":0,"Matryoshka":16,"Oddly Smooth Stone":30,"Molten Egg 2":24,"Pen Nib":24,"Orichalcum":0,"Cracked Core":0,"Symbiotic Virus":0,"Question Card":24,"WarpedTongs":3}],"WarpedTongs":[38]},"card_choices":[{"not_picked":["Stack","Streamline"],"picked":"Beam Cell","floor":1},{"not_picked":["Ball Lightning","Steam"],"picked":"Conserve Battery","floor":4},{"not_picked":["Aggregate","Gash"],"picked":"Doom and Gloom","floor":5},{"not_picked":["Genetic Algorithm","Aggregate"],"picked":"Turbo","floor":6},{"not_picked":["Hologram","Conserve Battery","Compile Driver"],"picked":"SKIP","floor":8},{"not_picked":["Steam Power","Streamline+1","Ball Lightning+1"],"picked":"Fusion","floor":10},{"not_picked":["Undo","Conserve Battery","Glacier"],"picked":"Loop","floor":11},{"not_picked":["Rebound+1","Seek","Conserve Battery"],"picked":"Skim","floor":13}],"player_experience":271336,"relics_obtained":[{"floor":0,"key":"Orichalcum"},{"floor":0,"key":"Symbiotic Virus"},{"floor":0,"key":"Ice Cream"},{"floor":6,"key":"Matryoshka"},{"floor":8,"key":"Question Card"},{"floor":9,"key":"Pen Nib"},{"floor":9,"key":"Molten Egg 2"},{"floor":10,"key":"Oddly Smooth Stone"}],"event_choices":[{"damage_healed":0,"gold_gain":175,"player_choice":"AGREE","damage_taken":0,"max_hp_gain":0,"max_hp_loss":0,"event_name":"Liars Game","floor":2,"gold_loss":0,"cards_obtained":["Doubt"]},{"damage_healed":0,"gold_gain":0,"player_choice":"Rummage","damage_taken":0,"relics_obtained":["WarpedTongs"],"max_hp_gain":0,"max_hp_loss":0,"event_name":"Accursed Blacksmith","floor":3,"gold_loss":0,"cards_obtained":["Pain"]}],"is_beta":false,"boss_relics":[],"items_purged_floors":[],"is_endless":false,"potions_floor_spawned":[4,10,13],"killed_by":"Gremlin Nob","ascension_level":2}}