{"host":"9anmc1688xy4jiyg","time":1607641664,"event":{"mods":["BaseMod","StSLib","AchievementEnabler","Highlight Path","Relic Stats","ojb\u0027s Info Mod","Minty Spire (QoL Compilation)"],"gold_per_floor":[116,136,86,97,110,110,139,139,165,165,192,192,267,281,281,376,376,396,306,306,318,15,43,43,69,69,17,32,46,46,63,63,161,161,173,23,23,35,35,66,43,43,43,73,90,90,121,133,133,133],"floor_reached":51,"playtime":3250,"items_purged":["Strike_G"],"score":1250,"play_id":"16d5973c-e811-4b02-bda8-f95cd202c6ba","local_time":"20201211000744","is_ascension_mode":true,"campfire_choices":[{"data":"Infinite Blades","floor":6.0,"key":"SMITH"},{"data":"Neutralize","floor":8.0,"key":"SMITH"},{"floor":10.0,"key":"REST"},{"floor":15,"key":"REST"},{"floor":24,"key":"REST"},{"floor":32,"key":"REST"},{"data":"1","floor":46,"key":"LIFT"},{"floor":49,"key":"REST"}],"circlet_count":0,"master_deck":["AscendersBane","Strike_G+1","Defend_G","Defend_G","Defend_G","Defend_G","Defend_G","Survivor","Neutralize+1","Die Die Die+1","Blade Dance","Infinite Blades+1","Catalyst+1","Blade Dance","Crippling Poison","Malaise","Deadly Poison","Venomology","Blade Dance+1","Panache","Panacea","Blade Dance","Tools of the Trade","Escape Plan","Deadly Poison+1","Bouncing Flask+1","Footwork+1","Shame","PiercingWail+1","Adrenaline+1","Blade Dance+1","Accuracy","Madness+1","Madness+1","Terror+1","Envenom","PiercingWail+1","Reflex+1","Backflip+1","Cloak And Dagger+1","Dash"],"special_seed":0,"relics":["Ring of the Snake","Snake Skull","Tiny Chest","Bag of Preparation","Black Star","Meat on the Bone","Pear","Mummified Hand","Orichalcum","InkBottle","Toxic Egg 2","Regal Pillow","Philosopher\u0027s Stone","Akabeko","Girya","Strawberry","Whetstone","Kunai","White Beast Statue","Ancient Tea Set","The Courier"],"acts_visited":["Exordium","TheCity","TheBeyond"],"potions_floor_usage":[11,14,18,21,23,25,29,33,33,38,44,45,47,47,50,50],"damage_taken":[{"damage":2.0,"enemies":"2 Louse","floor":1.0,"turns":3.0},{"damage":0.0,"enemies":"Small Slimes","floor":2.0,"turns":1.0},{"damage":3.0,"enemies":"Jaw Worm","floor":4.0,"turns":4.0},{"damage":0.0,"enemies":"Lots of Slimes","floor":5.0,"turns":1.0},{"damage":19.0,"enemies":"3 Sentries","floor":7.0,"turns":7.0},{"damage":11,"enemies":"Lagavulin","floor":11,"turns":6},{"damage":12,"enemies":"Exordium Thugs","floor":14,"turns":3},{"damage":17,"enemies":"The Guardian","floor":16,"turns":10},{"damage":17,"enemies":"Shell Parasite","floor":18,"turns":4},{"damage":14,"enemies":"2 Thieves","floor":21,"turns":3},{"damage":29,"enemies":"Slavers","floor":23,"turns":3},{"damage":22,"enemies":"Book of Stabbing","floor":25,"turns":4},{"damage":2,"enemies":"Snecko","floor":28,"turns":4},{"damage":8,"enemies":"Cultist and Chosen","floor":29,"turns":4},{"damage":12,"enemies":"Shelled Parasite and Fungi","floor":31,"turns":3},{"damage":11,"enemies":"Champ","floor":33,"turns":7},{"damage":23,"enemies":"3 Darklings","floor":35,"turns":5},{"damage":6,"enemies":"3 Shapes","floor":38,"turns":4},{"damage":11,"enemies":"Nemesis","floor":40,"turns":7},{"damage":14,"enemies":"Reptomancer","floor":44,"turns":4},{"damage":10,"enemies":"Sphere and 2 Shapes","floor":45,"turns":4},{"damage":32,"enemies":"Nemesis","floor":47,"turns":5},{"damage":14,"enemies":"Maw","floor":48,"turns":4},{"damage":78,"enemies":"Time Eater","floor":50,"turns":11}],"seed_played":"-7840057360739831081","potions_obtained":[{"floor":1.0,"key":"Block Potion"},{"floor":4.0,"key":"PowerPotion"},{"floor":14,"key":"DistilledChaos"},{"floor":23,"key":"GamblersBrew"},{"floor":28,"key":"LiquidBronze"},{"floor":31,"key":"FairyPotion"},{"floor":40,"key":"SkillPotion"},{"floor":45,"key":"EntropicBrew"},{"floor":48,"key":"Block Potion"}],"is_trial":false,"path_per_floor":["M","M","?","M","M","R","E","R","T","R","E","?","?","M","R","B",null,"M","?","T","M","$","E","R","E","T","$","M","M","?","M","R","B",null,"M","$","?","M","T","E","$","?","T","E","M","R","E","M","R","B",null],"character_chosen":"THE_SILENT","items_purchased":["Panache","Panacea","Blade Dance","Deadly Poison+1","Accuracy","PiercingWail+1"],"campfire_rested":5,"item_purchase_floors":[22,22,22,27,36,41],"current_hp_per_floor":[61,61,61,58,58,58,39,39,39,57,46,39,28,16,34,17,52,35,35,35,33,33,26,47,37,37,37,47,39,39,39,73,62,70,47,47,38,44,44,52,52,52,52,50,52,52,32,30,69,36],"gold":133,"neow_bonus":"THREE_RARE_CARDS","is_daily":false,"chose_seed":false,"campfire_upgraded":2,"win_rate":0,"timestamp":1607641664,"path_taken":["M","M","?","M","M","R","E","R","T","R","E","?","?","M","R","BOSS","M","?","?","M","$","E","R","E","T","$","?","M","?","M","R","BOSS","M","$","?","M","?","E","?","?","T","E","M","R","E","?","R","BOSS"],"build_version":"2020-11-30","purchased_purges":1,"victory":true,"max_hp_per_floor":[63,63,63,63,63,63,63,63,63,63,63,63,63,63,63,63,63,63,63,63,63,63,73,73,73,73,73,73,73,73,73,73,73,73,73,73,73,73,73,80,80,80,80,80,80,80,80,80,80,80],"relic_stats":{"Regal Pillow":28,"counters":[24,111],"Snake Skull":[173],"Bag of Preparation":[36],"Whetstone":["Die Die Die","Strike_G"],"Orichalcum":[132],"Mummified Hand":[62],"Tiny Chest":2,"Black Star":5,"Kunai":[19],"obtain_stats":[{"Girya":40,"Regal Pillow":30,"Pear":23,"Snake Skull":7,"The Courier":47,"Bag of Preparation":11,"Whetstone":43,"Orichalcum":25,"Ancient Tea Set":47,"Akabeko":39,"White Beast Statue":44,"Mummified Hand":23,"Strawberry":40,"Tiny Chest":9,"Philosopher\u0027s Stone":34,"Black Star":17,"Kunai":44,"Toxic Egg 2":26,"InkBottle":25,"Ring of the Snake":0,"Meat on the Bone":20},{"Girya":19,"Regal Pillow":14,"Pear":11,"Snake Skull":5,"The Courier":22,"Bag of Preparation":6,"Whetstone":19,"Orichalcum":12,"Ancient Tea Set":22,"Akabeko":18,"White Beast Statue":20,"Mummified Hand":11,"Strawberry":19,"Tiny Chest":5,"Philosopher\u0027s Stone":16,"Black Star":8,"Kunai":20,"Toxic Egg 2":12,"InkBottle":12,"Ring of the Snake":0,"Meat on the Bone":9},{"Girya":83,"Regal Pillow":57,"Pear":45,"Snake Skull":16,"The Courier":96,"Bag of Preparation":22,"Whetstone":83,"Orichalcum":49,"Ancient Tea Set":96,"Akabeko":76,"White Beast Statue":87,"Mummified Hand":45,"Strawberry":83,"Tiny Chest":16,"Philosopher\u0027s Stone":67,"Black Star":35,"Kunai":87,"Toxic Egg 2":49,"InkBottle":49,"Ring of the Snake":0,"Meat on the Bone":39}],"InkBottle":[43],"Ring of the Snake":[48],"Meat on the Bone":144},"card_choices":[{"not_picked":["Night Terror","Unload"],"picked":"Die Die Die","floor":0.0},{"not_picked":["Eviscerate","Outmaneuver"],"picked":"Blade Dance","floor":1.0},{"not_picked":["Deflect","Concentrate"],"picked":"Infinite Blades","floor":2.0},{"not_picked":["Flechettes","Poisoned Stab"],"picked":"Catalyst","floor":4.0},{"not_picked":["Bane","Dash"],"picked":"Blade Dance","floor":5.0},{"not_picked":["Deadly Poison","Outmaneuver"],"picked":"Crippling Poison","floor":7.0},{"not_picked":["Flechettes","Dash"],"picked":"Malaise","floor":11},{"not_picked":["Well Laid Plans","PiercingWail"],"picked":"Deadly Poison","floor":14},{"not_picked":["Adrenaline","Grand Finale"],"picked":"Venomology","floor":16},{"not_picked":["Setup","Dagger Throw+1"],"picked":"Blade Dance+1","floor":18},{"not_picked":["Masterful Stab","Outmaneuver","Underhanded Strike"],"picked":"SKIP","floor":21},{"not_picked":["Bane","Underhanded Strike+1"],"picked":"Tools of the Trade","floor":23},{"not_picked":["Poisoned Stab","Flying Knee"],"picked":"Escape Plan","floor":25},{"not_picked":["Dagger Spray+1","Backflip+1"],"picked":"Bouncing Flask+1","floor":28},{"not_picked":["Prepared+1","Calculated Gamble+1"],"picked":"Footwork+1","floor":29},{"not_picked":["Flying Knee","Grand Finale"],"picked":"PiercingWail+1","floor":31},{"not_picked":["Venomology+1","Doppelganger+1"],"picked":"Adrenaline+1","floor":33},{"not_picked":["Poisoned Stab","Quick Slash+1"],"picked":"Blade Dance+1","floor":35},{"not_picked":["Blur+1","Infinite Blades+1"],"picked":"Terror+1","floor":38},{"not_picked":["All Out Attack+1","Poisoned Stab+1"],"picked":"Envenom","floor":40},{"not_picked":["Outmaneuver+1","Tactician+1"],"picked":"Reflex+1","floor":44},{"not_picked":["Sucker Punch+1","Calculated Gamble+1"],"picked":"Backflip+1","floor":45},{"not_picked":["Acrobatics+1","Tactician+1"],"picked":"Cloak And Dagger+1","floor":47},{"not_picked":["Backflip+1","Acrobatics+1"],"picked":"Dash","floor":48}],"player_experience":422556,"relics_obtained":[{"floor":7.0,"key":"Snake Skull"},{"floor":9.0,"key":"Tiny Chest"},{"floor":11,"key":"Bag of Preparation"},{"floor":20,"key":"Meat on the Bone"},{"floor":23,"key":"Pear"},{"floor":23,"key":"Mummified Hand"},{"floor":25,"key":"Orichalcum"},{"floor":25,"key":"InkBottle"},{"floor":26,"key":"Toxic Egg 2"},{"floor":39,"key":"Akabeko"},{"floor":40,"key":"Girya"},{"floor":40,"key":"Strawberry"},{"floor":43,"key":"Whetstone"},{"floor":44,"key":"Kunai"},{"floor":44,"key":"White Beast Statue"},{"floor":47,"key":"Ancient Tea Set"},{"floor":47,"key":"The Courier"}],"event_choices":[{"cards_removed":["Strike_G"],"damage_healed":0.0,"max_hp_gain":0.0,"max_hp_loss":0.0,"gold_gain":0.0,"event_name":"The Cleric","player_choice":"Card Removal","floor":3.0,"gold_loss":50.0,"damage_taken":0.0},{"cards_removed":["Strike_G"],"damage_healed":0,"gold_gain":0,"player_choice":"Card Removal","damage_taken":7,"max_hp_gain":0,"max_hp_loss":0,"event_name":"Golden Wing","floor":12,"gold_loss":0},{"damage_healed":0,"gold_gain":75,"player_choice":"Gather Gold","damage_taken":11,"max_hp_gain":0,"max_hp_loss":0,"event_name":"World of Goop","floor":13,"gold_loss":0},{"cards_removed":["Strike_G"],"damage_healed":0,"gold_gain":0,"player_choice":"Upgrade and Remove","damage_taken":0,"max_hp_gain":0,"max_hp_loss":0,"event_name":"Designer","floor":19,"gold_loss":90,"cards_upgraded":["Catalyst"]},{"damage_healed":0,"gold_gain":0,"player_choice":"Stole Relic","damage_taken":0,"relics_obtained":["Regal Pillow"],"max_hp_gain":0,"max_hp_loss":0,"event_name":"Addict","floor":30,"gold_loss":0,"cards_obtained":["Shame"]},{"damage_healed":0,"gold_gain":0,"player_choice":"Embrace Madness","damage_taken":9,"max_hp_gain":0,"max_hp_loss":0,"event_name":"Winding Halls","floor":37,"gold_loss":0,"cards_obtained":["Madness","Madness"]},{"damage_healed":0,"gold_gain":0,"player_choice":"Ignored","damage_taken":0,"max_hp_gain":0,"max_hp_loss":0,"event_name":"SecretPortal","floor":42,"gold_loss":0}],"is_beta":false,"boss_relics":[{"not_picked":["Coffee Dripper","Snecko Eye"],"picked":"Black Star"},{"not_picked":["Ring of the Serpent","Astrolabe"],"picked":"Philosopher\u0027s Stone"}],"items_purged_floors":[36],"is_endless":false,"potions_floor_spawned":[1,4,14,23,28,31,40,44,45,47,48],"ascension_level":11}}