{"host":"kmq7aw60w430zvtx","time":1607608971,"event":{"mods":["BaseMod","StSLib","Downfall","GifTheSpireLib","Replay The Spire","The Jungle","The Necromancer","The Runesmith","Hubris","Minty Spire (QoL Compilation)","Hermit","The Construct","The Cursed","The Hierophant"],"gold_per_floor":[109,125,204,204,216,248,248,274,322,339,357,369,400,410,410,512,512,523,534,552,5,5,5,5,37,64,64,84,84,96,96,96,195,195,212,232,98,149,149,184,37,37,37,65,65,0,27,50,50,62,62],"floor_reached":50,"playtime":2590,"items_purged":["Strike_R","Decay"],"score":697,"play_id":"32ae90fd-2e1f-444b-ace5-19fe0777824d","local_time":"20201210150251","is_ascension_mode":true,"campfire_choices":[{"data":"Anger","floor":7.0,"key":"SMITH"},{"floor":15.0,"key":"RECALL"},{"floor":23.0,"key":"REST"},{"data":"Bludgeon","floor":27,"key":"SMITH"},{"floor":29,"key":"REST"},{"data":"Seeing Red","floor":32,"key":"SMITH"},{"data":"1","floor":42,"key":"LIFT"},{"data":"2","floor":45,"key":"LIFT"},{"data":"3","floor":49,"key":"LIFT"}],"circlet_count":0,"master_deck":["Strike_R","Strike_R","Strike_R","Strike_R","Defend_R","Defend_R","Defend_R","Defend_R","Bash","Anger+1","Clothesline","Armaments","Seeing Red+1","Shockwave","Inflame","Clash","Shockwave","Flex","Warcry","Demonic Infusion","Pommel Strike+1","Armaments","Flex+1","Bludgeon+1","Feel No Pain+1","Battle Trance","Limit Break","Heavy Blade+1","Dropkick","Ghostly Armor","Uppercut+1","Violence","ReplayTheSpireMod:Stacked+1","Warcry+1","Juggernaut","Iron Wave+1"],"special_seed":0,"relics":["Burning Blood","HornCleat","PreservedInsect","Shovel","ReplayTheSpireMod:DimensionalGlitch","CaptainsWheel","Ancient Tea Set","Orichalcum","hubris:ScarierMask","Girya","ReplayTheSpireMod:Spearhead","Lee\u0027s Waffle","Replay:Bandana","Red Mask"],"acts_visited":["TheBeyond"],"potions_floor_usage":[25,33,33,40,50,50],"damage_taken":[{"damage":6.0,"enemies":"Cultist","floor":1.0,"turns":3.0},{"damage":2.0,"enemies":"2 Louse","floor":2.0,"turns":2.0},{"damage":2.0,"enemies":"Small Slimes","floor":5.0,"turns":3.0},{"damage":35.0,"enemies":"Lagavulin","floor":6.0,"turns":6.0},{"damage":40.0,"enemies":"3 Sentries","floor":8.0,"turns":10.0},{"damage":3.0,"enemies":"Looter","floor":10.0,"turns":3.0},{"damage":11.0,"enemies":"Large Slime","floor":11.0,"turns":6.0},{"damage":1.0,"enemies":"Exordium Wildlife","floor":12.0,"turns":2.0},{"damage":8.0,"enemies":"Lagavulin","floor":13.0,"turns":5.0},{"damage":0.0,"enemies":"2 Fungi Beasts","floor":14.0,"turns":4.0},{"damage":35.0,"enemies":"Slime Boss","floor":16.0,"turns":12.0},{"damage":20.0,"enemies":"3 Byrds","floor":18.0,"turns":5.0},{"damage":19.0,"enemies":"Spheric Guardian","floor":19.0,"turns":4.0},{"damage":42.0,"enemies":"Cultist and Chosen","floor":20.0,"turns":8.0},{"damage":22,"enemies":"Gremlin Leader","floor":25,"turns":5},{"damage":9,"enemies":"Centurion and Healer","floor":28,"turns":5},{"damage":0,"enemies":"Sentry and Sphere","floor":30,"turns":4},{"damage":71,"enemies":"hubris:MusketHawk","floor":33,"turns":11},{"damage":14,"enemies":"Orb Walker","floor":35,"turns":4},{"damage":2,"enemies":"3 Shapes","floor":36,"turns":5},{"damage":1,"enemies":"2 Orb Walkers","floor":38,"turns":4},{"damage":44,"enemies":"Reptomancer","floor":40,"turns":3},{"damage":0,"enemies":"Sphere and 2 Shapes","floor":44,"turns":2},{"damage":7,"enemies":"4 Shapes","floor":47,"turns":4},{"damage":24,"enemies":"Maw","floor":48,"turns":7},{"damage":78,"enemies":"hubris:GrandSnecko","floor":50,"turns":7}],"seed_played":"-6177498383711932626","potions_obtained":[{"floor":1.0,"key":"Adrenaline Potion"},{"floor":8.0,"key":"Energy Potion"},{"floor":13.0,"key":"Fire Potion"},{"floor":14.0,"key":"BloodPotion"},{"floor":19.0,"key":"DuplicationPotion"},{"floor":28,"key":"hexamod:EctoCoolerPotion"},{"floor":35,"key":"hexamod:EctoCoolerPotion"},{"floor":40,"key":"Elixir"},{"floor":44,"key":"BlessingOfTheForge"},{"floor":48,"key":"Fire Potion"}],"is_trial":false,"path_per_floor":["M","M","?","?","M","E","R","E","T","M","M","M","E","M","R","B",null,"M","M","M","$","?","R","?","E","T","R","M","R","M","$","R","B",null,"M","M","$","?","?","E","$","R","T","M","R","?","M","M","R","B"],"character_chosen":"IRONCLAD","items_purchased":["CaptainsWheel","Regen Potion","FairyPotion","Ghostly Armor","Lee\u0027s Waffle"],"campfire_rested":2,"item_purchase_floors":[21,21,21,37,41],"current_hp_per_floor":[88,88,88,88,88,59,59,25,25,28,23,28,26,32,32,20,88,71,55,16,16,16,42,42,31,31,31,25,51,54,54,54,6,88,77,78,78,80,80,39,95,95,95,95,95,95,91,70,70,0,0],"gold":62,"neow_bonus":"TEN_PERCENT_HP_BONUS","is_daily":false,"chose_seed":false,"campfire_upgraded":3,"win_rate":0,"timestamp":1607608971,"path_taken":["M","M","?","?","M","E","R","E","T","M","M","M","E","M","R","BOSS","M","M","M","$","?","R","?","E","T","R","M","R","M","$","R","BOSS","M","M","$","?","?","E","$","R","T","M","R","?","?","M","R","BOSS"],"build_version":"2020-11-30","purchased_purges":2,"victory":false,"max_hp_per_floor":[88,88,88,88,88,88,88,88,88,88,88,88,88,88,88,88,88,88,88,88,88,88,88,88,88,88,88,88,88,88,88,88,88,88,88,88,88,88,88,88,95,95,95,95,95,95,95,95,95,95,95],"card_choices":[{"not_picked":["Hemokinesis","Pommel Strike"],"picked":"Anger","floor":1.0},{"not_picked":["Shrug It Off","Twin Strike"],"picked":"Clothesline","floor":2.0},{"not_picked":["Seeing Red","Cleave"],"picked":"Armaments","floor":5.0},{"not_picked":["True Grit","Fire Breathing"],"picked":"Seeing Red","floor":6.0},{"not_picked":["Berserk","Pummel"],"picked":"Shockwave","floor":8.0},{"not_picked":["Clash","Seeing Red"],"picked":"Inflame","floor":10.0},{"not_picked":["Anger","ReplayTheSpireMod:Strike From Hell"],"picked":"Clash","floor":11.0},{"not_picked":["ReplayTheSpireMod:Strike From Hell","hubris:StunningStrike"],"picked":"Shockwave","floor":12.0},{"not_picked":["Power Through","Sword Boomerang"],"picked":"Flex","floor":13.0},{"not_picked":["hubris:ReadiedAction","Flex"],"picked":"Warcry","floor":14.0},{"not_picked":["Immolate","Fiend Fire"],"picked":"Demonic Infusion","floor":16.0},{"not_picked":["Shrug It Off","ReplayTheSpireMod:Muscle Training+1"],"picked":"Pommel Strike+1","floor":18.0},{"not_picked":["Life Link","Body Slam"],"picked":"Armaments","floor":19.0},{"not_picked":["hubris:ReadiedAction","Perfected Strike"],"picked":"Flex+1","floor":20.0},{"not_picked":["Second Wind","Run Through"],"picked":"Bludgeon","floor":25},{"not_picked":["Clothesline","Perfected Strike"],"picked":"Feel No Pain+1","floor":28},{"not_picked":["Iron Wave","Reckless Charge"],"picked":"Battle Trance","floor":30},{"not_picked":["Hemogenesis","Demon Form"],"picked":"Limit Break","floor":33},{"not_picked":["Havoc","Anger+1"],"picked":"Heavy Blade+1","floor":35},{"not_picked":["Hemokinesis","Battle Trance"],"picked":"Dropkick","floor":36},{"not_picked":["hubris:ReadiedAction+1","Iron Wave+1"],"picked":"Uppercut+1","floor":38},{"not_picked":["Secret Weapon","expansioncontent:GuardianWhirl"],"picked":"Violence","floor":39},{"not_picked":["Perfected Strike+1","Headbutt"],"picked":"ReplayTheSpireMod:Stacked+1","floor":40},{"not_picked":["ReplayTheSpireMod:Corrosion Curse+1","Life Link+1"],"picked":"Warcry+1","floor":44},{"not_picked":["Clash+1","Blood for Blood"],"picked":"Juggernaut","floor":47},{"not_picked":["Seeing Red","ReplayTheSpireMod:Strike From Hell+1"],"picked":"Iron Wave+1","floor":48}],"player_experience":215473,"relics_obtained":[{"floor":6.0,"key":"HornCleat"},{"floor":8.0,"key":"PreservedInsect"},{"floor":13.0,"key":"Shovel"},{"floor":25,"key":"Ancient Tea Set"},{"floor":26,"key":"Orichalcum"},{"floor":38,"key":"Girya"},{"floor":40,"key":"ReplayTheSpireMod:Spearhead"},{"floor":43,"key":"Replay:Bandana"}],"event_choices":[{"damage_healed":0.0,"max_hp_gain":0.0,"max_hp_loss":0.0,"gold_gain":79.0,"event_name":"Golden Wing","player_choice":"Gained Gold","floor":3.0,"gold_loss":0.0,"damage_taken":0.0},{"damage_healed":0.0,"max_hp_gain":0.0,"max_hp_loss":0.0,"gold_gain":0.0,"event_name":"Golden Idol","player_choice":"Ignored","floor":4.0,"gold_loss":0.0,"damage_taken":0.0},{"damage_healed":0.0,"max_hp_gain":0.0,"max_hp_loss":0.0,"gold_gain":0.0,"event_name":"Ghosts","player_choice":"Ignored","floor":22.0,"gold_loss":0.0,"damage_taken":0.0},{"damage_healed":0,"gold_gain":0,"player_choice":"Smashed Altar","damage_taken":0,"max_hp_gain":0,"max_hp_loss":0,"event_name":"Forgotten Altar","floor":24,"gold_loss":0,"cards_obtained":["Decay"]},{"damage_healed":0,"gold_gain":0,"player_choice":"Fight","damage_taken":0,"max_hp_gain":0,"max_hp_loss":0,"event_name":"Mysterious Sphere","floor":38,"gold_loss":0},{"damage_healed":0,"gold_gain":0,"player_choice":"Memory 1","damage_taken":0,"max_hp_gain":0,"max_hp_loss":0,"event_name":"SensoryStone","floor":39,"gold_loss":0},{"damage_healed":0,"gold_gain":0,"player_choice":"Paid","damage_taken":0,"relics_obtained":["Red Mask"],"max_hp_gain":0,"max_hp_loss":0,"event_name":"Tomb of Lord Red Mask","floor":46,"gold_loss":65}],"is_beta":false,"boss_relics":[{"not_picked":["hubris:TerracottaHorce","hubris:CrackedHourglass"],"picked":"ReplayTheSpireMod:DimensionalGlitch"},{"not_picked":["Cursed Key","Replay:Fungal Core"],"picked":"hubris:ScarierMask"}],"items_purged_floors":[21,37],"is_endless":false,"potions_floor_spawned":[1,8,13,14,19,28,30,35,40,44,48],"killed_by":"hubris:GrandSnecko","ascension_level":4}}