{"host":"1bqbj1s4pyvm9utn","time":1607583476,"event":{"gold_per_floor":[119,89,103,119,139,174,174,184,208,208,403,303,303,303,303],"floor_reached":13,"playtime":1376,"items_purged":[],"score":85,"play_id":"feec1329-f81b-439b-bd53-ba54f5ca6af9","local_time":"20201209225756","is_ascension_mode":false,"metric_token":3473,"campfire_choices":[{"floor":7,"key":"REST"},{"data":"Gatherer:Centralize","floor":10,"key":"SMITH"}],"neow_cost":"NONE","seed_source_timestamp":25734280174800,"circlet_count":0,"master_deck":["Gatherer:Strike_Gatherer","Gatherer:Strike_Gatherer","Gatherer:Strike_Gatherer","Gatherer:Strike_Gatherer","Gatherer:Strike_Gatherer","Gatherer:Defend_Gatherer","Gatherer:Defend_Gatherer","Gatherer:Defend_Gatherer","Gatherer:Defend_Gatherer","Gatherer:Defend_Gatherer","Gatherer:Centralize+1","Gatherer:FlowerWhip","Replay:SS_forest_2","Gatherer:QuickSynthesis","Gatherer:ScherryThrow","Gatherer:FlowerShield","Gatherer:FlowerFalling","Gatherer:SaveValuables","Gatherer:AlchemyTrial","Gatherer:StoneFence","Ghostly"],"relics":["Gatherer:AlchemyBag","Dead Branch"],"potions_floor_usage":[3,5,6,6,13],"damage_taken":[{"damage":10,"enemies":"Jaw Worm","floor":1,"turns":4},{"damage":0,"enemies":"Cultist","floor":3,"turns":3},{"damage":2,"enemies":"Small Slimes","floor":4,"turns":4},{"damage":12,"enemies":"3 Louse","floor":5,"turns":3},{"damage":51,"enemies":"3 Sentries","floor":6,"turns":14},{"damage":0,"enemies":"Looter","floor":8,"turns":3},{"damage":19,"enemies":"Gremlin Nob","floor":13,"turns":3}],"seed_played":"-8167529452452209457","potions_obtained":[{"floor":1,"key":"construct:ShiftPotion"},{"floor":2,"key":"Swift Potion"},{"floor":2,"key":"hexamod:EctoCoolerPotion"},{"floor":4,"key":"BloodPotion"},{"floor":8,"key":"Languid Potion"}],"is_trial":false,"path_per_floor":["M","?","M","M","M","E","R","M","T","R","?","?","E"],"character_chosen":"THE_GATHERER","items_purchased":[],"campfire_rested":1,"item_purchase_floors":[],"current_hp_per_floor":[62,62,62,60,62,11,32,32,32,32,14,14,0,0,0],"gold":303,"neow_bonus":"RANDOM_COLORLESS","is_prod":false,"is_daily":false,"chose_seed":false,"campfire_upgraded":1,"win_rate":0.0,"timestamp":1607583476,"path_taken":["M","?","?","M","M","E","R","M","T","R","?","?","E"],"build_version":"2020-11-30","purchased_purges":0,"victory":false,"max_hp_per_floor":[72,72,72,72,72,72,72,72,72,72,72,72,72,72,72],"card_choices":[{"not_picked":["Replay:SS_hec_2","Flash of Steel"],"picked":"Replay:SS_forest_2","floor":0},{"not_picked":["Gatherer:ScherryThrow","Gatherer:AlchemyTrial"],"picked":"Gatherer:QuickSynthesis","floor":1},{"not_picked":["Gatherer:Herbalism","Gatherer:QuickSynthesis"],"picked":"Gatherer:ScherryThrow","floor":3},{"not_picked":["Gatherer:Convert","Gatherer:Duality"],"picked":"Gatherer:FlowerShield","floor":4},{"not_picked":["Gatherer:FeelingFine","Gatherer:Duality"],"picked":"Gatherer:FlowerFalling","floor":5},{"not_picked":["Gatherer:RecipeChange","Gatherer:WitheringStrike"],"picked":"Gatherer:SaveValuables","floor":6},{"not_picked":["Gatherer:VenomBarrier","Gatherer:FlowerFalling"],"picked":"Gatherer:AlchemyTrial","floor":8},{"not_picked":["Gatherer:GatherMaterial","Gatherer:SaveValuables"],"picked":"Gatherer:StoneFence","floor":11}],"player_experience":754956,"relics_obtained":[{"floor":6,"key":"Dead Branch"}],"event_choices":[{"damage_healed":0,"gold_gain":0,"player_choice":"Bought 2 Potions","damage_taken":0,"max_hp_gain":0,"max_hp_loss":0,"event_name":"The Woman in Blue","floor":2,"gold_loss":0},{"damage_healed":0,"gold_gain":0,"player_choice":"Argue","damage_taken":0,"max_hp_gain":0,"max_hp_loss":0,"event_name":"conspire:LoneGhost","floor":12,"gold_loss":0}],"is_beta":false,"boss_relics":[],"items_purged_floors":[],"is_endless":false,"potions_floor_spawned":[1,4,8],"killed_by":"Gremlin Nob","ascension_level":0}}