{"host":"womlpxqjjlvrjm57","time":1607563378,"event":{"gold_per_floor":[110,210,223,237,255,255,329,345,392,392,405,405,435,435,435,446,446,446,446],"floor_reached":18,"playtime":1501,"items_purged":[],"score":131,"play_id":"d7386d2d-c20c-49c2-9140-d16b3850afba","local_time":"20201209202258","is_ascension_mode":true,"campfire_choices":[{"data":"Armaments","floor":6,"key":"SMITH"},{"floor":17,"key":"REST"}],"neow_cost":"NONE","seed_source_timestamp":241469399059388,"circlet_count":0,"master_deck":["Strike_R","Strike_R","Strike_R","Strike_R","Strike_R","Defend_R","Defend_R","Defend_R","Defend_R","Bash","StuffTheSpire:Pyroclast","StuffTheSpire:Slingshot","ReplayTheSpireMod:Strike From Hell+1","Armaments+1","infinitespire:OneForAll","Sword Boomerang","Anger","Burning Pact","Clothesline"],"special_seed":0,"relics":["Burning Blood","aspiration:SeaSaltIceCream","FireBladeMod:DuelistLocket","theForsaken:Lifeblossom","halation:PrussianBluePaint"],"potions_floor_usage":[11,13,13],"damage_taken":[{"damage":2,"enemies":"Small Slimes","floor":1,"turns":3},{"damage":3,"enemies":"Cultist","floor":3,"turns":3},{"damage":8,"enemies":"Jaw Worm","floor":4,"turns":4},{"damage":14,"enemies":"2 Fungi Beasts","floor":5,"turns":2},{"damage":11,"enemies":"Blue Slaver","floor":8,"turns":5},{"damage":5,"enemies":"Red Slaver","floor":11,"turns":3},{"damage":60,"enemies":"Lagavulin","floor":13,"turns":6},{"damage":15,"enemies":"Exordium Wildlife","floor":16,"turns":3},{"damage":66,"enemies":"Hexaghost","floor":18,"turns":12}],"seed_played":"-5188212927943453672","potions_obtained":[{"floor":1,"key":"blueLaboratory:PyrophylliteBrew"},{"floor":5,"key":"Explosive Potion"},{"floor":8,"key":"BloodPotion"},{"floor":13,"key":"sneckomod:MuddlingPotion"}],"is_trial":false,"path_per_floor":["M","?","M","M","M","R","T","M","T","?","M","?","E","PTL","PTL","M","R","B"],"character_chosen":"IRONCLAD","items_purchased":[],"campfire_rested":1,"item_purchase_floors":[],"current_hp_per_floor":[80,80,80,78,70,70,70,65,65,65,71,71,39,39,39,35,59,0,0],"gold":446,"neow_bonus":"THREE_CARDS","is_prod":false,"is_daily":false,"chose_seed":false,"campfire_upgraded":1,"win_rate":0,"timestamp":1607563378,"path_taken":["M","?","M","M","?","R","?","?","T","?","M","?","E","PTL","PTL","M","R","BOSS"],"build_version":"2020-11-30","purchased_purges":0,"victory":false,"max_hp_per_floor":[80,80,80,80,80,80,80,80,80,80,80,80,80,80,80,80,80,80,80],"relic_stats":{"counters":[9,41],"obtain_stats":[{"FireBladeMod:DuelistLocket":7,"halation:PrussianBluePaint":13,"theForsaken:Lifeblossom":9,"aspiration:SeaSaltIceCream":7,"halation:StarCompass":12,"Burning Blood":0},{"FireBladeMod:DuelistLocket":4,"halation:PrussianBluePaint":7,"theForsaken:Lifeblossom":5,"aspiration:SeaSaltIceCream":4,"halation:StarCompass":6,"Burning Blood":0},{"FireBladeMod:DuelistLocket":12,"halation:PrussianBluePaint":26,"theForsaken:Lifeblossom":17,"aspiration:SeaSaltIceCream":12,"halation:StarCompass":20,"Burning Blood":0}],"Burning Blood":41},"card_choices":[{"not_picked":["Wild Strike","Reckless Charge"],"picked":"StuffTheSpire:Pyroclast","floor":0},{"not_picked":["Clash","StuffTheSpire:Incineration"],"picked":"StuffTheSpire:Slingshot","floor":1},{"not_picked":["StuffTheSpire:Pyroclast","StuffTheSpire:Slingshot"],"picked":"ReplayTheSpireMod:Strike From Hell","floor":3},{"not_picked":["Twin Strike","StuffTheSpire:RockThrow"],"picked":"Armaments","floor":4},{"not_picked":["StuffTheSpire:BloodClot","True Grit"],"picked":"infinitespire:OneForAll","floor":5},{"not_picked":["Perfected Strike","StuffTheSpire:RagingBull"],"picked":"Sword Boomerang","floor":8},{"not_picked":["Run Through","Exhume"],"picked":"Anger","floor":11},{"not_picked":["Wild Strike","Double Tap"],"picked":"Burning Pact","floor":13},{"not_picked":["Havoc","Second Wind"],"picked":"Clothesline","floor":16}],"player_experience":508969,"relics_obtained":[{"floor":7,"key":"aspiration:SeaSaltIceCream"},{"floor":9,"key":"theForsaken:Lifeblossom"},{"floor":13,"key":"halation:PrussianBluePaint"}],"event_choices":[{"damage_healed":0,"gold_gain":100,"player_choice":"Pray","damage_taken":0,"max_hp_gain":0,"max_hp_loss":0,"event_name":"Golden Shrine","floor":2,"gold_loss":0}],"is_beta":false,"boss_relics":[],"items_purged_floors":[],"is_endless":false,"potions_floor_spawned":[1,5,8,13],"killed_by":"Hexaghost","ascension_level":3}}