{"host":"m6aaltr68g9tvoay","time":1607577952,"event":{"gold_per_floor":[19,19,19,19,40,40,80,100,125,150,150,198,198,198,198,198,198],"floor_reached":16,"playtime":601,"items_purged":[],"score":211,"play_id":"41e2501c-6f4f-4fe8-9f85-d34bc5b182b4","local_time":"20201209212552","is_ascension_mode":true,"campfire_choices":[{"floor":6.0,"key":"REST"},{"floor":11.0,"key":"REST"},{"floor":13,"key":"REST"},{"data":"Envenom","floor":15,"key":"SMITH"}],"neow_cost":"NO_GOLD","seed_source_timestamp":357485390322200,"circlet_count":0,"master_deck":["AscendersBane","Strike_G","Strike_G","Strike_G","Strike_G","Strike_G","Defend_G","Defend_G","Defend_G","Defend_G","Defend_G","Survivor","Neutralize","Deflect","Injury","Envenom+1","Infinite Blades","Poisoned Stab","Flechettes","Outmaneuver","Dash"],"special_seed":0,"relics":["Ring of the Snake","Golden Idol","Regal Pillow","Thread and Needle","Blood Vial","CeramicFish","Shuriken"],"potions_floor_usage":[],"damage_taken":[{"damage":7.0,"enemies":"Cultist","floor":1.0,"turns":4.0},{"damage":4.0,"enemies":"Small Slimes","floor":5.0,"turns":5.0},{"damage":42.0,"enemies":"Gremlin Nob","floor":7.0,"turns":6.0},{"damage":0.0,"enemies":"2 Louse","floor":8.0,"turns":2.0},{"damage":30.0,"enemies":"Gremlin Gang","floor":10.0,"turns":6.0},{"damage":51,"enemies":"3 Sentries","floor":12,"turns":12},{"damage":67,"enemies":"Slime Boss","floor":16,"turns":9}],"seed_played":"7728055992583453516","potions_obtained":[{"floor":5.0,"key":"SpeedPotion"},{"floor":8.0,"key":"FairyPotion"}],"is_trial":false,"path_per_floor":["M","?","?","?","M","R","E","M","T","M","R","E","R","T","R","B"],"character_chosen":"THE_SILENT","items_purchased":[],"campfire_rested":3,"item_purchase_floors":[],"current_hp_per_floor":[64,64,53,53,49,78,36,36,36,8,46,23,61,61,61,0,0],"gold":198,"neow_bonus":"TWENTY_PERCENT_HP_BONUS","is_prod":false,"is_daily":false,"chose_seed":false,"campfire_upgraded":1,"win_rate":0,"timestamp":1607577952,"path_taken":["M","?","?","?","M","R","E","M","T","?","R","E","R","?","R","BOSS"],"build_version":"2020-11-30","purchased_purges":0,"victory":false,"max_hp_per_floor":[78,78,78,78,78,78,78,78,78,78,78,78,78,78,78,78,78],"card_choices":[{"not_picked":["Prepared","Dodge and Roll"],"picked":"Deflect","floor":1.0},{"not_picked":["Crippling Poison","PiercingWail"],"picked":"Infinite Blades","floor":5.0},{"not_picked":["Sucker Punch","Flying Knee"],"picked":"Poisoned Stab","floor":7.0},{"not_picked":["Dodge and Roll","Deadly Poison"],"picked":"Flechettes","floor":8.0},{"not_picked":["Prepared","Envenom"],"picked":"Outmaneuver","floor":10.0},{"not_picked":["PiercingWail","Outmaneuver"],"picked":"Dash","floor":12}],"player_experience":1206693,"relics_obtained":[{"floor":7.0,"key":"Thread and Needle"},{"floor":9.0,"key":"Blood Vial"},{"floor":12,"key":"CeramicFish"},{"floor":14,"key":"Shuriken"}],"event_choices":[{"damage_healed":0.0,"max_hp_gain":0.0,"max_hp_loss":0.0,"gold_gain":0.0,"event_name":"Golden Idol","player_choice":"Take Wound","floor":2.0,"gold_loss":0.0,"damage_taken":0.0,"relics_obtained":["Golden Idol"],"cards_obtained":["Injury"]},{"damage_healed":0.0,"max_hp_gain":0.0,"max_hp_loss":0.0,"gold_gain":0.0,"event_name":"Scrap Ooze","player_choice":"Success","floor":3.0,"gold_loss":0.0,"damage_taken":11.0,"relics_obtained":["Regal Pillow"]},{"damage_healed":0.0,"max_hp_gain":0.0,"max_hp_loss":0.0,"gold_gain":0.0,"event_name":"Match and Keep!","player_choice":"1 cards matched","floor":4.0,"gold_loss":0.0,"damage_taken":0.0,"cards_obtained":["Envenom"]}],"is_beta":false,"boss_relics":[],"items_purged_floors":[],"is_endless":false,"potions_floor_spawned":[5,8],"killed_by":"Slime Boss","ascension_level":19}}