{"host":"x1qj4d8ympd5jdqh","time":1607636818,"event":{"mods":["BaseMod","Colored Map","StSLib","AchievementEnabler","AlwaysNeverKeys","SuperFastMode","Custom Start","Highlight Path","Minty Spire (QoL Compilation)","DeckTracker"],"gold_per_floor":[114,128,53,53,128,128,169,169,169,200,224,242,242,242,242,331,331,346,396,356,372,372,372],"floor_reached":22,"playtime":691,"items_purged":["Strike_R"],"score":388,"play_id":"28aa14db-1db5-4c6a-b10e-9c93b1de290e","local_time":"20201211064658","is_ascension_mode":true,"campfire_choices":[{"data":"Hemokinesis","floor":6.0,"key":"SMITH"},{"data":"Demon Form","floor":8.0,"key":"SMITH"},{"data":"Shrug It Off","floor":15.0,"key":"SMITH"}],"circlet_count":0,"master_deck":["AscendersBane","Strike_R","Strike_R","Strike_R","Strike_R","Defend_R","Defend_R","Defend_R","Defend_R","Bash","Demon Form+1","Shrug It Off+1","Hemokinesis+1","Flame Barrier","Pommel Strike","Parasite","Feed","Battle Trance"],"special_seed":0,"relics":["Burning Blood","Golden Idol","Lantern","PreservedInsect","Orichalcum","Fusion Hammer"],"acts_visited":["Exordium","TheCity"],"potions_floor_usage":[],"damage_taken":[{"damage":7.0,"enemies":"Jaw Worm","floor":1.0,"turns":4.0},{"damage":0.0,"enemies":"2 Louse","floor":2.0,"turns":6.0},{"damage":21.0,"enemies":"Lagavulin","floor":7.0,"turns":6.0},{"damage":31.0,"enemies":"3 Sentries","floor":10.0,"turns":11.0},{"damage":2.0,"enemies":"Cultist","floor":11.0,"turns":2.0},{"damage":8.0,"enemies":"Exordium Wildlife","floor":12.0,"turns":5.0},{"damage":16.0,"enemies":"The Guardian","floor":16.0,"turns":14.0},{"damage":4.0,"enemies":"3 Byrds","floor":18.0,"turns":4.0},{"damage":20,"enemies":"2 Thieves","floor":20,"turns":5},{"damage":39,"enemies":"Centurion and Healer","floor":21,"turns":8},{"damage":2,"enemies":"Masked Bandits","floor":22,"turns":2}],"seed_played":"7444954140635285092","potions_obtained":[{"floor":7.0,"key":"DuplicationPotion"},{"floor":12.0,"key":"SpeedPotion"},{"floor":16.0,"key":"DistilledChaos"}],"is_trial":false,"path_per_floor":["M","M","$","?","?","R","E","R","T","E","M","M","?","?","R","B",null,"M","?","M","M","?"],"character_chosen":"IRONCLAD","items_purchased":[],"campfire_rested":0,"item_purchase_floors":[],"current_hp_per_floor":[67,73,73,68,57,57,42,42,42,17,21,19,19,36,36,26,58,63,56,42,12,10,10],"gold":372,"neow_bonus":"ONE_RANDOM_RARE_CARD","is_daily":false,"chose_seed":false,"campfire_upgraded":3,"win_rate":0,"timestamp":1607636818,"path_taken":["M","M","$","?","?","R","E","R","T","E","M","M","?","?","R","BOSS","M","?","?","M","?"],"build_version":"2020-11-30","purchased_purges":1,"victory":false,"max_hp_per_floor":[75,75,75,68,68,68,68,68,68,68,68,68,68,68,68,68,68,71,71,71,74,74,74],"card_choices":[{"not_picked":["Flex","Warcry"],"picked":"Shrug It Off","floor":1.0},{"not_picked":["Disarm","Exhume"],"picked":"Hemokinesis","floor":2.0},{"not_picked":["Clothesline","Dropkick"],"picked":"Flame Barrier","floor":7.0},{"not_picked":["Thunderclap","Rampage","Perfected Strike"],"picked":"SKIP","floor":10.0},{"not_picked":["Headbutt","Warcry","Burning Pact"],"picked":"SKIP","floor":11.0},{"not_picked":["Dual Wield","Sentinel"],"picked":"Pommel Strike","floor":12.0},{"not_picked":["Limit Break","Exhume"],"picked":"Feed","floor":16.0},{"not_picked":["Clothesline","True Grit"],"picked":"Battle Trance","floor":18.0},{"not_picked":["Warcry","Havoc","Cleave"],"picked":"SKIP","floor":20},{"not_picked":["Clothesline","Sever Soul","Havoc"],"picked":"SKIP","floor":21}],"player_experience":1205891,"relics_obtained":[{"floor":7.0,"key":"Lantern"},{"floor":9.0,"key":"PreservedInsect"},{"floor":10.0,"key":"Orichalcum"}],"event_choices":[{"damage_healed":0.0,"max_hp_gain":0.0,"max_hp_loss":7.0,"gold_gain":0.0,"event_name":"Golden Idol","player_choice":"Lose Max HP","floor":4.0,"gold_loss":0.0,"damage_taken":0.0,"relics_obtained":["Golden Idol"]},{"damage_healed":0.0,"max_hp_gain":0.0,"max_hp_loss":0.0,"gold_gain":75.0,"event_name":"World of Goop","player_choice":"Gather Gold","floor":5.0,"gold_loss":0.0,"damage_taken":11.0},{"damage_healed":0.0,"max_hp_gain":0.0,"max_hp_loss":0.0,"gold_gain":0.0,"event_name":"Shining Light","player_choice":"Ignored","floor":13.0,"gold_loss":0.0,"damage_taken":0.0},{"damage_healed":17.0,"max_hp_gain":0.0,"max_hp_loss":0.0,"gold_gain":0.0,"event_name":"Mushrooms","player_choice":"Healed and dodged fight","floor":14.0,"gold_loss":0.0,"damage_taken":0.0,"cards_obtained":["Parasite"]},{"damage_healed":0,"gold_gain":50,"player_choice":"Touch","damage_taken":7,"max_hp_gain":0,"max_hp_loss":0,"event_name":"FaceTrader","floor":19,"gold_loss":0},{"damage_healed":0,"gold_gain":0,"player_choice":"Fought Bandits","damage_taken":0,"max_hp_gain":0,"max_hp_loss":0,"event_name":"Masked Bandits","floor":22,"gold_loss":0}],"is_beta":false,"boss_relics":[{"not_picked":["Coffee Dripper","Cursed Key"],"picked":"Fusion Hammer"}],"items_purged_floors":[3],"is_endless":false,"potions_floor_spawned":[7,12,16],"killed_by":"Masked Bandits","ascension_level":20}}