{"host":"o3so5oxo9aakc7d5","time":1607638579,"event":{"mods":["BaseMod","StSLib","Better Match","Block Reminder","Challenge The Spire","Googly Eyes","Minty Spire (QoL Compilation)","Jorbs\u0027s Wanderer Trilogy","Better Altar","Better Sensory Stone","Better Skull","Better Third Choice","CapriCore","Rare Cards Sparkle","Spicy Shops"],"gold_per_floor":[18,18,18,30,47,47,79,79,102,137,137,161,236,252,252,252,252],"floor_reached":16,"playtime":599,"items_purged":[],"score":113,"play_id":"68686b53-2e46-4abe-8521-eef43d42efb6","local_time":"20201210151619","is_ascension_mode":true,"campfire_choices":[{"data":"Neutralize","floor":6,"key":"SMITH"},{"data":"Deflect","floor":8,"key":"SMITH"},{"data":"Adrenaline","floor":11,"key":"SMITH"},{"floor":15,"key":"REST"}],"circlet_count":0,"master_deck":["Strike_G","Strike_G","Strike_G","Strike_G","Strike_G","Defend_G","Defend_G","Defend_G","Defend_G","Defend_G","Survivor","Neutralize+1","Blade Dance","Deflect+1","Blade Dance","Blade Dance","Adrenaline+1","Infinite Blades"],"relics":["Ring of the Snake","Unceasing Top","Boot","Pen Nib","Question Card","Odd Mushroom"],"acts_visited":["Exordium"],"potions_floor_usage":[7,16,16],"damage_taken":[{"damage":2,"enemies":"2 Louse","floor":1,"turns":3},{"damage":0,"enemies":"Jaw Worm","floor":4,"turns":4},{"damage":0,"enemies":"Small Slimes","floor":5,"turns":3},{"damage":21,"enemies":"Gremlin Nob","floor":7,"turns":4},{"damage":12,"enemies":"3 Sentries","floor":10,"turns":5},{"damage":8,"enemies":"The Mushroom Lair","floor":12,"turns":3},{"damage":0,"enemies":"2 Fungi Beasts","floor":14,"turns":2},{"damage":43,"enemies":"The Guardian","floor":16,"turns":11}],"seed_played":"-4670191886231069602","potions_obtained":[{"floor":4,"key":"FearPotion"},{"floor":5,"key":"SneckoOil"},{"floor":10,"key":"SpeedPotion"}],"is_trial":false,"path_per_floor":["M","?","$","M","M","R","E","R","T","E","R","?","?","M","R","B"],"character_chosen":"THE_SILENT","items_purchased":[],"campfire_rested":1,"item_purchase_floors":[],"current_hp_per_floor":[68,73,73,73,73,73,52,52,52,40,40,32,21,21,43,0,0],"gold":252,"neow_bonus":"ONE_RARE_RELIC","is_daily":false,"chose_seed":false,"campfire_upgraded":3,"win_rate":0,"timestamp":1607638579,"path_taken":["M","?","$","M","M","R","E","R","T","E","R","?","?","M","R","BOSS"],"build_version":"2020-11-30","purchased_purges":0,"victory":false,"max_hp_per_floor":[70,75,75,75,75,75,75,75,75,75,75,75,75,75,75,75,75],"card_choices":[{"not_picked":["Bane","Backflip"],"picked":"Blade Dance","floor":1},{"not_picked":["Sucker Punch","Acrobatics"],"picked":"Deflect","floor":4},{"not_picked":["Cloak And Dagger","Well Laid Plans"],"picked":"Blade Dance","floor":5},{"not_picked":["Sucker Punch","Dodge and Roll"],"picked":"Blade Dance","floor":7},{"not_picked":["Outmaneuver","Flechettes"],"picked":"Adrenaline","floor":10},{"not_picked":["Quick Slash","Sucker Punch","Skewer"],"picked":"Infinite Blades","floor":12},{"not_picked":["Acrobatics","Backflip","Bane","Dagger Throw"],"picked":"SKIP","floor":14}],"player_experience":504087,"relics_obtained":[{"floor":7,"key":"Boot"},{"floor":9,"key":"Pen Nib"},{"floor":10,"key":"Question Card"},{"floor":12,"key":"Odd Mushroom"}],"event_choices":[{"damage_healed":0,"gold_gain":0,"player_choice":"Donut","damage_taken":0,"max_hp_gain":5,"max_hp_loss":0,"event_name":"Big Fish","floor":2,"gold_loss":0},{"damage_healed":0,"gold_gain":0,"player_choice":"Fought Mushrooms","damage_taken":0,"max_hp_gain":0,"max_hp_loss":0,"event_name":"Mushrooms","floor":12,"gold_loss":0},{"damage_healed":0,"gold_gain":75,"player_choice":"Gold","damage_taken":11,"max_hp_gain":0,"max_hp_loss":0,"event_name":"betterThird:BetterGoop","floor":13,"gold_loss":0}],"is_beta":false,"boss_relics":[],"items_purged_floors":[],"is_endless":false,"potions_floor_spawned":[4,5,10],"killed_by":"The Guardian","ascension_level":1}}