{"host":"gylcjnm7wm931lze","time":1607606444,"event":{"gold_per_floor":[119,136,136,136,155,155,155,9,9,9,9,30,51,95,95,214,214,238,272,272,371,33,33,33,33,33,77,100,100,100,118,118,118,118],"floor_reached":33,"playtime":2358,"items_purged":["Defend_G"],"score":286,"play_id":"954f0147-a867-4903-8a57-73d61cdd1bf2","local_time":"20201210222044","is_ascension_mode":false,"campfire_choices":[{"data":"Blade Dance","floor":6.0,"key":"SMITH"},{"data":"Adrenaline","floor":15.0,"key":"SMITH"},{"data":"Discovery","floor":23,"key":"SMITH"},{"data":"Footwork","floor":25,"key":"SMITH"},{"data":"Burst","floor":30,"key":"SMITH"},{"data":"Wraith Form v2","floor":32,"key":"SMITH"}],"neow_cost":"NONE","seed_source_timestamp":5865926128920,"circlet_count":0,"master_deck":["Strike_G","Strike_G","Defend_G","Defend_G+1","Defend_G+1","Survivor","Neutralize","Blade Dance+1","Blade Dance","Poisoned Stab","Footwork+1","Adrenaline+1","Outmaneuver","Bullet Time","Prepared","Wraith Form v2+1","Acrobatics+1","Discovery+1","Noxious Fumes","Sucker Punch","Burst+1"],"special_seed":0,"relics":["Ring of the Snake","NeowsBlessing","Golden Idol","Smiling Mask","Happy Flower","Toy Ornithopter","Coffee Dripper","Red Mask","Sling","Kunai","Strawberry"],"potions_floor_usage":[18,27],"damage_taken":[{"damage":0.0,"enemies":"Small Slimes","floor":1.0,"turns":1.0},{"damage":0.0,"enemies":"Cultist","floor":2.0,"turns":1.0},{"damage":0.0,"enemies":"Jaw Worm","floor":5.0,"turns":1.0},{"damage":0.0,"enemies":"3 Louse","floor":12.0,"turns":3.0},{"damage":8.0,"enemies":"Large Slime","floor":13.0,"turns":5.0},{"damage":9.0,"enemies":"Lagavulin","floor":14.0,"turns":7.0},{"damage":16.0,"enemies":"Hexaghost","floor":16.0,"turns":10.0},{"damage":4,"enemies":"2 Thieves","floor":18,"turns":4},{"damage":29,"enemies":"Masked Bandits","floor":19,"turns":6},{"damage":0,"enemies":"Gremlin Leader","floor":27,"turns":6},{"damage":0,"enemies":"Chosen","floor":28,"turns":4},{"damage":3,"enemies":"3 Cultists","floor":31,"turns":5},{"damage":21,"enemies":"Automaton","floor":33,"turns":10}],"seed_played":"-7058751729214773322","potions_obtained":[{"floor":12.0,"key":"PowerPotion"},{"floor":14.0,"key":"LiquidMemories"},{"floor":16.0,"key":"LiquidMemories"},{"floor":19,"key":"SkillPotion"}],"is_trial":false,"path_per_floor":["M","M","?","?","M","R","?","$","T","?","?","M","M","E","R","B",null,"M","?","?","?","$","R","$","R","T","E","M","?","R","M","R","B"],"character_chosen":"THE_SILENT","items_purchased":["Adrenaline","Discovery","Sling","SpeedPotion"],"campfire_rested":0,"item_purchase_floors":[8,22,22,22],"current_hp_per_floor":[70,70,65,65,65,65,65,65,65,52,52,52,44,35,35,29,65,61,32,32,32,32,32,32,32,32,44,44,44,44,41,41,20,20],"gold":118,"neow_bonus":"THREE_ENEMY_KILL","is_prod":false,"is_daily":false,"chose_seed":false,"campfire_upgraded":6,"win_rate":0.0,"timestamp":1607606444,"path_taken":["M","M","?","?","?","R","?","$","T","?","?","M","M","E","R","BOSS","M","?","?","?","$","R","?","R","T","E","M","?","R","?","R","BOSS"],"build_version":"2020-11-30","purchased_purges":1,"victory":false,"max_hp_per_floor":[70,70,65,65,65,65,65,65,65,65,65,65,65,65,65,65,65,65,65,65,65,65,65,65,65,65,72,72,72,72,72,72,72,72],"card_choices":[{"not_picked":["PiercingWail","Prepared"],"picked":"Blade Dance","floor":1.0},{"not_picked":["PiercingWail","Dagger Spray"],"picked":"Blade Dance","floor":2.0},{"not_picked":["Acrobatics","Backflip"],"picked":"Footwork","floor":5.0},{"not_picked":["Flying Knee","Dagger Spray"],"picked":"Outmaneuver","floor":12.0},{"not_picked":["Prepared","Acrobatics"],"picked":"Bullet Time","floor":13.0},{"not_picked":["Backstab","Dodge and Roll"],"picked":"Prepared","floor":14.0},{"not_picked":["Die Die Die","Tools of the Trade"],"picked":"Wraith Form v2","floor":16.0},{"not_picked":["Underhanded Strike+1","Deflect+1"],"picked":"Acrobatics+1","floor":18},{"not_picked":["Masterful Stab+1","Slice"],"picked":"Noxious Fumes","floor":27},{"not_picked":["Noxious Fumes+1","Backflip","Expertise"],"picked":"SKIP","floor":28},{"not_picked":["Dash","Deadly Poison","Outmaneuver+1"],"picked":"SKIP","floor":31}],"player_experience":49483,"relics_obtained":[{"floor":9.0,"key":"Happy Flower"},{"floor":14.0,"key":"Toy Ornithopter"},{"floor":19,"key":"Red Mask"},{"floor":26,"key":"Kunai"},{"floor":27,"key":"Strawberry"}],"event_choices":[{"damage_healed":0.0,"max_hp_gain":0.0,"max_hp_loss":5.0,"gold_gain":0.0,"event_name":"Golden Idol","player_choice":"Lose Max HP","floor":3.0,"gold_loss":0.0,"damage_taken":0.0,"relics_obtained":["Golden Idol"]},{"damage_healed":0.0,"max_hp_gain":0.0,"max_hp_loss":0.0,"gold_gain":0.0,"cards_transformed":["Strike_G"],"event_name":"Transmorgrifier","player_choice":"Transformed","floor":4.0,"gold_loss":0.0,"damage_taken":0.0,"cards_obtained":["Poisoned Stab"]},{"damage_healed":0.0,"max_hp_gain":0.0,"max_hp_loss":0.0,"gold_gain":0.0,"event_name":"Big Fish","player_choice":"Box","floor":7.0,"gold_loss":0.0,"damage_taken":0.0,"relics_obtained":["Smiling Mask"],"cards_obtained":["Regret"]},{"damage_healed":0.0,"max_hp_gain":0.0,"max_hp_loss":0.0,"gold_gain":0.0,"event_name":"Shining Light","player_choice":"Entered Light","floor":10.0,"gold_loss":0.0,"damage_taken":13.0,"cards_upgraded":["Defend_G","Defend_G"]},{"cards_removed":["Regret"],"damage_healed":0.0,"max_hp_gain":0.0,"max_hp_loss":0.0,"gold_gain":0.0,"event_name":"Fountain of Cleansing","player_choice":"Removed Curses","floor":11.0,"gold_loss":0.0,"damage_taken":0.0},{"damage_healed":0,"gold_gain":0,"player_choice":"Fought Bandits","damage_taken":0,"max_hp_gain":0,"max_hp_loss":0,"event_name":"Masked Bandits","floor":19,"gold_loss":0},{"cards_removed":["Strike_G"],"damage_healed":0,"gold_gain":0,"player_choice":"Elegance","damage_taken":0,"max_hp_gain":0,"max_hp_loss":0,"event_name":"Back to Basics","floor":20,"gold_loss":0},{"damage_healed":0,"gold_gain":99,"player_choice":"Stole From Cult","damage_taken":0,"max_hp_gain":0,"max_hp_loss":0,"event_name":"Nest","floor":21,"gold_loss":0},{"damage_healed":0,"gold_gain":0,"cards_transformed":["Defend_G","Strike_G"],"player_choice":"Became Test Subject","damage_taken":0,"max_hp_gain":0,"max_hp_loss":0,"event_name":"Drug Dealer","floor":29,"gold_loss":0,"cards_obtained":["Sucker Punch","Burst"]}],"is_beta":false,"boss_relics":[{"not_picked":["SlaversCollar","Sozu"],"picked":"Coffee Dripper"}],"items_purged_floors":[22],"is_endless":false,"potions_floor_spawned":[12,14,16,19],"killed_by":"Automaton","ascension_level":0}}