{"host":"pz1ko3gi7nsxydm3","time":1607592422,"event":{"gold_per_floor":[112,112,112,112,30,30,30,30,110,5,40,40,58,73,73,168,168,185,185,185,185,185,185,246,37,64,64,64],"floor_reached":27,"playtime":1330,"items_purged":[],"score":213,"play_id":"2740fe1c-ea5d-4438-8e3e-a775573396e7","local_time":"20201210092702","is_ascension_mode":true,"campfire_choices":[{"floor":6,"key":"RECALL"},{"data":"Mayhem","floor":8,"key":"SMITH"},{"data":"Double Tap","floor":12,"key":"SMITH"},{"floor":15,"key":"DIG"},{"data":"hermit:Covet","floor":23,"key":"SMITH"}],"neow_cost":"BASIC_CARDS","seed_source_timestamp":67346232340600,"circlet_count":0,"master_deck":["hermit:Strike_Hermit","hermit:Strike_Hermit","hermit:Strike_Hermit","hermit:Strike_Hermit","hermit:Defend_Hermit","hermit:Defend_Hermit","hermit:Defend_Hermit","hermit:Defend_Hermit","hermit:Snapshot","hermit:Covet+1","Strike_P","m_Survivalism","Mayhem+1","hermit:PistolWhip+1","Double Tap+1","hermit:GoldenBullet","hermit:Misfire","Parasite","hermit:Showdown+1","hermit:Roulette","hermit:Maintenance","hermit:Manifest","hermit:Reprieve","hermit:BodyArmor","hermit:RoundhouseKick","hermit:Roulette"],"relics":["hermit:Momento","REME_ComplimentaryCards","Pen Nib","Replay:Bottled Flurry","InkBottle","Mercury Hourglass","Sozu","Meat on the Bone","hubris:Reverence","Ancient Tea Set"],"potions_floor_usage":[16,16],"damage_taken":[{"damage":13,"enemies":"Jaw Worm","floor":1,"turns":3},{"damage":5,"enemies":"Lagavulin","floor":11,"turns":6},{"damage":8,"enemies":"Small Slimes","floor":13,"turns":2},{"damage":0,"enemies":"2 Louse","floor":14,"turns":3},{"damage":30,"enemies":"Fading Forest","floor":16,"turns":11},{"damage":5,"enemies":"Chosen","floor":18,"turns":3},{"damage":57,"enemies":"REME_1_Revenger","floor":27,"turns":3}],"seed_played":"8120860833228239773","potions_obtained":[{"floor":13,"key":"hexamod:EctoCoolerPotion"},{"floor":14,"key":"Strength Potion"}],"is_trial":false,"path_per_floor":["M","?","?","T","$","R","?","R","T","$","E","R","M","M","R_BF","B",null,"M","?","?","$","T","R","?","$","T","E"],"character_chosen":"HERMIT","items_purchased":["hermit:GoldenBullet","hermit:Misfire","hermit:Showdown+1","hermit:Roulette","hermit:RoundhouseKick","hermit:Roulette"],"campfire_rested":0,"item_purchase_floors":[5,5,10,10,25,25],"current_hp_per_floor":[62,50,50,50,50,50,68,68,68,68,63,63,55,55,55,35,75,74,74,74,74,74,74,56,56,56,0,0],"gold":64,"neow_bonus":"RANDOM_COLORLESS_2","is_prod":false,"is_daily":false,"chose_seed":false,"campfire_upgraded":3,"win_rate":0,"timestamp":1607592422,"path_taken":["M","?","?","?","$","R","?","R","T","?","E","R","?","M","R_BF","BOSS","M","?","?","$","?","R","?","$","T","E"],"build_version":"2020-11-30","purchased_purges":0,"victory":false,"max_hp_per_floor":[75,75,75,75,75,75,75,75,75,75,75,75,75,75,75,75,75,75,75,75,75,75,75,75,75,75,75,75],"card_choices":[{"not_picked":["Secret Technique","ReplayUltimateDefense"],"picked":"Mayhem","floor":0},{"not_picked":["hermit:Headshot","hermit:ItchyTrigger"],"picked":"hermit:PistolWhip","floor":1},{"not_picked":["hermit:Scavenge","hermit:ItchyTrigger"],"picked":"hermit:Maintenance","floor":11},{"not_picked":["hermit:Quickdraw","hermit:Deadeye"],"picked":"hermit:Manifest","floor":13},{"not_picked":["hermit:Snipe","hermit:Quickdraw","hermit:Dive"],"picked":"SKIP","floor":14},{"not_picked":["hermit:HeroicBravado","hermit:BlackWind"],"picked":"hermit:Reprieve","floor":16},{"not_picked":["hermit:ShadowCloak+1","hermit:Feint","hermit:CursedWeapon"],"picked":"SKIP","floor":18},{"not_picked":["hermit:ShadowCloak+1","hermit:Feint","hermit:CursedWeapon"],"picked":"SKIP","floor":18},{"not_picked":["hermit:Headshot+1","hermit:HighCaliber"],"picked":"hermit:BodyArmor","floor":24}],"player_experience":63473,"relics_obtained":[{"floor":9,"key":"Replay:Bottled Flurry"},{"floor":11,"key":"InkBottle"},{"floor":15,"key":"Mercury Hourglass"},{"floor":22,"key":"Meat on the Bone"},{"floor":24,"key":"hubris:Reverence"},{"floor":26,"key":"Ancient Tea Set"}],"event_choices":[{"damage_healed":0,"gold_gain":0,"player_choice":"Relic ","damage_taken":12,"max_hp_gain":0,"max_hp_loss":0,"event_name":"betterThird:BetterScrap","floor":2,"gold_loss":0,"cards_obtained":["Blood for Blood"]},{"damage_healed":18,"gold_gain":0,"player_choice":"Healed and dodged fight","damage_taken":0,"max_hp_gain":0,"max_hp_loss":0,"event_name":"Mushrooms","floor":7,"gold_loss":0,"cards_obtained":["Parasite"]},{"damage_healed":0,"gold_gain":0,"player_choice":"Ignored","damage_taken":0,"max_hp_gain":0,"max_hp_loss":0,"event_name":"Vampires","floor":20,"gold_loss":0}],"is_beta":false,"boss_relics":[{"not_picked":["Honey Jar","Busted Crown"],"picked":"Sozu"}],"items_purged_floors":[],"is_endless":false,"potions_floor_spawned":[13,14,18],"killed_by":"REME_1_Revenger","ascension_level":1}}