{"host":"87fdiiwflhrwsj8a","time":1607576468,"event":{"gold_per_floor":[116,116,116,116,116,116,129,129,152,152,187,187,212,230,230,230,230],"floor_reached":16,"playtime":217,"items_purged":[],"score":246,"play_id":"54df715f-b75d-4e26-a944-a155f183814f","local_time":"20201210000108","is_ascension_mode":true,"campfire_choices":[{"data":"Dualcast","floor":6,"key":"SMITH"},{"data":"Rebound","floor":8,"key":"SMITH"},{"data":"Ball Lightning","floor":15,"key":"SMITH"}],"neow_cost":"NONE","seed_source_timestamp":131262336403700,"circlet_count":0,"master_deck":["AscendersBane","Strike_B","Strike_B","Strike_B","Strike_B","Defend_B","Defend_B","Defend_B","Defend_B","Zap+1","Dualcast+1","Rebound+1","FTL","Rip and Tear","Ball Lightning+1"],"relics":["Cracked Core","NeowsBlessing","Golden Idol","Ancient Tea Set","Mercury Hourglass"],"potions_floor_usage":[],"damage_taken":[{"damage":0,"enemies":"Jaw Worm","floor":1,"turns":1},{"damage":0,"enemies":"2 Louse","floor":7,"turns":1},{"damage":0,"enemies":"Gremlin Nob","floor":11,"turns":1},{"damage":0,"enemies":"Cultist","floor":13,"turns":3},{"damage":6,"enemies":"Looter","floor":14,"turns":2},{"damage":30,"enemies":"Slime Boss","floor":16,"turns":5}],"seed_played":"5214433118417144955","potions_obtained":[{"floor":7,"key":"Dexterity Potion"}],"is_trial":false,"path_per_floor":["M","?","$","?","$","R","M","R","T","$","E","?","M","M","R","B"],"character_chosen":"DEFECT","items_purchased":[],"campfire_rested":0,"item_purchase_floors":[],"current_hp_per_floor":[64,40,40,36,36,36,36,36,36,36,36,36,36,30,30,0,0],"gold":230,"neow_bonus":"THREE_ENEMY_KILL","is_prod":false,"is_daily":false,"chose_seed":false,"campfire_upgraded":3,"win_rate":0,"timestamp":1607576468,"path_taken":["M","?","$","?","$","R","?","R","T","$","E","?","M","M","R","BOSS"],"build_version":"2020-11-30","purchased_purges":0,"victory":false,"max_hp_per_floor":[71,71,71,71,71,71,71,71,71,71,71,71,71,71,71,71,71],"card_choices":[{"not_picked":["Coolheaded","Rebound","StuffTheSpire:CleanHardDrive"],"picked":"SKIP","floor":1},{"not_picked":["Barrage","Beam Cell"],"picked":"Rebound","floor":7},{"not_picked":["ReplaySort","Leap"],"picked":"FTL","floor":11},{"not_picked":["Panic Button","Barrage"],"picked":"Rip and Tear","floor":13},{"not_picked":["Conserve Battery","Heatsinks"],"picked":"Ball Lightning","floor":14}],"player_experience":2517160,"relics_obtained":[{"floor":9,"key":"Ancient Tea Set"},{"floor":11,"key":"Mercury Hourglass"}],"event_choices":[{"damage_healed":0,"gold_gain":0,"player_choice":"Take Damage","damage_taken":24,"relics_obtained":["Golden Idol"],"max_hp_gain":0,"max_hp_loss":0,"event_name":"Golden Idol","floor":2,"gold_loss":0},{"damage_healed":0,"gold_gain":0,"player_choice":"Bought 0 Potions","damage_taken":0,"max_hp_gain":0,"max_hp_loss":0,"event_name":"The Woman in Blue","floor":4,"gold_loss":0},{"damage_healed":0,"gold_gain":0,"player_choice":"Forge","damage_taken":0,"max_hp_gain":0,"max_hp_loss":0,"event_name":"Accursed Blacksmith","floor":12,"gold_loss":0,"cards_upgraded":["Zap"]}],"is_beta":false,"boss_relics":[],"items_purged_floors":[],"is_endless":false,"potions_floor_spawned":[7],"killed_by":"Slime Boss","ascension_level":20}}