{"host":"lreod2rejfd0az5i","time":1607576990,"event":{"gold_per_floor":[115,390,190,190,90,125,125,144,169,169,203,203,219,219,219,293,293,305,321,321,196,38,38,48,48,48,66,66,66,99,115,115,115,115],"floor_reached":33,"playtime":995,"items_purged":["Regret","Strike_R","Decay","Delirium"],"score":610,"play_id":"3c39d884-83d2-4393-a862-a62d2ece8306","local_time":"20201209220950","is_ascension_mode":true,"campfire_choices":[{"data":"Demon Form","floor":7,"key":"SMITH"},{"data":"Twin Strike","floor":15,"key":"SMITH"},{"floor":23,"key":"REST"},{"floor":25,"key":"REST"},{"floor":32,"key":"REST"}],"neow_cost":"NONE","seed_source_timestamp":549546582006100,"circlet_count":0,"master_deck":["AscendersBane","Strike_R","Strike_R","Strike_R","Strike_R","Defend_R","Defend_R","Defend_R","Defend_R","Bash","Clothesline","Demon Form+1","Heavy Blade+1","Twin Strike+1","Shrug It Off","conspire:ExplosiveBarrier"],"relics":["Philosopher\u0027s Stone","hubris:Towel","ReplayTheSpireMod:TigerMarble","Strawberry","Lantern","Sozu","Replay:Baseball","Juzu Bracelet","Orichalcum","infinitespire:PuzzleCube","HollowMod:PaleOreRelic"],"potions_floor_usage":[6,30,31],"damage_taken":[{"damage":0,"enemies":"Cultist","floor":1,"turns":3},{"damage":0,"enemies":"Lagavulin","floor":6,"turns":4},{"damage":9,"enemies":"Jaw Worm","floor":8,"turns":2},{"damage":6,"enemies":"HollowMod:MossKnight","floor":11,"turns":4},{"damage":9,"enemies":"conspire:RoseBush","floor":13,"turns":3},{"damage":41,"enemies":"Fading Forest","floor":16,"turns":11},{"damage":18,"enemies":"2 Thieves","floor":18,"turns":3},{"damage":14,"enemies":"Centurion and Healer","floor":19,"turns":4},{"damage":34,"enemies":"Chosen and Byrds","floor":24,"turns":6},{"damage":1,"enemies":"conspire:HollyBat","floor":27,"turns":5},{"damage":12,"enemies":"Replay:Snechameleon","floor":30,"turns":4},{"damage":6,"enemies":"Centurion and Healer","floor":31,"turns":3},{"damage":88,"enemies":"Automaton","floor":33,"turns":6}],"seed_played":"-3708227983785504937","potions_obtained":[{"floor":1,"key":"DistilledChaos"},{"floor":8,"key":"Strength Potion"},{"floor":11,"key":"Fire Potion"}],"is_trial":false,"path_per_floor":["M","?","$","?","$","E","R","M","T","?","E","$","M","$","R","B",null,"M","M","?","$","$","R","M","R","T","M","?","AVR","E","M","R","B"],"character_chosen":"IRONCLAD","items_purchased":["Demon Form","Heavy Blade","Replay:Baseball"],"campfire_rested":3,"item_purchase_floors":[3,3,22],"current_hp_per_floor":[68,68,68,68,68,68,68,59,66,66,60,60,51,51,51,18,66,48,34,34,34,34,58,24,48,48,47,47,47,35,29,53,0,0],"gold":115,"neow_bonus":"BOSS_RELIC","is_prod":false,"is_daily":false,"chose_seed":false,"campfire_upgraded":2,"win_rate":0,"timestamp":1607576990,"path_taken":["M","?","?","?","$","E","R","?","T","?","E","$","M","$","R","BOSS","M","M","?","?","$","R","?","R","T","M","?","AVR","E","M","R","BOSS"],"build_version":"2020-11-30","purchased_purges":4,"victory":false,"max_hp_per_floor":[75,75,75,75,75,75,75,75,82,82,82,82,82,82,82,82,82,82,82,82,82,82,82,82,82,82,82,82,82,82,82,82,82,82],"relic_stats":{"Sozu":2,"counters":[13,58],"Juzu Bracelet":1,"Orichalcum":[18],"obtain_stats":[{"Sozu":17,"Lantern":11,"Replay:Baseball":22,"Strawberry":9,"Philosopher\u0027s Stone":0,"ReplayTheSpireMod:TigerMarble":6,"Juzu Bracelet":26,"HollowMod:PaleOreRelic":30,"hubris:Towel":4,"Orichalcum":28,"Burning Blood":0,"infinitespire:PuzzleCube":29},{"Sozu":6,"Lantern":4,"Replay:Baseball":8,"Strawberry":3,"Philosopher\u0027s Stone":0,"ReplayTheSpireMod:TigerMarble":2,"Juzu Bracelet":9,"HollowMod:PaleOreRelic":11,"hubris:Towel":1,"Orichalcum":10,"Burning Blood":0,"infinitespire:PuzzleCube":10},{"Sozu":27,"Lantern":13,"Replay:Baseball":34,"Strawberry":9,"Philosopher\u0027s Stone":0,"ReplayTheSpireMod:TigerMarble":7,"Juzu Bracelet":40,"HollowMod:PaleOreRelic":49,"hubris:Towel":3,"Orichalcum":45,"Burning Blood":0,"infinitespire:PuzzleCube":45}]},"card_choices":[{"not_picked":["Flex","Clash"],"picked":"Clothesline","floor":1},{"not_picked":["ReplayTheSpireMod:Limb From Limb","Armaments"],"picked":"Twin Strike","floor":6},{"not_picked":["Rampage","Run Through","Thunderclap"],"picked":"SKIP","floor":8},{"not_picked":["Flex","Abandon","Clothesline"],"picked":"SKIP","floor":11},{"not_picked":["ReplayTheSpireMod:Limb From Limb","Perfected Strike"],"picked":"Shrug It Off","floor":13},{"not_picked":["ReplayTheSpireMod:Strike From Hell","Armaments","Replay:Undeath\u0027s Touch"],"picked":"SKIP","floor":18},{"not_picked":["Body Slam","Spot Weakness","Run Through+1"],"picked":"SKIP","floor":19},{"not_picked":["Body Slam","ReplayTheSpireMod:Corrosion Curse","Entrench"],"picked":"SKIP","floor":24},{"not_picked":["Armaments","hubris:SharpeningStone","Spot Weakness"],"picked":"SKIP","floor":27},{"not_picked":["Run Through","Armaments","conspire:Charge"],"picked":"SKIP","floor":30},{"not_picked":["conspire:ExplosiveBarrier","Pommel Strike","Anger"],"picked":"SKIP","floor":31},{"not_picked":["Pommel Strike","Anger"],"picked":"conspire:ExplosiveBarrier","floor":31}],"player_experience":835480,"relics_obtained":[{"floor":6,"key":"ReplayTheSpireMod:TigerMarble"},{"floor":9,"key":"Strawberry"},{"floor":11,"key":"Lantern"},{"floor":26,"key":"Juzu Bracelet"},{"floor":30,"key":"HollowMod:PaleOreRelic"}],"event_choices":[{"damage_healed":0,"gold_gain":275,"player_choice":"Desecrate","damage_taken":0,"max_hp_gain":0,"max_hp_loss":0,"event_name":"Golden Shrine","floor":2,"gold_loss":0,"cards_obtained":["Regret"]},{"damage_healed":0,"gold_gain":0,"player_choice":"Grow","damage_taken":0,"max_hp_gain":0,"max_hp_loss":0,"event_name":"Living Wall","floor":10,"gold_loss":0,"cards_upgraded":["Heavy Blade"]},{"damage_healed":0,"gold_gain":0,"player_choice":"Cursed","damage_taken":0,"max_hp_gain":0,"max_hp_loss":0,"event_name":"Wheel of Change","floor":20,"gold_loss":0,"cards_obtained":["Decay"]}],"is_beta":false,"boss_relics":[{"not_picked":["Runic Pyramid","Ectoplasm"],"picked":"Sozu"}],"items_purged_floors":[3,5,21,29],"is_endless":false,"potions_floor_spawned":[1,8,11,16,24,30],"killed_by":"Automaton","ascension_level":18}}