{"host":"13of4hm0ygc9cmbc","time":1607609929,"event":{"mods":["BaseMod","AchievementEnabler","Colored Map","Minty Spire (QoL Compilation)","SuperFastMode"],"gold_per_floor":[116,127,127,196,396,446,151,216,262,262,75,75,200,229,229,304,304,317,335,335,335],"floor_reached":20,"playtime":1357,"items_purged":["Strike_R"],"score":301,"play_id":"19bcc8c0-0d8d-4a13-8e10-84f64e20546f","local_time":"20201210231849","is_ascension_mode":true,"campfire_choices":[{"data":"Seeing Red","floor":10,"key":"SMITH"},{"data":"Bash","floor":12,"key":"SMITH"},{"data":"Double Tap","floor":15,"key":"SMITH"}],"circlet_count":0,"master_deck":["AscendersBane","Strike_R+1","Strike_R","Strike_R","Strike_R","Defend_R","Defend_R","Defend_R","Defend_R","Bash+1","Sword Boomerang","Flash of Steel","Seeing Red+1","Shrug It Off","Dropkick+1","Double Tap+1","Feed"],"special_seed":0,"relics":["Burning Blood","NeowsBlessing","SsserpentHead","TheAbacus","Nunchaku","Whetstone","Toy Ornithopter","Sozu"],"acts_visited":["Exordium","TheCity"],"potions_floor_usage":[14,16,20],"damage_taken":[{"damage":0.0,"enemies":"Cultist","floor":1.0,"turns":1.0},{"damage":0.0,"enemies":"Jaw Worm","floor":2.0,"turns":1.0},{"damage":0.0,"enemies":"2 Louse","floor":4.0,"turns":1.0},{"damage":2,"enemies":"2 Fungi Beasts","floor":8,"turns":3},{"damage":22,"enemies":"3 Sentries","floor":14,"turns":9},{"damage":34,"enemies":"Hexaghost","floor":16,"turns":9},{"damage":7,"enemies":"Chosen","floor":18,"turns":3},{"damage":24,"enemies":"Shell Parasite","floor":19,"turns":6},{"damage":35,"enemies":"Cultist and Chosen","floor":20,"turns":8}],"seed_played":"-3714555810078536741","potions_obtained":[{"floor":1.0,"key":"Swift Potion"},{"floor":14,"key":"DistilledChaos"},{"floor":16,"key":"EssenceOfSteel"}],"is_trial":false,"path_per_floor":["M","M","?","M","?","?","$","M","T","R","$","R","?","E","R","B",null,"M","M","M"],"character_chosen":"IRONCLAD","items_purchased":["Flash of Steel","Seeing Red","TheAbacus","Dropkick","Whetstone"],"campfire_rested":0,"item_purchase_floors":[7,7,7,11,11],"current_hp_per_floor":[74,75,75,75,75,68,68,72,72,72,72,72,61,45,45,22,62,61,46,16,16],"gold":335,"neow_bonus":"THREE_ENEMY_KILL","is_daily":false,"chose_seed":false,"campfire_upgraded":3,"win_rate":0,"timestamp":1607609929,"path_taken":["M","?","?","?","?","?","?","?","T","R","$","R","?","E","R","BOSS","M","M","M"],"build_version":"2020-11-30","purchased_purges":1,"victory":false,"max_hp_per_floor":[75,75,75,75,75,75,75,75,75,75,75,75,75,75,75,75,75,75,78,78,78],"card_choices":[{"not_picked":["Reckless Charge","Clash","Armaments"],"picked":"SKIP","floor":1.0},{"not_picked":["Reckless Charge","Heavy Blade"],"picked":"Sword Boomerang","floor":2.0},{"not_picked":["Armaments","Clash","Intimidate"],"picked":"SKIP","floor":4.0},{"not_picked":["Twin Strike","Cleave"],"picked":"Shrug It Off","floor":8},{"not_picked":["Flex","Wild Strike"],"picked":"Double Tap","floor":14},{"not_picked":["Brutality","Fiend Fire"],"picked":"Feed","floor":16},{"not_picked":["Dark Embrace","Fire Breathing","Dual Wield"],"picked":"SKIP","floor":18},{"not_picked":["True Grit+1","Armaments","Cleave"],"picked":"SKIP","floor":19}],"player_experience":506597,"relics_obtained":[{"floor":9,"key":"Nunchaku"},{"floor":14,"key":"Toy Ornithopter"}],"event_choices":[{"damage_healed":0.0,"max_hp_gain":0.0,"max_hp_loss":0.0,"gold_gain":0.0,"event_name":"FaceTrader","player_choice":"Trade","floor":3.0,"gold_loss":0.0,"damage_taken":0.0,"relics_obtained":["SsserpentHead"]},{"damage_healed":0,"gold_gain":150,"player_choice":"AGREE","damage_taken":0,"max_hp_gain":0,"max_hp_loss":0,"event_name":"Liars Game","floor":5,"gold_loss":0,"cards_obtained":["Doubt"]},{"cards_removed":["Doubt"],"damage_healed":0,"gold_gain":0,"player_choice":"Card Removal","damage_taken":7,"max_hp_gain":0,"max_hp_loss":0,"event_name":"Golden Wing","floor":6,"gold_loss":0},{"damage_healed":0,"gold_gain":75,"player_choice":"Gather Gold","damage_taken":11,"max_hp_gain":0,"max_hp_loss":0,"event_name":"World of Goop","floor":13,"gold_loss":0}],"is_beta":false,"boss_relics":[{"not_picked":["Busted Crown","Tiny House"],"picked":"Sozu"}],"items_purged_floors":[7],"is_endless":false,"potions_floor_spawned":[1,14,16,19],"killed_by":"Cultist and Chosen","ascension_level":15}}