{"host":"n7mxhpjy89lltbhc","time":1607584702,"event":{"gold_per_floor":[116,41,41,41,51,51,80,80,80,98,116,133,58,58,58,155,155,171,171,171,171,211,239,239,270,270],"floor_reached":25,"playtime":1307,"items_purged":["bard:Strike","bard:Strike"],"score":319,"play_id":"2045ec10-aa14-4ea4-8c1a-6c15c876011b","local_time":"25631210141822","is_ascension_mode":false,"campfire_choices":[{"data":"bard:LifeDrain","floor":6,"key":"SMITH"},{"data":"bard:Doot","floor":15,"key":"SMITH"},{"data":"Gensokyo:FourOfAKind","floor":24,"key":"SMITH"}],"neow_cost":"NONE","seed_source_timestamp":5802738594100,"circlet_count":0,"master_deck":["bard:Strike","bard:Strike","bard:Defend","bard:Defend","bard:Defend","bard:Defend","bard:Riposte","bard:FeastOnFear+1","bard:LifeDrain+1","bard:ViciousMockery+1","bard:PowerWordStun+1","bard:PhantasmalForce+1","bard:Sift+1","bard:Doot+1","Zap+1","bard:Sonata+1","bard:SixFourTime","Voices","Gensokyo:FourOfAKind","Gensokyo:FourOfAKind","Gensokyo:FourOfAKind","Gensokyo:FourOfAKind+1","bard:GlyphOfWarding+1"],"relics":["bard:BagPipes","relicPack:AllForOne","FaceOfCleric","Bronze Scales","strawberrySpire:TinySteamboat","m_MusicBox","vexMod:ImprovementManual","Busted Crown","BargainBundle","Ring of Hypnosis","Ring of Searing","Divine Protection"],"potions_floor_usage":[16,18,23],"damage_taken":[{"damage":1,"enemies":"Cultist","floor":1,"turns":3},{"damage":6,"enemies":"Jaw Worm","floor":5,"turns":4},{"damage":0,"enemies":"Gremlin Nob","floor":7,"turns":4},{"damage":0,"enemies":"2 Louse","floor":10,"turns":2},{"damage":2,"enemies":"Red Slaver","floor":11,"turns":2},{"damage":0,"enemies":"Large Slime","floor":12,"turns":4},{"damage":0,"enemies":"Hexaghost","floor":16,"turns":10},{"damage":15,"enemies":"Gensokyo:2_Gloops","floor":18,"turns":7},{"damage":15,"enemies":"Gensokyo:AngelMirror","floor":22,"turns":6},{"damage":22,"enemies":"Gensokyo:Reisen","floor":23,"turns":5},{"damage":9,"enemies":"Gensokyo:Wraith","floor":25,"turns":4}],"seed_played":"2621217824906616380","potions_obtained":[{"floor":5,"key":"blueLaboratory:CorrosionFlask"},{"floor":10,"key":"SmokeBomb"},{"floor":11,"key":"SteroidPotion"},{"floor":12,"key":"Languid Potion"},{"floor":22,"key":"Explosive Potion"},{"floor":23,"key":"Block Potion"}],"is_trial":false,"path_per_floor":["M","$","?","?","M","R","E","?","T","M","M","M","$","?","R","B",null,"M","AVR","?","?","M","E","R","M"],"character_chosen":"BARD","items_purchased":["bard:LifeDrain"],"campfire_rested":0,"item_purchase_floors":[2],"current_hp_per_floor":[69,69,69,69,64,64,65,65,65,66,65,66,66,66,66,67,76,62,62,62,54,40,19,19,10,10],"gold":270,"neow_bonus":"UPGRADE_CARD","is_prod":false,"is_daily":false,"chose_seed":false,"campfire_upgraded":3,"win_rate":0,"timestamp":1607584702,"path_taken":["M","?","?","?","?","R","E","?","T","?","M","M","?","?","R","BOSS","M","AVR","?","?","?","E","R","M"],"build_version":"2020-11-30","purchased_purges":2,"victory":false,"max_hp_per_floor":[70,70,70,70,71,71,72,72,72,73,74,75,75,75,75,76,76,77,77,77,54,55,56,56,56,56],"relic_stats":{"Busted Crown":6,"FaceOfCleric":9,"counters":[11,51],"Bronze Scales":[93],"obtain_stats":[{"bard:BagPipes":0,"Divine Protection":23,"BargainBundle":19,"bard:PitchPipe":0,"Ring of Hypnosis":20,"m_MusicBox":14,"strawberrySpire:TinySteamboat":9,"Ring of Searing":20,"Busted Crown":19,"FaceOfCleric":4,"Bronze Scales":7,"relicPack:AllForOne":3,"vexMod:ImprovementManual":17},{"bard:BagPipes":0,"Divine Protection":10,"BargainBundle":8,"bard:PitchPipe":0,"Ring of Hypnosis":8,"m_MusicBox":6,"strawberrySpire:TinySteamboat":3,"Ring of Searing":8,"Busted Crown":8,"FaceOfCleric":1,"Bronze Scales":3,"relicPack:AllForOne":1,"vexMod:ImprovementManual":7},{"bard:BagPipes":0,"Divine Protection":47,"BargainBundle":36,"bard:PitchPipe":0,"Ring of Hypnosis":36,"m_MusicBox":19,"strawberrySpire:TinySteamboat":11,"Ring of Searing":36,"Busted Crown":36,"FaceOfCleric":3,"Bronze Scales":11,"relicPack:AllForOne":3,"vexMod:ImprovementManual":29}]},"card_choices":[{"not_picked":["bard:Fermata","bard:HarmoniousVoice"],"picked":"bard:FeastOnFear","floor":1},{"not_picked":["bard:CuttingWords","bard:Parry"],"picked":"bard:ViciousMockery","floor":5},{"not_picked":["bard:Flourish","bard:Fermata"],"picked":"bard:PowerWordStun","floor":7},{"not_picked":["bard:SongBolt","bard:GreaterMagicWeapon"],"picked":"bard:PhantasmalForce","floor":10},{"not_picked":["bard:QuickSong","bard:ViciousMockery"],"picked":"bard:Sift","floor":11},{"not_picked":["bard:Sift","bard:FalseLife"],"picked":"bard:Doot","floor":12},{"not_picked":["bard:MnemonicVestments","bard:ReverseGravity"],"picked":"bard:Sonata","floor":16},{"not_picked":["bard:Shout","bard:FeastOnFear+1"],"picked":"bard:SixFourTime","floor":18},{"not_picked":["bard:LingeringEcho"],"picked":"SKIP","floor":22},{"not_picked":[],"picked":"bard:GlyphOfWarding+1","floor":23}],"player_experience":911379,"relics_obtained":[{"floor":7,"key":"Bronze Scales"},{"floor":9,"key":"strawberrySpire:TinySteamboat"},{"floor":20,"key":"Ring of Hypnosis"},{"floor":20,"key":"Ring of Searing"},{"floor":23,"key":"Divine Protection"}],"event_choices":[{"damage_healed":0,"gold_gain":0,"player_choice":"Trade","damage_taken":0,"relics_obtained":["FaceOfCleric"],"max_hp_gain":0,"max_hp_loss":0,"event_name":"FaceTrader","floor":4,"gold_loss":0},{"damage_healed":0,"gold_gain":0,"player_choice":"Upgraded","damage_taken":0,"max_hp_gain":0,"max_hp_loss":0,"event_name":"Upgrade Shrine","floor":8,"gold_loss":0,"cards_upgraded":["bard:PowerWordStun"]}],"is_beta":false,"boss_relics":[{"not_picked":["vexMod:CursedCompass","vexMod:EndlessSickness"],"picked":"vexMod:ImprovementManual"}],"items_purged_floors":[13,19],"is_endless":false,"potions_floor_spawned":[5,10,11,12,22,23],"killed_by":"Gensokyo:Wraith","ascension_level":0}}