{"host":"jak4ncvfzor9mys0","time":1607644670,"event":{"mods":["2.2 Compatiblity","AchievementEnabler","BaseMod","Better Altar","Better Match","Better Note","Better Sensory Stone","Better Skull","Better Third Choice","BetterRewards","Block Reminder","Colored Map","Colored Powertips","Energized Spire","Gold Saver","Hubris","Infinite Spire","Key Reminder","Minty Spire (QoL Compilation)","Rare Cards Sparkle","Red Circlet Mod","Relic Sorter","Relic Stats","Replay The Spire","Retaliation","StSLib","SuperFastMode","The Blue Laboratory"],"gold_per_floor":[812,330,346,117,130,130,130,31,31,42,74,74,85,85,85,180,180,199,199,218,44,58,58,83,103,103,115,115,148,148,35,35,135,135,145,145,160,38,53,53,63,74,74,93,93,121,133,33,116,116,116],"floor_reached":50,"playtime":1946,"items_purged":["Strike_B","Strike_B","Defend_B","Strike_B","Strike_B","Defend_B"],"score":814,"play_id":"87b9ab2d-3fc9-4ee9-a217-fa948aba1822","local_time":"20201210155750","is_ascension_mode":false,"campfire_choices":[{"data":"Gash","floor":7.0,"key":"SMITH"},{"data":"Beam Cell","floor":12.0,"key":"SMITH"},{"data":"Scrape","floor":15.0,"key":"SMITH"},{"data":"Gash","floor":23.0,"key":"SMITH"},{"floor":32.0,"key":"REST"},{"data":"Gash","floor":40.0,"key":"SMITH"},{"data":"Hologram","floor":45,"key":"SMITH"}],"circlet_count":0,"master_deck":["Defend_B","Defend_B","Zap","Dualcast","ReplayGash","Scrape+1","Beam Cell+1","Rebound","Gash+1","Steam Power+1","Gash+1","Gash","Gash","Leap","infinitespire:Gouge","Conserve Battery","Gash+1","Leap","Gash+1","Go for the Eyes","Decay","Leap","Hologram+1","ReplayGash"],"relics":["Cracked Core","Sundial","Incense Burner","Ice Cream","Membership Card","ClockworkSouvenir","energizedSpire:OldTV","ReplayFunnel","HandDrill","Geode","Solar Panel","Ornamental Fan","hubris:BottledRain","Replay:Mystery Machine"],"acts_visited":["Exordium","TheCity","TheBeyond"],"potions_floor_usage":[50],"damage_taken":[{"damage":0.0,"enemies":"Small Slimes","floor":1.0,"turns":3.0},{"damage":0.0,"enemies":"Jaw Worm","floor":3.0,"turns":3.0},{"damage":0.0,"enemies":"Cultist","floor":5.0,"turns":3.0},{"damage":9.0,"enemies":"Blue Slaver","floor":10.0,"turns":3.0},{"damage":0.0,"enemies":"Gremlin Nob","floor":11.0,"turns":2.0},{"damage":0.0,"enemies":"Large Slime","floor":13.0,"turns":3.0},{"damage":32.0,"enemies":"Hexaghost","floor":16.0,"turns":5.0},{"damage":12.0,"enemies":"Shell Parasite","floor":18.0,"turns":3.0},{"damage":0.0,"enemies":"3 Byrds","floor":20.0,"turns":3.0},{"damage":0.0,"enemies":"Snecko","floor":22.0,"turns":3.0},{"damage":0.0,"enemies":"Book of Stabbing","floor":24.0,"turns":3.0},{"damage":3.0,"enemies":"Shelled Parasite and Fungi","floor":25.0,"turns":4.0},{"damage":0.0,"enemies":"Snake Plant","floor":27.0,"turns":3.0},{"damage":47.0,"enemies":"Nightmare","floor":29.0,"turns":8.0},{"damage":0.0,"enemies":"Collector","floor":33.0,"turns":6.0},{"damage":0.0,"enemies":"Orb Walker","floor":35.0,"turns":3.0},{"damage":22.0,"enemies":"3 Shapes","floor":37.0,"turns":4.0},{"damage":0.0,"enemies":"Spire Growth","floor":39.0,"turns":4.0},{"damage":3.0,"enemies":"3 Darklings","floor":41.0,"turns":4.0},{"damage":0.0,"enemies":"Transient","floor":42.0,"turns":5.0},{"damage":6,"enemies":"Writhing Mass","floor":44,"turns":4},{"damage":0,"enemies":"R_Hoarder","floor":46,"turns":6},{"damage":0,"enemies":"3 Darklings","floor":47,"turns":3},{"damage":83,"enemies":"hubris:GrandSnecko","floor":50,"turns":15}],"seed_played":"-7879879507161286873","potions_obtained":[{"floor":20.0,"key":"Block Potion"},{"floor":27.0,"key":"CultistPotion"},{"floor":35.0,"key":"SteroidPotion"},{"floor":39.0,"key":"AttackPotion"},{"floor":44,"key":"Energy Potion"}],"is_trial":false,"path_per_floor":["M","$","M","$","M","?","R","$","T","M","E","R","M","$","R","B",null,"M","AVR","M","$","M","R","E","M","T","M","?","NM","?","$","R","B",null,"M","?","M","$","M","R","M","M","T","M","R","E","M","$","R_BF","B"],"character_chosen":"DEFECT","items_purchased":["ReplayGash","Scrape","Leap","Ice Cream","Rebound","Membership Card","ClockworkSouvenir","Gash","Gash","ReplayFunnel","HandDrill","Go for the Eyes","Ornamental Fan"],"campfire_rested":1,"item_purchase_floors":[0,0,0,2,2,4,8,8,21,21,21,31,38],"current_hp_per_floor":[75,75,75,75,75,75,75,75,75,66,66,66,66,66,66,34,75,63,63,63,63,63,63,63,60,60,62,62,19,44,44,66,68,75,75,75,55,55,57,57,58,60,60,56,56,58,60,60,60,0,0],"gold":116,"neow_bonus":"","is_daily":false,"chose_seed":false,"campfire_upgraded":6,"win_rate":0.0,"timestamp":1607644670,"path_taken":["M","$","M","$","M","?","R","?","T","M","E","R","M","$","R","BOSS","M","AVR","M","$","M","R","E","M","T","M","?","NM","?","$","R","BOSS","M","?","M","$","M","R","M","M","T","M","R","E","M","$","R_BF","BOSS"],"items_purchased_type":["Card","Card","Card","Relic","Card","Relic","Relic","Card","Card","Relic","Relic","Card","Relic"],"build_version":"2020-11-30","purchased_purges":6,"victory":false,"max_hp_per_floor":[75,75,75,75,75,75,75,75,75,75,75,75,75,75,75,75,75,75,75,75,75,75,75,75,75,75,75,75,75,75,75,75,75,75,75,75,75,75,75,75,75,75,75,75,75,75,75,75,75,75,75],"relic_stats":{"counters":[108,521],"Sundial":[14],"Ornamental Fan":[96],"HandDrill":[112],"obtain_stats":[{"Ice Cream":39,"energizedSpire:UnstableMolecules":20,"Calipers":17,"CeramicFish":24,"Whetstone":9,"Sling":0,"Lizard Tail":29,"infinitespire:SolderingIron":28,"Sundial":11,"infinitespire:Golems Mask":20,"MealTicket":0,"HandDrill":3,"Toxic Egg 2":7,"Counterbalance":40,"hubris:SphereOfDissonance":9,"War Paint":14,"Du-Vu Doll":24,"SlaversCollar":27,"Replay:Baseball":26,"Molten Egg 2":23,"hubris:TenFootPole":43,"energizedSpire:OldTV":34,"Solar Panel":6,"ReplayFunnel":21,"hubris:Metronome":14,"Carrot":9,"Snecko Heart":17,"StoneCalendar":37,"hubris:SlimyHat":29,"Incense Burner":9,"Replay:Mystery Machine":46,"ClockworkSouvenir":13,"hubris:Backtick":17,"hubris:ScarierMask":17,"Replay:Bottled Eggs":10,"Cracked Core":0,"InkBottle":27,"hubris:GlazedTorus":9,"Lee\u0027s Waffle":3,"NeowsBlessing":0,"Golden Idol":4,"The Courier":13,"hubris:MedicalManual":48,"Geode":24,"hubris:Towel":37,"Peace Pipe":11,"Anchor":13,"Ornamental Fan":38,"betterThird:SlimedRelic":2,"Snack Pack":26,"Membership Card":28,"ReplayTheSpireMod:Lightbulb":26,"Toy Ornithopter":13,"hubris:OldNail":12,"infinitespire:Midas Blood":9,"hubris:BottledRain":43},{"Ice Cream":55,"energizedSpire:UnstableMolecules":25,"Calipers":45,"CeramicFish":12,"Whetstone":42,"Sling":39,"Lizard Tail":50,"infinitespire:SolderingIron":49,"Sundial":89,"infinitespire:Golems Mask":25,"MealTicket":57,"HandDrill":59,"Toxic Egg 2":42,"Counterbalance":56,"hubris:SphereOfDissonance":63,"War Paint":64,"Du-Vu Doll":48,"SlaversCollar":71,"Replay:Baseball":71,"Molten Egg 2":70,"hubris:TenFootPole":79,"energizedSpire:OldTV":52,"Solar Panel":62,"ReplayFunnel":93,"hubris:Metronome":22,"Carrot":30,"Snecko Heart":23,"StoneCalendar":55,"hubris:SlimyHat":73,"Incense Burner":87,"Replay:Mystery Machine":106,"ClockworkSouvenir":63,"hubris:Backtick":45,"hubris:ScarierMask":65,"Replay:Bottled Eggs":5,"Cracked Core":0,"InkBottle":71,"hubris:GlazedTorus":4,"Lee\u0027s Waffle":17,"NeowsBlessing":0,"Golden Idol":29,"The Courier":22,"hubris:MedicalManual":83,"Geode":95,"hubris:Towel":77,"Peace Pipe":43,"Anchor":63,"Ornamental Fan":101,"betterThird:SlimedRelic":17,"Snack Pack":13,"Membership Card":49,"ReplayTheSpireMod:Lightbulb":48,"Toy Ornithopter":33,"hubris:OldNail":43,"infinitespire:Midas Blood":19,"hubris:BottledRain":104},{"Ice Cream":284,"energizedSpire:UnstableMolecules":129,"Calipers":223,"CeramicFish":65,"Whetstone":205,"Sling":194,"Lizard Tail":254,"infinitespire:SolderingIron":245,"Sundial":432,"infinitespire:Golems Mask":129,"MealTicket":294,"HandDrill":302,"Toxic Egg 2":205,"Counterbalance":291,"hubris:SphereOfDissonance":314,"War Paint":319,"Du-Vu Doll":239,"SlaversCollar":351,"Replay:Baseball":351,"Molten Egg 2":349,"hubris:TenFootPole":384,"energizedSpire:OldTV":269,"Solar Panel":311,"ReplayFunnel":446,"hubris:Metronome":107,"Carrot":150,"Snecko Heart":118,"StoneCalendar":284,"hubris:SlimyHat":357,"Incense Burner":427,"Replay:Mystery Machine":503,"ClockworkSouvenir":314,"hubris:Backtick":223,"hubris:ScarierMask":330,"Replay:Bottled Eggs":18,"Cracked Core":0,"InkBottle":351,"hubris:GlazedTorus":8,"Lee\u0027s Waffle":90,"NeowsBlessing":0,"Golden Idol":145,"The Courier":107,"hubris:MedicalManual":406,"Geode":452,"hubris:Towel":376,"Peace Pipe":212,"Anchor":314,"Ornamental Fan":480,"betterThird:SlimedRelic":90,"Snack Pack":70,"Membership Card":245,"ReplayTheSpireMod:Lightbulb":239,"Toy Ornithopter":162,"hubris:OldNail":212,"infinitespire:Midas Blood":94,"hubris:BottledRain":493}]},"card_choices":[{"not_picked":["Barrage","Go for the Eyes"],"picked":"Beam Cell","floor":1.0},{"not_picked":["Steam","Cold Snap"],"picked":"Gash","floor":3.0},{"not_picked":["Panic Button","Coolheaded","Steam"],"picked":"SKIP","floor":5.0},{"not_picked":["BasicCrystalCard","Amplify","Hello World"],"picked":"SKIP","floor":10.0},{"not_picked":["Ball Lightning","Stack"],"picked":"Gash","floor":11.0},{"not_picked":["Reinforced Body","Leap"],"picked":"Gash","floor":13.0},{"not_picked":["Conserve Battery","Turbo"],"picked":"Leap","floor":18.0},{"not_picked":["Streamline","BasicCrystalCard"],"picked":"Conserve Battery","floor":20.0},{"not_picked":["Double Energy","Ball Lightning","Recycle"],"picked":"SKIP","floor":22.0},{"not_picked":["Rebound","Multi-Cast"],"picked":"Leap","floor":24.0},{"not_picked":["Turbo","Time Bomb+1"],"picked":"Gash+1","floor":25.0},{"not_picked":["Fusion+1","Aggregate+1","Storm+1"],"picked":"SKIP","floor":27.0},{"not_picked":["Cold Snap+1","ReplayTheSpireMod:Repulse","Scrape"],"picked":"SKIP","floor":29.0},{"not_picked":["Cold Snap+1","ReplayTheSpireMod:Repulse","Scrape"],"picked":"SKIP","floor":29.0},{"not_picked":["Sweeping Beam+1","Static Discharge","Panic Button+1"],"picked":"SKIP","floor":35.0},{"not_picked":["Go for the Eyes+1","Redo","Force Field+1"],"picked":"SKIP","floor":37.0},{"not_picked":["Scrape","Streamline+1"],"picked":"Leap","floor":39.0},{"not_picked":["Steam+1","Panic Button","Steam Power"],"picked":"SKIP","floor":41.0},{"not_picked":["Stack","ReplayTheSpireMod:Repulse","Conserve Battery+1"],"picked":"SKIP","floor":42},{"not_picked":["Redo+1","Hologram","Fission"],"picked":"SKIP","floor":44},{"not_picked":["Redo+1","Fission"],"picked":"Hologram","floor":44},{"not_picked":["Go for the Eyes","Cold Snap","Ball Lightning+1"],"picked":"SKIP","floor":46},{"not_picked":["Beam Cell+1","Sweeping Beam+1"],"picked":"ReplayGash","floor":47}],"player_experience":2560350,"relics_obtained":[{"floor":9.0,"key":"Incense Burner"},{"floor":11.0,"key":"Sundial"},{"floor":24.0,"key":"Geode"},{"floor":26.0,"key":"Solar Panel"},{"floor":43,"key":"hubris:BottledRain"},{"floor":46,"key":"Replay:Mystery Machine"}],"event_choices":[{"cards_removed":["Strike_B"],"damage_healed":0.0,"max_hp_gain":0.0,"max_hp_loss":0.0,"gold_gain":0.0,"event_name":"betterNote:BetterNote","player_choice":"Give","floor":28.0,"gold_loss":0.0,"damage_taken":0.0,"cards_obtained":["Defend_B"]},{"damage_healed":25.0,"max_hp_gain":0.0,"max_hp_loss":0.0,"gold_gain":0.0,"event_name":"The Library","player_choice":"Heal","floor":30.0,"gold_loss":0.0,"damage_taken":0.0},{"damage_healed":0.0,"max_hp_gain":0.0,"max_hp_loss":0.0,"gold_gain":0.0,"event_name":"Wheel of Change","player_choice":"Cursed","floor":36.0,"gold_loss":0.0,"damage_taken":0.0,"cards_obtained":["Decay"]}],"is_beta":false,"boss_relics":[{"not_picked":["Snecko Eye","energizedSpire:HugeHouse","Cursed Key"]},{"not_picked":["Kintsugi","Painkiller Herb","energizedSpire:OgreHead"]}],"items_purged_floors":[0,0,2,4,31,48],"is_endless":true,"potions_floor_spawned":[3,13,20,27,35,39,44],"killed_by":"hubris:GrandSnecko","ascension_level":0}}