{"host":"ypphcgdomtfqpc2w","time":1607601828,"event":{"gold_per_floor":[16,16,16,32,42,42,7,38,63,77,91,91,91,150,150,227,227,246,246,246,29,44,44,76,93,93,93,107,107,107],"floor_reached":29,"playtime":1650,"items_purged":[],"score":511,"play_id":"edc7b773-d925-403a-8561-a731ea8cc2a5","local_time":"20201210210348","is_ascension_mode":true,"campfire_choices":[{"data":"Poisoned Stab","floor":6.0,"key":"SMITH"},{"data":"Expertise","floor":12.0,"key":"SMITH"},{"data":"Acrobatics","floor":15.0,"key":"SMITH"},{"data":"Wraith Form v2","floor":23.0,"key":"SMITH"},{"data":"Tactician","floor":27.0,"key":"SMITH"}],"neow_cost":"NO_GOLD","seed_source_timestamp":35033013280699,"circlet_count":0,"master_deck":["AscendersBane","Strike_G","Strike_G","Strike_G","Strike_G","Strike_G","Defend_G","Defend_G","Defend_G","Survivor","Neutralize","Grand Finale","Dodge and Roll","Poisoned Stab+1","Sucker Punch","Expertise+1","Acrobatics+1","Leg Sweep","Adrenaline","Dagger Throw","Necronomicurse","Wraith Form v2+1","Tactician+1","Footwork","Deflect","Acrobatics"],"special_seed":0,"relics":["Ring of the Snake","Toy Ornithopter","Lantern","Tough Bandages","Black Star","Necronomicon","TungstenRod","Mango","Pocketwatch"],"potions_floor_usage":[],"damage_taken":[{"damage":5.0,"enemies":"Cultist","floor":1.0,"turns":5.0},{"damage":0.0,"enemies":"2 Louse","floor":4.0,"turns":2.0},{"damage":7.0,"enemies":"Small Slimes","floor":5.0,"turns":3.0},{"damage":47.0,"enemies":"Lagavulin","floor":8.0,"turns":10.0},{"damage":0.0,"enemies":"Exordium Wildlife","floor":10.0,"turns":2.0},{"damage":4.0,"enemies":"Looter","floor":11.0,"turns":3.0},{"damage":0.0,"enemies":"Gremlin Nob","floor":14.0,"turns":2.0},{"damage":20.0,"enemies":"The Guardian","floor":16.0,"turns":13.0},{"damage":0.0,"enemies":"2 Thieves","floor":18.0,"turns":2.0},{"damage":3.0,"enemies":"3 Byrds","floor":22.0,"turns":10.0},{"damage":18.0,"enemies":"Slavers","floor":24.0,"turns":2.0},{"damage":11.0,"enemies":"Centurion and Healer","floor":25.0,"turns":12.0},{"damage":27,"enemies":"Chosen and Byrds","floor":28,"turns":13},{"damage":15,"enemies":"Cultist and Chosen","floor":29,"turns":6}],"seed_played":"-5484475852405559698","potions_obtained":[{"floor":10.0,"key":"SteroidPotion"},{"floor":11.0,"key":"SpeedPotion"},{"floor":14.0,"key":"BlessingOfTheForge"},{"floor":22.0,"key":"CunningPotion"}],"is_trial":false,"path_per_floor":["M","$","?","M","M","R","?","E","T","M","M","R","?","?","R","B",null,"M","?","?","$","M","R","E","M","T","R","M","M"],"character_chosen":"THE_SILENT","items_purchased":["Tactician","Swift Potion","Footwork"],"campfire_rested":0,"item_purchase_floors":[21,21,21],"current_hp_per_floor":[54,54,59,59,52,52,69,22,22,22,18,18,18,23,23,8,55,60,39,39,39,36,36,42,31,31,31,4,0,0],"gold":107,"neow_bonus":"TRANSFORM_TWO_CARDS","is_prod":false,"is_daily":false,"chose_seed":false,"campfire_upgraded":5,"win_rate":0,"timestamp":1607601828,"path_taken":["M","?","?","M","M","R","?","E","T","M","?","R","?","?","R","BOSS","M","?","?","$","M","R","E","M","T","R","M","?"],"build_version":"2020-11-30","purchased_purges":0,"victory":false,"max_hp_per_floor":[66,66,71,71,71,71,71,71,71,71,71,71,71,71,71,71,71,71,71,71,71,71,71,85,85,85,85,85,85,85],"relic_stats":{"Tough Bandages":[162],"counters":[14,85],"Black Star":1,"Necronomicon":[0],"obtain_stats":[{"Lantern":9,"Tough Bandages":14,"Mango":24,"Black Star":17,"Necronomicon":19,"Toy Ornithopter":8,"TungstenRod":24,"Ring of the Snake":0,"Pocketwatch":26},{"Lantern":4,"Tough Bandages":7,"Mango":11,"Black Star":8,"Necronomicon":9,"Toy Ornithopter":4,"TungstenRod":11,"Ring of the Snake":0,"Pocketwatch":12},{"Lantern":20,"Tough Bandages":27,"Mango":54,"Black Star":40,"Necronomicon":42,"Toy Ornithopter":20,"TungstenRod":54,"Ring of the Snake":0,"Pocketwatch":66}],"Toy Ornithopter":25,"TungstenRod":11,"Ring of the Snake":[28],"Pocketwatch":[42]},"card_choices":[{"not_picked":["Outmaneuver","Flechettes"],"picked":"Poisoned Stab","floor":1.0},{"not_picked":["Deflect","Eviscerate","Sucker Punch"],"picked":"SKIP","floor":4.0},{"not_picked":["Deflect","Eviscerate"],"picked":"Sucker Punch","floor":4.0},{"not_picked":["Cloak And Dagger","Deflect","Dagger Spray"],"picked":"SKIP","floor":5.0},{"not_picked":["Poisoned Stab","Cloak And Dagger"],"picked":"Expertise","floor":8.0},{"not_picked":["Quick Slash","Sucker Punch","Cloak And Dagger"],"picked":"SKIP","floor":10.0},{"not_picked":["PiercingWail","Blade Dance"],"picked":"Acrobatics","floor":11.0},{"not_picked":["Underhanded Strike","Predator"],"picked":"Leg Sweep","floor":14.0},{"not_picked":["Doppelganger","Die Die Die"],"picked":"Adrenaline","floor":16.0},{"not_picked":["Terror+1","Infinite Blades"],"picked":"Dagger Throw","floor":18.0},{"not_picked":["Blur","Quick Slash+1"],"picked":"Deflect","floor":22.0},{"not_picked":["Wraith Form v2","Underhanded Strike"],"picked":"Acrobatics","floor":24.0},{"not_picked":["Distraction","Outmaneuver","Dagger Spray"],"picked":"SKIP","floor":25.0},{"not_picked":["Cloak And Dagger","Dash","Sucker Punch+1"],"picked":"SKIP","floor":28}],"player_experience":1933936,"relics_obtained":[{"floor":8.0,"key":"Toy Ornithopter"},{"floor":9.0,"key":"Lantern"},{"floor":14.0,"key":"Tough Bandages"},{"floor":19.0,"key":"Necronomicon"},{"floor":24.0,"key":"TungstenRod"},{"floor":24.0,"key":"Mango"},{"floor":26.0,"key":"Pocketwatch"}],"event_choices":[{"damage_healed":0.0,"max_hp_gain":5.0,"max_hp_loss":0.0,"gold_gain":0.0,"event_name":"Big Fish","player_choice":"Donut","floor":3.0,"gold_loss":0.0,"damage_taken":0.0},{"damage_healed":17.0,"max_hp_gain":0.0,"max_hp_loss":0.0,"gold_gain":0.0,"event_name":"The Cleric","player_choice":"Healed","floor":7.0,"gold_loss":35.0,"damage_taken":0.0},{"damage_healed":0.0,"max_hp_gain":0.0,"max_hp_loss":0.0,"gold_gain":0.0,"event_name":"Liars Game","player_choice":"Ignored","floor":13.0,"gold_loss":0.0,"damage_taken":0.0},{"damage_healed":0.0,"max_hp_gain":0.0,"max_hp_loss":0.0,"gold_gain":0.0,"event_name":"Dead Adventurer","player_choice":"Searched \u00271\u0027 times","floor":14.0,"gold_loss":0.0,"damage_taken":0.0},{"damage_healed":0.0,"max_hp_gain":0.0,"max_hp_loss":0.0,"gold_gain":0.0,"event_name":"Cursed Tome","player_choice":"Obtained Book","floor":19.0,"gold_loss":0.0,"damage_taken":21.0},{"damage_healed":0.0,"max_hp_gain":0.0,"max_hp_loss":0.0,"gold_gain":0.0,"event_name":"Match and Keep!","player_choice":"1 cards matched","floor":20.0,"gold_loss":0.0,"damage_taken":0.0,"cards_obtained":["Wraith Form v2"]}],"is_beta":false,"boss_relics":[{"not_picked":["Velvet Choker","Calling Bell"],"picked":"Black Star"}],"items_purged_floors":[],"is_endless":false,"potions_floor_spawned":[10,11,14,22],"killed_by":"Cultist and Chosen","ascension_level":20}}