{"host":"w7o06k3e8uel8euj","time":1607569683,"event":{"gold_per_floor":[118,118,43,43,58,58,93,93,93,103,129,139,139,168,168,264,314,333,87,98,112,112,112,147,147,147,167,194,194,194,226,226,321,321,334,346,362,362,380,380,397,397,397,187,187,201,201,235,235,235,235,235,10,35,35],"floor_reached":56,"playtime":1852,"items_purged":["ats:Powerful Strike","ats:Defend Up","ats:Cat Scratch","ats:Defend Up"],"score":1453,"play_id":"b53d666b-05ec-4708-a9a1-4eeb94e6a3e0","local_time":"20201210120803","is_ascension_mode":false,"campfire_choices":[{"data":"ats:Hook Shot","floor":6.0,"key":"SMITH"},{"data":"ats:Emotion Absorption","floor":8.0,"key":"SMITH"},{"data":"ats:Emotion Absorption","floor":13.0,"key":"SMITH"},{"data":"ats:Assault Order","floor":15.0,"key":"SMITH"},{"data":"ats:Chain Hook","floor":23.0,"key":"SMITH"},{"data":"ats:Mental Burst","floor":29.0,"key":"SMITH"},{"floor":40.0,"key":"RECALL"},{"data":"ats:Overload","floor":42.0,"key":"SMITH"},{"data":"ats:Just Like an Apocalypse","floor":45.0,"key":"SMITH"},{"data":"ats:Nebulous Foxfire","floor":47.0,"key":"SMITH"},{"data":"ats:Consecutive Shot: Auto","floor":49.0,"key":"SMITH"}],"neow_cost":"NONE","seed_source_timestamp":1091184527409900,"circlet_count":0,"master_deck":["ats:Armor Crushing Shot","ats:Defend Up+1","ats:Emotion Absorption+1","ats:Emotion Absorption+1","ats:Hook Shot+1","ats:Consecutive Shot: Auto+1","ats:Chain Hook+1","ats:Assault Order+1","ats:Just Like an Apocalypse+1","ats:Nebulous Foxfire+1","ats:Mental Burst+1","ats:Overload+1","ats:Chain Hook+1","ats:Hook Shot","ats:Hook Shot+1"],"special_seed":0,"relics":["ats:Sanity","PreservedInsect","Gambling Chip","Letter Opener","FossilizedHelix","Omamori","Tiny House","ats:Ability Aura","Vajra","ats:Originium","Ancient Tea Set","MealTicket","Ornamental Fan","ats:Originium","Sozu","HornCleat","Membership Card","The Courier","ats:Originium","ats:Support","Strawberry","Bird Faced Urn"],"potions_floor_usage":[55,55,55],"damage_taken":[{"damage":2.0,"enemies":"2 Louse","floor":1.0,"turns":3.0},{"damage":0.0,"enemies":"Small Slimes","floor":5.0,"turns":3.0},{"damage":9.0,"enemies":"3 Sentries","floor":7.0,"turns":6.0},{"damage":0.0,"enemies":"Cultist","floor":10.0,"turns":2.0},{"damage":0.0,"enemies":"Gremlin Nob","floor":11.0,"turns":2.0},{"damage":0.0,"enemies":"Exordium Thugs","floor":12.0,"turns":3.0},{"damage":0.0,"enemies":"Lagavulin","floor":14.0,"turns":1.0},{"damage":0.0,"enemies":"Hexaghost","floor":16.0,"turns":1.0},{"damage":0.0,"enemies":"Spheric Guardian","floor":18.0,"turns":3.0},{"damage":0.0,"enemies":"Shell Parasite","floor":20.0,"turns":2.0},{"damage":5.0,"enemies":"Snake Plant","floor":21.0,"turns":3.0},{"damage":0.0,"enemies":"Book of Stabbing","floor":24.0,"turns":3.0},{"damage":5.0,"enemies":"Chosen and Byrds","floor":27.0,"turns":5.0},{"damage":9.0,"enemies":"Gremlin Leader","floor":28.0,"turns":5.0},{"damage":0.0,"enemies":"Book of Stabbing","floor":31.0,"turns":3.0},{"damage":24.0,"enemies":"Champ","floor":33.0,"turns":9.0},{"damage":0.0,"enemies":"Orb Walker","floor":35.0,"turns":2.0},{"damage":10.0,"enemies":"3 Shapes","floor":36.0,"turns":2.0},{"damage":3.0,"enemies":"Jaw Worm Horde","floor":37.0,"turns":3.0},{"damage":0.0,"enemies":"Spire Growth","floor":39.0,"turns":4.0},{"damage":12.0,"enemies":"3 Darklings","floor":41.0,"turns":5.0},{"damage":0.0,"enemies":"Writhing Mass","floor":46.0,"turns":4.0},{"damage":0.0,"enemies":"Giant Head","floor":48.0,"turns":3.0},{"damage":54,"enemies":"Awakened One","floor":50,"turns":10},{"damage":0,"enemies":"Shield and Spear","floor":54,"turns":1},{"damage":118,"enemies":"The Heart","floor":55,"turns":5}],"seed_played":"5119727648639908184","potions_obtained":[{"floor":5.0,"key":"EssenceOfSteel"},{"floor":10.0,"key":"Swift Potion"},{"floor":11.0,"key":"PowerPotion"},{"floor":17.0,"key":"Regen Potion"},{"floor":18.0,"key":"SmokeBomb"},{"floor":21.0,"key":"EntropicBrew"},{"floor":33.0,"key":"DistilledChaos"}],"is_trial":false,"path_per_floor":["M","?","$","?","M","R","E","R","T","M","E","M","R","E","R","B",null,"M","$","M","M","?","R","E","R","T","M","E","R","?","E","R","B",null,"M","M","M","T","M","R","M","R","T","$","R","M","R","E","R","B",null,"R","$","E","B",null],"character_chosen":"DOCTOR_CLASS","items_purchased":["ats:Ability Aura","Membership Card","ats:Hook Shot","ats:Support","Strawberry"],"campfire_rested":0,"item_purchase_floors":[19,44,53,53,53],"current_hp_per_floor":[70,63,63,63,63,63,54,54,54,54,54,54,54,54,54,60,77,77,77,77,72,72,72,77,77,77,74,68,68,68,75,75,72,77,77,67,71,71,77,77,72,72,72,77,77,77,77,77,77,50,77,77,84,84,13],"gold":35,"neow_bonus":"RANDOM_COMMON_RELIC","is_prod":false,"is_daily":false,"chose_seed":false,"campfire_upgraded":10,"win_rate":0.0,"timestamp":1607569683,"path_taken":["M","?","$","?","M","R","E","R","T","M","E","M","R","E","R","BOSS","M","$","M","M","?","R","E","R","T","M","E","R","?","E","R","BOSS","M","?","M","?","M","R","M","R","T","$","R","?","R","E","R","BOSS","R","$","E","BOSS"],"build_version":"2020-11-30","purchased_purges":4,"victory":true,"max_hp_per_floor":[72,72,72,72,72,72,72,72,72,72,72,72,72,72,72,72,77,77,77,77,77,77,77,77,77,77,77,77,77,77,77,77,77,77,77,77,77,77,77,77,77,77,77,77,77,77,77,77,77,77,77,77,84,84,84],"relic_stats":{"Sozu":5,"counters":[26,93],"Ornamental Fan":[152],"Gambling Chip":[67],"Bird Faced Urn":[0],"MealTicket":5,"PreservedInsect":402,"Letter Opener":[847],"obtain_stats":[{"ats:Ability Aura":19,"Tiny House":17,"Vajra":24,"PreservedInsect":0,"The Courier":48,"ats:Support":53,"Omamori":14,"Letter Opener":9,"Ancient Tea Set":26,"Sozu":34,"HornCleat":38,"ats:Originium":25,"Ornamental Fan":31,"Gambling Chip":7,"Strawberry":53,"Bird Faced Urn":54,"MealTicket":28,"ats:Sanity":0,"Membership Card":44,"FossilizedHelix":11},{"ats:Ability Aura":9,"Tiny House":8,"Vajra":12,"PreservedInsect":0,"The Courier":23,"ats:Support":24,"Omamori":7,"Letter Opener":3,"Ancient Tea Set":12,"Sozu":16,"HornCleat":19,"ats:Originium":12,"Ornamental Fan":15,"Gambling Chip":3,"Strawberry":24,"Bird Faced Urn":25,"MealTicket":14,"ats:Sanity":0,"Membership Card":21,"FossilizedHelix":5},{"ats:Ability Aura":24,"Tiny House":21,"Vajra":32,"PreservedInsect":0,"The Courier":77,"ats:Support":87,"Omamori":20,"Letter Opener":12,"Ancient Tea Set":32,"Sozu":54,"HornCleat":61,"ats:Originium":32,"Ornamental Fan":45,"Gambling Chip":12,"Strawberry":87,"Bird Faced Urn":88,"MealTicket":42,"ats:Sanity":0,"Membership Card":70,"FossilizedHelix":16}]},"card_choices":[{"not_picked":["ats:Defend Order","ats:Chain Hook"],"picked":"ats:Cat Scratch","floor":1.0},{"not_picked":["ats:Revitalization","ats:Flexible Camouflage"],"picked":"ats:Consecutive Shot: Auto","floor":5.0},{"not_picked":["ats:Durian","ats:Cat Scratch"],"picked":"ats:Chain Hook","floor":7.0},{"not_picked":["ats:Defend Order","ats:Chain Hook","ats:Explosion Area Strengthen"],"picked":"SKIP","floor":10.0},{"not_picked":["ats:Encircling Forest","ats:Charging Defense","ats:Thorns"],"picked":"SKIP","floor":11.0},{"not_picked":["ats:Curse Doll","ats:Revitalization","ats:Poison Spread"],"picked":"SKIP","floor":12.0},{"not_picked":["ats:Red Shift","ats:Very Hot Blade"],"picked":"ats:Assault Order","floor":14.0},{"not_picked":["ats:Explosion Area Strengthen","ats:Consecutive Shot: Auto"],"picked":"ats:Just Like an Apocalypse","floor":17.0},{"not_picked":["ats:Very Hot Blade","ats:Revitalization"],"picked":"ats:Nebulous Foxfire","floor":18.0},{"not_picked":["ats:Revitalization","ats:Explosion Area Strengthen","ats:Very Hot Blade+1"],"picked":"SKIP","floor":20.0},{"not_picked":["ats:Revitalization","ats:Poison Spread+1","ats:Just Like an Apocalypse"],"picked":"SKIP","floor":21.0},{"not_picked":["ats:Revitalization","ats:Flexible Camouflage","ats:Thermite Blade+1"],"picked":"SKIP","floor":24.0},{"not_picked":["ats:Magnetic Hammer","ats:Shell Defense","ats:Consecutive Shot: Auto"],"picked":"SKIP","floor":27.0},{"not_picked":["ats:Curse Doll","ats:Assault Order"],"picked":"ats:Mental Burst","floor":28.0},{"not_picked":["ats:Assault Order","ats:Explosion Area Strengthen+1"],"picked":"ats:Overload","floor":31.0},{"not_picked":["ats:Just Like an Apocalypse+1","ats:Attack Strengthen+1","ats:Shell Defense+1"],"picked":"SKIP","floor":35.0},{"not_picked":["ats:Automatic Cover+1","ats:Flexible Camouflage+1","ats:Consecutive Shot: Auto"],"picked":"SKIP","floor":36.0},{"not_picked":["ats:Very Hot Blade","ats:Composite Medical Shells+1","ats:Assault Order+1"],"picked":"SKIP","floor":37.0},{"not_picked":["ats:Soul Absorption","ats:Sunburst","ats:Just Like an Apocalypse"],"picked":"SKIP","floor":39.0},{"not_picked":["ats:Red Shift+1","ats:Very Hot Blade","ats:Overload+1"],"picked":"SKIP","floor":41.0},{"not_picked":["ats:Assault Order","ats:Poison Spread+1"],"picked":"ats:Chain Hook+1","floor":46.0},{"not_picked":["ats:Cat Scratch","ats:Fate","ats:Attack Strengthen"],"picked":"SKIP","floor":48.0},{"not_picked":["ats:Attack Strengthen","ats:Soul Absorption"],"picked":"ats:Hook Shot+1","floor":54}],"player_experience":543111,"relics_obtained":[{"floor":7.0,"key":"Gambling Chip"},{"floor":9.0,"key":"Letter Opener"},{"floor":11.0,"key":"FossilizedHelix"},{"floor":14.0,"key":"Omamori"},{"floor":24.0,"key":"Vajra"},{"floor":25.0,"key":"ats:Originium"},{"floor":26.0,"key":"Ancient Tea Set"},{"floor":28.0,"key":"MealTicket"},{"floor":31.0,"key":"Ornamental Fan"},{"floor":32.0,"key":"ats:Originium"},{"floor":38.0,"key":"HornCleat"},{"floor":48.0,"key":"The Courier"},{"floor":52,"key":"ats:Originium"},{"floor":54,"key":"Bird Faced Urn"}],"event_choices":[{"cards_removed":["ats:Defend Up"],"damage_healed":0.0,"max_hp_gain":0.0,"max_hp_loss":0.0,"gold_gain":0.0,"event_name":"Golden Wing","player_choice":"Card Removal","floor":2.0,"gold_loss":0.0,"damage_taken":7.0},{"damage_healed":0.0,"max_hp_gain":0.0,"max_hp_loss":0.0,"gold_gain":0.0,"cards_transformed":["ats:Powerful Strike"],"event_name":"Living Wall","player_choice":"Change","floor":4.0,"gold_loss":0.0,"damage_taken":0.0,"cards_obtained":["ats:Hook Shot"]},{"damage_healed":0.0,"max_hp_gain":0.0,"max_hp_loss":0.0,"gold_gain":0.0,"event_name":"Cursed Tome","player_choice":"Ignored","floor":22.0,"gold_loss":0.0,"damage_taken":0.0},{"cards_removed":["ats:Powerful Strike"],"damage_healed":0.0,"max_hp_gain":0.0,"max_hp_loss":0.0,"gold_gain":0.0,"event_name":"Purifier","player_choice":"Purged","floor":30.0,"gold_loss":0.0,"damage_taken":0.0}],"is_beta":false,"boss_relics":[{"not_picked":["Velvet Choker","Philosopher\u0027s Stone"],"picked":"Tiny House"},{"not_picked":["Snecko Eye","Busted Crown"],"picked":"Sozu"}],"items_purged_floors":[3,19,44,53],"is_endless":false,"potions_floor_spawned":[5,10,11,14,18,21,27,31,33,35,36,37,41,54],"ascension_level":0}}