{"host":"bg0cyinkrjnqf173","time":1607626820,"event":{"mods":["BaseMod","StSLib","Aspiration","Beaked The Cultist","Better Third Choice","BetterRewards","Conspire","Custom Start","Googly Eyes","Halation","Hubris","Infinite Spire","Permanent Neow","Rare Cards Sparkle","Relic Sorter","Replay The Spire","Shop Mod","Spicy Shops","Spikes Relics","The Construct","The Valiant","Colored Map","Defuse TimeMaze Blight","Displayed Cursed Tome","Jedi Mod","Minty Spire (QoL Compilation)","Quick Restart","The Bladedancer","Hermit"],"gold_per_floor":[118,118,118,118,118,152,170,198,270,289,289,303,323,353,353,448,448,462,480,491,537,537,537,557,575,601,601,616,616,308,327,327,423,423,439,452,468,478,478,478,506,506,506,525,537,537,550,566,566,566],"floor_reached":51,"playtime":3119,"items_purged":["Strike_R"],"score":790,"play_id":"3ec101de-deaf-44fe-b86a-2436c3d9845d","local_time":"20201210140020","is_ascension_mode":true,"campfire_choices":[{"floor":11,"key":"REST"},{"data":"Double Tap","floor":15,"key":"SMITH"},{"floor":23,"key":"REST"},{"floor":27,"key":"REST"},{"floor":29,"key":"REST"},{"floor":32,"key":"REST"},{"data":"Eclipse","floor":40,"key":"SMITH"},{"data":"jedi:MakeshiftSword","floor":42,"key":"SMITH"},{"data":"Mayhem","floor":49,"key":"SMITH"}],"circlet_count":0,"master_deck":["Strike_R","Strike_R","Strike_R","Strike_R","Defend_R","Defend_R","Defend_R","Defend_R","Bash","ThirdEye","Double Tap+1","conspire:Charge","Crescendo","Dagger Throw","ClearTheMind","jedi:fear","Invigoration","Eclipse+1","Feel No Pain","Burning Pact+1","Iron Wave+1","ReplayTheSpireMod:Splinters","Replay:Undeath\u0027s Touch","Disarm+1","Wild Strike","Run Through+1","Uppercut","jedi:MakeshiftSword+1","Corruption","jedi:fear+1","jedi:MakeshiftSword+1","Absolvement+1","infinitespire:Punishment","Mayhem+1","ReplayTheSpireMod:Muscle Training+1","Bloodletting+1"],"relics":["Burning Blood","aspiration:Nostalgia","Replay:M_StaffOfTheSnake","PreservedInsect","ReplayTheSpireMod:Shallot","Nunchaku","halation:BottledLove","Replay:Baseball","halation:MonkeysPaw","Replay:Accelerometer","hubris:Icosahedron","SnailShell","Gambling Chip","Mark of Pain","Replay:PocketPolymizer","Art of War","Replay:Bottled Steam"],"acts_visited":["Exordium","TheCity","TheBeyond"],"potions_floor_usage":[8,16,16,25,33],"damage_taken":[{"damage":5,"enemies":"Small Slimes","floor":1,"turns":3},{"damage":41,"enemies":"3 Sentries","floor":6,"turns":11},{"damage":0,"enemies":"Jaw Worm","floor":7,"turns":4},{"damage":33,"enemies":"Lagavulin","floor":8,"turns":7},{"damage":0,"enemies":"2 Louse","floor":10,"turns":2},{"damage":1,"enemies":"Blue Slaver","floor":12,"turns":3},{"damage":1,"enemies":"Large Slime","floor":13,"turns":5},{"damage":2,"enemies":"3 Sentries","floor":14,"turns":6},{"damage":18,"enemies":"Slime Boss","floor":16,"turns":10},{"damage":17,"enemies":"Shell Parasite","floor":18,"turns":6},{"damage":35,"enemies":"2 Thieves","floor":19,"turns":4},{"damage":20,"enemies":"Centurion and Healer","floor":20,"turns":8},{"damage":20,"enemies":"Snecko","floor":24,"turns":7},{"damage":16,"enemies":"Snake Plant","floor":25,"turns":7},{"damage":49,"enemies":"Cultist and Chosen","floor":28,"turns":9},{"damage":21,"enemies":"Centurion and Healer","floor":31,"turns":6},{"damage":31,"enemies":"hubris:MusketHawk","floor":33,"turns":5},{"damage":2,"enemies":"Orb Walker","floor":35,"turns":2},{"damage":3,"enemies":"3 Shapes","floor":36,"turns":1},{"damage":0,"enemies":"Sphere and 2 Shapes","floor":37,"turns":2},{"damage":7,"enemies":"3 Darklings","floor":38,"turns":3},{"damage":0,"enemies":"R_Hoarder","floor":41,"turns":3},{"damage":0,"enemies":"Transient","floor":44,"turns":5},{"damage":0,"enemies":"Spire Growth","floor":45,"turns":3},{"damage":4,"enemies":"Jaw Worm Horde","floor":47,"turns":2},{"damage":5,"enemies":"Transient","floor":48,"turns":5},{"damage":7,"enemies":"Donu and Deca","floor":50,"turns":2}],"seed_played":"2916376785151848746","potions_obtained":[{"floor":6,"key":"Languid Potion"},{"floor":8,"key":"BloodPotion"},{"floor":12,"key":"AttackPotion"},{"floor":13,"key":"Energy Potion"},{"floor":16,"key":"DistilledChaos"},{"floor":20,"key":"Adrenaline Potion"},{"floor":25,"key":"SpeedPotion"},{"floor":35,"key":"Fire Potion"}],"is_trial":false,"path_per_floor":["M","?","T","?","$","E","M","E","T","M","R","M","M","E","R","B",null,"M","M","M","?","?","R","M","M","T","R","M","R","$","M","R","B",null,"M","M","M","M","AVR","R","E","R","T","M","M","?","M","M","R","B",null],"character_chosen":"IRONCLAD","items_purchased":["Gambling Chip"],"campfire_rested":5,"item_purchase_floors":[30],"current_hp_per_floor":[80,80,80,80,80,45,51,24,24,30,54,59,64,68,68,56,80,69,40,26,26,26,50,36,26,26,50,7,31,31,16,40,31,80,80,80,80,79,79,79,80,80,80,80,80,80,80,80,80,79],"gold":566,"neow_bonus":"NOSTALGIA","is_daily":false,"chose_seed":false,"campfire_upgraded":4,"win_rate":0,"timestamp":1607626820,"path_taken":["M","?","?","?","$","E","?","E","T","M","R","M","M","E","R","BOSS","M","M","M","?","?","R","M","M","T","R","M","R","$","M","R","BOSS","M","M","M","M","AVR","R","E","R","T","M","M","?","M","M","R","BOSS"],"build_version":"2020-11-30","purchased_purges":1,"victory":true,"max_hp_per_floor":[80,80,80,80,80,80,80,80,80,80,80,80,80,80,80,80,80,80,80,80,80,80,80,80,80,80,80,80,80,80,80,80,80,80,80,80,80,80,80,80,80,80,80,80,80,80,80,80,80,80],"card_choices":[{"not_picked":["jedi:suffering","ReplayTheSpireMod:Strike From Hell"],"picked":"ThirdEye","floor":1},{"not_picked":["Outmaneuver","Body Slam"],"picked":"Double Tap","floor":6},{"not_picked":["Thunderclap","Flame Barrier"],"picked":"conspire:Charge","floor":7},{"not_picked":["Glass Knife","Metallicize"],"picked":"Crescendo","floor":8},{"not_picked":["Armaments","Clash"],"picked":"Dagger Throw","floor":10},{"not_picked":["Headbutt","Wild Strike"],"picked":"ClearTheMind","floor":12},{"not_picked":["Clothesline","SashWhip"],"picked":"jedi:fear","floor":13},{"not_picked":["Thunderclap","jedi:fear"],"picked":"Invigoration","floor":14},{"not_picked":["Grand Finale","Feed"],"picked":"Eclipse","floor":16},{"not_picked":["jedi:hate","Clothesline+1"],"picked":"Feel No Pain","floor":18},{"not_picked":["Heavy Blade","Clothesline"],"picked":"Burning Pact+1","floor":19},{"not_picked":["Blood for Blood","Sword Boomerang"],"picked":"Iron Wave+1","floor":20},{"not_picked":["Rupture","Havoc"],"picked":"Replay:Undeath\u0027s Touch","floor":21},{"not_picked":["Warcry+1","Cleave"],"picked":"Disarm+1","floor":21},{"not_picked":["Absolvement","jedi:fear"],"picked":"Wild Strike","floor":24},{"not_picked":["Dark Embrace","Body Slam"],"picked":"Run Through+1","floor":25},{"not_picked":["hubris:StunningStrike","Combust"],"picked":"Uppercut","floor":28},{"not_picked":["Life Link+1","Iron Wave"],"picked":"jedi:MakeshiftSword","floor":31},{"not_picked":["jedi:bloodyhammer","Bludgeon"],"picked":"Corruption","floor":33},{"not_picked":["Sword Boomerang","Shrug It Off+1"],"picked":"jedi:fear+1","floor":35},{"not_picked":["Bloodletting","Perfected Strike+1"],"picked":"jedi:MakeshiftSword+1","floor":36},{"not_picked":["Hemokinesis+1","Armaments+1","Pommel Strike+1"],"picked":"SKIP","floor":37},{"not_picked":["Bloodletting","Juggernaut"],"picked":"Absolvement+1","floor":38},{"not_picked":["Body Slam","Clash","Cleave+1"],"picked":"SKIP","floor":41},{"not_picked":["Thunderclap+1","Clash","True Grit"],"picked":"SKIP","floor":44},{"not_picked":["hubris:CleavingFinish","Heavy Blade+1","infinitespire:OneForAll"],"picked":"SKIP","floor":45},{"not_picked":["Madness","hubris:EnhanceAbility"],"picked":"Mayhem","floor":46},{"not_picked":["Armaments","Dropkick"],"picked":"ReplayTheSpireMod:Muscle Training+1","floor":47},{"not_picked":["Wild Strike","Clothesline"],"picked":"Bloodletting+1","floor":48}],"player_experience":736104,"relics_obtained":[{"floor":3,"key":"PreservedInsect"},{"floor":6,"key":"ReplayTheSpireMod:Shallot"},{"floor":8,"key":"Nunchaku"},{"floor":9,"key":"halation:BottledLove"},{"floor":14,"key":"Replay:Baseball"},{"floor":21,"key":"Replay:Accelerometer"},{"floor":26,"key":"SnailShell"},{"floor":41,"key":"Art of War"},{"floor":43,"key":"Replay:Bottled Steam"}],"event_choices":[{"damage_healed":0,"gold_gain":0,"player_choice":"Disagree","damage_taken":0,"max_hp_gain":0,"max_hp_loss":0,"event_name":"conspire:LoneGhost","floor":2,"gold_loss":0},{"damage_healed":0,"gold_gain":0,"player_choice":"Leave","damage_taken":0,"max_hp_gain":0,"max_hp_loss":0,"event_name":"The Cleric","floor":4,"gold_loss":0},{"damage_healed":0,"gold_gain":0,"player_choice":"Memory 1","damage_taken":0,"max_hp_gain":0,"max_hp_loss":0,"event_name":"SensoryStone","floor":46,"gold_loss":0}],"is_beta":false,"boss_relics":[{"not_picked":["Runic Dome","Runic Pyramid"],"picked":"halation:MonkeysPaw"},{"not_picked":["Painkiller Herb","aspiration:BeakedSkillbook"],"picked":"Mark of Pain"}],"items_purged_floors":[39],"is_endless":false,"potions_floor_spawned":[6,8,12,13,16,20,24,25,28,35,37,44,45,48],"ascension_level":1}}