{"host":"f400onr2g6b8rzrw","time":1607599432,"event":{"gold_per_floor":[113,124,139,139,154,180,195,229,229],"floor_reached":8,"playtime":1650,"items_purged":[],"score":81,"play_id":"471906e7-bf2f-4480-aa29-ab79b670dda6","local_time":"20201210215352","is_ascension_mode":true,"campfire_choices":[],"neow_cost":"NONE","seed_source_timestamp":344682957244300,"circlet_count":0,"master_deck":["Strike_R","Strike_R","Strike_R","Strike_R","Strike_R","Defend_R","Defend_R","Defend_R","Bash","Anger","Iron Wave","Shrug It Off","Shockwave","Dropkick","Perfected Strike","Iron Wave"],"relics":["Runic Cube","Ancient Tea Set","Bottled Lightning"],"potions_floor_usage":[8],"damage_taken":[{"damage":1,"enemies":"Cultist","floor":1,"turns":4},{"damage":2,"enemies":"Small Slimes","floor":2,"turns":3},{"damage":7,"enemies":"Jaw Worm","floor":3,"turns":3},{"damage":19,"enemies":"3 Louse","floor":5,"turns":3},{"damage":17,"enemies":"3 Sentries","floor":6,"turns":10},{"damage":19,"enemies":"Exordium Thugs","floor":7,"turns":5},{"damage":6,"enemies":"Lagavulin","floor":8,"turns":7}],"seed_played":"-3829957605736177246","potions_obtained":[{"floor":1,"key":"Dexterity Potion"},{"floor":5,"key":"ColorlessPotion"},{"floor":7,"key":"LiquidMemories"}],"is_trial":false,"path_per_floor":["M","M","M","?","M","E","M","E"],"character_chosen":"IRONCLAD","items_purchased":[],"campfire_rested":0,"item_purchase_floors":[],"current_hp_per_floor":[79,77,70,70,51,34,15,9,9],"gold":229,"neow_bonus":"BOSS_RELIC","is_prod":false,"is_daily":false,"chose_seed":false,"campfire_upgraded":0,"win_rate":0,"timestamp":1607599432,"path_taken":["M","M","M","?","M","E","M","E"],"build_version":"2020-11-30","purchased_purges":0,"victory":false,"max_hp_per_floor":[80,80,80,80,80,80,80,80,80],"relic_stats":{"counters":[7,35],"obtain_stats":[{"Bottled Lightning":8,"Ancient Tea Set":6,"Burning Blood":0,"Runic Cube":0},{"Bottled Lightning":7,"Ancient Tea Set":5,"Burning Blood":0,"Runic Cube":0},{"Bottled Lightning":35,"Ancient Tea Set":23,"Burning Blood":0,"Runic Cube":0}],"Runic Cube":[15]},"card_choices":[{"not_picked":["Rupture","Shrug It Off"],"picked":"Anger","floor":1},{"not_picked":["True Grit","Wild Strike"],"picked":"Iron Wave","floor":2},{"not_picked":["Pommel Strike","Ghostly Armor"],"picked":"Shrug It Off","floor":3},{"not_picked":["Cleave","Headbutt"],"picked":"Dropkick","floor":5},{"not_picked":["True Grit","Intimidate"],"picked":"Perfected Strike","floor":6},{"not_picked":["Body Slam","Pommel Strike"],"picked":"Iron Wave","floor":7}],"player_experience":465650,"relics_obtained":[{"floor":6,"key":"Ancient Tea Set"},{"floor":8,"key":"Bottled Lightning"}],"event_choices":[{"damage_healed":0,"gold_gain":0,"cards_transformed":["Defend_R"],"player_choice":"Change","damage_taken":0,"max_hp_gain":0,"max_hp_loss":0,"event_name":"Living Wall","floor":4,"gold_loss":0,"cards_obtained":["Shockwave"]}],"is_beta":false,"boss_relics":[],"items_purged_floors":[],"is_endless":false,"potions_floor_spawned":[1,5,7],"killed_by":"Lagavulin","ascension_level":3}}