{"host":"x1qj4d8ympd5jdqh","time":1607635300,"event":{"mods":["BaseMod","Colored Map","StSLib","AchievementEnabler","AlwaysNeverKeys","SuperFastMode","Custom Start","Highlight Path","Minty Spire (QoL Compilation)","DeckTracker"],"gold_per_floor":[116,127,127,2,21,21,50,50,50,69,83,109,122,150,150,226,226,236,247,68,86,86,86,120,120,120,130,130,130],"floor_reached":28,"playtime":1020,"items_purged":["Strike_R","Strike_R"],"score":570,"play_id":"fd604907-e602-4880-9b46-d6d9447a7a39","local_time":"20201211062140","is_ascension_mode":true,"campfire_choices":[{"data":"Perfected Strike","floor":6.0,"key":"SMITH"},{"data":"Barricade","floor":15.0,"key":"SMITH"},{"data":"Armaments","floor":23,"key":"SMITH"},{"floor":25,"key":"REST"}],"circlet_count":0,"master_deck":["AscendersBane","Strike_R","Strike_R","Strike_R","Defend_R","Defend_R","Defend_R","Defend_R","Bash","Barricade+1","Perfected Strike+1","Fire Breathing","Exhume","Shrug It Off","Wild Strike","Bloodletting","Feel No Pain","Armaments+1","Power Through","Anger","Reckless Charge","Ghostly Armor","Burning Pact","Body Slam","Rage"],"special_seed":0,"relics":["Burning Blood","Thread and Needle","StoneCalendar","Art of War","Lantern","Sozu","Smiling Mask","Self Forming Clay"],"acts_visited":["TheCity"],"potions_floor_usage":[16,24],"damage_taken":[{"damage":9.0,"enemies":"Jaw Worm","floor":1.0,"turns":4.0},{"damage":6.0,"enemies":"Cultist","floor":2.0,"turns":3.0},{"damage":6.0,"enemies":"2 Louse","floor":5.0,"turns":3.0},{"damage":31.0,"enemies":"Lagavulin","floor":7.0,"turns":10.0},{"damage":20.0,"enemies":"Exordium Thugs","floor":10.0,"turns":5.0},{"damage":16.0,"enemies":"Red Slaver","floor":11.0,"turns":4.0},{"damage":4.0,"enemies":"Gremlin Nob","floor":12.0,"turns":3.0},{"damage":0.0,"enemies":"Exordium Wildlife","floor":13.0,"turns":4.0},{"damage":0.0,"enemies":"Lagavulin","floor":14.0,"turns":7.0},{"damage":6,"enemies":"Hexaghost","floor":16,"turns":9},{"damage":20,"enemies":"3 Byrds","floor":18,"turns":7},{"damage":8,"enemies":"Chosen","floor":19,"turns":6},{"damage":0,"enemies":"Snecko","floor":21,"turns":7},{"damage":34,"enemies":"Gremlin Leader","floor":24,"turns":10},{"damage":23,"enemies":"Centurion and Healer","floor":27,"turns":9},{"damage":21,"enemies":"Book of Stabbing","floor":28,"turns":4}],"seed_played":"318222563455989431","potions_obtained":[{"floor":11.0,"key":"LiquidMemories"},{"floor":12.0,"key":"LiquidMemories"},{"floor":13.0,"key":"EssenceOfSteel"}],"is_trial":false,"path_per_floor":["M","M","?","$","M","R","E","$","T","M","M","E","M","E","R","B",null,"M","M","$","M","?","R","E","R","T","M","E"],"character_chosen":"IRONCLAD","items_purchased":["Shrug It Off","Burning Pact"],"campfire_rested":1,"item_purchase_floors":[4,20],"current_hp_per_floor":[65,65,65,65,65,65,40,40,40,26,16,18,24,30,30,30,59,45,43,43,49,49,49,21,41,41,24,3,3],"gold":130,"neow_bonus":"THREE_RARE_CARDS","is_daily":false,"chose_seed":false,"campfire_upgraded":3,"win_rate":0,"timestamp":1607635300,"path_taken":["M","M","?","$","M","R","E","$","T","?","M","E","?","E","R","BOSS","M","M","$","M","?","R","E","R","T","M","E"],"build_version":"2020-11-30","purchased_purges":2,"victory":false,"max_hp_per_floor":[68,68,68,68,68,68,68,68,68,68,68,68,68,68,68,68,68,68,68,68,68,68,68,68,68,68,68,68,68],"card_choices":[{"not_picked":["Exhume","Corruption"],"picked":"Barricade","floor":0.0},{"not_picked":["Havoc","Flex"],"picked":"Perfected Strike","floor":1.0},{"not_picked":["Sword Boomerang","Havoc"],"picked":"Fire Breathing","floor":2.0},{"not_picked":["Sword Boomerang","Pommel Strike"],"picked":"Wild Strike","floor":5.0},{"not_picked":["Dark Embrace","Brutality"],"picked":"Bloodletting","floor":7.0},{"not_picked":["Sever Soul","Clothesline"],"picked":"Feel No Pain","floor":10.0},{"not_picked":["Heavy Blade","Clash"],"picked":"Armaments","floor":11.0},{"not_picked":["Second Wind","Disarm"],"picked":"Power Through","floor":12.0},{"not_picked":["Thunderclap","Warcry","Uppercut"],"picked":"SKIP","floor":13.0},{"not_picked":["Combust","Bloodletting"],"picked":"Anger","floor":14.0},{"not_picked":["Seeing Red+1","Ghostly Armor"],"picked":"Reckless Charge","floor":18},{"not_picked":["Anger","Whirlwind"],"picked":"Ghostly Armor","floor":19},{"not_picked":["Anger","Carnage"],"picked":"Body Slam","floor":21},{"not_picked":["Warcry","Wild Strike","Clash"],"picked":"SKIP","floor":24},{"not_picked":["Warcry","Clash"],"picked":"Rage","floor":27}],"player_experience":1204871,"relics_obtained":[{"floor":7.0,"key":"Thread and Needle"},{"floor":9.0,"key":"StoneCalendar"},{"floor":12.0,"key":"Art of War"},{"floor":14.0,"key":"Lantern"},{"floor":24,"key":"Smiling Mask"},{"floor":26,"key":"Self Forming Clay"}],"event_choices":[{"damage_healed":0.0,"max_hp_gain":0.0,"max_hp_loss":0.0,"gold_gain":0.0,"event_name":"Match and Keep!","player_choice":"1 cards matched","floor":3.0,"gold_loss":0.0,"damage_taken":0.0,"cards_obtained":["Exhume"]},{"damage_healed":0,"gold_gain":0,"player_choice":"Ignored","damage_taken":0,"max_hp_gain":0,"max_hp_loss":0,"event_name":"The Mausoleum","floor":22,"gold_loss":0}],"is_beta":false,"boss_relics":[{"not_picked":["Black Blood","Ectoplasm"],"picked":"Sozu"}],"items_purged_floors":[4,20],"is_endless":false,"potions_floor_spawned":[11,12,13,19,24,27],"killed_by":"Book of Stabbing","ascension_level":20}}