{"host":"q8o6l8eqnoevndy4","time":1607569920,"event":{"gold_per_floor":[20,34,54,54,54,88,88,13,23,49,117,0,19,53,53,68,68,145,145,157,157,157,207,207,207,207,207,207,207,16,26,26,40,58,72,72,150,150,164,164,464,464,464,492,16,26,94,94,113,113,123,136,136,136,136,136,10,10,10,10],"floor_reached":59,"playtime":2039,"items_purged":["Strike_R","Strike_R","Strike_R","Strike_R"],"score":1804,"play_id":"203aa7ec-9b37-41d4-a53a-aaba2c6c5844","local_time":"20201209221200","is_ascension_mode":true,"campfire_choices":[{"floor":7.0,"key":"REST"},{"data":"Enlightenment","floor":17.0,"key":"SMITH"},{"floor":25.0,"key":"REST"},{"floor":27.0,"key":"RECALL"},{"floor":29.0,"key":"REST"},{"floor":32.0,"key":"REST"},{"floor":36.0,"key":"REST"},{"floor":48.0,"key":"REST"},{"floor":50.0,"key":"REST"},{"floor":53.0,"key":"REST"},{"floor":58,"key":"REST"}],"neow_cost":"NO_GOLD","seed_source_timestamp":65066016045300,"circlet_count":0,"master_deck":["AscendersBane","Strike_R","Defend_R","Defend_R","Defend_R+1","Bash+1","Sword Boomerang","infinitespire:OneForAll+1","Thunderclap+1","LessonLearned+1","Twin Strike+1","Enlightenment+1","Dropkick+1","Inflame","Dual Wield+1","Demon Form+1","Pummel+1","Shrug It Off","True Grit","Double Tap+1","Dark Shackles","Shrug It Off","Heavy Blade"],"special_seed":0,"relics":["Black Blood","Blood Vial","Bag of Marbles","Omamori","Akabeko","Lizard Tail","Fusion Hammer","Vajra","Pantograph","Membership Card","Busted Crown","Old Coin","Runic Pyramid","Darkstone Periapt","infinitespire:BottledMercury","Letter Opener","Medical Kit"],"potions_floor_usage":[55],"damage_taken":[{"damage":6.0,"enemies":"Cultist","floor":1.0,"turns":3.0},{"damage":19.0,"enemies":"Jaw Worm","floor":2.0,"turns":4.0},{"damage":12.0,"enemies":"Small Slimes","floor":3.0,"turns":3.0},{"damage":34.0,"enemies":"Lagavulin","floor":6.0,"turns":6.0},{"damage":1.0,"enemies":"3 Louse","floor":9.0,"turns":3.0},{"damage":9.0,"enemies":"2 Fungi Beasts","floor":13.0,"turns":2.0},{"damage":14.0,"enemies":"3 Sentries","floor":14.0,"turns":3.0},{"damage":0.0,"enemies":"Large Slime","floor":16.0,"turns":1.0},{"damage":56.0,"enemies":"The Guardian","floor":18.0,"turns":7.0},{"damage":22.0,"enemies":"2 Thieves","floor":20.0,"turns":2.0},{"damage":0.0,"enemies":"Shell Parasite","floor":31.0,"turns":1.0},{"damage":34.0,"enemies":"Centurion and Healer","floor":33.0,"turns":4.0},{"damage":18.0,"enemies":"Snecko","floor":34.0,"turns":4.0},{"damage":0.0,"enemies":"Cultist and Chosen","floor":35.0,"turns":3.0},{"damage":116.0,"enemies":"Automaton","floor":37.0,"turns":11.0},{"damage":8.0,"enemies":"Orb Walker","floor":39.0,"turns":3.0},{"damage":87.0,"enemies":"Giant Head","floor":44.0,"turns":7.0},{"damage":25.0,"enemies":"3 Darklings","floor":46.0,"turns":4.0},{"damage":25.0,"enemies":"Jaw Worm Horde","floor":49.0,"turns":3.0},{"damage":4.0,"enemies":"Writhing Mass","floor":51.0,"turns":3.0},{"damage":27.0,"enemies":"Maw","floor":52.0,"turns":5.0},{"damage":72,"enemies":"Time Eater","floor":54,"turns":8},{"damage":80,"enemies":"infinitespire:MassOfShapes","floor":55,"turns":6},{"damage":110,"enemies":"Shield and Spear","floor":59,"turns":6}],"seed_played":"-510234062780752141","potions_obtained":[{"floor":2.0,"key":"AttackPotion"},{"floor":3.0,"key":"BlessingOfTheForge"},{"floor":9.0,"key":"AttackPotion"},{"floor":14.0,"key":"Dexterity Potion"},{"floor":20.0,"key":"Ancient Potion"},{"floor":33.0,"key":"HeartOfIron"}],"is_trial":false,"path_per_floor":["M","M","M","$","?","E","R","$","M","T","T","?","M","E","$","M","R","B",null,"M","?","?","?","AVR","R","T","R","T","R","$","M","R","M","M","M","R","B",null,"M","?","AVR","?","?","E","$","M","T","R","M","R","M","M","R","B","B",null,"$","R","E"],"character_chosen":"IRONCLAD","items_purchased":["Membership Card","PowerPotion","infinitespire:BottledMercury","BloodPotion","FairyPotion","Dark Shackles","DistilledChaos","Medical Kit","Shrug It Off","Heavy Blade"],"campfire_rested":9,"item_purchase_floors":[30,30,45,45,45,45,45,57,57,57],"current_hp_per_floor":[82,69,63,63,42,16,42,42,49,49,49,55,54,48,48,56,56,8,73,65,65,65,65,65,93,93,93,93,95,95,95,95,73,69,83,95,59,86,92,92,92,92,92,19,57,46,46,74,63,91,95,80,95,35,23,77,77,95,0,0],"gold":10,"neow_bonus":"TWENTY_PERCENT_HP_BONUS","is_prod":false,"is_daily":false,"chose_seed":false,"campfire_upgraded":1,"win_rate":0,"timestamp":1607569920,"path_taken":["M","M","?","$","?","E","R","$","M","T","T","?","M","E","$","M","R","BOSS","M","?","?","?","AVR","R","?","R","T","R","$","M","R","M","?","M","R","BOSS","M","?","AVR","?","?","E","?","M","T","R","?","R","M","M","R","BOSS","BOSS","$","R","E"],"build_version":"2020-11-30","purchased_purges":4,"victory":false,"max_hp_per_floor":[89,89,89,89,89,89,89,89,89,89,89,95,95,95,95,95,95,95,95,95,95,95,95,95,95,95,95,95,95,95,95,95,95,95,95,95,95,95,95,95,95,95,95,95,95,95,95,95,95,95,95,95,95,95,95,95,95,95,95,95],"relic_stats":{"Blood Vial":30,"Darkstone Periapt":0,"Lizard Tail":47,"Busted Crown":16,"counters":[24,102],"Pantograph":25,"Black Blood":204,"Letter Opener":[86],"Medical Kit":[4],"obtain_stats":[{"Darkstone Periapt":44,"infinitespire:BottledMercury":45,"Black Blood":19,"Vajra":26,"Omamori":10,"Letter Opener":47,"Medical Kit":57,"Burning Blood":0,"Akabeko":14,"Old Coin":41,"Blood Vial":5,"Lizard Tail":24,"Busted Crown":38,"Pantograph":28,"Fusion Hammer":24,"Bag of Marbles":6,"Membership Card":30,"Runic Pyramid":41},{"Darkstone Periapt":17,"infinitespire:BottledMercury":17,"Black Blood":9,"Vajra":10,"Omamori":5,"Letter Opener":18,"Medical Kit":23,"Burning Blood":0,"Akabeko":7,"Old Coin":16,"Blood Vial":3,"Lizard Tail":10,"Busted Crown":15,"Pantograph":10,"Fusion Hammer":10,"Bag of Marbles":4,"Membership Card":10,"Runic Pyramid":16},{"Darkstone Periapt":67,"infinitespire:BottledMercury":67,"Black Blood":32,"Vajra":34,"Omamori":19,"Letter Opener":71,"Medical Kit":96,"Burning Blood":0,"Akabeko":24,"Old Coin":60,"Blood Vial":10,"Lizard Tail":34,"Busted Crown":57,"Pantograph":34,"Fusion Hammer":34,"Bag of Marbles":16,"Membership Card":34,"Runic Pyramid":60}]},"card_choices":[{"not_picked":["Pummel","Fire Breathing"],"picked":"Sword Boomerang","floor":1.0},{"not_picked":["Dropkick","Ghostly Armor"],"picked":"infinitespire:OneForAll","floor":2.0},{"not_picked":["True Grit","Battle Trance"],"picked":"Thunderclap","floor":3.0},{"not_picked":["Iron Wave","Headbutt"],"picked":"Twin Strike","floor":6.0},{"not_picked":["Rampage","Perfected Strike","Warcry"],"picked":"SKIP","floor":9.0},{"not_picked":["Entrench","Thunderclap"],"picked":"Dropkick","floor":13.0},{"not_picked":["Uppercut","Feel No Pain"],"picked":"Inflame","floor":14.0},{"not_picked":["Heavy Blade","Thunderclap"],"picked":"Dual Wield","floor":16.0},{"not_picked":["Feed","Offering"],"picked":"Demon Form","floor":18.0},{"not_picked":["Sword Boomerang+1","Havoc","Blood for Blood"],"picked":"SKIP","floor":20.0},{"not_picked":["Spot Weakness","Sever Soul"],"picked":"Pummel","floor":31.0},{"not_picked":["Second Wind+1","Iron Wave"],"picked":"Shrug It Off","floor":33.0},{"not_picked":["Armaments","Thunderclap","Rampage"],"picked":"SKIP","floor":34.0},{"not_picked":["infinitespire:OneForAll","Ghostly Armor"],"picked":"True Grit","floor":35.0},{"not_picked":["Brutality","Barricade"],"picked":"Double Tap","floor":37.0},{"not_picked":["Wild Strike"],"picked":"SKIP","floor":39.0},{"not_picked":["Anger"],"picked":"SKIP","floor":44.0},{"not_picked":["Rampage"],"picked":"SKIP","floor":46.0},{"not_picked":["Clash"],"picked":"SKIP","floor":49.0},{"not_picked":["Body Slam"],"picked":"SKIP","floor":51.0},{"not_picked":["Rage"],"picked":"SKIP","floor":52.0}],"player_experience":1126791,"relics_obtained":[{"floor":6.0,"key":"Bag of Marbles"},{"floor":10.0,"key":"Omamori"},{"floor":14.0,"key":"Akabeko"},{"floor":26.0,"key":"Vajra"},{"floor":28.0,"key":"Pantograph"},{"floor":44.0,"key":"Darkstone Periapt"},{"floor":47.0,"key":"Letter Opener"}],"event_choices":[{"damage_healed":0.0,"max_hp_gain":0.0,"max_hp_loss":0.0,"gold_gain":0.0,"event_name":"betterThird:BetterSerpent","player_choice":"RENOUNCE","floor":12.0,"gold_loss":117.0,"damage_taken":117.0,"cards_obtained":["Enlightenment"]},{"damage_healed":0.0,"max_hp_gain":0.0,"max_hp_loss":0.0,"gold_gain":0.0,"event_name":"Accursed Blacksmith","player_choice":"Forge","floor":21.0,"gold_loss":0.0,"damage_taken":0.0,"cards_upgraded":["LessonLearned"]},{"damage_healed":0.0,"max_hp_gain":0.0,"max_hp_loss":0.0,"gold_gain":0.0,"event_name":"WeMeetAgain","player_choice":"Ignored","floor":22.0,"gold_loss":0.0,"damage_taken":0.0},{"damage_healed":0.0,"max_hp_gain":0.0,"max_hp_loss":0.0,"gold_gain":100.0,"event_name":"The Joust","player_choice":"Bet on Murderer","floor":23.0,"gold_loss":50.0,"damage_taken":0.0},{"damage_healed":0.0,"max_hp_gain":0.0,"max_hp_loss":0.0,"gold_gain":0.0,"event_name":"Tomb of Lord Red Mask","player_choice":"Ignored","floor":40.0,"gold_loss":0.0,"damage_taken":0.0},{"cards_removed":["Defend_R"],"damage_healed":0.0,"max_hp_gain":0.0,"max_hp_loss":0.0,"gold_gain":0.0,"event_name":"Falling","player_choice":"Removed Skill","floor":42.0,"gold_loss":0.0,"damage_taken":0.0},{"damage_healed":0.0,"max_hp_gain":0.0,"max_hp_loss":0.0,"gold_gain":0.0,"event_name":"Mysterious Sphere","player_choice":"Ignored","floor":43.0,"gold_loss":0.0,"damage_taken":0.0}],"is_beta":false,"boss_relics":[{"not_picked":["Mark of Pain","Snecko Eye"],"picked":"Black Blood"},{"not_picked":["Philosopher\u0027s Stone","Astrolabe"],"picked":"Busted Crown"}],"items_purged_floors":[8,24,41,45],"is_endless":false,"potions_floor_spawned":[2,3,9,14,20,33,46,49,52],"killed_by":"Shield and Spear","ascension_level":20}}