{"host":"sqkk9o2m8hbeeiah","time":1607620491,"event":{"mods":["BaseMod","AchievementEnabler","StSLib","Astrologer","Minty Spire (QoL Compilation)","Permanent Neow","Quick Restart","Replay The Spire","Somnambulant","The Construct","Trackpad","Waifu the Spire","Better Note"],"gold_per_floor":[138,138,177,349,388,388,430,430,455,160,160,219,219,162,162,481,481,540,540,639,566,566,566,605,605,653,653,653,653,715,715,780,299,299,614,614,666,829,878,429,475,475,521,583,583,583,283,338,338,387,387,387],"floor_reached":53,"playtime":2813,"items_purged":[],"score":1172,"play_id":"4d42b38d-a4f7-4726-8d45-5d3a7c1b1db9","local_time":"20201211041451","daily_mods":["Draft","Vintage","Midas"],"is_ascension_mode":false,"campfire_choices":[{"floor":6,"key":"REST"},{"floor":8,"key":"REST"},{"floor":13,"key":"REST"},{"floor":15,"key":"REST"},{"floor":23,"key":"REST"},{"floor":25,"key":"REST"},{"floor":29,"key":"REST"},{"floor":31,"key":"REST"},{"floor":34,"key":"REST"},{"floor":42,"key":"REST"},{"floor":51,"key":"REST"}],"circlet_count":0,"master_deck":["somnambulantmod: Unmake","somnambulantmod: Trauma","somnambulantmod: SnuggleUp+1","somnambulantmod: HeadSmack+1","somnambulantmod: DarkeningMind+1","somnambulantmod: HorrificThought","somnambulantmod: ShimmeringVeil","somnambulantmod: Trauma","somnambulantmod: Overshare+1","somnambulantmod: Bruise+1","somnambulantmod: Blink+1","somnambulantmod: SickeningSwathe+1","somnambulantmod: Unknow+1","somnambulantmod: SnuggleUp+1","somnambulantmod: Sleepyhead+1","Injury","somnambulantmod: Trauma","somnambulantmod: Pinch+1","somnambulantmod: MindWave+1","somnambulantmod: BrainFeeder","somnambulantmod: BrainFeeder+1","somnambulantmod: Damping+1","somnambulantmod: Blink+1","somnambulantmod: NightmareFuel","somnambulantmod: MuscleMemory+1","somnambulantmod: NightHaunts+1","somnambulantmod: ShimmeringVeil+1","somnambulantmod: BadIdea+1","somnambulantmod: SleepingBody","Parasite","Bandage Up"],"relics":["somnambulantmod: DreamJournal","trackpad:Mousetrap","Golden Idol","WingedGreaves","Boot","ReplayFunnel","Incense Burner","Bag of Preparation","trackpad:BottledShadow","trackpad:RapidFire","Replay:Grab Bag","Busted Crown","Fusion Hammer","SacredBark","construct:ClawGrip","White Beast Statue","trackpad:CultistFigurine","Bronze Scales","trackpad:GuardianSpirit","CaptainsWheel","Regal Pillow","Molten Egg 2","Thread and Needle","trackpad:SneckoScepter","somnambulantmod: RunicStrip","Replay:Wax Seal","Counterbalance","Happy Flower","Replay:Baseball","trackpad:AdjectivePendant","Quantum Egg","Gremlin Food","War Paint","Bottled Lightning","Replay:Mystery Machine"],"acts_visited":["Exordium","TheCity","TheBeyond"],"potions_floor_usage":[7,24,35,52],"damage_taken":[{"damage":0,"enemies":"2 Louse","floor":1,"turns":2},{"damage":0,"enemies":"Cultist","floor":3,"turns":2},{"damage":8,"enemies":"Jaw Worm","floor":5,"turns":1},{"damage":0,"enemies":"Blue Slaver","floor":7,"turns":1},{"damage":0,"enemies":"Exordium Thugs","floor":12,"turns":3},{"damage":0,"enemies":"Slime Boss","floor":16,"turns":9},{"damage":1,"enemies":"2 Thieves","floor":18,"turns":3},{"damage":2,"enemies":"Shell Parasite","floor":24,"turns":2},{"damage":0,"enemies":"Cultist and Chosen","floor":30,"turns":4},{"damage":0,"enemies":"Chosen and Byrds","floor":32,"turns":3},{"damage":7,"enemies":"Pondfish","floor":35,"turns":6},{"damage":0,"enemies":"3 Shapes","floor":37,"turns":3},{"damage":0,"enemies":"Mind Bloom Boss Battle","floor":38,"turns":4},{"damage":0,"enemies":"Orb Walker","floor":39,"turns":2},{"damage":0,"enemies":"Writhing Mass","floor":41,"turns":4},{"damage":0,"enemies":"4 Shapes","floor":43,"turns":5},{"damage":0,"enemies":"Jaw Worm Horde","floor":44,"turns":3},{"damage":0,"enemies":"Sphere and 2 Shapes","floor":48,"turns":2},{"damage":0,"enemies":"3 Darklings","floor":50,"turns":2},{"damage":0,"enemies":"Awakened One","floor":52,"turns":6}],"seed_played":"-6178900260034042948","potions_obtained":[{"floor":4,"key":"Energy Potion"},{"floor":5,"key":"SpeedPotion"},{"floor":12,"key":"LiquidBronze"},{"floor":18,"key":"Explosive Potion"},{"floor":24,"key":"LiquidBronze"},{"floor":30,"key":"Fire Potion"},{"floor":35,"key":"Regen Potion"}],"is_trial":true,"path_per_floor":["M","?","M","?","M","R","M","R","T","$","?","M","R","$","R","B",null,"M","?","?","$","?","R","M","R","T","PTL","PTL","R","M","R","M","$","R","B",null,"M","?","M","$","M","R","M","M","T","?","$","M","?","M","R","B",null],"character_chosen":"THE_SOMNAMBULANT","items_purchased":["somnambulantmod: MindWave","trackpad:BottledShadow","somnambulantmod: BrainFeeder","somnambulantmod: NightmareFuel","somnambulantmod: MuscleMemory","Regal Pillow","Molten Egg 2","Replay:Wax Seal","Counterbalance","somnambulantmod: BadIdea+1","somnambulantmod: SleepingBody","Gremlin Food","War Paint"],"campfire_rested":11,"item_purchase_floors":[10,10,14,21,33,33,33,40,40,40,40,47,47],"current_hp_per_floor":[70,70,70,53,45,68,68,74,74,74,79,79,81,81,83,83,83,82,82,82,82,82,85,83,87,87,87,87,89,89,91,91,91,93,86,93,93,93,93,93,93,95,95,95,95,95,95,95,95,95,97,97],"gold":387,"neow_bonus":"","is_daily":false,"chose_seed":false,"campfire_upgraded":0,"win_rate":0,"timestamp":1607620491,"path_taken":["M","?","M","?","M","R","?","R","T","$","?","M","R","$","R","BOSS","M","?","?","$","?","R","M","R","T","PTL","PTL","R","?","R","M","?","R","BOSS","M","?","M","$","M","R","M","M","T","?","?","M","?","M","R","BOSS"],"build_version":"2020-11-30","purchased_purges":0,"victory":true,"max_hp_per_floor":[70,70,70,70,70,72,72,74,74,74,79,79,81,81,83,83,83,83,83,83,83,83,85,85,87,87,87,87,89,89,91,91,91,93,93,93,93,93,93,93,93,95,95,95,95,95,95,95,95,95,97,97],"card_choices":[{"not_picked":["somnambulantmod: Nosebleed","somnambulantmod: TimeCompression"],"picked":"somnambulantmod: Unmake","floor":0},{"not_picked":["somnambulantmod: LightSleeper","somnambulantmod: TimeCompression"],"picked":"somnambulantmod: Trauma","floor":0},{"not_picked":["somnambulantmod: OpeningUp","somnambulantmod: MindWave"],"picked":"somnambulantmod: SnuggleUp","floor":0},{"not_picked":["somnambulantmod: Harden","somnambulantmod: Bloom"],"picked":"somnambulantmod: HeadSmack","floor":0},{"not_picked":["somnambulantmod: LeechFears","somnambulantmod: Unknow"],"picked":"somnambulantmod: DarkeningMind","floor":0},{"not_picked":["somnambulantmod: HeavyLids","somnambulantmod: PillowFort"],"picked":"somnambulantmod: HorrificThought","floor":0},{"not_picked":["somnambulantmod: Remember","somnambulantmod: Unknow"],"picked":"somnambulantmod: ShimmeringVeil","floor":0},{"not_picked":["somnambulantmod: Harden","somnambulantmod: RecurringDream"],"picked":"somnambulantmod: Trauma","floor":0},{"not_picked":["somnambulantmod: Trauma","somnambulantmod: Relive"],"picked":"somnambulantmod: Overshare","floor":0},{"not_picked":["somnambulantmod: SnuggleUp","somnambulantmod: HorrificThought"],"picked":"somnambulantmod: Bruise","floor":0},{"not_picked":["somnambulantmod: Trauma","somnambulantmod: Unmake"],"picked":"somnambulantmod: Blink","floor":0},{"not_picked":["somnambulantmod: MindWave","somnambulantmod: LightSleeper"],"picked":"somnambulantmod: SickeningSwathe","floor":0},{"not_picked":["somnambulantmod: Harden","somnambulantmod: ShimmeringVeil"],"picked":"somnambulantmod: Unknow","floor":0},{"not_picked":["somnambulantmod: Unmake","somnambulantmod: Overshare"],"picked":"somnambulantmod: SnuggleUp","floor":0},{"not_picked":["somnambulantmod: HorrificThought","somnambulantmod: Blink"],"picked":"somnambulantmod: Sleepyhead","floor":0},{"not_picked":["somnambulantmod: InLimbo","somnambulantmod: Wake"],"picked":"somnambulantmod: Trauma","floor":4},{"not_picked":["somnambulantmod: Unmake","somnambulantmod: HorrificThought"],"picked":"somnambulantmod: Pinch","floor":4},{"not_picked":["somnambulantmod: Ignorance","somnambulantmod: Withdraw"],"picked":"somnambulantmod: Damping","floor":16},{"not_picked":[],"picked":"somnambulantmod: NightHaunts+1","floor":35},{"not_picked":[],"picked":"somnambulantmod: ShimmeringVeil+1","floor":38},{"not_picked":[],"picked":"Bandage Up","floor":46}],"player_experience":779923,"relics_obtained":[{"floor":1,"key":"trackpad:Mousetrap"},{"floor":3,"key":"WingedGreaves"},{"floor":4,"key":"Boot"},{"floor":5,"key":"ReplayFunnel"},{"floor":7,"key":"Incense Burner"},{"floor":9,"key":"Bag of Preparation"},{"floor":12,"key":"trackpad:RapidFire"},{"floor":18,"key":"White Beast Statue"},{"floor":24,"key":"trackpad:CultistFigurine"},{"floor":26,"key":"Bronze Scales"},{"floor":30,"key":"trackpad:GuardianSpirit"},{"floor":32,"key":"CaptainsWheel"},{"floor":37,"key":"Thread and Needle"},{"floor":38,"key":"trackpad:SneckoScepter"},{"floor":39,"key":"somnambulantmod: RunicStrip"},{"floor":41,"key":"Happy Flower"},{"floor":43,"key":"Replay:Baseball"},{"floor":44,"key":"trackpad:AdjectivePendant"},{"floor":45,"key":"Quantum Egg"},{"floor":48,"key":"Bottled Lightning"},{"floor":50,"key":"Replay:Mystery Machine"}],"event_choices":[{"damage_healed":0,"gold_gain":0,"player_choice":"Take Wound","damage_taken":0,"relics_obtained":["Golden Idol"],"max_hp_gain":0,"max_hp_loss":0,"event_name":"Golden Idol","floor":2,"gold_loss":0,"cards_obtained":["Injury"]},{"damage_healed":0,"gold_gain":0,"player_choice":"Donut","damage_taken":0,"max_hp_gain":5,"max_hp_loss":0,"event_name":"Big Fish","floor":11,"gold_loss":0},{"cards_removed":["somnambulantmod: SickeningSwathe"],"damage_healed":0,"gold_gain":0,"player_choice":"Take \u0026 Give","damage_taken":0,"max_hp_gain":0,"max_hp_loss":0,"event_name":"betterNote:BetterNote","floor":19,"gold_loss":0,"cards_obtained":["somnambulantmod: Blink"]},{"damage_healed":0,"gold_gain":99,"player_choice":"Stole From Cult","damage_taken":0,"max_hp_gain":0,"max_hp_loss":0,"event_name":"Nest","floor":20,"gold_loss":0},{"damage_healed":0,"gold_gain":0,"player_choice":"Ignored","damage_taken":0,"max_hp_gain":0,"max_hp_loss":0,"event_name":"Ghosts","floor":22,"gold_loss":0},{"damage_healed":0,"gold_gain":0,"player_choice":"Fight","damage_taken":0,"max_hp_gain":0,"max_hp_loss":0,"event_name":"MindBloom","floor":38,"gold_loss":0},{"damage_healed":0,"gold_gain":0,"player_choice":"Memory 1","damage_taken":0,"max_hp_gain":0,"max_hp_loss":0,"event_name":"SensoryStone","floor":46,"gold_loss":0},{"damage_healed":0,"gold_gain":0,"player_choice":"Upgraded","damage_taken":0,"max_hp_gain":0,"max_hp_loss":0,"event_name":"Upgrade Shrine","floor":49,"gold_loss":0,"cards_upgraded":["somnambulantmod: MuscleMemory"]}],"is_beta":false,"boss_relics":[{"not_picked":["Replay:Drink Me","Astrolabe"],"picked":"Replay:Grab Bag"},{"not_picked":["Runic Dome","Velvet Choker"],"picked":"Busted Crown"},{"not_picked":["ReplayTheSpireMod:DimensionalGlitch","ReplayTheSpireMod:Onyx Gauntlets"],"picked":"Fusion Hammer"},{"not_picked":["Empty Cage","Ring of Chaos"],"picked":"SacredBark"},{"not_picked":["Black Star","Runic Pyramid"],"picked":"construct:ClawGrip"},{"not_picked":["Painkiller Herb","Coffee Dripper","Abe\u0027s Treasure"]}],"items_purged_floors":[],"is_endless":false,"potions_floor_spawned":[5,12,18,24,30,32,35,37,38,39,41,43,44,48,50],"ascension_level":0}}