{"host":"Jinnai","time":1607579312,"event":{"gold_per_floor":[109,126,38,52,127,166,188,210,210,232,232,232],"floor_reached":11,"playtime":677,"items_purged":[],"score":150,"play_id":"ebef8c5f-c4ee-4ca1-9e56-1a079ba883cd","local_time":"20201210004832","is_ascension_mode":true,"campfire_choices":[],"neow_cost":"PERCENT_DAMAGE","seed_source_timestamp":91827613114400,"circlet_count":0,"master_deck":["AscendersBane","Strike_P","Strike_P","Strike_P","Strike_P","Defend_P","Defend_P","Defend_P","Defend_P","Eruption","Vigilance","Devotion","Wallop","CutThroughFate","SandsOfTime","CutThroughFate","EmptyFist","Meditate","SashWhip","ThirdEye"],"relics":["PureWater","CeramicFish","Darkstone Periapt"],"potions_floor_usage":[7,10,11],"damage_taken":[{"damage":4,"enemies":"Jaw Worm","floor":1,"turns":6},{"damage":3,"enemies":"Small Slimes","floor":2,"turns":6},{"damage":1,"enemies":"Cultist","floor":4,"turns":5},{"damage":15,"enemies":"Gremlin Nob","floor":6,"turns":4},{"damage":4,"enemies":"Exordium Thugs","floor":7,"turns":4},{"damage":13,"enemies":"Exordium Wildlife","floor":8,"turns":4},{"damage":0,"enemies":"Gremlin Gang","floor":10,"turns":4},{"damage":8,"enemies":"3 Sentries","floor":11,"turns":2}],"seed_played":"1584868962308085534","potions_obtained":[{"floor":4,"key":"BlessingOfTheForge"},{"floor":7,"key":"LiquidMemories"},{"floor":10,"key":"Weak Potion"}],"is_trial":false,"path_per_floor":["M","M","$","M","?","E","M","M","T","M","E"],"character_chosen":"WATCHER","items_purchased":["SandsOfTime"],"campfire_rested":0,"item_purchase_floors":[3],"current_hp_per_floor":[39,36,36,35,35,20,16,3,3,3,0,0],"gold":232,"neow_bonus":"THREE_RARE_CARDS","is_prod":false,"is_daily":false,"chose_seed":false,"campfire_upgraded":0,"win_rate":0,"timestamp":1607579312,"path_taken":["M","M","$","M","?","E","M","M","T","M","E"],"build_version":"2020-12-07","purchased_purges":0,"victory":false,"max_hp_per_floor":[68,68,68,68,68,68,68,68,68,68,68,68],"relic_stats":{"Darkstone Periapt":0,"counters":[8,35],"CeramicFish":36,"obtain_stats":[{"Darkstone Periapt":9,"CeramicFish":6,"PureWater":0},{"Darkstone Periapt":6,"CeramicFish":4,"PureWater":0},{"Darkstone Periapt":29,"CeramicFish":21,"PureWater":0}]},"card_choices":[{"not_picked":["Ragnarok","DeusExMachina"],"picked":"Devotion","floor":0},{"not_picked":["Consecrate","FlyingSleeves"],"picked":"Wallop","floor":1},{"not_picked":["Evaluate","EmptyMind"],"picked":"CutThroughFate","floor":2},{"not_picked":["Evaluate","PathToVictory"],"picked":"CutThroughFate","floor":4},{"not_picked":["ClearTheMind","ThirdEye"],"picked":"EmptyFist","floor":6},{"not_picked":["MasterReality","FlurryOfBlows"],"picked":"Meditate","floor":7},{"not_picked":["Crescendo","ForeignInfluence"],"picked":"SashWhip","floor":8},{"not_picked":["PathToVictory","CrushJoints"],"picked":"ThirdEye","floor":10}],"player_experience":1468027,"relics_obtained":[{"floor":6,"key":"CeramicFish"},{"floor":9,"key":"Darkstone Periapt"}],"event_choices":[{"damage_healed":0,"gold_gain":75,"player_choice":"Gained Gold","damage_taken":0,"max_hp_gain":0,"max_hp_loss":0,"event_name":"Golden Wing","floor":5,"gold_loss":0}],"is_beta":true,"boss_relics":[],"items_purged_floors":[],"is_endless":false,"potions_floor_spawned":[4,7,10],"killed_by":"3 Sentries","ascension_level":19}}