{"host":"leem2xi7qlpn2ezy","time":1607592051,"event":{"gold_per_floor":[411,486,382,382,392,424,424,117,117,292,292,310,161,161,161,161,161],"floor_reached":16,"playtime":520,"items_purged":[],"score":146,"play_id":"3f9a8fd1-9c7f-4343-9413-17f68d37d3a8","local_time":"20201210012051","daily_mods":["Heirloom","Flight"],"is_ascension_mode":false,"campfire_choices":[{"floor":7,"key":"REST"},{"data":"Doubt","floor":11,"key":"PURGE"},{"floor":15,"key":"REST"}],"neow_cost":"","seed_source_timestamp":2509958833744000,"circlet_count":0,"master_deck":["Strike_G","Strike_G","Strike_G","Strike_G","Strike_G","Defend_G","Defend_G","Defend_G","Defend_G","Defend_G","Survivor","Neutralize","Cloak And Dagger+1","Blade Dance+1","Adrenaline"],"relics":["Ring of the Snake","Old Coin","Peace Pipe","Torii","Pantograph","Potion Belt"],"potions_floor_usage":[3,16],"damage_taken":[{"damage":0,"enemies":"Small Slimes","floor":1,"turns":5},{"damage":0,"enemies":"Jaw Worm","floor":5,"turns":4},{"damage":35,"enemies":"3 Sentries","floor":6,"turns":12},{"damage":0,"enemies":"Cultist","floor":12,"turns":3},{"damage":78,"enemies":"The Guardian","floor":16,"turns":14}],"seed_played":"8858403109421878381","potions_obtained":[{"floor":1,"key":"EntropicBrew"},{"floor":5,"key":"Ancient Potion"}],"is_trial":true,"path_per_floor":["M","?","$","?","M","E","R","$","T","?","R","M","$","?","R","B"],"character_chosen":"THE_SILENT","items_purchased":["Fruit Juice","Torii","Potion Belt"],"campfire_rested":2,"item_purchase_floors":[3,8,13],"current_hp_per_floor":[70,59,64,64,64,29,51,51,51,51,51,51,51,36,58,0,0],"gold":161,"neow_bonus":"","is_prod":false,"is_daily":false,"chose_seed":false,"campfire_upgraded":0,"win_rate":0,"timestamp":1607592051,"path_taken":["M","?","$","?","?","E","R","$","T","?","R","M","$","?","R","BOSS"],"build_version":"2020-11-30","purchased_purges":0,"victory":false,"max_hp_per_floor":[70,70,75,75,75,75,75,75,75,75,75,75,75,75,75,75,75],"card_choices":[{"not_picked":["Crippling Poison","Backflip"],"picked":"Cloak And Dagger","floor":1},{"not_picked":["Underhanded Strike","Blur"],"picked":"Blade Dance","floor":5},{"not_picked":["Reflex","Dagger Spray"],"picked":"Adrenaline","floor":6},{"not_picked":["Dagger Spray","Riddle With Holes","Skewer"],"picked":"SKIP","floor":12}],"player_experience":82750,"relics_obtained":[{"floor":6,"key":"Peace Pipe"},{"floor":9,"key":"Pantograph"}],"event_choices":[{"damage_healed":0,"gold_gain":75,"player_choice":"Gather Gold","damage_taken":11,"max_hp_gain":0,"max_hp_loss":0,"event_name":"World of Goop","floor":2,"gold_loss":0},{"damage_healed":0,"gold_gain":0,"player_choice":"Ignored","damage_taken":0,"max_hp_gain":0,"max_hp_loss":0,"event_name":"NoteForYourself","floor":4,"gold_loss":0},{"damage_healed":0,"gold_gain":175,"player_choice":"AGREE","damage_taken":0,"max_hp_gain":0,"max_hp_loss":0,"event_name":"Liars Game","floor":10,"gold_loss":0,"cards_obtained":["Doubt"]},{"damage_healed":0,"gold_gain":0,"player_choice":"Entered Light","damage_taken":15,"max_hp_gain":0,"max_hp_loss":0,"event_name":"Shining Light","floor":14,"gold_loss":0,"cards_upgraded":["Blade Dance","Cloak And Dagger"]}],"is_beta":false,"boss_relics":[],"items_purged_floors":[],"is_endless":true,"potions_floor_spawned":[1,5],"killed_by":"The Guardian","ascension_level":0}}