{"host":"mi1ox2k6wy3juh8w","time":1607593529,"event":{"gold_per_floor":[114,0,11,186,186,215,225,175,175,175,118,130,141,157,157,262,262,282,39,51,78,15,15,15,48,48,65,84,98,108,127,127,227,227,243,253,11,233,70,99,99,99,99,114,148,148,180,26,26,26,26,26,26,53,53],"floor_reached":56,"playtime":1926,"items_purged":["Strike_P","Strike_P+1","Defend_P+1","LessonLearned+1","WreathOfFlame+1"],"score":2173,"play_id":"562d2261-6495-4b16-b095-be29ba69fc99","local_time":"20201210184529","is_ascension_mode":true,"campfire_choices":[{"data":"Eruption","floor":15.0,"key":"SMITH"},{"floor":23.0,"key":"RECALL"},{"floor":32.0,"key":"REST"},{"data":"Madness","floor":46.0,"key":"SMITH"},{"data":"TalkToTheHand","floor":49.0,"key":"SMITH"},{"data":"Finesse","floor":52,"key":"SMITH"}],"neow_cost":"NONE","seed_source_timestamp":17990279285200,"circlet_count":0,"master_deck":["Eruption+1","Vigilance+1","BowlingBash+1","TalkToTheHand+1","FearNoEvil+1","DeusExMachina+1","Adaptation+1","Pray+1","InnerPeace+1","Madness+1","TalkToTheHand+1","Finesse+1","TalkToTheHand+1"],"special_seed":0,"relics":["PureWater","NeowsBlessing","Membership Card","CloakClasp","Mercury Hourglass","Empty Cage","WingedGreaves","Red Mask","StoneCalendar","Shuriken","Coffee Dripper","Bottled Tornado","Centennial Puzzle","Letter Opener","Mummified Hand","InkBottle","Regal Pillow","Medical Kit","Vajra","Bag of Preparation"],"potions_floor_usage":[50,50,55],"damage_taken":[{"damage":0.0,"enemies":"Jaw Worm","floor":1.0,"turns":1.0},{"damage":0.0,"enemies":"Cultist","floor":3.0,"turns":1.0},{"damage":0.0,"enemies":"Gremlin Nob","floor":6.0,"turns":2.0},{"damage":0.0,"enemies":"Small Slimes","floor":7.0,"turns":3.0},{"damage":0.0,"enemies":"Looter","floor":12.0,"turns":2.0},{"damage":8.0,"enemies":"Gremlin Gang","floor":13.0,"turns":3.0},{"damage":0.0,"enemies":"3 Louse","floor":14.0,"turns":1.0},{"damage":0.0,"enemies":"Slime Boss","floor":16.0,"turns":4.0},{"damage":0.0,"enemies":"Chosen","floor":18.0,"turns":3.0},{"damage":0.0,"enemies":"Shell Parasite","floor":20.0,"turns":4.0},{"damage":0.0,"enemies":"Masked Bandits","floor":21.0,"turns":2.0},{"damage":17.0,"enemies":"Slavers","floor":25.0,"turns":3.0},{"damage":6.0,"enemies":"3 Cultists","floor":27.0,"turns":3.0},{"damage":1.0,"enemies":"Centurion and Healer","floor":28.0,"turns":2.0},{"damage":0.0,"enemies":"Snake Plant","floor":29.0,"turns":2.0},{"damage":13.0,"enemies":"Chosen and Byrds","floor":30.0,"turns":2.0},{"damage":7.0,"enemies":"Shelled Parasite and Fungi","floor":31.0,"turns":2.0},{"damage":0.0,"enemies":"Automaton","floor":33.0,"turns":2.0},{"damage":12.0,"enemies":"3 Shapes","floor":35.0,"turns":3.0},{"damage":0.0,"enemies":"Orb Walker","floor":36.0,"turns":2.0},{"damage":0.0,"enemies":"Giant Head","floor":40.0,"turns":2.0},{"damage":0.0,"enemies":"Spire Growth","floor":44.0,"turns":2.0},{"damage":22.0,"enemies":"Nemesis","floor":45.0,"turns":5.0},{"damage":0.0,"enemies":"Giant Head","floor":47.0,"turns":2.0},{"damage":0,"enemies":"Time Eater","floor":50,"turns":6},{"damage":0,"enemies":"Shield and Spear","floor":54,"turns":2},{"damage":3,"enemies":"The Heart","floor":55,"turns":3}],"seed_played":"4059261353260664068","potions_obtained":[{"floor":3.0,"key":"Dexterity Potion"},{"floor":7.0,"key":"GamblersBrew"},{"floor":12.0,"key":"Fire Potion"},{"floor":16.0,"key":"SteroidPotion"},{"floor":18.0,"key":"Dexterity Potion"},{"floor":27.0,"key":"AttackPotion"},{"floor":33.0,"key":"SkillPotion"},{"floor":35.0,"key":"Energy Potion"},{"floor":54,"key":"Swift Potion"}],"is_trial":false,"path_per_floor":["M","$","M","?","?","E","M","?","T","?","$","M","M","M","R","B",null,"M","$","M","?","$","R","?","E","T","M","M","M","M","M","R","B",null,"M","M","$","?","$","E","?","?","T","M","E","R","E","$","R","B",null,"R","$","E","B",null],"character_chosen":"WATCHER","items_purchased":["Membership Card","LessonLearned","FearNoEvil","Adaptation","WingedGreaves","Bottled Tornado","Madness","Centennial Puzzle","Medical Kit","Vajra"],"campfire_rested":1,"item_purchase_floors":[2,2,11,19,19,37,37,39,48,48],"current_hp_per_floor":[65,65,65,65,65,65,65,65,65,65,65,65,57,57,57,57,68,68,68,68,68,68,68,68,51,51,45,44,44,31,24,45,45,65,53,53,53,53,53,53,53,43,43,43,21,21,21,21,21,21,59,59,59,59,56],"gold":53,"neow_bonus":"THREE_ENEMY_KILL","is_prod":false,"is_daily":false,"chose_seed":false,"campfire_upgraded":4,"win_rate":0,"timestamp":1607593529,"path_taken":["M","$","M","?","?","E","?","?","T","?","$","M","M","M","R","BOSS","M","$","?","?","$","R","?","E","T","?","M","M","?","M","R","BOSS","M","M","$","?","$","E","?","?","T","M","E","R","E","$","R","BOSS","R","$","E","BOSS"],"build_version":"2020-11-30","purchased_purges":5,"victory":true,"max_hp_per_floor":[72,72,72,72,72,72,72,72,72,72,72,72,72,72,72,72,72,72,72,72,72,72,72,72,72,72,72,72,72,72,72,72,72,72,72,72,72,72,72,72,72,72,72,72,72,72,72,72,72,72,72,72,72,72,72],"card_choices":[{"not_picked":["Worship","Swivel"],"picked":"BowlingBash","floor":1.0},{"not_picked":["CrushJoints","Protect","TalkToTheHand"],"picked":"SKIP","floor":3.0},{"not_picked":["JustLucky","ClearTheMind"],"picked":"TalkToTheHand","floor":6.0},{"not_picked":["WaveOfTheHand","BowlingBash","Fasting2"],"picked":"SKIP","floor":7.0},{"not_picked":["FlurryOfBlows","Crescendo","EmptyMind"],"picked":"SKIP","floor":12.0},{"not_picked":["Prostrate","SashWhip"],"picked":"DeusExMachina","floor":13.0},{"not_picked":["Prostrate","ForeignInfluence","ThirdEye"],"picked":"SKIP","floor":14.0},{"not_picked":["CarveReality","Crescendo","Protect"],"picked":"SKIP","floor":18.0},{"not_picked":["Consecrate","CutThroughFate","Crescendo"],"picked":"SKIP","floor":20.0},{"not_picked":["BattleHymn","DevaForm"],"picked":"InnerPeace+1","floor":25.0},{"not_picked":["ReachHeaven","SashWhip","CrushJoints+1"],"picked":"SKIP","floor":27.0},{"not_picked":["FlyingSleeves","Consecrate","FollowUp"],"picked":"SKIP","floor":28.0},{"not_picked":["ThirdEye","Consecrate+1","EmptyFist"],"picked":"SKIP","floor":29.0},{"not_picked":["MasterReality","Evaluate","FlurryOfBlows"],"picked":"SKIP","floor":30.0},{"not_picked":["Consecrate","WreathOfFlame+1","FlurryOfBlows+1"],"picked":"SKIP","floor":31.0},{"not_picked":["Alpha","Brilliance"],"picked":"DevaForm","floor":33.0},{"not_picked":["ThirdEye+1","BowlingBash","FlurryOfBlows"],"picked":"SKIP","floor":35.0},{"not_picked":["SandsOfTime","BattleHymn+1","Halt+1"],"picked":"SKIP","floor":36.0},{"not_picked":["Protect","FollowUp+1"],"picked":"TalkToTheHand","floor":40.0},{"not_picked":["Impatience","Madness"],"picked":"Finesse","floor":42.0},{"not_picked":["Protect+1","LikeWater+1","Consecrate+1"],"picked":"SKIP","floor":44.0},{"not_picked":["EmptyFist+1","Worship"],"picked":"TalkToTheHand+1","floor":45.0},{"not_picked":["CarveReality","PathToVictory","Halt"],"picked":"SKIP","floor":47.0},{"not_picked":["CutThroughFate+1","Evaluate+1","FlurryOfBlows+1"],"picked":"SKIP","floor":54}],"player_experience":239022,"relics_obtained":[{"floor":6.0,"key":"CloakClasp"},{"floor":9.0,"key":"Mercury Hourglass"},{"floor":21.0,"key":"Red Mask"},{"floor":25.0,"key":"StoneCalendar"},{"floor":26.0,"key":"Shuriken"},{"floor":40.0,"key":"Letter Opener"},{"floor":43.0,"key":"Mummified Hand"},{"floor":45.0,"key":"InkBottle"},{"floor":47.0,"key":"Regal Pillow"},{"floor":54,"key":"Bag of Preparation"}],"event_choices":[{"damage_healed":0.0,"max_hp_gain":0.0,"max_hp_loss":0.0,"gold_gain":175.0,"event_name":"Liars Game","player_choice":"AGREE","floor":4.0,"gold_loss":0.0,"damage_taken":0.0,"cards_obtained":["Doubt"]},{"cards_removed":["Doubt"],"damage_healed":0.0,"max_hp_gain":0.0,"max_hp_loss":0.0,"gold_gain":0.0,"event_name":"Purifier","player_choice":"Purged","floor":5.0,"gold_loss":0.0,"damage_taken":0.0},{"cards_removed":["Strike_P"],"damage_healed":0.0,"max_hp_gain":0.0,"max_hp_loss":0.0,"gold_gain":0.0,"event_name":"The Cleric","player_choice":"Card Removal","floor":8.0,"gold_loss":50.0,"damage_taken":0.0},{"damage_healed":0.0,"max_hp_gain":0.0,"max_hp_loss":0.0,"gold_gain":0.0,"cards_transformed":["Defend_P"],"event_name":"Transmorgrifier","player_choice":"Transformed","floor":10.0,"gold_loss":0.0,"damage_taken":0.0,"cards_obtained":["WreathOfFlame"]},{"damage_healed":0.0,"max_hp_gain":0.0,"max_hp_loss":0.0,"gold_gain":0.0,"event_name":"Masked Bandits","player_choice":"Fought Bandits","floor":21.0,"gold_loss":0.0,"damage_taken":0.0},{"damage_healed":0.0,"max_hp_gain":0.0,"max_hp_loss":0.0,"gold_gain":0.0,"cards_transformed":["Defend_P"],"event_name":"Transmorgrifier","player_choice":"Transformed","floor":24.0,"gold_loss":0.0,"damage_taken":0.0,"cards_obtained":["Pray"]},{"damage_healed":0.0,"max_hp_gain":0.0,"max_hp_loss":0.0,"gold_gain":222.0,"event_name":"Tomb of Lord Red Mask","player_choice":"Wore Mask","floor":38.0,"gold_loss":0.0,"damage_taken":0.0},{"cards_removed":["DevaForm"],"damage_healed":0.0,"max_hp_gain":0.0,"max_hp_loss":0.0,"gold_gain":0.0,"event_name":"Falling","player_choice":"Removed Power","floor":41.0,"gold_loss":0.0,"damage_taken":0.0},{"damage_healed":0.0,"max_hp_gain":0.0,"max_hp_loss":0.0,"gold_gain":0.0,"event_name":"SensoryStone","player_choice":"Memory 3","floor":42.0,"gold_loss":0.0,"damage_taken":10.0}],"is_beta":false,"boss_relics":[{"not_picked":["Runic Pyramid","Calling Bell"],"picked":"Empty Cage"},{"not_picked":["Pandora\u0027s Box","Snecko Eye"],"picked":"Coffee Dripper"}],"items_purged_floors":[11,19,22,37,39],"is_endless":false,"potions_floor_spawned":[3,7,12,16,18,27,33,35,44,45,54],"ascension_level":9}}