{"host":"0azimyi6n3ugndj4","time":1607616858,"event":{"mods":["BaseMod","StSLib","Curses Come First","Conspire","Hyrulean Relics","Infinite Spire","Minty Spire (QoL Compilation)","Relic Stats","Replay The Spire","Uncapped","¡¼?Úª?ø«¡½REMEMod","Bestiary","Defuse TimeMaze Blight","SuperFastMode"],"gold_per_floor":[147,147,39,39,99,177,177,177,177,1,1,84,84,195,195,254,254,477,477,470,479,487,487],"floor_reached":22,"playtime":613,"items_purged":[],"score":646,"play_id":"fa671455-dfa3-4a9b-85ef-10ee2f54309b","local_time":"20201211011418","daily_mods":["Draft","Hoarder","Insanity","Chimera","Specialized","Vintage","ControlledChaos","Allstar","Diverse","Colorless Cards","Heirloom","Time Dilation","Flight","Elite Swarm","Lethality","Midas","Night Terrors","Terminal","Binary"],"is_ascension_mode":true,"campfire_choices":[{"floor":7,"key":"REST"},{"floor":15,"key":"REST"},{"floor":17,"key":"REST"}],"circlet_count":0,"master_deck":["Demon Form","Wraith Form v2","Echo Form","DevaForm","AscendersBane","Bash","Survivor","Zap","Eruption","Strike_R","Strike_G","Strike_B","Defend_R","Defend_G","Defend_P","Redo","Rebound","Disarm","SignatureMove","Gash","Body Slam","ReplayTheSpireMod:Private Reserves","Prepared","Steam","Sucker Punch","Time Bomb","Cloak And Dagger","Consecrate","EmptyFist","Panacea","Leap","Clothesline","SashWhip","PathToVictory","Darkness","Flex","Shrug It Off","Stack","Trip","ReachHeaven","BowlingBash","Streamline","Replay:BluntJabs","Bandage Up","Dagger Throw","Headbutt","ClearTheMind","Protect","Go for the Eyes","Quick Slash","Warcry","FollowUp","Perfected Strike","ReplayReversal","Backflip","ReplayTheSpireMod:Dual Polarity","ReplayGash","PiercingWail","Poisoned Stab","Protect","Fusion","Sentinel","Clothesline","Protect","ReplayTheSpireMod:Fabricate Wheel","ReplayTheSpireMod:Fabricate Wheel","ReplayTheSpireMod:Fabricate Wheel","ReplayTheSpireMod:Fabricate Wheel","ReplayTheSpireMod:Fabricate Wheel","ReplayTheSpireMod:Fabricate Wheel","ReplayTheSpireMod:Fabricate Wheel","Flame Barrier","Flame Barrier","Flame Barrier","Stack","Stack","Stack","Finisher","Finisher","Finisher","ClearTheMind","ClearTheMind","ClearTheMind","Rupture","Rupture","Rupture","Dodge and Roll","Dodge and Roll","Dodge and Roll","Dark Shackles","Dark Shackles","Dark Shackles","ReplayTheSpireMod:Exploit Weakness","ReplayTheSpireMod:Exploit Weakness","ReplayTheSpireMod:Exploit Weakness","Compile Driver","Compile Driver","Compile Driver","Blind","Blind","Blind","ReplayTheSpireMod:Strike From Hell","ReplayTheSpireMod:Strike From Hell","ReplayTheSpireMod:Strike From Hell","Chaos","Chaos","Chaos","Deadly Poison","Deadly Poison","Deadly Poison","Chaos","Chaos","Chaos","Rebound","Rebound","Rebound","Scrawl","Scrawl","Scrawl","Demon Form+1","Demon Form+1","Demon Form+1","Looming Evil","Looming Evil","Looming Evil","ReplayTheSpireMod:Chaos Vortex","ReplayTheSpireMod:Chaos Vortex","ReplayTheSpireMod:Chaos Vortex"],"relics":["Ring of the Snake","Frozen Eye","Busted Crown","REME_ComplimentaryCards","Ginger","Molten Egg 2","Prayer Wheel","Prayer Wheel","Replay:Bandana","Prayer Wheel","Prayer Wheel","Prayer Wheel","Prayer Wheel","zeldaRelics:CourageTriforce","ReplayTheSpireMod:CursedCoin","Orichalcum","Replay:Rubber Ducky","Prayer Wheel","zeldaRelics:WisdomPiece","CeramicFish","Prayer Wheel","Coffee Dripper","Nunchaku"],"acts_visited":["Exordium","TheCity"],"potions_floor_usage":[18],"damage_taken":[{"damage":0,"enemies":"Cultist","floor":1,"turns":4},{"damage":21,"enemies":"Jaw Worm","floor":5,"turns":5},{"damage":24,"enemies":"Lagavulin","floor":6,"turns":10},{"damage":14,"enemies":"3 Sentries","floor":12,"turns":9},{"damage":0,"enemies":"Gremlin Nob","floor":14,"turns":4},{"damage":0,"enemies":"conspire:RoseBush","floor":16,"turns":1},{"damage":42,"enemies":"Fading Forest","floor":18,"turns":13},{"damage":21,"enemies":"2 Thieves","floor":20,"turns":5},{"damage":3,"enemies":"3 Byrds","floor":22,"turns":2}],"seed_played":"-7667731025407332799","potions_obtained":[{"floor":6,"key":"DistilledChaos"},{"floor":18,"key":"Strength Potion"},{"floor":20,"key":"GamblersBrew"}],"is_trial":true,"path_per_floor":["M","?","$","$","M","E","R","PTL","PTL","$","T","E","WH","E","R","M","R","B",null,"M","?","M"],"character_chosen":"THE_SILENT","items_purchased":["FairyPotion","ReplayTheSpireMod:CursedCoin","Orichalcum","Replay:Rubber Ducky"],"campfire_rested":3,"item_purchase_floors":[3,10,10,10],"current_hp_per_floor":[59,59,59,59,38,14,53,52,51,50,49,35,39,39,44,43,37,11,30,9,1,0,0],"gold":487,"neow_bonus":"TEN_PERCENT_HP_BONUS","is_daily":false,"chose_seed":false,"campfire_upgraded":0,"win_rate":0,"timestamp":1607616858,"path_taken":["?","?","$","$","?","E","R","PTL","PTL","$","T","E","WH","E","R","M","R","BOSS","M","?","M"],"build_version":"2020-11-30","purchased_purges":0,"victory":false,"max_hp_per_floor":[64,63,62,61,60,59,53,52,51,50,49,48,51,50,44,43,37,36,35,34,33,33,33],"relic_stats":{"Nunchaku":[0],"Busted Crown":40,"counters":[9,53],"CeramicFish":9,"Prayer Wheel":0,"Ginger":[0],"Orichalcum":[90],"obtain_stats":[{"zeldaRelics:WisdomPiece":14,"ReplayTheSpireMod:CursedCoin":10,"CeramicFish":16,"Ginger":0,"Orichalcum":10,"zeldaRelics:CourageTriforce":12,"Replay:Rubber Ducky":10,"Frozen Eye":0,"Replay:Bandana":5,"Nunchaku":20,"Busted Crown":0,"Molten Egg 2":1,"Prayer Wheel":5,"zeldaRelics:CouragePiece":6,"Coffee Dripper":19,"Ring of the Snake":0,"REME_ComplimentaryCards":0},{"zeldaRelics:WisdomPiece":5,"ReplayTheSpireMod:CursedCoin":3,"CeramicFish":6,"Ginger":0,"Orichalcum":3,"zeldaRelics:CourageTriforce":4,"Replay:Rubber Ducky":3,"Frozen Eye":0,"Replay:Bandana":2,"Nunchaku":8,"Busted Crown":0,"Molten Egg 2":1,"Prayer Wheel":2,"zeldaRelics:CouragePiece":3,"Coffee Dripper":7,"Ring of the Snake":0,"REME_ComplimentaryCards":0},{"zeldaRelics:WisdomPiece":32,"ReplayTheSpireMod:CursedCoin":19,"CeramicFish":33,"Ginger":0,"Orichalcum":19,"zeldaRelics:CourageTriforce":28,"Replay:Rubber Ducky":19,"Frozen Eye":0,"Replay:Bandana":9,"Nunchaku":51,"Busted Crown":0,"Molten Egg 2":4,"Prayer Wheel":5,"zeldaRelics:CouragePiece":19,"Coffee Dripper":46,"Ring of the Snake":0,"REME_ComplimentaryCards":0}],"Ring of the Snake":[18]},"card_choices":[{"not_picked":["Anger","REME_ShortnessOfBreath"],"picked":"Flame Barrier","floor":0},{"not_picked":["Streamline","Shrug It Off"],"picked":"Stack","floor":0},{"not_picked":["True Grit","Uppercut"],"picked":"Finisher","floor":0},{"not_picked":["Good Instincts","Flame Barrier"],"picked":"ClearTheMind","floor":0},{"not_picked":["Turbo","Warcry"],"picked":"Rupture","floor":0},{"not_picked":["Flex","Backflip"],"picked":"Dodge and Roll","floor":0},{"not_picked":["BasicCrystalCard","FlyingSleeves"],"picked":"Dark Shackles","floor":0},{"not_picked":["ReplayTheSpireMod:Stacked","Heavy Blade"],"picked":"ReplayTheSpireMod:Exploit Weakness","floor":0},{"not_picked":["Beam Cell","Reprogram"],"picked":"Compile Driver","floor":0},{"not_picked":["Conserve Battery","JustLucky"],"picked":"Blind","floor":0},{"not_picked":["BattleHymn","BasicCrystalCard"],"picked":"ReplayTheSpireMod:Strike From Hell","floor":0},{"not_picked":["InnerPeace","Replay:BluntJabs"],"picked":"Chaos","floor":0},{"not_picked":["Prepared","DeceiveReality"],"picked":"Deadly Poison","floor":0},{"not_picked":["CrushJoints","Time Bomb"],"picked":"Chaos","floor":0},{"not_picked":["Dagger Throw","conspire:Banana"],"picked":"Rebound","floor":0},{"not_picked":["infinitespire:TheBestDefense","infinitespire:Punishment"],"picked":"ReplayTheSpireMod:Chaos Vortex","floor":21}],"player_experience":1425794,"relics_obtained":[{"floor":1,"key":"Molten Egg 2"},{"floor":5,"key":"Replay:Bandana"},{"floor":6,"key":"zeldaRelics:CouragePiece"},{"floor":11,"key":"zeldaRelics:CouragePiece"},{"floor":12,"key":"zeldaRelics:CouragePiece"},{"floor":14,"key":"zeldaRelics:WisdomPiece"},{"floor":16,"key":"CeramicFish"},{"floor":20,"key":"Nunchaku"}],"event_choices":[],"is_beta":false,"boss_relics":[{"not_picked":["Runic Dome","Tiny House"],"picked":"Coffee Dripper"}],"items_purged_floors":[],"is_endless":false,"potions_floor_spawned":[6,12,14,18,20],"killed_by":"3 Byrds","ascension_level":20}}