{"host":"2brg86hfzr3u5cix","time":1607574961,"event":{"gold_per_floor":[109,109,122,134,59,86,86,86,86],"floor_reached":8,"playtime":434,"items_purged":["TheCursedMod:Strike_TheCursed"],"score":112,"play_id":"1c0ef55c-fdc8-4747-bf59-ac53ac009c6c","local_time":"20201210133601","is_ascension_mode":true,"campfire_choices":[{"data":"TheCursedMod:Evocation","floor":7,"key":"SMITH"}],"neow_cost":"NONE","seed_source_timestamp":44188096122300,"circlet_count":0,"master_deck":["AscendersBane","TheCursedMod:Strike_TheCursed","TheCursedMod:Strike_TheCursed","TheCursedMod:Strike_TheCursed","TheCursedMod:Defend_TheCursed","TheCursedMod:Defend_TheCursed","TheCursedMod:Defend_TheCursed","TheCursedMod:Defend_TheCursed","TheCursedMod:CursedWand+1","TheCursedMod:CleanUpWorkshop","TheCursedMod:Dregs","TheCursedMod:TacticalStrike","TheCursedMod:SoulCrush","TheCursedMod:CircleOfAbyss","TheCursedMod:Evocation+1","TheCursedMod:LuckyCharm","TheCursedMod:CircleOfBlood"],"relics":["TheCursedMod:BlackMagic101","Pen Nib"],"potions_floor_usage":[8],"damage_taken":[{"damage":0,"enemies":"2 Louse","floor":1,"turns":4},{"damage":0,"enemies":"Cultist","floor":3,"turns":3},{"damage":0,"enemies":"Small Slimes","floor":4,"turns":3},{"damage":17,"enemies":"Lagavulin","floor":6,"turns":8},{"damage":58,"enemies":"3 Sentries","floor":8,"turns":10}],"seed_played":"-1581837900671291156","potions_obtained":[{"floor":6,"key":"Strength Potion"}],"is_trial":false,"path_per_floor":["M","?","M","M","$","E","R","E"],"character_chosen":"THE_CURSED","items_purchased":[],"campfire_rested":0,"item_purchase_floors":[],"current_hp_per_floor":[64,64,64,64,64,47,47,0,0],"gold":86,"neow_bonus":"UPGRADE_CARD","is_prod":false,"is_daily":false,"chose_seed":false,"campfire_upgraded":1,"win_rate":0,"timestamp":1607574961,"path_taken":["M","?","M","?","$","E","R","E"],"build_version":"2020-11-30","purchased_purges":1,"victory":false,"max_hp_per_floor":[71,71,71,71,71,71,71,71,71],"relic_stats":{"counters":[5,28],"Pen Nib":[1],"obtain_stats":[{"TheCursedMod:BlackMagic101":0,"Pen Nib":6},{"TheCursedMod:BlackMagic101":0,"Pen Nib":4},{"TheCursedMod:BlackMagic101":0,"Pen Nib":18}]},"card_choices":[{"not_picked":["TheCursedMod:CircleOfCorruption","TheCursedMod:Stigma"],"picked":"TheCursedMod:TacticalStrike","floor":1},{"not_picked":["TheCursedMod:TacticalStrike","TheCursedMod:FuryStrike"],"picked":"TheCursedMod:Evocation","floor":3},{"not_picked":["TheCursedMod:SaltUponWound","TheCursedMod:CircleOfAmplification"],"picked":"TheCursedMod:LuckyCharm","floor":4},{"not_picked":["TheCursedMod:CursedAmulet","TheCursedMod:TroublousMinions"],"picked":"TheCursedMod:CircleOfBlood","floor":6}],"player_experience":331945,"relics_obtained":[{"floor":6,"key":"Pen Nib"}],"event_choices":[{"damage_healed":0,"gold_gain":0,"player_choice":"2 cards matched","damage_taken":0,"max_hp_gain":0,"max_hp_loss":0,"event_name":"Match and Keep!","floor":2,"gold_loss":0,"cards_obtained":["TheCursedMod:SoulCrush","TheCursedMod:CircleOfAbyss"]},{"damage_healed":0,"gold_gain":0,"player_choice":"2 cards matched","damage_taken":0,"max_hp_gain":0,"max_hp_loss":0,"event_name":"Match and Keep!","floor":2,"gold_loss":0,"cards_obtained":["TheCursedMod:SoulCrush","TheCursedMod:CircleOfAbyss"]}],"is_beta":false,"boss_relics":[],"items_purged_floors":[5],"is_endless":false,"potions_floor_spawned":[6],"killed_by":"3 Sentries","ascension_level":20}}