{"host":"algsmj0d39hb1wv0","time":1607573397,"event":{"gold_per_floor":[110,124,11105,11105,9755,9755,9788,9788,9788,9788,9848,9879,10104,8836,8836,8933,8983,8995,9009,9022,9035,7579,7579,7605,7621,7674,7673,6023,6093,6197,6217,6217,6322,6322,6339,6358,4373,4393,4405,4432,4452,4781,4863,4913,4963,4963,5025,5126,5126,5126,5126,5126,4209,4240,4240],"floor_reached":56,"playtime":7899,"items_purged":["Decay","Shame","Pain","Strike_G","Doubt","Defend_G","Strike_G","Defend_G","Footwork","Strike_G","Strike_G","Strike_G+1"],"score":1487,"play_id":"9f808343-6080-478a-bff4-70fba5e86ade","local_time":"20201209230957","is_ascension_mode":false,"campfire_choices":[{"data":"Apotheosis","floor":6,"key":"SMITH"},{"data":"Footwork","floor":8,"key":"SMITH"},{"floor":15,"key":"RECALL"},{"data":"Adrenaline","floor":23,"key":"SMITH"},{"data":"Bouncing Flask","floor":32,"key":"SMITH"},{"data":"Adrenaline","floor":46,"key":"SMITH"},{"data":"Burst","floor":49,"key":"SMITH"},{"data":"Noxious Fumes","floor":52,"key":"SMITH"}],"neow_cost":"CURSE","seed_source_timestamp":2164127229375400,"circlet_count":0,"master_deck":["Defend_G","Defend_G","Defend_G","Survivor","Neutralize+1","Apotheosis+1","Well Laid Plans","Footwork","Footwork+1","Adrenaline+1","Bouncing Flask+1","Distraction+1","Backflip+1","Poisoned Stab+1","Backflip","Footwork+1","Deadly Poison+1","Adrenaline+1","Poisoned Stab+1","Poisoned Stab+1","Burst+1","Caltrops","Distraction+1","Noxious Fumes+1","Backstab+1","Crippling Poison+1","Deadly Poison+1"],"relics":["Ring of the Snake","Akabeko","Ancient Tea Set","Strange Spoon","Sling","Nunchaku","Bottled Tornado","WarpedTongs","Mango","White Beast Statue","CaptainsWheel","TheAbacus","Incense Burner","SsserpentHead","Pen Nib","Frozen Eye","MealTicket","Toy Ornithopter","PreservedInsect","Eternal Feather","OrangePellets","Tiny House","Lee\u0027s Waffle","Toolbox","Turnip","Tiny Chest","Omamori","Pantograph","Regal Pillow","Bronze Scales","HandDrill","DollysMirror","Mercury Hourglass","InkBottle","The Specimen","Pocketwatch","Lantern","Busted Crown","Molten Egg 2","Medical Kit","Bag of Marbles","Darkstone Periapt","Shuriken","Orrery","Toxic Egg 2","Old Coin","Mummified Hand","Happy Flower","Membership Card","Ninja Scroll","TwistedFunnel","Blue Candle","Bag of Preparation","Tingsha","Whetstone"],"potions_floor_usage":[16,16,16,16,16,16,16,16,16,19,21,21,21,33,33,50,50,55],"damage_taken":[{"damage":9,"enemies":"2 Louse","floor":1,"turns":2},{"damage":0,"enemies":"Cultist","floor":2,"turns":4},{"damage":3,"enemies":"3 Sentries","floor":7,"turns":13},{"damage":0,"enemies":"Small Slimes","floor":11,"turns":4},{"damage":0,"enemies":"Lagavulin","floor":12,"turns":7},{"damage":0,"enemies":"Slime Boss","floor":16,"turns":9},{"damage":2,"enemies":"Shell Parasite","floor":18,"turns":6},{"damage":1,"enemies":"3 Byrds","floor":19,"turns":3},{"damage":1,"enemies":"Centurion and Healer","floor":20,"turns":7},{"damage":47,"enemies":"Cultist and Chosen","floor":21,"turns":10},{"damage":0,"enemies":"Gremlin Leader","floor":24,"turns":6},{"damage":3,"enemies":"Snecko","floor":25,"turns":5},{"damage":8,"enemies":"Centurion and Healer","floor":29,"turns":6},{"damage":4,"enemies":"Snake Plant","floor":31,"turns":4},{"damage":40,"enemies":"Collector","floor":33,"turns":8},{"damage":0,"enemies":"3 Darklings","floor":35,"turns":2},{"damage":0,"enemies":"Orb Walker","floor":36,"turns":2},{"damage":0,"enemies":"Spire Growth","floor":38,"turns":2},{"damage":0,"enemies":"Maw","floor":39,"turns":3},{"damage":0,"enemies":"Giant Head","floor":40,"turns":4},{"damage":0,"enemies":"Sphere and 2 Shapes","floor":41,"turns":2},{"damage":0,"enemies":"Reptomancer","floor":42,"turns":3},{"damage":0,"enemies":"Spire Growth","floor":47,"turns":2},{"damage":27,"enemies":"Time Eater","floor":50,"turns":8},{"damage":0,"enemies":"Shield and Spear","floor":54,"turns":2},{"damage":16,"enemies":"The Heart","floor":55,"turns":6}],"seed_played":"-4100381634393165495","potions_obtained":[{"floor":11,"key":"DistilledChaos"},{"floor":16,"key":"Explosive Potion"},{"floor":17,"key":"LiquidBronze"},{"floor":18,"key":"Ancient Potion"},{"floor":19,"key":"CunningPotion"},{"floor":21,"key":"GamblersBrew"},{"floor":33,"key":"AttackPotion"},{"floor":35,"key":"Strength Potion"},{"floor":36,"key":"AttackPotion"},{"floor":47,"key":"PowerPotion"}],"is_trial":false,"path_per_floor":["M","M","$","?","$","R","E","R","T","?","M","E","?","$","R","B",null,"M","M","M","M","$","R","E","M","T","?","$","M","T","M","R","B",null,"M","M","$","M","M","E","M","E","T","?","?","R","M","T","R","B",null,"R","$","E","B",null],"character_chosen":"THE_SILENT","items_purchased":["AttackPotion","Akabeko","Ancient Tea Set","Strange Spoon","Sling","Nunchaku","Footwork","Bottled Tornado","Explosive Potion","BlessingOfTheForge","Mango","White Beast Statue","CaptainsWheel","TheAbacus","SkillPotion","Frozen Eye","MealTicket","Toy Ornithopter","PreservedInsect","Eternal Feather","OrangePellets","EntropicBrew","Lee\u0027s Waffle","Toolbox","Turnip","Tiny Chest","DistilledChaos","LiquidBronze","DistilledChaos","Omamori","HandDrill","DollysMirror","Mercury Hourglass","InkBottle","The Specimen","Pocketwatch","Molten Egg 2","Medical Kit","Bag of Marbles","Darkstone Periapt","Shuriken","Orrery","Burst","Caltrops","Membership Card","Ninja Scroll","TwistedFunnel","Crippling Poison+1","Blue Candle","Bag of Preparation","Tingsha","Block Potion","Energy Potion"],"campfire_rested":0,"item_purchase_floors":[3,3,3,3,3,3,3,3,3,3,5,5,5,5,5,14,14,14,14,14,14,14,22,22,22,22,22,22,22,22,28,28,28,28,28,28,37,37,37,37,37,37,37,37,53,53,53,53,53,53,53,53,53],"current_hp_per_floor":[61,61,61,61,75,75,72,72,72,72,72,72,72,72,81,84,89,87,88,87,47,96,96,96,93,93,93,96,88,88,84,96,56,96,96,96,96,96,96,96,96,96,96,86,86,96,96,96,96,79,96,96,96,96,85],"gold":4240,"neow_bonus":"RANDOM_COLORLESS_2","is_prod":false,"is_daily":false,"chose_seed":false,"campfire_upgraded":7,"win_rate":0,"timestamp":1607573397,"path_taken":["M","M","$","?","?","R","E","R","T","?","?","E","?","$","R","BOSS","M","M","M","M","$","R","E","M","T","?","?","?","?","M","R","BOSS","M","M","$","M","M","E","M","E","T","?","?","R","?","?","R","BOSS","R","$","E","BOSS"],"build_version":"2020-11-30","purchased_purges":12,"victory":true,"max_hp_per_floor":[70,70,70,70,84,84,84,84,84,84,84,84,84,84,84,84,89,89,89,89,89,96,96,96,96,96,96,96,96,96,96,96,96,96,96,96,96,96,96,96,96,96,96,96,96,96,96,96,96,96,96,96,96,96,96],"card_choices":[{"not_picked":["HandOfGreed","Master of Strategy"],"picked":"Apotheosis","floor":0},{"not_picked":["Deflect","Finisher"],"picked":"Well Laid Plans","floor":1},{"not_picked":["Deflect","Slice"],"picked":"Footwork","floor":2},{"not_picked":["Dagger Throw","Bane","Acrobatics"],"picked":"SKIP","floor":7},{"not_picked":["Heel Hook","Acrobatics"],"picked":"Footwork","floor":11},{"not_picked":["Tactician","Blade Dance","Unload"],"picked":"SKIP","floor":12},{"not_picked":["Bullet Time","Wraith Form v2"],"picked":"Adrenaline","floor":16},{"not_picked":["Backflip","Dash"],"picked":"Bouncing Flask","floor":17},{"not_picked":["PiercingWail","Acrobatics+1"],"picked":"Distraction+1","floor":18},{"not_picked":["Blade Dance","Cloak And Dagger"],"picked":"Backflip+1","floor":19},{"not_picked":["Deflect+1","Endless Agony+1","Flying Knee+1"],"picked":"SKIP","floor":20},{"not_picked":["Heel Hook","Bullet Time"],"picked":"Poisoned Stab","floor":21},{"not_picked":["Riddle With Holes","Acrobatics","Accuracy"],"picked":"SKIP","floor":24},{"not_picked":["Dagger Throw","Reflex+1"],"picked":"Backflip","floor":25},{"not_picked":["Dodge and Roll","Masterful Stab","Bane+1"],"picked":"SKIP","floor":29},{"not_picked":["Underhanded Strike","Blur+1"],"picked":"Deadly Poison+1","floor":31},{"not_picked":["Die Die Die","Unload"],"picked":"Adrenaline","floor":33},{"not_picked":["Escape Plan"],"picked":"SKIP","floor":35},{"not_picked":[],"picked":"Poisoned Stab+1","floor":36},{"not_picked":[],"picked":"Poisoned Stab+1","floor":37},{"not_picked":[],"picked":"Distraction+1","floor":38},{"not_picked":[],"picked":"Noxious Fumes","floor":39},{"not_picked":["Deflect+1"],"picked":"SKIP","floor":40},{"not_picked":["Concentrate+1"],"picked":"SKIP","floor":41},{"not_picked":[],"picked":"Backstab+1","floor":42},{"not_picked":["Prepared+1"],"picked":"SKIP","floor":47},{"not_picked":[],"picked":"Deadly Poison+1","floor":54}],"player_experience":330905,"relics_obtained":[{"floor":7,"key":"Incense Burner"},{"floor":12,"key":"Pen Nib"},{"floor":24,"key":"Pantograph"},{"floor":26,"key":"Regal Pillow"},{"floor":30,"key":"Lantern"},{"floor":40,"key":"Toxic Egg 2"},{"floor":42,"key":"Old Coin"},{"floor":43,"key":"Mummified Hand"},{"floor":48,"key":"Happy Flower"},{"floor":54,"key":"Whetstone"}],"event_choices":[{"damage_healed":0,"gold_gain":0,"player_choice":"Rummage","damage_taken":0,"relics_obtained":["WarpedTongs"],"max_hp_gain":0,"max_hp_loss":0,"event_name":"Accursed Blacksmith","floor":4,"gold_loss":0,"cards_obtained":["Pain"]},{"damage_healed":0,"gold_gain":0,"player_choice":"Trade","damage_taken":0,"relics_obtained":["SsserpentHead"],"max_hp_gain":0,"max_hp_loss":0,"event_name":"FaceTrader","floor":10,"gold_loss":0},{"damage_healed":0,"gold_gain":175,"player_choice":"AGREE","damage_taken":0,"max_hp_gain":0,"max_hp_loss":0,"event_name":"Liars Game","floor":13,"gold_loss":0,"cards_obtained":["Doubt"]},{"damage_healed":0,"gold_gain":0,"player_choice":"Paid Gold","damage_taken":0,"relics_obtained":["Bronze Scales"],"max_hp_gain":0,"max_hp_loss":0,"event_name":"WeMeetAgain","floor":27,"gold_loss":51},{"damage_healed":0,"gold_gain":0,"player_choice":"Memory 3","damage_taken":10,"max_hp_gain":0,"max_hp_loss":0,"event_name":"SensoryStone","floor":44,"gold_loss":0},{"damage_healed":0,"gold_gain":0,"player_choice":"Ignored","damage_taken":0,"max_hp_gain":0,"max_hp_loss":0,"event_name":"NoteForYourself","floor":45,"gold_loss":0}],"is_beta":false,"boss_relics":[{"not_picked":["Sozu","Runic Dome"],"picked":"Tiny House"},{"not_picked":["Velvet Choker","Empty Cage"],"picked":"Busted Crown"}],"items_purged_floors":[3,3,5,5,14,22,22,28,28,37,37,53],"is_endless":false,"potions_floor_spawned":[7,11,12,16,18,19,20,21,24,25,29,31,33,35,36,38,39,40,41,42,47,54],"ascension_level":0}}