{"host":"chev5xv44esse2et","time":1607602873,"event":{"gold_per_floor":[114,126,301,315,315,315,340,109,143,168,185,185,217,217,217,313,313,325,325,325,325,338,367,378,378,426,49,75,85,85],"floor_reached":29,"playtime":1007,"items_purged":["Hallucinations","Doubt"],"score":276,"play_id":"03881099-8ac1-4819-b804-8291594a6ef0","local_time":"20201210202113","is_ascension_mode":false,"campfire_choices":[{"floor":6,"key":"REST"},{"data":"Black Execution","floor":12,"key":"SMITH"}],"neow_cost":"NONE","seed_source_timestamp":7525667670477,"circlet_count":0,"master_deck":["Defend_C","Defend_C","Defend_C+1","Defend_C","Knight Kick","Chip","Black Execution+1","E MP+1","Retrieval Recycling","Here Defend Chip","Fire Blade+1","New Defend Magic","Black Execution+1","Black Shadow","Revenge","Bite","Bite","Bite","Bite","Bite","Fire Blade"],"relics":["Apod","NeowsBlessing","Ring of Misfortune","Ring of Searing","Ancient Tea Set","War Paint","PreservedInsect","Smiling Mask","Juzu Bracelet","Velvet Choker","HollowMod:StagPassRelic","Vajra","Replay:Bandana","Replay:Mystery Machine","Toolbox"],"potions_floor_usage":[24,24],"damage_taken":[{"damage":0,"enemies":"Cultist","floor":1,"turns":1},{"damage":0,"enemies":"2 Louse","floor":2,"turns":1},{"damage":0,"enemies":"Jaw Worm","floor":4,"turns":1},{"damage":18,"enemies":"3 Sentries","floor":7,"turns":5},{"damage":0,"enemies":"3 Louse","floor":9,"turns":4},{"damage":10,"enemies":"3 Louse","floor":11,"turns":2},{"damage":2,"enemies":"Lagavulin","floor":13,"turns":3},{"damage":24,"enemies":"Slime Boss","floor":16,"turns":7},{"damage":20,"enemies":"Chosen","floor":18,"turns":4},{"damage":5,"enemies":"Spheric Guardian","floor":22,"turns":4},{"damage":18,"enemies":"Gremlin Leader","floor":23,"turns":4},{"damage":4,"enemies":"Centurion and Healer","floor":24,"turns":2},{"damage":10,"enemies":"Sentry and Sphere","floor":28,"turns":3},{"damage":24,"enemies":"Shelled Parasite and Fungi","floor":29,"turns":2}],"seed_played":"7103760607186508254","potions_obtained":[{"floor":1,"key":"Strength Potion"},{"floor":2,"key":"Fire Potion"},{"floor":11,"key":"ColorlessPotion"},{"floor":28,"key":"Regen Potion"}],"is_trial":false,"path_per_floor":["M","M","?","M","?","R","E","R","MIM","T","M","R","E","?","R_BF","B",null,"M","?","?","?","M","E","M","?","T","$","M","M"],"character_chosen":"TD1MADAO_CLASS","items_purchased":["War Paint","Fire Blade","Replay:Mystery Machine","Toolbox"],"campfire_rested":1,"item_purchase_floors":[8,27,27,27],"current_hp_per_floor":[70,70,70,70,70,70,52,52,52,52,42,42,40,40,61,37,70,50,37,37,37,32,14,10,10,10,10,4,0,0],"gold":85,"neow_bonus":"THREE_ENEMY_KILL","is_prod":false,"is_daily":false,"chose_seed":false,"campfire_upgraded":1,"win_rate":0.0,"timestamp":1607602873,"path_taken":["M","M","?","M","?","R","E","R","MIM","?","M","R","E","?","R_BF","BOSS","M","?","?","?","M","E","M","?","T","?","M","M"],"build_version":"2020-11-30","purchased_purges":2,"victory":false,"max_hp_per_floor":[70,70,70,70,70,70,70,70,70,70,70,70,70,70,70,70,70,70,75,75,75,75,75,75,52,52,52,52,52,52],"card_choices":[{"not_picked":["Money Cant Rescue","Perfect Defend","Afterwards"],"picked":"SKIP","floor":1},{"not_picked":["Break Into","Load Balancing"],"picked":"Black Execution","floor":2},{"not_picked":["Provocative","Light Attack"],"picked":"E MP","floor":4},{"not_picked":["Preloading","Sudden Beat"],"picked":"Retrieval Recycling","floor":7},{"not_picked":["Twin Teeth","Cursed Blade"],"picked":"Here Defend Chip","floor":9},{"not_picked":["Resistance","Provocative"],"picked":"Fire Blade","floor":11},{"not_picked":["Bugfix","Data Freezing"],"picked":"New Defend Magic","floor":13},{"not_picked":["Lunge","Three Hit","White Contract"],"picked":"SKIP","floor":18},{"not_picked":["Thunder Jump","Machining"],"picked":"Black Execution+1","floor":22},{"not_picked":["Lunge+1","Here Defend Chip"],"picked":"Black Shadow","floor":23},{"not_picked":["Preloading","Thunder Jump"],"picked":"Revenge","floor":24},{"not_picked":["Gravity Defend","Rupture","Reflection Mechanism+1"],"picked":"SKIP","floor":28}],"player_experience":208439,"relics_obtained":[{"floor":5,"key":"Ring of Misfortune"},{"floor":5,"key":"Ring of Searing"},{"floor":7,"key":"Ancient Tea Set"},{"floor":9,"key":"PreservedInsect"},{"floor":10,"key":"Smiling Mask"},{"floor":13,"key":"Juzu Bracelet"},{"floor":23,"key":"Vajra"},{"floor":26,"key":"Replay:Bandana"}],"event_choices":[{"damage_healed":0,"gold_gain":175,"player_choice":"AGREE","damage_taken":0,"max_hp_gain":0,"max_hp_loss":0,"event_name":"Liars Game","floor":3,"gold_loss":0,"cards_obtained":["Doubt"]},{"damage_healed":0,"gold_gain":0,"player_choice":"Agree","damage_taken":0,"max_hp_gain":0,"max_hp_loss":0,"event_name":"conspire:LoneGhost","floor":14,"gold_loss":0},{"damage_healed":0,"gold_gain":0,"player_choice":"Shed Blood","damage_taken":18,"max_hp_gain":5,"max_hp_loss":0,"event_name":"Forgotten Altar","floor":19,"gold_loss":0},{"damage_healed":0,"gold_gain":0,"player_choice":"Became a vampire","damage_taken":0,"max_hp_gain":0,"max_hp_loss":23,"event_name":"Vampires","floor":25,"gold_loss":0,"cards_obtained":["Bite","Bite","Bite","Bite","Bite"]}],"is_beta":false,"boss_relics":[{"not_picked":["Busted Crown","Pandora\u0027s Box"],"picked":"Velvet Choker"}],"items_purged_floors":[8,27],"is_endless":false,"potions_floor_spawned":[1,2,11,22,28],"killed_by":"Shelled Parasite and Fungi","ascension_level":0}}