{"host":"4od3vimf955filln","time":1607605483,"event":{"gold_per_floor":[116,134,209,220,220,220,245,245,245,308,319,350,373,390,390,486,486,504,523,537,452,452,452,484,484,558,558,558,328,390,402,402,503,503,514,564,630,642,662,696,227,239,286,241,241,251,311,321,321,321],"floor_reached":51,"playtime":2949,"items_purged":["Strike_G","Defend_G"],"score":736,"play_id":"e86a57b1-0e5e-47fe-86a7-ccd655dabe58","local_time":"20201210130443","is_ascension_mode":false,"campfire_choices":[{"data":"Crippling Poison","floor":6.0,"key":"SMITH"},{"data":"Choke","floor":8.0,"key":"SMITH"},{"data":"Well Laid Plans","floor":15.0,"key":"SMITH"},{"data":"Burst","floor":23.0,"key":"SMITH"},{"data":"PiercingWail","floor":25.0,"key":"SMITH"},{"data":"Deadly Poison","floor":28.0,"key":"SMITH"},{"data":"Terror","floor":32.0,"key":"SMITH"},{"floor":45,"key":"REST"},{"floor":49,"key":"REST"}],"neow_cost":"NONE","seed_source_timestamp":18961560903600,"circlet_count":0,"master_deck":["Strike_G","Strike_G","Strike_G","Defend_G","Defend_G","Survivor+1","Neutralize","Crippling Poison+1","Quick Slash+1","Dagger Throw","Choke+1","Deadly Poison+1","Dodge and Roll","PiercingWail+1","Well Laid Plans+1","Deflect","Leg Sweep","Terror+1","Burst+1","Terror","Dagger Spray+1","Dagger Throw","Predator+1","A Thousand Cuts+1","Slice+1","Blade Dance+1","Poisoned Stab+1","Escape Plan","Crippling Poison+1","Noxious Fumes+1","Panache+1","Parasite","Noxious Fumes+1","Prepared+1","Noxious Fumes+1","Dash+1","Choke+1"],"special_seed":0,"relics":["Sozu","Mercury Hourglass","Matryoshka","Strawberry","Regal Pillow","Dream Catcher","Toy Ornithopter","HoveringKite","Bronze Scales","Meat on the Bone","Frozen Egg 2","Bottled Tornado","SsserpentHead","Anchor","Black Star","Blood Vial","Calipers","Lantern","Bag of Marbles","Boot"],"potions_floor_usage":[],"damage_taken":[{"damage":8.0,"enemies":"Jaw Worm","floor":1.0,"turns":4.0},{"damage":0.0,"enemies":"Small Slimes","floor":2.0,"turns":4.0},{"damage":0.0,"enemies":"2 Louse","floor":4.0,"turns":3.0},{"damage":3.0,"enemies":"Lagavulin","floor":7.0,"turns":7.0},{"damage":6.0,"enemies":"Gremlin Nob","floor":10.0,"turns":3.0},{"damage":0.0,"enemies":"Looter","floor":11.0,"turns":2.0},{"damage":18.0,"enemies":"3 Sentries","floor":12.0,"turns":5.0},{"damage":0.0,"enemies":"Exordium Thugs","floor":14.0,"turns":2.0},{"damage":7.0,"enemies":"Hexaghost","floor":16.0,"turns":9.0},{"damage":2.0,"enemies":"Shell Parasite","floor":18.0,"turns":4.0},{"damage":1.0,"enemies":"2 Thieves","floor":19.0,"turns":3.0},{"damage":0.0,"enemies":"Chosen and Byrds","floor":20.0,"turns":6.0},{"damage":12.0,"enemies":"Book of Stabbing","floor":24.0,"turns":5.0},{"damage":0.0,"enemies":"Snake Plant","floor":30.0,"turns":3.0},{"damage":0.0,"enemies":"Cultist and Chosen","floor":31.0,"turns":4.0},{"damage":45.0,"enemies":"Automaton","floor":33.0,"turns":10.0},{"damage":3.0,"enemies":"3 Shapes","floor":35.0,"turns":3.0},{"damage":1.0,"enemies":"Orb Walker","floor":37.0,"turns":3.0},{"damage":5.0,"enemies":"Maw","floor":38.0,"turns":7.0},{"damage":30.0,"enemies":"Transient","floor":39.0,"turns":5.0},{"damage":48.0,"enemies":"Reptomancer","floor":40.0,"turns":5.0},{"damage":1,"enemies":"Writhing Mass","floor":42,"turns":4},{"damage":27,"enemies":"Spire Growth","floor":46,"turns":4},{"damage":1,"enemies":"Jaw Worm Horde","floor":47,"turns":3},{"damage":0,"enemies":"4 Shapes","floor":48,"turns":4},{"damage":74,"enemies":"Donu and Deca","floor":50,"turns":7}],"seed_played":"6264545293855590562","potions_obtained":[],"is_trial":false,"path_per_floor":["M","M","?","M","?","R","E","R","T","?","M","E","T","M","R","B",null,"M","M","M","?","?","R","E","R","T","?","R","$","M","M","R","B",null,"M","?","M","M","M","E","$","M","T","?","R","M","M","M","R","B",null],"character_chosen":"THE_SILENT","items_purchased":["Anchor","Noxious Fumes+1","Panache+1","Lantern"],"campfire_rested":2,"item_purchase_floors":[29,41,41,41],"current_hp_per_floor":[62,62,51,51,37,37,34,34,34,35,35,17,17,17,17,10,77,75,74,74,74,74,74,62,62,62,62,62,62,62,62,62,29,77,74,74,73,68,50,14,14,27,27,27,65,40,41,43,77,15],"gold":321,"neow_bonus":"BOSS_RELIC","is_prod":false,"is_daily":false,"chose_seed":false,"campfire_upgraded":7,"win_rate":1,"timestamp":1607605483,"path_taken":["M","M","?","M","?","R","E","R","T","?","M","E","?","?","R","BOSS","M","M","M","?","?","R","E","R","T","?","R","$","?","M","R","BOSS","M","?","?","M","M","E","$","M","T","?","R","M","?","M","R","BOSS"],"build_version":"2020-11-30","purchased_purges":2,"victory":true,"max_hp_per_floor":[70,70,70,70,70,70,70,70,70,77,77,77,77,77,77,77,77,77,77,77,77,77,77,77,77,77,77,77,77,77,77,77,77,77,77,77,77,77,77,77,77,77,77,77,77,77,77,77,77,77],"relic_stats":{"Regal Pillow":26,"counters":[26,118],"HoveringKite":[33],"Boot":[23],"Mercury Hourglass":[403],"Sozu":11,"Blood Vial":8,"SsserpentHead":250,"Dream Catcher":2,"Bronze Scales":[185],"Black Star":1,"obtain_stats":[{"Regal Pillow":12,"Lantern":41,"Calipers":40,"HoveringKite":17,"Frozen Egg 2":26,"Bottled Tornado":26,"Boot":44,"Mercury Hourglass":7,"Sozu":0,"Blood Vial":40,"SsserpentHead":27,"Dream Catcher":13,"Anchor":29,"Matryoshka":9,"Strawberry":10,"Bronze Scales":21,"Black Star":34,"Bag of Marbles":43,"Toy Ornithopter":13,"Ring of the Snake":0,"Meat on the Bone":24},{"Regal Pillow":7,"Lantern":21,"Calipers":21,"HoveringKite":9,"Frozen Egg 2":13,"Bottled Tornado":13,"Boot":22,"Mercury Hourglass":4,"Sozu":0,"Blood Vial":21,"SsserpentHead":13,"Dream Catcher":7,"Anchor":13,"Matryoshka":4,"Strawberry":4,"Bronze Scales":12,"Black Star":16,"Bag of Marbles":22,"Toy Ornithopter":7,"Ring of the Snake":0,"Meat on the Bone":13},{"Regal Pillow":28,"Lantern":96,"Calipers":96,"HoveringKite":39,"Frozen Egg 2":57,"Bottled Tornado":57,"Boot":100,"Mercury Hourglass":18,"Sozu":0,"Blood Vial":96,"SsserpentHead":57,"Dream Catcher":28,"Anchor":57,"Matryoshka":18,"Strawberry":18,"Bronze Scales":52,"Black Star":74,"Bag of Marbles":100,"Toy Ornithopter":28,"Ring of the Snake":0,"Meat on the Bone":57}],"Toy Ornithopter":0,"Meat on the Bone":60},"card_choices":[{"not_picked":["Dagger Spray","Terror"],"picked":"Crippling Poison","floor":1.0},{"not_picked":["Sucker Punch","Flying Knee"],"picked":"Quick Slash","floor":2.0},{"not_picked":["Outmaneuver","Eviscerate"],"picked":"Dagger Throw","floor":4.0},{"not_picked":["Sucker Punch","Tools of the Trade"],"picked":"Choke","floor":7.0},{"not_picked":["Deflect","Dagger Throw"],"picked":"Deadly Poison","floor":10.0},{"not_picked":["Endless Agony","Outmaneuver"],"picked":"Dodge and Roll","floor":11.0},{"not_picked":["Calculated Gamble","Heel Hook"],"picked":"PiercingWail","floor":12.0},{"not_picked":["Acrobatics","Dagger Spray"],"picked":"Well Laid Plans","floor":14.0},{"not_picked":["Quick Slash","Outmaneuver"],"picked":"Deflect","floor":18.0},{"not_picked":["Dodge and Roll+1","Outmaneuver"],"picked":"Leg Sweep","floor":19.0},{"not_picked":["Masterful Stab","Sucker Punch+1"],"picked":"Terror","floor":20.0},{"not_picked":["Flechettes","Skewer"],"picked":"Dagger Spray+1","floor":24.0},{"not_picked":["Flying Knee","Sucker Punch+1"],"picked":"Dagger Throw","floor":30.0},{"not_picked":["Outmaneuver","Slice+1"],"picked":"Predator+1","floor":31.0},{"not_picked":["Doppelganger","Phantasmal Killer"],"picked":"A Thousand Cuts+1","floor":33.0},{"not_picked":["Outmaneuver","Sucker Punch"],"picked":"Slice+1","floor":35.0},{"not_picked":["Flechettes+1","Prepared"],"picked":"Blade Dance+1","floor":37.0},{"not_picked":["Sucker Punch","Quick Slash"],"picked":"Poisoned Stab+1","floor":38.0},{"not_picked":["Dagger Spray","Dagger Throw"],"picked":"Escape Plan","floor":39.0},{"not_picked":["Well Laid Plans+1","Endless Agony"],"picked":"Crippling Poison+1","floor":40.0},{"not_picked":["Dagger Spray","Flechettes","Masterful Stab"],"picked":"SKIP","floor":42},{"not_picked":["Blur+1","Deflect+1"],"picked":"Noxious Fumes+1","floor":45},{"not_picked":["Underhanded Strike+1","Dagger Throw"],"picked":"Prepared+1","floor":46},{"not_picked":["Outmaneuver","Eviscerate+1"],"picked":"Noxious Fumes+1","floor":47},{"not_picked":["Outmaneuver+1","Quick Slash"],"picked":"Dash+1","floor":48},{"not_picked":["Endless Agony+1","Flying Knee"],"picked":"Choke+1","floor":49}],"player_experience":2828,"relics_obtained":[{"floor":7.0,"key":"Mercury Hourglass"},{"floor":9.0,"key":"Matryoshka"},{"floor":12.0,"key":"Regal Pillow"},{"floor":13.0,"key":"Dream Catcher"},{"floor":13.0,"key":"Toy Ornithopter"},{"floor":24.0,"key":"Meat on the Bone"},{"floor":26.0,"key":"Frozen Egg 2"},{"floor":26.0,"key":"Bottled Tornado"},{"floor":40.0,"key":"Blood Vial"},{"floor":40.0,"key":"Calipers"},{"floor":43,"key":"Bag of Marbles"}],"event_choices":[{"damage_healed":0.0,"max_hp_gain":0.0,"max_hp_loss":0.0,"gold_gain":75.0,"event_name":"World of Goop","player_choice":"Gather Gold","floor":3.0,"gold_loss":0.0,"damage_taken":11.0},{"damage_healed":0.0,"max_hp_gain":0.0,"max_hp_loss":0.0,"gold_gain":0.0,"event_name":"Shining Light","player_choice":"Entered Light","floor":5.0,"gold_loss":0.0,"damage_taken":14.0,"cards_upgraded":["Quick Slash","Survivor"]},{"damage_healed":0.0,"max_hp_gain":0.0,"max_hp_loss":0.0,"gold_gain":0.0,"event_name":"Dead Adventurer","player_choice":"Searched \u00272\u0027 times","floor":10.0,"gold_loss":0.0,"damage_taken":0.0,"relics_obtained":["Strawberry"]},{"damage_healed":0.0,"max_hp_gain":0.0,"max_hp_loss":0.0,"gold_gain":0.0,"event_name":"Addict","player_choice":"Obtained Relic","floor":21.0,"gold_loss":85.0,"damage_taken":0.0,"relics_obtained":["Bronze Scales"]},{"damage_healed":0.0,"max_hp_gain":0.0,"max_hp_loss":0.0,"gold_gain":0.0,"cards_transformed":["Strike_G","Defend_G"],"event_name":"Drug Dealer","player_choice":"Became Test Subject","floor":22.0,"gold_loss":0.0,"damage_taken":0.0,"cards_obtained":["Burst","Terror"]},{"damage_healed":0.0,"max_hp_gain":0.0,"max_hp_loss":0.0,"gold_gain":0.0,"event_name":"FaceTrader","player_choice":"Trade","floor":27.0,"gold_loss":0.0,"damage_taken":0.0,"relics_obtained":["SsserpentHead"]},{"cards_removed":["Defend_G"],"damage_healed":0.0,"max_hp_gain":0.0,"max_hp_loss":0.0,"gold_gain":0.0,"event_name":"Bonfire Elementals","player_choice":"Offered Basic","floor":36.0,"gold_loss":0.0,"damage_taken":0.0},{"damage_healed":0,"gold_gain":0,"player_choice":"Paid Gold","damage_taken":0,"relics_obtained":["Boot"],"max_hp_gain":0,"max_hp_loss":0,"event_name":"WeMeetAgain","floor":44,"gold_loss":95}],"is_beta":false,"boss_relics":[{"not_picked":["Runic Dome","Coffee Dripper"],"picked":"HoveringKite"},{"not_picked":["Velvet Choker","Runic Pyramid"],"picked":"Black Star"}],"items_purged_floors":[29,41],"is_endless":false,"potions_floor_spawned":[4,7,11,16,18,19,20,38,39,46,47],"ascension_level":0}}