{"host":"y76clbnovzmw9ubx","time":1607608256,"event":{"gold_per_floor":[115,26,26,40,60,60,95,105,105,132,152,152,181,198,198,272,272,288,288,299,72,86,112,130,130,130],"floor_reached":25,"playtime":1601,"items_purged":[],"score":540,"play_id":"0b3e6a27-4131-48cf-9f67-550e73468dcc","local_time":"20201210085056","is_ascension_mode":true,"campfire_choices":[{"data":"Lockon","floor":6.0,"key":"SMITH"},{"data":"Sunder","floor":15,"key":"SMITH"}],"neow_cost":"NONE","seed_source_timestamp":3301442782318,"circlet_count":0,"master_deck":["AscendersBane","Strike_B","Strike_B","Strike_B","Strike_B","Defend_B","Defend_B","Defend_B","Defend_B","Zap","Dualcast","Ball Lightning","Genetic Algorithm","Lockon+1","Rip and Tear","Conserve Battery","BootSequence","Sunder+1","Echo Form","Leap","Chill","Hyperbeam","Beam Cell","Echo Form"],"special_seed":0,"relics":["Cracked Core","MealTicket","Meat on the Bone","Mercury Hourglass","Nuclear Battery","Nloth\u0027s Gift","Omamori","Kunai"],"potions_floor_usage":[25,25],"damage_taken":[{"damage":7.0,"enemies":"2 Louse","floor":1.0,"turns":4.0},{"damage":7.0,"enemies":"Small Slimes","floor":4.0,"turns":3.0},{"damage":0.0,"enemies":"Cultist","floor":5.0,"turns":3.0},{"damage":20.0,"enemies":"3 Sentries","floor":7.0,"turns":6.0},{"damage":4.0,"enemies":"Exordium Thugs","floor":8.0,"turns":4.0},{"damage":21.0,"enemies":"Lagavulin","floor":10.0,"turns":5.0},{"damage":1.0,"enemies":"Looter","floor":11.0,"turns":3.0},{"damage":0.0,"enemies":"3 Sentries","floor":13.0,"turns":4.0},{"damage":0,"enemies":"3 Louse","floor":14,"turns":2},{"damage":26,"enemies":"Hexaghost","floor":16,"turns":8},{"damage":7,"enemies":"2 Thieves","floor":18,"turns":4},{"damage":10,"enemies":"Shell Parasite","floor":20,"turns":4},{"damage":0,"enemies":"3 Cultists","floor":22,"turns":3},{"damage":20,"enemies":"Slavers","floor":23,"turns":3},{"damage":1,"enemies":"Snecko","floor":24,"turns":4},{"damage":44,"enemies":"Book of Stabbing","floor":25,"turns":4}],"seed_played":"7733568358876027149","potions_obtained":[{"floor":1.0,"key":"Weak Potion"},{"floor":5.0,"key":"Fire Potion"},{"floor":8.0,"key":"Strength Potion"},{"floor":10.0,"key":"FocusPotion"},{"floor":18,"key":"LiquidMemories"},{"floor":22,"key":"FearPotion"}],"is_trial":false,"path_per_floor":["M","$","?","M","M","R","E","M","T","E","M","?","E","M","R","B",null,"M","?","M","$","M","E","M","E"],"character_chosen":"DEFECT","items_purchased":["Genetic Algorithm","Omamori","BlessingOfTheForge"],"campfire_rested":0,"item_purchase_floors":[2,21,21],"current_hp_per_floor":[57,71,71,64,64,64,44,40,40,31,42,47,47,47,47,33,65,58,58,48,63,63,43,42,0,0],"gold":130,"neow_bonus":"RANDOM_COMMON_RELIC","is_prod":false,"is_daily":false,"chose_seed":false,"campfire_upgraded":2,"win_rate":0,"timestamp":1607608256,"path_taken":["M","$","?","M","M","R","E","M","T","E","M","?","E","M","R","BOSS","M","?","M","?","M","E","?","E"],"build_version":"2020-11-30","purchased_purges":0,"victory":false,"max_hp_per_floor":[71,71,71,71,71,71,71,71,71,71,71,76,76,76,76,76,76,76,76,76,76,76,76,76,76,76],"relic_stats":{"counters":[16,64],"MealTicket":29,"Nloth\u0027s Gift":2,"Kunai":[2],"obtain_stats":[{"MealTicket":0,"Nloth\u0027s Gift":19,"Omamori":21,"Kunai":23,"Cracked Core":0,"Question Card":7,"Meat on the Bone":9,"Mercury Hourglass":10,"Nuclear Battery":17},{"MealTicket":0,"Nloth\u0027s Gift":11,"Omamori":12,"Kunai":14,"Cracked Core":0,"Question Card":4,"Meat on the Bone":5,"Mercury Hourglass":6,"Nuclear Battery":10},{"MealTicket":0,"Nloth\u0027s Gift":46,"Omamori":50,"Kunai":56,"Cracked Core":0,"Question Card":16,"Meat on the Bone":20,"Mercury Hourglass":25,"Nuclear Battery":42}],"Meat on the Bone":36,"Mercury Hourglass":[165]},"card_choices":[{"not_picked":["Scrape","Turbo"],"picked":"Ball Lightning","floor":1.0},{"not_picked":["Heatsinks","Darkness"],"picked":"Lockon","floor":4.0},{"not_picked":["Storm","BootSequence"],"picked":"Rip and Tear","floor":5.0},{"not_picked":["FTL","Redo"],"picked":"Conserve Battery","floor":7.0},{"not_picked":["Skim","White Noise","Gash"],"picked":"BootSequence","floor":8.0},{"not_picked":["Heatsinks","Skim","Chill"],"picked":"Sunder","floor":10.0},{"not_picked":["Compile Driver","Steam","Storm"],"picked":"Echo Form","floor":11.0},{"not_picked":["Conserve Battery","Darkness","Double Energy"],"picked":"Leap","floor":13},{"not_picked":["Cold Snap","Rip and Tear","Coolheaded"],"picked":"Chill","floor":14},{"not_picked":["Machine Learning","Electrodynamics","Creative AI"],"picked":"Hyperbeam","floor":16},{"not_picked":["Turbo","Doom and Gloom","Sweeping Beam","Static Discharge"],"picked":"SKIP","floor":18},{"not_picked":["Sweeping Beam","Auto Shields","Tempest"],"picked":"SKIP","floor":20},{"not_picked":["Defragment","Cold Snap"],"picked":"Beam Cell","floor":22},{"not_picked":["Barrage","Biased Cognition"],"picked":"Echo Form","floor":23},{"not_picked":["Compile Driver","Steam Power","Cold Snap"],"picked":"SKIP","floor":24}],"player_experience":2798981,"relics_obtained":[{"floor":7.0,"key":"Question Card"},{"floor":9.0,"key":"Meat on the Bone"},{"floor":10.0,"key":"Mercury Hourglass"},{"floor":23,"key":"Kunai"}],"event_choices":[{"damage_healed":0.0,"max_hp_gain":0.0,"max_hp_loss":0.0,"gold_gain":0.0,"event_name":"Scrap Ooze","player_choice":"Fled","floor":3.0,"gold_loss":0.0,"damage_taken":0.0},{"damage_healed":0.0,"max_hp_gain":5.0,"max_hp_loss":0.0,"gold_gain":0.0,"event_name":"Big Fish","player_choice":"Donut","floor":12.0,"gold_loss":0.0,"damage_taken":0.0},{"damage_healed":0,"gold_gain":0,"player_choice":"Traded Relic","damage_taken":0,"relics_obtained":["Nloth\u0027s Gift"],"max_hp_gain":0,"max_hp_loss":0,"event_name":"N\u0027loth","floor":19,"relics_lost":["Question Card"],"gold_loss":0}],"is_beta":false,"boss_relics":[{"not_picked":["Runic Pyramid","Astrolabe"],"picked":"Nuclear Battery"}],"items_purged_floors":[],"is_endless":false,"potions_floor_spawned":[1,5,8,10,13,14,18,22],"killed_by":"Book of Stabbing","ascension_level":20}}