{"host":"gsgpu9obojnqwpp0","time":1607567352,"event":{"gold_per_floor":[114,129,144,69,69,69,99,99,99,114,129,79,79,109,109,209,209,224,224,239,239,254,169,169,268,293,293,84,123,34,49,49,49,49],"floor_reached":33,"playtime":1443,"items_purged":["Strike_P","Defend_P"],"score":298,"play_id":"729e898a-6a64-4eed-ae94-b786543b7348","local_time":"20201209212912","daily_mods":["Allstar","Vintage","Night Terrors"],"is_ascension_mode":false,"campfire_choices":[{"data":"Apotheosis","floor":6,"key":"SMITH"},{"data":"The Bomb","floor":8,"key":"SMITH"},{"data":"Secret Technique","floor":13,"key":"SMITH"},{"data":"Master of Strategy","floor":15,"key":"SMITH"},{"data":"Bandage Up","floor":24,"key":"SMITH"},{"data":"Judgement","floor":27,"key":"SMITH"},{"data":"Mind Blast","floor":32,"key":"SMITH"}],"neow_cost":"","seed_source_timestamp":0,"circlet_count":0,"master_deck":["Strike_P","Strike_P","Defend_P","Defend_P","Defend_P","Eruption","Vigilance","Master of Strategy+1","The Bomb+1","Bandage Up+1","Apotheosis+1","Secret Technique+1","InnerPeace","Swivel","Judgement+1","LikeWater+1","FearNoEvil","Finesse","Prostrate+1","Prostrate","Mind Blast+1"],"special_seed":18606,"relics":["PureWater","Boot","Bronze Scales","GoldenEye","Smiling Mask","Darkstone Periapt","Eternal Feather","Torii","Frozen Egg 2","Black Star","Ornamental Fan","Nilry\u0027s Codex","Peace Pipe","Potion Belt","Juzu Bracelet","CeramicFish","Pantograph","Du-Vu Doll","Meat on the Bone"],"potions_floor_usage":[7,10,22,29,31,31],"damage_taken":[{"damage":2,"enemies":"Cultist","floor":1,"turns":3},{"damage":0,"enemies":"2 Louse","floor":2,"turns":2},{"damage":0,"enemies":"Jaw Worm","floor":3,"turns":2},{"damage":0,"enemies":"Lagavulin","floor":7,"turns":4},{"damage":4,"enemies":"Blue Slaver","floor":10,"turns":4},{"damage":8,"enemies":"Large Slime","floor":11,"turns":5},{"damage":40,"enemies":"Gremlin Nob","floor":14,"turns":4},{"damage":44,"enemies":"The Guardian","floor":16,"turns":9},{"damage":0,"enemies":"Chosen","floor":18,"turns":4},{"damage":1,"enemies":"Shell Parasite","floor":20,"turns":4},{"damage":2,"enemies":"Shelled Parasite and Fungi","floor":22,"turns":6},{"damage":20,"enemies":"Slavers","floor":29,"turns":3},{"damage":1,"enemies":"Snake Plant","floor":31,"turns":5},{"damage":109,"enemies":"Automaton","floor":33,"turns":12}],"seed_played":"8996604888150855735","potions_obtained":[{"floor":1,"key":"EssenceOfSteel"},{"floor":2,"key":"StancePotion"},{"floor":7,"key":"FearPotion"},{"floor":11,"key":"SpeedPotion"},{"floor":20,"key":"PowerPotion"},{"floor":22,"key":"Block Potion"}],"is_trial":false,"path_per_floor":["M","M","M","$","?","R","E","R","T","M","M","$","R","E","R","B",null,"M","?","M","?","M","?","R","?","T","R","$","E","$","M","R","B"],"character_chosen":"WATCHER","items_purchased":["LikeWater+1","FearNoEvil","Finesse","Prostrate","Mind Blast"],"campfire_rested":0,"item_purchase_floors":[28,28,28,30,30],"current_hp_per_floor":[70,70,70,70,63,63,69,69,69,68,66,66,72,38,44,4,72,72,56,59,59,63,63,72,72,72,72,72,52,52,57,69,0,0],"gold":49,"neow_bonus":"","is_prod":false,"is_daily":true,"chose_seed":false,"campfire_upgraded":7,"win_rate":0,"timestamp":1607567352,"path_taken":["M","M","M","$","?","R","E","R","T","M","M","$","R","E","R","BOSS","M","?","M","?","M","?","R","?","T","R","$","E","$","M","R","BOSS"],"build_version":"2020-11-30","purchased_purges":2,"victory":false,"max_hp_per_floor":[72,72,72,72,72,72,72,72,72,72,72,72,72,72,72,72,72,72,72,72,72,72,72,72,72,72,72,72,72,72,72,72,72,72],"card_choices":[{"not_picked":["SignatureMove","CutThroughFate"],"picked":"InnerPeace","floor":7},{"not_picked":["CrushJoints","WreathOfFlame"],"picked":"Swivel","floor":14},{"not_picked":["Scrawl","ConjureBlade"],"picked":"Judgement","floor":16},{"not_picked":["ClearTheMind","ThirdEye"],"picked":"Prostrate+1","floor":29}],"player_experience":228874,"relics_obtained":[{"floor":1,"key":"Boot"},{"floor":2,"key":"Bronze Scales"},{"floor":3,"key":"GoldenEye"},{"floor":7,"key":"Smiling Mask"},{"floor":9,"key":"Darkstone Periapt"},{"floor":10,"key":"Eternal Feather"},{"floor":11,"key":"Torii"},{"floor":14,"key":"Frozen Egg 2"},{"floor":18,"key":"Ornamental Fan"},{"floor":19,"key":"Nilry\u0027s Codex"},{"floor":20,"key":"Peace Pipe"},{"floor":22,"key":"Potion Belt"},{"floor":26,"key":"CeramicFish"},{"floor":29,"key":"Pantograph"},{"floor":29,"key":"Du-Vu Doll"},{"floor":31,"key":"Meat on the Bone"}],"event_choices":[{"cards_removed":["Strike_P"],"damage_healed":0,"gold_gain":0,"player_choice":"Card Removal","damage_taken":7,"max_hp_gain":0,"max_hp_loss":0,"event_name":"Golden Wing","floor":5,"gold_loss":0},{"damage_healed":0,"gold_gain":0,"player_choice":"Obtained Book","damage_taken":16,"max_hp_gain":0,"max_hp_loss":0,"event_name":"Cursed Tome","floor":19,"gold_loss":0},{"damage_healed":0,"gold_gain":0,"player_choice":"Ignored","damage_taken":0,"max_hp_gain":0,"max_hp_loss":0,"event_name":"Ghosts","floor":21,"gold_loss":0},{"damage_healed":0,"gold_gain":0,"player_choice":"Obtained Relic","damage_taken":0,"relics_obtained":["Juzu Bracelet"],"max_hp_gain":0,"max_hp_loss":0,"event_name":"Addict","floor":23,"gold_loss":85},{"damage_healed":0,"gold_gain":99,"player_choice":"Stole From Cult","damage_taken":0,"max_hp_gain":0,"max_hp_loss":0,"event_name":"Nest","floor":25,"gold_loss":0}],"is_beta":false,"boss_relics":[{"not_picked":["Cursed Key","Runic Dome"],"picked":"Black Star"}],"items_purged_floors":[4,12],"is_endless":false,"potions_floor_spawned":[1,2,7,11,20,22],"killed_by":"Automaton","ascension_level":0}}