{"host":"g4jqqbmo30rq7cal","time":1607629317,"event":{"gold_per_floor":[115,115,128,141,158,158,189,189,189,189,33,60,110,110,110,209,209,220,220,230,17,36,36,36,36,36,36,64,64,89,89,89,189,189,202,52,81,81,96,125,125,141,141,156,172,186,93,122,122,122,122,122,22,49,49],"floor_reached":56,"playtime":2646,"items_purged":["CutThroughFate","ForeignInfluence+1"],"score":1416,"play_id":"a949a4c4-9b74-46bd-97d6-e361eaf7af9b","local_time":"20201211004157","is_ascension_mode":false,"campfire_choices":[{"data":"CutThroughFate","floor":6,"key":"SMITH"},{"data":"FollowUp","floor":8,"key":"SMITH"},{"floor":10,"key":"RECALL"},{"floor":15,"key":"REST"},{"data":"MasterReality","floor":23,"key":"SMITH"},{"data":"Vigilance","floor":25,"key":"SMITH"},{"data":"Eruption","floor":29,"key":"SMITH"},{"floor":32,"key":"REST"},{"data":"Vault","floor":41,"key":"SMITH"},{"data":"conspire:Banana","floor":49,"key":"SMITH"},{"data":"Wireheading","floor":52,"key":"SMITH"}],"neow_cost":"NONE","seed_source_timestamp":119333772395400,"circlet_count":0,"master_deck":["Strike_P+1","Strike_P","Strike_P","Strike_P+1","Defend_P","Defend_P","Defend_P+1","Defend_P","Eruption+1","Vigilance+1","CutThroughFate+1","FollowUp+1","Prostrate+1","Nirvana+1","JustLucky","MasterReality+1","SandsOfTime+1","LessonLearned","Prostrate+1","LessonLearned","ThirdEye+1","Vault+1","conspire:Banana+1","DeusExMachina+1","MentalFortress","Flash of Steel","Dark Shackles+1","Jack Of All Trades+1","ThirdEye+1","Wireheading+1","Alpha+1","CutThroughFate","Panacea+1","LikeWater+1","DeusExMachina+1"],"relics":["PureWater","HushsDoor","GuppysHead","WarpedTongs","Damaru","ClockworkSouvenir","Omamori","conspire:DeflatedDodgeball","MagicMushroom","MutagenicStrength","Turnip","Thread and Needle","VioletLotus","MerchantsRug","Oddly Smooth Stone","Toxic Egg 2","Happy Flower","Bottled Lightning","Letter Opener","TheBible"],"potions_floor_usage":[7,7,33,50],"damage_taken":[{"damage":0,"enemies":"Jaw Worm","floor":1,"turns":3},{"damage":1,"enemies":"Cultist","floor":3,"turns":5},{"damage":2,"enemies":"Small Slimes","floor":4,"turns":2},{"damage":5,"enemies":"Exordium Thugs","floor":5,"turns":4},{"damage":7,"enemies":"Gremlin Nob","floor":7,"turns":3},{"damage":24,"enemies":"Hiden Room Battle","floor":13,"turns":5},{"damage":38,"enemies":"The Guardian","floor":16,"turns":14},{"damage":4,"enemies":"3 Byrds","floor":18,"turns":4},{"damage":0,"enemies":"Shell Parasite","floor":20,"turns":3},{"damage":7,"enemies":"Snake Plant","floor":22,"turns":4},{"damage":0,"enemies":"Gremlin Leader","floor":28,"turns":4},{"damage":38,"enemies":"Slavers","floor":30,"turns":4},{"damage":0,"enemies":"conspire:MysteriousRune","floor":33,"turns":6},{"damage":0,"enemies":"Orb Walker","floor":35,"turns":3},{"damage":0,"enemies":"conspire:MimicChest","floor":37,"turns":4},{"damage":0,"enemies":"3 Shapes","floor":39,"turns":4},{"damage":0,"enemies":"Reptomancer","floor":40,"turns":4},{"damage":0,"enemies":"Maw","floor":42,"turns":8},{"damage":0,"enemies":"Jaw Worm Horde","floor":44,"turns":4},{"damage":6,"enemies":"4 Shapes","floor":45,"turns":5},{"damage":0,"enemies":"Maw","floor":46,"turns":6},{"damage":0,"enemies":"Nemesis","floor":48,"turns":1},{"damage":50,"enemies":"conspire:OrnateMirror","floor":50,"turns":7},{"damage":24,"enemies":"Shield and Spear","floor":54,"turns":5},{"damage":10,"enemies":"The Heart","floor":55,"turns":11}],"seed_played":"-91298525412672300","potions_obtained":[{"floor":4,"key":"Fire Potion"},{"floor":5,"key":"LiquidBronze"},{"floor":20,"key":"FairyPotion"},{"floor":30,"key":"AttackPotion"},{"floor":40,"key":"Energy Potion"},{"floor":42,"key":"StancePotion"},{"floor":48,"key":"Regen Potion"}],"is_trial":false,"path_per_floor":["M","?","M","M","M","R","E","R","T","R","$","T","?","?","R","B",null,"M","?","M","$","M","R","?","R","T","?","E","R","E","$","R","B",null,"M","$","?","?","M","E","R","M","T","M","M","M","$","E","R","B",null,"R","$","E","B",null],"character_chosen":"WATCHER","items_purchased":["ClockworkSouvenir","LessonLearned","conspire:Banana","DeusExMachina","MerchantsRug","Oddly Smooth Stone","Panacea+1"],"campfire_rested":2,"item_purchase_floors":[11,21,34,34,36,36,47],"current_hp_per_floor":[79,79,78,76,71,71,64,64,64,64,64,64,40,40,63,25,86,82,67,68,68,62,62,62,62,62,62,63,63,26,26,51,52,80,82,82,84,74,75,76,76,78,78,80,77,79,79,81,81,43,93,93,93,71,64],"gold":49,"neow_bonus":"TEN_PERCENT_HP_BONUS","is_prod":false,"is_daily":false,"chose_seed":false,"campfire_upgraded":8,"win_rate":0.0,"timestamp":1607629317,"path_taken":["M","?","M","?","M","R","E","R","T","R","?","?","?","?","R","BOSS","M","?","?","$","M","R","?","R","T","?","E","R","E","$","R","BOSS","M","?","?","?","M","E","R","M","T","M","M","?","$","E","R","BOSS","R","$","E","BOSS"],"build_version":"2020-11-30","purchased_purges":2,"victory":true,"max_hp_per_floor":[79,79,79,79,79,79,79,79,79,79,79,79,79,79,79,79,86,86,86,86,86,86,86,86,86,86,86,86,86,86,86,86,86,80,82,82,84,84,84,84,84,85,85,86,88,89,89,91,91,93,93,93,93,95,97],"card_choices":[{"not_picked":[],"picked":"Bomb","floor":0},{"not_picked":["InnerPeace","FlurryOfBlows"],"picked":"CutThroughFate","floor":1},{"not_picked":["Fasting2","CrushJoints"],"picked":"FollowUp","floor":3},{"not_picked":["Consecrate","Vengeance"],"picked":"Prostrate","floor":4},{"not_picked":["ThirdEye","Vengeance"],"picked":"Nirvana","floor":5},{"not_picked":["Meditate","Evaluate"],"picked":"JustLucky","floor":7},{"not_picked":["Omniscience","Tantrum"],"picked":"CutThroughFate","floor":13},{"not_picked":["Wish","Devotion"],"picked":"MasterReality","floor":16},{"not_picked":["Halt","BowlingBash","Study"],"picked":"SKIP","floor":18},{"not_picked":["Weave","CrushJoints"],"picked":"SandsOfTime+1","floor":20},{"not_picked":["FlyingSleeves","SashWhip"],"picked":"Prostrate+1","floor":22},{"not_picked":["PathToVictory","SashWhip"],"picked":"LessonLearned","floor":28},{"not_picked":["Vengeance","Swivel+1"],"picked":"ThirdEye","floor":30},{"not_picked":["LessonLearned","Omniscience"],"picked":"Vault","floor":33},{"not_picked":["EmptyBody+1","WheelKick"],"picked":"MentalFortress","floor":35},{"not_picked":["PathToVictory+1","Pray+1"],"picked":"ForeignInfluence+1","floor":37},{"not_picked":["The Bomb+1","Mind Blast"],"picked":"Flash of Steel","floor":38},{"not_picked":["Swift Strike","Dramatic Entrance"],"picked":"Dark Shackles+1","floor":38},{"not_picked":["Purity+1","Good Instincts+1"],"picked":"Jack Of All Trades+1","floor":38},{"not_picked":["Adaptation","PathToVictory+1","Fasting2"],"picked":"SKIP","floor":39},{"not_picked":["ClearTheMind+1","PathToVictory+1"],"picked":"ThirdEye+1","floor":40},{"not_picked":["Study+1","EmptyFist+1"],"picked":"Wireheading","floor":42},{"not_picked":["SignatureMove","Collect+1"],"picked":"Alpha+1","floor":44},{"not_picked":["InnerPeace+1","EmptyFist","Consecrate"],"picked":"SKIP","floor":45},{"not_picked":["CarveReality","SashWhip"],"picked":"CutThroughFate","floor":46},{"not_picked":["Consecrate+1","EmptyFist"],"picked":"LikeWater+1","floor":48},{"not_picked":["EmptyMind+1","Fasting2"],"picked":"DeusExMachina+1","floor":54}],"player_experience":287629,"relics_obtained":[{"floor":7,"key":"Damaru"},{"floor":12,"key":"Omamori"},{"floor":13,"key":"conspire:DeflatedDodgeball"},{"floor":13,"key":"GnawedLeaf"},{"floor":26,"key":"Turnip"},{"floor":28,"key":"conspire:Boomerang"},{"floor":30,"key":"Thread and Needle"},{"floor":37,"key":"Toxic Egg 2"},{"floor":40,"key":"Happy Flower"},{"floor":43,"key":"Bottled Lightning"},{"floor":48,"key":"Letter Opener"},{"floor":54,"key":"TheBible"}],"event_choices":[{"damage_healed":0,"gold_gain":0,"player_choice":"Rummage","damage_taken":0,"relics_obtained":["WarpedTongs"],"max_hp_gain":0,"max_hp_loss":0,"event_name":"Accursed Blacksmith","floor":2,"gold_loss":0,"cards_obtained":["Pain"]},{"damage_healed":0,"gold_gain":0,"player_choice":"Fight","damage_taken":0,"max_hp_gain":0,"max_hp_loss":0,"event_name":"HidenRoomEvent","floor":13,"gold_loss":0},{"cards_removed":["Pain"],"damage_healed":0,"gold_gain":0,"player_choice":"Purged","damage_taken":0,"max_hp_gain":0,"max_hp_loss":0,"event_name":"Purifier","floor":14,"gold_loss":0},{"damage_healed":0,"gold_gain":0,"player_choice":"Inject Mutagens","damage_taken":0,"relics_obtained":["MutagenicStrength"],"max_hp_gain":0,"max_hp_loss":0,"event_name":"Drug Dealer","floor":24,"gold_loss":0},{"damage_healed":0,"gold_gain":0,"player_choice":"Ignored","damage_taken":0,"max_hp_gain":0,"max_hp_loss":0,"event_name":"Ghosts","floor":27,"gold_loss":0},{"damage_healed":0,"gold_gain":0,"player_choice":"Memory 3","damage_taken":10,"max_hp_gain":0,"max_hp_loss":0,"event_name":"SensoryStone","floor":38,"gold_loss":0}],"is_beta":false,"boss_relics":[{"not_picked":["SacredBark","conspire:SlowCooker"],"picked":"MagicMushroom"},{"not_picked":[]},{"not_picked":["Coffee Dripper","Runic Dome"],"picked":"VioletLotus"},{"not_picked":[]}],"items_purged_floors":[21,53],"is_endless":false,"potions_floor_spawned":[4,5,20,30,40,42,45,48],"ascension_level":0}}