{"host":"reretk0dz0kj8f1n","time":1607611422,"event":{"mods":["BaseMod","StSLib","Lobotomy","Minty Spire (QoL Compilation)"],"gold_per_floor":[118,193,193,46,66,66,97,97,121,153,163,191,20,34,34,137,137,154,164,164,182,202,234,234,262,313,340,367,395,447,459,459],"floor_reached":31,"playtime":1450,"items_purged":["Defend_R"],"score":418,"play_id":"c0223833-d6a6-4e4c-bc15-1d7d5102135e","local_time":"20201210234342","is_ascension_mode":true,"campfire_choices":[{"data":"Dark Embrace","floor":6,"key":"SMITH"},{"data":"Metallicize","floor":8,"key":"SMITH"},{"data":"Pummel","floor":15,"key":"SMITH"},{"data":"Barricade","floor":24,"key":"SMITH"}],"circlet_count":0,"master_deck":["Strike_R","Strike_R","Strike_R","Strike_R+1","Strike_R","Defend_R+1","Bash","CrumblingArmor","Dark Embrace+1","Metallicize+1","MHz","Combust","VoidDream","Pummel+1","Barricade+1","Fire Breathing","RedShoes","Juggernaut","GreedKing","Carnage","Evolve","Impervious","Ghostly Armor","DespairKnight","Dark Embrace","BlueStar","Blood for Blood"],"relics":["Burning Blood","CogitoBucket","RabbitCall","Red Skull","Art of War","Tiny Chest","Charon\u0027s Ashes","Membership Card","Theresia","Empty Cage","LuminousBracelet","Anchor","Pen Nib","MawBank","ChangeAnything"],"acts_visited":["Exordium","TheCity"],"potions_floor_usage":[12,12,29,29,29],"damage_taken":[{"damage":0,"enemies":"2 Louse","floor":1,"turns":3},{"damage":11,"enemies":"Small Slimes","floor":5,"turns":3},{"damage":20,"enemies":"Lagavulin","floor":7,"turns":5},{"damage":5,"enemies":"3 Sentries","floor":10,"turns":6},{"damage":3,"enemies":"Jaw Worm","floor":11,"turns":3},{"damage":22,"enemies":"Gremlin Nob","floor":12,"turns":5},{"damage":0,"enemies":"Exordium Wildlife","floor":14,"turns":4},{"damage":0,"enemies":"The Guardian","floor":16,"turns":5},{"damage":6,"enemies":"2 Thieves","floor":18,"turns":3},{"damage":9,"enemies":"Spheric Guardian","floor":19,"turns":4},{"damage":7,"enemies":"Shelled Parasite and Fungi","floor":21,"turns":6},{"damage":19,"enemies":"Centurion and Healer","floor":22,"turns":5},{"damage":17,"enemies":"Book of Stabbing","floor":23,"turns":6},{"damage":22,"enemies":"Slavers","floor":25,"turns":4},{"damage":10,"enemies":"3 Cultists","floor":27,"turns":5},{"damage":10,"enemies":"Chosen and Byrds","floor":28,"turns":4},{"damage":62,"enemies":"Cultist and Chosen","floor":29,"turns":6},{"damage":17,"enemies":"Shelled Parasite and Fungi","floor":30,"turns":4},{"damage":19,"enemies":"Gremlin Leader","floor":31,"turns":2}],"seed_played":"-8579847403393919303","potions_obtained":[{"floor":5,"key":"LiquidMemories"},{"floor":11,"key":"ColorlessPotion"},{"floor":12,"key":"Fruit Juice"},{"floor":18,"key":"FearPotion"},{"floor":19,"key":"SteroidPotion"},{"floor":30,"key":"AttackPotion"}],"is_trial":false,"path_per_floor":["M","?","?","$","M","R","E","R","T","E","M","E","$","M","R","B",null,"M","M","?","M","M","E","R","E","T","M","M","M","M","E"],"character_chosen":"IRONCLAD","items_purchased":["Metallicize","Membership Card","Pummel"],"campfire_rested":0,"item_purchase_floors":[4,13,13],"current_hp_per_floor":[80,69,53,53,48,48,34,34,34,35,38,57,57,63,63,69,85,85,82,82,81,83,77,77,66,66,68,64,18,17,0,0],"gold":459,"neow_bonus":"","is_daily":false,"chose_seed":false,"campfire_upgraded":4,"win_rate":0,"timestamp":1607611422,"path_taken":["M","?","?","$","M","R","E","R","T","E","M","E","$","M","R","BOSS","M","M","?","M","M","E","R","E","T","M","M","M","M","E"],"build_version":"2020-11-30","purchased_purges":1,"victory":false,"max_hp_per_floor":[80,80,80,80,80,80,80,80,80,80,80,85,85,85,85,85,85,85,85,85,85,100,100,100,100,100,100,100,100,100,100,100],"card_choices":[{"not_picked":["MHz","Scorched"],"picked":"CrumblingArmor","floor":1},{"not_picked":["Pommel Strike","Clothesline"],"picked":"Dark Embrace","floor":1},{"not_picked":["SpiderBud","MeatLantern"],"picked":"MHz","floor":5},{"not_picked":["Havoc","Twin Strike","Headbutt"],"picked":"SKIP","floor":5},{"not_picked":["BeautyBeast","OSAHOGD","MeatLantern"],"picked":"Singing Bowl","floor":7},{"not_picked":["GalaxyChild","WhitesApple"],"picked":"CherryBlossoms","floor":7},{"not_picked":["Pommel Strike","Wild Strike"],"picked":"Combust","floor":7},{"not_picked":["OldLady","Laetitia","PunishingBird"],"picked":"Singing Bowl","floor":10},{"not_picked":["Cleave","Sentinel","Wild Strike"],"picked":"SKIP","floor":10},{"not_picked":["Murderer","LongBird","BigBird"],"picked":"Singing Bowl","floor":11},{"not_picked":["Warcry","Power Through","Wild Strike"],"picked":"SKIP","floor":11},{"not_picked":["Murderer","OSAHOGD"],"picked":"VoidDream","floor":12},{"not_picked":["Cleave","Twin Strike","True Grit"],"picked":"SKIP","floor":12},{"not_picked":["Woodsman","Bloodbath","MeatLantern"],"picked":"Singing Bowl","floor":14},{"not_picked":["Shrug It Off","Sever Soul","Pommel Strike"],"picked":"SKIP","floor":14},{"not_picked":["OSAHOGD","Mercenary","Wellcheers"],"picked":"Singing Bowl","floor":16},{"not_picked":["Impervious","Limit Break"],"picked":"Barricade","floor":16},{"not_picked":["HeroicMonk","GalaxyChild","HappyTeddy"],"picked":"Singing Bowl","floor":18},{"not_picked":["Seeing Red+1","Dropkick+1"],"picked":"Fire Breathing","floor":18},{"not_picked":["FieryBird","SingingMachine","BigBird"],"picked":"Singing Bowl","floor":19},{"not_picked":["Thunderclap+1","Perfected Strike+1","Rampage+1"],"picked":"SKIP","floor":19},{"not_picked":["BeautyBeast","ShyLook","RedShoes"],"picked":"Singing Bowl","floor":21},{"not_picked":["Clothesline","Flex+1","Uppercut"],"picked":"SKIP","floor":21},{"not_picked":["OSAHOGD","WallGazer","FairyFestival"],"picked":"Singing Bowl","floor":22},{"not_picked":["BodiesMountain","LaLuna"],"picked":"RedShoes","floor":22},{"not_picked":["True Grit","Warcry"],"picked":"Juggernaut","floor":22},{"not_picked":["BeautyBeast","WhitesApple","Woodsman"],"picked":"Singing Bowl","floor":23},{"not_picked":["LittleHelper","OSAHOGD"],"picked":"GreedKing","floor":23},{"not_picked":["Pommel Strike+1","True Grit"],"picked":"Carnage","floor":23},{"not_picked":["QueenOfHatred","Scorched","LittleHelper"],"picked":"Singing Bowl","floor":25},{"not_picked":["Flex","Pommel Strike"],"picked":"Evolve","floor":25},{"not_picked":["Woodsman","FieryBird","Murderer"],"picked":"Singing Bowl","floor":27},{"not_picked":["Searing Blow","Iron Wave"],"picked":"Impervious","floor":27},{"not_picked":["BigBadWolf","LaLuna","Mercenary"],"picked":"Singing Bowl","floor":28},{"not_picked":["Twin Strike","Body Slam"],"picked":"Ghostly Armor","floor":28},{"not_picked":["CherryBlossoms","Bloodbath"],"picked":"DespairKnight","floor":29},{"not_picked":["Havoc","Metallicize"],"picked":"Dark Embrace","floor":29},{"not_picked":["PunishingBird","OSAHOGD"],"picked":"BlueStar","floor":30},{"not_picked":["Whirlwind","Shrug It Off"],"picked":"Blood for Blood","floor":30}],"player_experience":195639,"relics_obtained":[{"floor":7,"key":"Red Skull"},{"floor":9,"key":"Art of War"},{"floor":10,"key":"Tiny Chest"},{"floor":12,"key":"Charon\u0027s Ashes"},{"floor":23,"key":"Anchor"},{"floor":25,"key":"Pen Nib"},{"floor":26,"key":"MawBank"}],"event_choices":[{"damage_healed":0,"gold_gain":75,"player_choice":"Gather Gold","damage_taken":11,"max_hp_gain":0,"max_hp_loss":0,"event_name":"World of Goop","floor":2,"gold_loss":0},{"damage_healed":0,"gold_gain":0,"player_choice":"Entered Light","damage_taken":16,"max_hp_gain":0,"max_hp_loss":0,"event_name":"Shining Light","floor":3,"gold_loss":0,"cards_upgraded":["Strike_R","Defend_R"]},{"damage_healed":0,"gold_gain":0,"player_choice":"Ignored","damage_taken":0,"max_hp_gain":0,"max_hp_loss":0,"event_name":"Vampires","floor":20,"gold_loss":0}],"is_beta":false,"boss_relics":[{"not_picked":["Busted Crown","Runic Pyramid"],"picked":"Empty Cage"}],"items_purged_floors":[4],"is_endless":false,"potions_floor_spawned":[5,11,12,18,19,25,30],"killed_by":"Gremlin Leader","ascension_level":1}}