{"host":"usrgk25etjl0nf5i","time":1607570403,"event":{"gold_per_floor":[116,116,96,106,116,116,146,146,191,191,123,54,72,89,89,189,189,202,222,222,222,222,254,4,4,4],"floor_reached":25,"playtime":1010,"items_purged":[],"score":318,"play_id":"a194ae72-569c-49ea-8c67-997fd0b28fa4","local_time":"20201209192003","is_ascension_mode":true,"campfire_choices":[{"data":"Zap","floor":6,"key":"SMITH"},{"data":"Dualcast","floor":8,"key":"SMITH"},{"floor":15,"key":"REST"}],"neow_cost":"NONE","seed_source_timestamp":2478484215099200,"circlet_count":0,"master_deck":["Strike_B+1","Strike_B+1","Defend_B","Defend_B","Defend_B","Zap+1","Dualcast+1","Sweeping Beam","All For One","Rebound","Sunder","BootSequence","FTL","Seek","Seek","Fusion","Gash+1"],"relics":["Cracked Core","Anchor","Whetstone","expansioncontent:StudyCardRelic","Nilry\u0027s Codex","Matryoshka","Frozen Egg 2"],"potions_floor_usage":[7,16,23,23],"damage_taken":[{"damage":4,"enemies":"Jaw Worm","floor":1,"turns":3},{"damage":0,"enemies":"Small Slimes","floor":4,"turns":2},{"damage":1,"enemies":"Cultist","floor":5,"turns":4},{"damage":20,"enemies":"Lagavulin","floor":7,"turns":7},{"damage":0,"enemies":"Exordium Wildlife","floor":13,"turns":3},{"damage":0,"enemies":"Exordium Thugs","floor":14,"turns":2},{"damage":32,"enemies":"Slime Boss","floor":16,"turns":8},{"damage":1,"enemies":"Spheric Guardian","floor":18,"turns":3},{"damage":2,"enemies":"2 Thieves","floor":19,"turns":3},{"damage":24,"enemies":"Slavers","floor":23,"turns":4},{"damage":30,"enemies":"Gremlin Leader","floor":25,"turns":2}],"seed_played":"-1966046281766668174","potions_obtained":[{"floor":1,"key":"GamblersBrew"},{"floor":3,"key":"CultistPotion"},{"floor":5,"key":"SneckoOil"},{"floor":7,"key":"SpeedPotion"},{"floor":13,"key":"FocusPotion"},{"floor":19,"key":"Ancient Potion"},{"floor":23,"key":"Explosive Potion"}],"is_trial":false,"path_per_floor":["M","?","?","M","M","R","E","R","T","?","$","$","M","M","R","B",null,"M","M","?","?","?","E","$","E"],"character_chosen":"DEFECT","items_purchased":["BootSequence","FTL","Frozen Egg 2"],"campfire_rested":1,"item_purchase_floors":[11,12,24],"current_hp_per_floor":[71,71,71,71,70,70,50,50,50,43,43,43,43,43,67,35,70,69,67,67,67,51,27,27,0,0],"gold":4,"neow_bonus":"TEN_PERCENT_HP_BONUS","is_prod":false,"is_daily":false,"chose_seed":false,"campfire_upgraded":2,"win_rate":0,"timestamp":1607570403,"path_taken":["M","?","?","?","M","R","E","R","T","?","?","$","M","M","R","BOSS","M","?","?","?","?","E","$","E"],"build_version":"2020-11-30","purchased_purges":0,"victory":false,"max_hp_per_floor":[82,82,82,82,82,82,82,82,82,82,82,82,82,82,82,82,82,82,82,82,82,82,82,82,82,82],"card_choices":[{"not_picked":["Reinforced Body","Streamline"],"picked":"Sweeping Beam","floor":1},{"not_picked":["Streamline","Chaos","Ball Lightning"],"picked":"SKIP","floor":4},{"not_picked":["Doom and Gloom","Ball Lightning"],"picked":"Rebound","floor":5},{"not_picked":["Double Energy","Steam"],"picked":"Sunder","floor":7},{"not_picked":["Sweeping Beam","Melter","Recycle"],"picked":"SKIP","floor":13},{"not_picked":["Rebound","Beam Cell"],"picked":"Seek","floor":14},{"not_picked":["hubris:Prefetch","hubris:DoWhile"],"picked":"Seek","floor":16},{"not_picked":["Defragment","Aggregate"],"picked":"Fusion","floor":18},{"not_picked":["Glacier","Turbo+1","Barrage"],"picked":"SKIP","floor":19},{"not_picked":["Sweeping Beam","Hello World"],"picked":"Gash+1","floor":23}],"player_experience":616582,"relics_obtained":[{"floor":7,"key":"Anchor"},{"floor":9,"key":"Whetstone"},{"floor":22,"key":"Nilry\u0027s Codex"},{"floor":23,"key":"Matryoshka"}],"event_choices":[{"damage_healed":0,"gold_gain":0,"cards_transformed":["Strike_B"],"player_choice":"Change","damage_taken":0,"max_hp_gain":0,"max_hp_loss":0,"event_name":"Living Wall","floor":2,"gold_loss":0,"cards_obtained":["All For One"]},{"damage_healed":0,"gold_gain":0,"player_choice":"Bought 1 Potion","damage_taken":0,"max_hp_gain":0,"max_hp_loss":0,"event_name":"The Woman in Blue","floor":3,"gold_loss":0},{"cards_removed":["Defend_B"],"damage_healed":0,"gold_gain":0,"player_choice":"Card Removal","damage_taken":7,"max_hp_gain":0,"max_hp_loss":0,"event_name":"Golden Wing","floor":10,"gold_loss":0},{"damage_healed":0,"gold_gain":0,"player_choice":"Ignored","damage_taken":0,"max_hp_gain":0,"max_hp_loss":0,"event_name":"Vampires","floor":20,"gold_loss":0},{"cards_removed":["Strike_B"],"damage_healed":0,"gold_gain":0,"player_choice":"Elegance","damage_taken":0,"max_hp_gain":0,"max_hp_loss":0,"event_name":"Back to Basics","floor":21,"gold_loss":0},{"damage_healed":0,"gold_gain":0,"player_choice":"Obtained Book","damage_taken":16,"max_hp_gain":0,"max_hp_loss":0,"event_name":"Cursed Tome","floor":22,"gold_loss":0}],"is_beta":false,"boss_relics":[{"not_picked":["Philosopher\u0027s Stone","Astrolabe"],"picked":"expansioncontent:StudyCardRelic"}],"items_purged_floors":[],"is_endless":false,"potions_floor_spawned":[1,5,7,13,19,23],"killed_by":"Gremlin Leader","ascension_level":9}}