{"host":"ecaj4hn004xnnrw9","time":1607633443,"event":{"mods":["BaseMod","AchievementEnabler","StSLib","Hermit","Quick Restart","Minty Spire (QoL Compilation)","Replay The Spire","The Cursed"],"gold_per_floor":[115,133,24,24,36,65,65,77,77,92,107,136,149,163,163,263,263,275,291,31,31,47,47,47,77,104,104,123,223,223,241,241,241,241],"floor_reached":33,"playtime":1468,"items_purged":["Strike_B"],"score":295,"play_id":"fd354cc3-4ef3-4b67-9ca5-12ac5664735a","local_time":"20201210205043","is_ascension_mode":true,"campfire_choices":[{"data":"Tempest","floor":15,"key":"SMITH"},{"data":"Static Discharge","floor":23,"key":"SMITH"},{"data":"Zap","floor":27,"key":"SMITH"},{"data":"Strike_B","floor":30,"key":"PURGE"},{"data":"Redo","floor":32,"key":"SMITH"}],"circlet_count":0,"master_deck":["Strike_B","Strike_B","Defend_B+1","Defend_B+1","Defend_B+1","Defend_B+1","Zap+1","Dualcast","Conserve Battery","Barrage+1","Rip and Tear","Static Discharge+1","Cold Snap","Tempest+1","Lockon","Seek","Lockon","Core Surge","Go for the Eyes","Coolheaded","Necronomicurse","Sunder","Redo+1","Redo"],"relics":["Cracked Core","NeowsBlessing","Ring of Misfortune","Ring of Shattering","Matryoshka","Nunchaku","CaptainsWheel","Pet Ghost","Coffee Dripper","Replay:Bottled Eggs","Necronomicon","Replay:Bottled Flurry","Replay:Wax Seal","Bag of Preparation","Peace Pipe","Blue Candle"],"acts_visited":["Exordium","TheCity"],"potions_floor_usage":[6,12,12,16,29,29,29,33],"damage_taken":[{"damage":0,"enemies":"Cultist","floor":1,"turns":1},{"damage":0,"enemies":"Jaw Worm","floor":2,"turns":1},{"damage":0,"enemies":"2 Louse","floor":5,"turns":1},{"damage":18,"enemies":"Gremlin Nob","floor":6,"turns":4},{"damage":9,"enemies":"Lots of Slimes","floor":8,"turns":3},{"damage":0,"enemies":"2 Fungi Beasts","floor":10,"turns":3},{"damage":0,"enemies":"Blue Slaver","floor":11,"turns":2},{"damage":6,"enemies":"3 Sentries","floor":12,"turns":6},{"damage":0,"enemies":"Looter","floor":13,"turns":2},{"damage":2,"enemies":"2 Fungi Beasts","floor":14,"turns":2},{"damage":51,"enemies":"Fading Forest","floor":16,"turns":11},{"damage":5,"enemies":"Chosen","floor":18,"turns":2},{"damage":8,"enemies":"2 Thieves","floor":19,"turns":2},{"damage":0,"enemies":"Chosen and Byrds","floor":22,"turns":4},{"damage":20,"enemies":"Slavers","floor":25,"turns":3},{"damage":0,"enemies":"Snake Plant","floor":28,"turns":2},{"damage":0,"enemies":"Colosseum Slavers","floor":29,"turns":4},{"damage":0,"enemies":"Colosseum Nobs","floor":29,"turns":4},{"damage":16,"enemies":"Shelled Parasite and Fungi","floor":31,"turns":4},{"damage":24,"enemies":"Collector","floor":33,"turns":6}],"seed_played":"-6494240193131633629","potions_obtained":[{"floor":2,"key":"Regen Potion"},{"floor":5,"key":"Fire Potion"},{"floor":6,"key":"Elixir"},{"floor":8,"key":"Regen Potion"},{"floor":16,"key":"Dexterity Potion"},{"floor":22,"key":"Block Potion"},{"floor":25,"key":"Regen Potion"},{"floor":29,"key":"Strength Potion"},{"floor":31,"key":"FearPotion"}],"is_trial":false,"path_per_floor":["M","M","$","?","M","E","?","M","T","M","M","E","M","M","R","B",null,"M","M","$","?","M","R","?","E","T","R","M","?","R","M","R","B"],"character_chosen":"DEFECT","items_purchased":["Barrage+1","Replay:Bottled Eggs"],"campfire_rested":0,"item_purchase_floors":[3,20],"current_hp_per_floor":[75,75,75,75,75,57,57,48,48,48,48,75,75,73,73,32,75,70,62,62,46,46,46,46,26,26,26,26,38,38,22,22,0,0],"gold":241,"neow_bonus":"THREE_ENEMY_KILL","is_daily":false,"chose_seed":false,"campfire_upgraded":4,"win_rate":0,"timestamp":1607633443,"path_taken":["M","M","?","?","M","E","?","M","T","M","?","E","M","M","R","BOSS","M","M","$","?","M","R","?","E","T","R","M","?","R","M","R","BOSS"],"build_version":"2020-11-30","purchased_purges":1,"victory":false,"max_hp_per_floor":[75,75,75,75,75,75,75,75,75,75,75,75,75,75,75,75,75,75,75,75,75,75,75,75,75,75,75,75,75,75,75,75,75,75],"card_choices":[{"not_picked":["Redo","Beam Cell"],"picked":"Barrage","floor":1},{"not_picked":["Streamline","Leap"],"picked":"Conserve Battery","floor":2},{"not_picked":["Steam","Turbo"],"picked":"Rip and Tear","floor":5},{"not_picked":["Consume","Biased Cognition"],"picked":"Static Discharge","floor":6},{"not_picked":["Turbo","BasicCrystalCard"],"picked":"Cold Snap","floor":8},{"not_picked":["Panic Button","Steam Power"],"picked":"Tempest","floor":10},{"not_picked":["Conserve Battery","Redo"],"picked":"Lockon","floor":11},{"not_picked":["Rip and Tear","Cold Snap"],"picked":"Seek","floor":12},{"not_picked":["Hello World","Beam Cell","Rebound"],"picked":"SKIP","floor":13},{"not_picked":["Leap","Crystallizer"],"picked":"Lockon","floor":14},{"not_picked":["Electrodynamics","Fission"],"picked":"Core Surge","floor":16},{"not_picked":["Conserve Battery","Steam"],"picked":"Go for the Eyes","floor":18},{"not_picked":["Reinforced Body","Beam Cell"],"picked":"Coolheaded","floor":19},{"not_picked":["Turbo","Barrage","Rebound+1"],"picked":"SKIP","floor":22},{"not_picked":["Undo","Force Field","BasicCrystalCard"],"picked":"SKIP","floor":25},{"not_picked":["Doom and Gloom","Streamline"],"picked":"Sunder","floor":28},{"not_picked":["Leap","Recycle"],"picked":"Redo","floor":29},{"not_picked":["Gash","Hologram"],"picked":"Redo","floor":31}],"player_experience":156470,"relics_obtained":[{"floor":4,"key":"Ring of Misfortune"},{"floor":4,"key":"Ring of Shattering"},{"floor":6,"key":"Matryoshka"},{"floor":9,"key":"Nunchaku"},{"floor":9,"key":"CaptainsWheel"},{"floor":12,"key":"Pet Ghost"},{"floor":21,"key":"Necronomicon"},{"floor":25,"key":"Replay:Bottled Flurry"},{"floor":26,"key":"Replay:Wax Seal"},{"floor":26,"key":"Bag of Preparation"},{"floor":29,"key":"Peace Pipe"},{"floor":29,"key":"Blue Candle"}],"event_choices":[{"cards_removed":["Doubt"],"damage_healed":0,"gold_gain":0,"player_choice":"Purged","damage_taken":0,"max_hp_gain":0,"max_hp_loss":0,"event_name":"Purifier","floor":7,"gold_loss":0},{"damage_healed":0,"gold_gain":0,"player_choice":"Obtained Book","damage_taken":16,"max_hp_gain":0,"max_hp_loss":0,"event_name":"Cursed Tome","floor":21,"gold_loss":0},{"cards_removed":["Barrage"],"damage_healed":0,"gold_gain":0,"player_choice":"Elegance","damage_taken":0,"max_hp_gain":0,"max_hp_loss":0,"event_name":"Back to Basics","floor":24,"gold_loss":0},{"damage_healed":0,"gold_gain":0,"player_choice":"Fight","damage_taken":0,"max_hp_gain":0,"max_hp_loss":0,"event_name":"Colosseum","floor":29,"gold_loss":0},{"damage_healed":0,"gold_gain":0,"player_choice":"Fought Nobs","damage_taken":0,"max_hp_gain":0,"max_hp_loss":0,"event_name":"Colosseum","floor":29,"gold_loss":0}],"is_beta":false,"boss_relics":[{"not_picked":["Replay:Ancient Bell","Runic Pyramid"],"picked":"Coffee Dripper"}],"items_purged_floors":[3],"is_endless":false,"potions_floor_spawned":[2,5,6,8,16,22,25,29,29,31],"killed_by":"Collector","ascension_level":1}}