{"host":"Chintan","time":1607571618,"event":{"gold_per_floor":[119,119,134,50,63,63,98,98,121,121,121],"floor_reached":10,"playtime":249,"items_purged":[],"score":125,"play_id":"18d9f79b-0966-4001-b1df-d47a0f6ea864","local_time":"20201209214018","is_ascension_mode":true,"campfire_choices":[{"floor":6,"key":"REST"}],"neow_cost":"CURSE","seed_source_timestamp":2200989651762399,"circlet_count":0,"master_deck":["AscendersBane","Strike_B","Strike_B+1","Strike_B+1","Strike_B+1","Defend_B+1","Defend_B","Defend_B","Defend_B","Zap","Dualcast","Shame","Conserve Battery","Loop","Defragment","Chill","Tempest"],"relics":["Cracked Core","Dead Branch","CeramicFish","Golden Idol","Whetstone"],"potions_floor_usage":[7,7],"damage_taken":[{"damage":9,"enemies":"2 Louse","floor":1,"turns":3},{"damage":10,"enemies":"Small Slimes","floor":3,"turns":4},{"damage":0,"enemies":"Cultist","floor":5,"turns":4},{"damage":44,"enemies":"Gremlin Nob","floor":7,"turns":4},{"damage":5,"enemies":"Lagavulin","floor":10,"turns":5}],"seed_played":"3787308825711119442","potions_obtained":[{"floor":1,"key":"PowerPotion"},{"floor":5,"key":"Fire Potion"}],"is_trial":false,"path_per_floor":["M","?","M","$","M","R","E","?","T","E"],"character_chosen":"DEFECT","items_purchased":["Defragment"],"campfire_rested":1,"item_purchase_floors":[4],"current_hp_per_floor":[55,34,24,24,24,45,1,1,1,0,0],"gold":121,"neow_bonus":"ONE_RARE_RELIC","is_prod":false,"is_daily":false,"chose_seed":false,"campfire_upgraded":0,"win_rate":0,"timestamp":1607571618,"path_taken":["M","?","M","$","M","R","E","?","T","E"],"build_version":"2020-12-07","purchased_purges":0,"victory":false,"max_hp_per_floor":[71,71,71,71,71,71,71,64,64,64,64],"card_choices":[{"not_picked":["Gash","Heatsinks"],"picked":"Conserve Battery","floor":1},{"not_picked":["Rip and Tear","Gash"],"picked":"Loop","floor":3},{"not_picked":["Lockon","Darkness"],"picked":"Chill","floor":5},{"not_picked":["Melter","Rebound"],"picked":"Tempest","floor":7}],"player_experience":744429,"relics_obtained":[{"floor":7,"key":"CeramicFish"},{"floor":9,"key":"Whetstone"}],"event_choices":[{"damage_healed":0,"gold_gain":0,"player_choice":"Entered Light","damage_taken":21,"max_hp_gain":0,"max_hp_loss":0,"event_name":"Shining Light","floor":2,"gold_loss":0,"cards_upgraded":["Defend_B","Strike_B"]},{"damage_healed":0,"gold_gain":0,"player_choice":"Lose Max HP","damage_taken":0,"relics_obtained":["Golden Idol"],"max_hp_gain":0,"max_hp_loss":7,"event_name":"Golden Idol","floor":8,"gold_loss":0}],"is_beta":true,"boss_relics":[],"items_purged_floors":[],"is_endless":false,"potions_floor_spawned":[1,5],"killed_by":"Lagavulin","ascension_level":18}}