{"host":"vhkb6vx6yafo1fpa","time":1607580346,"event":{"gold_per_floor":[113,12,12,30,44,44,59,59,59,92,103,103,121,132,132,209,209,219,219,318,35,80,80,80],"floor_reached":23,"playtime":530,"items_purged":["Strike_B"],"score":325,"play_id":"56675288-faa8-4ab6-ad62-7196d9fd35ec","local_time":"20201210150546","is_ascension_mode":true,"campfire_choices":[{"data":"Loop","floor":6.0,"key":"SMITH"},{"data":"Zap","floor":12.0,"key":"SMITH"},{"data":"Creative AI","floor":15.0,"key":"SMITH"}],"neow_cost":"NONE","seed_source_timestamp":0,"circlet_count":0,"master_deck":["AscendersBane","Strike_B","Strike_B","Strike_B","Defend_B","Defend_B","Defend_B","Defend_B","Zap+1","Dualcast","Loop+1","Sweeping Beam+1","Hologram","Go for the Eyes","Capacitor","Machine Learning","Cold Snap","Creative AI+1","Seek","Consume","Heatsinks"],"special_seed":0,"relics":["Cracked Core","Bird Faced Urn","Dead Branch","Runic Pyramid","Bottled Tornado","MealTicket"],"potions_floor_usage":[],"damage_taken":[{"damage":5.0,"enemies":"Small Slimes","floor":1.0,"turns":3.0},{"damage":1.0,"enemies":"Cultist","floor":4.0,"turns":4.0},{"damage":4.0,"enemies":"Jaw Worm","floor":5.0,"turns":4.0},{"damage":13.0,"enemies":"Exordium Wildlife","floor":7.0,"turns":3.0},{"damage":12.0,"enemies":"3 Sentries","floor":10.0,"turns":3.0},{"damage":10.0,"enemies":"2 Fungi Beasts","floor":11.0,"turns":3.0},{"damage":0.0,"enemies":"Large Slime","floor":13.0,"turns":4.0},{"damage":29.0,"enemies":"Lots of Slimes","floor":14.0,"turns":3.0},{"damage":18.0,"enemies":"Hexaghost","floor":16.0,"turns":12.0},{"damage":26.0,"enemies":"Shell Parasite","floor":18.0,"turns":7.0},{"damage":52,"enemies":"Book of Stabbing","floor":23,"turns":5}],"seed_played":"4934717983054809048","potions_obtained":[{"floor":1.0,"key":"ColorlessPotion"},{"floor":5.0,"key":"SteroidPotion"},{"floor":7.0,"key":"PowerPotion"},{"floor":14.0,"key":"FocusPotion"}],"is_trial":false,"path_per_floor":["M","$","?","M","M","R","M","$","T","E","M","R","M","M","R","B",null,"M","?","?","$","T","E"],"character_chosen":"DEFECT","items_purchased":["Sweeping Beam","Bottled Tornado","Heatsinks"],"campfire_rested":0,"item_purchase_floors":[2,21,21],"current_hp_per_floor":[66,66,66,65,61,61,48,48,48,40,32,32,38,13,13,17,63,55,55,55,55,55,13,13],"gold":80,"neow_bonus":"TEN_PERCENT_HP_BONUS","is_prod":false,"is_daily":false,"chose_seed":false,"campfire_upgraded":3,"win_rate":0,"timestamp":1607580346,"path_taken":["M","$","?","M","M","R","?","?","T","E","M","R","M","M","R","BOSS","M","?","?","$","?","E"],"build_version":"2020-11-30","purchased_purges":1,"victory":false,"max_hp_per_floor":[78,78,78,78,78,78,78,78,78,78,78,78,78,78,78,78,78,78,78,78,78,78,78,78],"card_choices":[{"not_picked":["Turbo","Leap"],"picked":"Loop","floor":1.0},{"not_picked":["Double Energy","Compile Driver"],"picked":"Hologram","floor":4.0},{"not_picked":["Stack","Leap"],"picked":"Go for the Eyes","floor":5.0},{"not_picked":["Cold Snap","Rebound"],"picked":"Capacitor","floor":7.0},{"not_picked":["Redo","Streamline"],"picked":"Machine Learning","floor":10.0},{"not_picked":["Aggregate","Hologram"],"picked":"Cold Snap","floor":11.0},{"not_picked":["Sunder","Recycle","Coolheaded"],"picked":"SKIP","floor":13.0},{"not_picked":["Barrage","Stack"],"picked":"Creative AI","floor":14.0},{"not_picked":["All For One","Creative AI"],"picked":"Seek","floor":16.0},{"not_picked":["Ball Lightning","Leap","Cold Snap+1"],"picked":"SKIP","floor":18.0}],"player_experience":321894,"relics_obtained":[{"floor":9.0,"key":"Bird Faced Urn"},{"floor":10.0,"key":"Dead Branch"},{"floor":22,"key":"MealTicket"}],"event_choices":[{"damage_healed":0.0,"max_hp_gain":0.0,"max_hp_loss":0.0,"gold_gain":0.0,"event_name":"Upgrade Shrine","player_choice":"Upgraded","floor":3.0,"gold_loss":0.0,"damage_taken":0.0,"cards_upgraded":["Sweeping Beam"]},{"damage_healed":0.0,"max_hp_gain":0.0,"max_hp_loss":0.0,"gold_gain":0.0,"event_name":"The Library","player_choice":"Read","floor":19.0,"gold_loss":0.0,"damage_taken":0.0,"cards_obtained":["Consume"]},{"damage_healed":0.0,"max_hp_gain":0.0,"max_hp_loss":0.0,"gold_gain":99.0,"event_name":"Nest","player_choice":"Stole From Cult","floor":20.0,"gold_loss":0.0,"damage_taken":0.0}],"is_beta":false,"boss_relics":[{"not_picked":["Busted Crown","Pandora\u0027s Box"],"picked":"Runic Pyramid"}],"items_purged_floors":[2],"is_endless":false,"potions_floor_spawned":[1,5,7,14],"killed_by":"Book of Stabbing","ascension_level":14}}