{"host":"s41rn2jhghpwfrvz","time":1607570821,"event":{"gold_per_floor":[114,114,114,132,145,175,189,224,249,281,312,343,360,370,370,370,370],"floor_reached":16,"playtime":866,"items_purged":[],"score":384,"play_id":"0d06b026-4370-4c8d-acaa-af93022edc05","local_time":"20201210052701","daily_mods":["SealedDeck","Diverse","DeadlyEvents"],"is_ascension_mode":true,"campfire_choices":[{"data":"Body Slam","floor":15,"key":"SMITH"}],"neow_cost":"","seed_source_timestamp":2680643469486482,"circlet_count":0,"master_deck":["AscendersBane","Recycle","Acrobatics+1","Sanctity","Expertise+1","Shrug It Off","Body Slam+1","Pommel Strike","Masterful Stab","Backflip"],"relics":["Burning Blood","Champion Belt","MealTicket","War Paint","Nunchaku","Vajra","Blue Candle"],"potions_floor_usage":[6,11,11,16],"damage_taken":[{"damage":0,"enemies":"Cultist","floor":1,"turns":2},{"damage":12,"enemies":"Small Slimes","floor":4,"turns":5},{"damage":5,"enemies":"Jaw Worm","floor":5,"turns":3},{"damage":35,"enemies":"Gremlin Nob","floor":6,"turns":4},{"damage":2,"enemies":"2 Fungi Beasts","floor":7,"turns":3},{"damage":16,"enemies":"3 Sentries","floor":8,"turns":14},{"damage":0,"enemies":"Gremlin Nob","floor":10,"turns":2},{"damage":0,"enemies":"Lagavulin","floor":11,"turns":5},{"damage":11,"enemies":"Gremlin Nob","floor":12,"turns":3},{"damage":0,"enemies":"Exordium Thugs","floor":13,"turns":2},{"damage":0,"enemies":"Blue Slaver","floor":14,"turns":3},{"damage":50,"enemies":"Hexaghost","floor":16,"turns":10}],"seed_played":"8707647990352043440","potions_obtained":[{"floor":1,"key":"Block Potion"},{"floor":5,"key":"SmokeBomb"},{"floor":7,"key":"SpeedPotion"},{"floor":10,"key":"LiquidMemories"},{"floor":12,"key":"DuplicationPotion"},{"floor":13,"key":"ElixirPotion"}],"is_trial":true,"path_per_floor":["M","?","?","M","M","E","M","E","T","E","E","E","M","M","R","B"],"character_chosen":"IRONCLAD","items_purchased":[],"campfire_rested":0,"item_purchase_floors":[],"current_hp_per_floor":[74,67,75,69,70,41,45,35,35,41,47,42,48,54,54,4,4],"gold":370,"neow_bonus":"","is_prod":false,"is_daily":false,"chose_seed":false,"campfire_upgraded":1,"win_rate":0,"timestamp":1607570821,"path_taken":["M","?","?","?","M","E","M","E","T","E","?","E","M","M","R","BOSS"],"build_version":"2020-11-30","purchased_purges":0,"victory":false,"max_hp_per_floor":[75,75,75,75,75,75,75,75,75,75,75,75,75,75,75,75,75],"relic_stats":{"Nunchaku":[4],"counters":[12,56],"Blue Candle":[0],"MealTicket":0,"Champion Belt":[0],"War Paint":["Acrobatics","Expertise"],"obtain_stats":[{"Nunchaku":10,"Blue Candle":12,"Vajra":11,"MealTicket":8,"Champion Belt":6,"War Paint":9,"Burning Blood":0},{"Nunchaku":7,"Blue Candle":9,"Vajra":8,"MealTicket":6,"Champion Belt":4,"War Paint":6,"Burning Blood":0},{"Nunchaku":33,"Blue Candle":41,"Vajra":38,"MealTicket":31,"Champion Belt":14,"War Paint":31,"Burning Blood":0}],"Burning Blood":66},"card_choices":[{"not_picked":["Thunderclap","FlurryOfBlows","Inflame"],"picked":"SKIP","floor":1},{"not_picked":["Rampage","Double Energy","Poisoned Stab"],"picked":"SKIP","floor":4},{"not_picked":["Flying Knee","Clothesline","Armaments"],"picked":"SKIP","floor":5},{"not_picked":["Havoc","Warcry","Clothesline"],"picked":"SKIP","floor":6},{"not_picked":["Bloodletting","SashWhip","Coolheaded"],"picked":"SKIP","floor":7},{"not_picked":["WheelKick","Venomology","EmptyBody"],"picked":"SKIP","floor":8},{"not_picked":["Redo","Sentinel","BattleHymn"],"picked":"SKIP","floor":10},{"not_picked":["Leg Sweep","Combust","Twin Strike"],"picked":"SKIP","floor":11},{"not_picked":["Perfected Strike","Glacier"],"picked":"Backflip","floor":12},{"not_picked":["Backstab","Multi-Cast","Outmaneuver"],"picked":"SKIP","floor":13},{"not_picked":["Stack","FlurryOfBlows","Sword Boomerang"],"picked":"SKIP","floor":14}],"player_experience":1561554,"relics_obtained":[{"floor":6,"key":"Champion Belt"},{"floor":8,"key":"MealTicket"},{"floor":9,"key":"War Paint"},{"floor":10,"key":"Nunchaku"},{"floor":11,"key":"Vajra"},{"floor":12,"key":"Blue Candle"}],"event_choices":[{"cards_removed":["Intimidate"],"damage_healed":0,"gold_gain":0,"player_choice":"Card Removal","damage_taken":7,"max_hp_gain":0,"max_hp_loss":0,"event_name":"Golden Wing","floor":2,"gold_loss":0},{"cards_removed":["Flame Barrier"],"damage_healed":8,"gold_gain":0,"player_choice":"Offered Uncommon","damage_taken":0,"max_hp_gain":0,"max_hp_loss":0,"event_name":"Bonfire Elementals","floor":3,"gold_loss":0}],"is_beta":false,"boss_relics":[],"items_purged_floors":[],"is_endless":false,"potions_floor_spawned":[1,5,7,10,12,13,14],"killed_by":"Hexaghost","ascension_level":20}}