{"host":"zyn2zcp8fez1ptuq","time":1607619504,"event":{"mods":["BaseMod","StSLib","Downfall","BetterRewards","Hermit","Hubris","Minty Spire (QoL Compilation)","Replay The Spire","Robot Space Explorer","Shade Mod","Shop Mod","The Animator","The Cursed","The Jungle","The Necromancer","Infinite Spire"],"gold_per_floor":[115,126,138,153,168,168,202,202,202,215,229,239,256,268,268,368,418,430,442,459,475,475,475],"floor_reached":22,"playtime":2311,"items_purged":[],"score":198,"play_id":"14f812d2-3527-4515-a957-f0cd2272bba3","local_time":"20201210115824","is_ascension_mode":false,"campfire_choices":[{"data":"Iron Wave","floor":6,"key":"SMITH"},{"data":"Massacre","floor":8,"key":"SMITH"},{"data":"Flex","floor":15,"key":"SMITH"}],"circlet_count":0,"master_deck":["Strike_R","Strike_R","Strike_R","Strike_R","Strike_R","Defend_R+1","Defend_R","Defend_R","Defend_R","Bash+1","Thunderclap","True Grit","hubris:SharpeningStone","Iron Wave+1","Wild Strike","Massacre+1","Ghostly Armor","Wild Strike","Heavy Blade","Clothesline","Flex+1","Barricade","Cleave","Rupture","Reckless Charge+1","Reckless Charge+1","Flex+1"],"relics":["Burning Blood","infinitespire:Satchel","Tiny House"],"acts_visited":["Exordium","TheCity"],"potions_floor_usage":[7,16,18,18,20,20,22],"damage_taken":[{"damage":6,"enemies":"Jaw Worm","floor":1,"turns":4},{"damage":0,"enemies":"2 Louse","floor":2,"turns":2},{"damage":1,"enemies":"Cultist","floor":3,"turns":3},{"damage":6,"enemies":"Red Slaver","floor":4,"turns":6},{"damage":3,"enemies":"Looter","floor":5,"turns":3},{"damage":6,"enemies":"3 Sentries","floor":7,"turns":7},{"damage":9,"enemies":"Large Slime","floor":10,"turns":8},{"damage":5,"enemies":"3 Louse","floor":11,"turns":2},{"damage":3,"enemies":"Looter","floor":12,"turns":3},{"damage":4,"enemies":"Blue Slaver","floor":13,"turns":4},{"damage":0,"enemies":"Large Slime","floor":14,"turns":5},{"damage":74,"enemies":"Hexaghost","floor":16,"turns":11},{"damage":31,"enemies":"2 Thieves","floor":18,"turns":4},{"damage":21,"enemies":"Chosen","floor":19,"turns":6},{"damage":33,"enemies":"Snecko","floor":20,"turns":6},{"damage":26,"enemies":"3 Cultists","floor":21,"turns":6},{"damage":18,"enemies":"Centurion and Healer","floor":22,"turns":5}],"seed_played":"-4484536074439191223","potions_obtained":[{"floor":1,"key":"SneckoOil"},{"floor":2,"key":"LiquidMemories"},{"floor":4,"key":"Weak Potion"},{"floor":7,"key":"BloodPotion"},{"floor":16,"key":"LiquidBronze"},{"floor":17,"key":"Strength Potion"},{"floor":18,"key":"CultistPotion"},{"floor":21,"key":"LiquidMemories"}],"is_trial":false,"path_per_floor":["M","M","M","M","M","R","E","R","T","M","M","M","M","M","R","B",null,"M","M","M","M","M"],"character_chosen":"IRONCLAD","items_purchased":[],"campfire_rested":0,"item_purchase_floors":[],"current_hp_per_floor":[80,80,80,80,80,80,80,80,80,77,78,80,80,80,80,12,85,77,62,35,15,0,0],"gold":475,"neow_bonus":"UPGRADE_CARD","is_daily":false,"chose_seed":false,"campfire_upgraded":3,"win_rate":0,"timestamp":1607619504,"path_taken":["M","M","M","M","M","R","E","R","T","M","M","M","M","M","R","BOSS","M","M","M","M","M"],"build_version":"2020-11-30","purchased_purges":0,"victory":false,"max_hp_per_floor":[80,80,80,80,80,80,80,80,80,80,80,80,80,80,80,80,85,85,85,85,85,85,85],"card_choices":[{"not_picked":["Perfected Strike","Clash"],"picked":"Thunderclap","floor":1},{"not_picked":["Shrug It Off","Run Through"],"picked":"True Grit","floor":2},{"not_picked":["Replay:Undeath\u0027s Touch","Shockwave"],"picked":"hubris:SharpeningStone","floor":3},{"not_picked":["Perfected Strike","Armaments"],"picked":"Iron Wave","floor":4},{"not_picked":["Iron Wave","Hemokinesis"],"picked":"Wild Strike","floor":5},{"not_picked":["Clash","Burning Pact"],"picked":"Massacre","floor":7},{"not_picked":["ReplayTheSpireMod:Corrosion Curse","Combust"],"picked":"Ghostly Armor","floor":10},{"not_picked":["Exhume","Entrench"],"picked":"Wild Strike","floor":11},{"not_picked":["Warcry","Power Through"],"picked":"Heavy Blade","floor":12},{"not_picked":["Warcry","Pommel Strike"],"picked":"Clothesline","floor":13},{"not_picked":["Hemokinesis","Havoc"],"picked":"Flex","floor":14},{"not_picked":["Replay:Many Hands","Brutality"],"picked":"Barricade","floor":16},{"not_picked":["Heavy Blade","Flex"],"picked":"Cleave","floor":17},{"not_picked":["Iron Wave+1","Clash"],"picked":"Rupture","floor":18},{"not_picked":["Twin Strike","Sword Boomerang"],"picked":"Reckless Charge+1","floor":19},{"not_picked":["Shrug It Off","Thunderclap"],"picked":"Reckless Charge+1","floor":20},{"not_picked":["True Grit","Warcry"],"picked":"Flex+1","floor":21}],"player_experience":459894,"relics_obtained":[{"floor":7,"key":"infinitespire:Satchel"}],"event_choices":[],"is_beta":false,"boss_relics":[{"not_picked":["Replay:Grab Bag","Replay:Ancient Bell"],"picked":"Tiny House"}],"items_purged_floors":[],"is_endless":false,"potions_floor_spawned":[1,2,4,7,16,18,21],"killed_by":"Centurion and Healer","ascension_level":0}}