{"host":"fbqvzfq8f1yzoo4u","time":1607609963,"event":{"mods":["BaseMod","StSLib","Minty Spire (QoL Compilation)","Replay The Spire"],"gold_per_floor":[115,115,80,25,25,25,40,56,56,84,84,111,147,13,13,94,94,102,132,132,168,192,192,223,223,223],"floor_reached":25,"playtime":1036,"items_purged":[],"score":426,"play_id":"2c2983a0-9e6a-4839-874e-bd64e89bbfcb","local_time":"20201210221923","is_ascension_mode":true,"campfire_choices":[{"data":"Eruption","floor":6.0,"key":"SMITH"},{"floor":11.0,"key":"REST"},{"floor":15.0,"key":"REST"},{"floor":23,"key":"REST"}],"circlet_count":0,"master_deck":["AscendersBane","Strike_P","Strike_P","Strike_P","Strike_P","Defend_P","Defend_P","Defend_P","Defend_P","Eruption+1","Vigilance","ConjureBlade","FollowUp","ClearTheMind+1","CarveReality","Evaluate+1","EmptyMind+1","Prostrate+1","EmptyBody+1","Meditate+1","FlurryOfBlows","Judgement+1","Weave","Shame","CutThroughFate","Protect+1","Prostrate+1"],"special_seed":0,"relics":["PureWater","Toxic Egg 2","TeardropLocket","Replay:Bandana","Frozen Egg 2","VioletLotus","Vajra"],"acts_visited":["Exordium","TheCity"],"potions_floor_usage":[18,22],"damage_taken":[{"damage":5.0,"enemies":"2 Louse","floor":1.0,"turns":2.0},{"damage":10.0,"enemies":"Small Slimes","floor":7.0,"turns":4.0},{"damage":4.0,"enemies":"Jaw Worm","floor":8.0,"turns":2.0},{"damage":17.0,"enemies":"3 Sentries","floor":10.0,"turns":6.0},{"damage":5.0,"enemies":"Exordium Thugs","floor":12.0,"turns":5.0},{"damage":14.0,"enemies":"Replay:BlueRogue","floor":13.0,"turns":5.0},{"damage":12.0,"enemies":"Hexaghost","floor":16.0,"turns":6.0},{"damage":0,"enemies":"Chosen","floor":18,"turns":2},{"damage":7,"enemies":"2 Thieves","floor":19,"turns":2},{"damage":37,"enemies":"Shelled Parasite and Fungi","floor":21,"turns":4},{"damage":10,"enemies":"Centurion and Healer","floor":22,"turns":4},{"damage":6,"enemies":"3 Cultists","floor":24,"turns":4},{"damage":0,"enemies":"Snake Plant","floor":25,"turns":1}],"seed_played":"2506805933901794362","potions_obtained":[{"floor":8.0,"key":"Energy Potion"},{"floor":10.0,"key":"SkillPotion"},{"floor":13.0,"key":"SmokeBomb"},{"floor":21,"key":"Block Potion"}],"is_trial":false,"path_per_floor":["M","?","?","$","?","R","M","M","T","E","R","M","E","$","R","B",null,"M","M","?","M","M","R","M","M"],"character_chosen":"WATCHER","items_purchased":["ClearTheMind+1","Meditate+1","FlurryOfBlows"],"campfire_rested":3,"item_purchase_floors":[4,14,14],"current_hp_per_floor":[38,27,44,44,44,44,34,30,30,13,33,28,14,14,34,22,57,57,50,50,13,3,23,17,17,17],"gold":223,"neow_bonus":"THREE_RARE_CARDS","is_daily":false,"chose_seed":false,"campfire_upgraded":1,"win_rate":0,"timestamp":1607609963,"path_taken":["M","?","?","$","?","R","M","M","T","E","R","M","E","?","R","BOSS","M","M","?","M","M","R","M","M"],"build_version":"2020-11-30","purchased_purges":0,"victory":false,"max_hp_per_floor":[68,68,68,68,68,68,68,68,68,68,68,68,68,68,68,68,68,68,68,68,68,68,68,68,68,68],"card_choices":[{"not_picked":["Alpha","SpiritShield"],"picked":"ConjureBlade","floor":0.0},{"not_picked":["CutThroughFate","FlurryOfBlows"],"picked":"FollowUp","floor":1.0},{"not_picked":["ClearTheMind+1","Study"],"picked":"CarveReality","floor":7.0},{"not_picked":["CrushJoints","FlurryOfBlows"],"picked":"Evaluate+1","floor":8.0},{"not_picked":["FlyingSleeves","Perseverance+1"],"picked":"EmptyMind+1","floor":10.0},{"not_picked":["CutThroughFate","SashWhip"],"picked":"Prostrate+1","floor":12.0},{"not_picked":["Replay:Cycle+1","Replay:BluntJabs"],"picked":"EmptyBody+1","floor":13.0},{"not_picked":["Establishment+1","Ragnarok"],"picked":"Judgement+1","floor":16.0},{"not_picked":["SignatureMove+1","PathToVictory+1"],"picked":"Weave","floor":19},{"not_picked":["Crescendo+1","JustLucky"],"picked":"CutThroughFate","floor":21},{"not_picked":["Replay:ManipulateFuture+1","CutThroughFate"],"picked":"Protect+1","floor":22},{"not_picked":["ThirdEye+1","FollowUp"],"picked":"Prostrate+1","floor":24}],"player_experience":555980,"relics_obtained":[{"floor":9.0,"key":"TeardropLocket"},{"floor":10.0,"key":"Replay:Bandana"},{"floor":13.0,"key":"Frozen Egg 2"}],"event_choices":[{"damage_healed":0.0,"max_hp_gain":0.0,"max_hp_loss":0.0,"gold_gain":0.0,"event_name":"Scrap Ooze","player_choice":"Success","floor":2.0,"gold_loss":0.0,"damage_taken":11.0,"relics_obtained":["Toxic Egg 2"]},{"damage_healed":17.0,"max_hp_gain":0.0,"max_hp_loss":0.0,"gold_gain":0.0,"event_name":"The Cleric","player_choice":"Healed","floor":3.0,"gold_loss":35.0,"damage_taken":0.0},{"damage_healed":0.0,"max_hp_gain":0.0,"max_hp_loss":0.0,"gold_gain":0.0,"event_name":"Liars Game","player_choice":"Ignored","floor":5.0,"gold_loss":0.0,"damage_taken":0.0},{"damage_healed":0,"gold_gain":0,"player_choice":"Stole Relic","damage_taken":0,"relics_obtained":["Vajra"],"max_hp_gain":0,"max_hp_loss":0,"event_name":"Addict","floor":20,"gold_loss":0,"cards_obtained":["Shame"]}],"is_beta":false,"boss_relics":[{"not_picked":["Abe\u0027s Treasure","HolyWater"],"picked":"VioletLotus"}],"items_purged_floors":[],"is_endless":false,"potions_floor_spawned":[8,10,13,21],"killed_by":"Snake Plant","ascension_level":20}}