{"host":"3wy7pdgb9v64ezms","time":1607634955,"event":{"mods":["BaseMod","DeckTracker","Quick Restart","Shop Mod","StSLib","AchievementEnabler","BetterRewards","Highlight Path","SuperFastMode","Relic Filter","UnlockEverythingMod","Aspiration","Minty Spire (QoL Compilation)","2.2 Compatiblity","Infinite Spire","Rare Cards Sparkle","Replay The Spire","Better Note","Colored Map","Relic Stats","Better Match","Hubris","Act Like it!","Permanent Neow","WarShipGirlsR/????R mod","Better Altar","Halation","Prisma Mod","Spicy Shops","Better Third Choice","Shade Mod","The Alterego","Potionbrewer","The Dragon Tamer"],"gold_per_floor":[109,109,124,141,141,141,64,89,114,134,134,134,147,171,171,299,299,318,318,336,355,355,388,388,421,447,460,460,460,460,559,559,559,559,559],"floor_reached":33,"playtime":1860,"items_purged":["Injury"],"score":335,"play_id":"9a80e41a-6086-4422-8fe5-c04a64cc3c14","local_time":"20201210221555","is_ascension_mode":false,"metric_token":2195,"campfire_choices":[{"data":"DTMod:MaximumCharge","floor":6.0,"key":"SMITH"},{"floor":12.0,"key":"REST"},{"data":"DTMod:GhostSkin","floor":15.0,"key":"SMITH"},{"floor":24.0,"key":"REST"},{"floor":28.0,"key":"REST"},{"data":"DTMod:HeadStart","floor":32.0,"key":"SMITH"}],"dtmod_dragon_data":[0,61,0,-1,4,0],"circlet_count":0,"master_deck":["DTMod:Strike","DTMod:Strike","DTMod:Strike","DTMod:DoubleHit","DTMod:TargetDefense","DTMod:TargetDefense","DTMod:TargetDefense","DTMod:SwitchingTactic+1","DTMod:MagicField","DTMod:PurifyingFlame","DTMod:Weaken+1","DTMod:MaximumCharge+1","DTMod:GhostSkin+1","DTMod:MagiciansMark+1","DTMod:HeadStart+1","DTMod:DragonDance","DTMod:Outburst","DTMod:Haste","DTMod:HeadStart","DTMod:OpeningTactic","Pain","ReplayTheSpireMod:Haul","DTMod:BlazingStrike+1","DTMod:Prediction"],"special_seed":0,"relics":["DTMod:PactStone","aspiration:DSix","Bottled Lightning","hubris:TenFootPole","Golden Idol","halation:HeavySnake","WarpedTongs","Potion Belt","DTMod:AncientBone","Blood Vial","potionbrewer:DrinkingBird"],"acts_visited":["Exordium","TheCity"],"potions_floor_usage":[33,33,33,33,33],"damage_taken":[{"damage":7.0,"enemies":"2 Louse","floor":1.0,"turns":2.0},{"damage":3.0,"enemies":"Jaw Worm","floor":3.0,"turns":5.0},{"damage":0.0,"enemies":"Small Slimes","floor":4.0,"turns":5.0},{"damage":0.0,"enemies":"Lagavulin","floor":8.0,"turns":5.0},{"damage":3.0,"enemies":"Blue Slaver","floor":10.0,"turns":3.0},{"damage":0.0,"enemies":"Lots of Slimes","floor":13.0,"turns":5.0},{"damage":0.0,"enemies":"Looter","floor":14.0,"turns":2.0},{"damage":3.0,"enemies":"Hexaghost","floor":16.0,"turns":8.0},{"damage":0.0,"enemies":"Chosen","floor":18.0,"turns":4.0},{"damage":0.0,"enemies":"Spheric Guardian","floor":20.0,"turns":6.0},{"damage":0.0,"enemies":"Snake Plant","floor":21.0,"turns":2.0},{"damage":0.0,"enemies":"Nightmare","floor":23.0,"turns":6.0},{"damage":21.0,"enemies":"Slavers","floor":25.0,"turns":4.0},{"damage":15.0,"enemies":"Snecko","floor":27.0,"turns":4.0},{"damage":35,"enemies":"Collector","floor":33,"turns":10}],"seed_played":"-6828249192057512388","potions_obtained":[{"floor":3.0,"key":"Fire Potion"},{"floor":8.0,"key":"Explosive Potion"},{"floor":10.0,"key":"FearPotion"},{"floor":14.0,"key":"Fruit Juice"},{"floor":16.0,"key":"DistilledChaos"},{"floor":18.0,"key":"SpeedPotion"},{"floor":27.0,"key":"AttackPotion"}],"is_trial":false,"path_per_floor":["M","?","M","M","T","R","$","E","T","M","?","R","M","M","R","B",null,"M","?","M","M","?","NM","R","E","T","M","R","?","AVR","?","R","B"],"character_chosen":"THE_DT","items_purchased":["DTMod:GhostSkin"],"campfire_rested":3,"item_purchase_floors":[7],"current_hp_per_floor":[38,38,35,35,35,35,35,35,35,32,32,45,45,45,45,42,45,45,45,45,45,45,45,45,24,24,11,24,24,24,24,24,0,0,0],"gold":559,"neow_bonus":"DSIX","is_daily":false,"chose_seed":false,"campfire_upgraded":3,"win_rate":0.0,"timestamp":1607634955,"path_taken":["M","?","M","M","?","R","$","E","T","M","?","R","M","M","R","BOSS","M","?","?","?","?","NM","R","E","T","M","R","?","AVR","?","R","BOSS"],"build_version":"2020-11-30","purchased_purges":1,"victory":false,"max_hp_per_floor":[45,45,45,45,45,45,45,45,45,45,45,45,45,45,45,45,45,45,45,45,45,45,45,45,45,45,45,45,45,45,45,45,45,45,45],"relic_stats":{"Blood Vial":4,"counters":[15,71],"Golden Idol":63,"obtain_stats":[{"Potion Belt":23,"Blood Vial":26,"DTMod:PactStone":0,"Golden Idol":11,"DTMod:AncientBone":25,"hubris:TenFootPole":9,"Bottled Lightning":8,"potionbrewer:DrinkingBird":30,"aspiration:DSix":0,"halation:HeavySnake":17,"WarpedTongs":22},{"Potion Belt":12,"Blood Vial":13,"DTMod:PactStone":0,"Golden Idol":5,"DTMod:AncientBone":13,"hubris:TenFootPole":4,"Bottled Lightning":4,"potionbrewer:DrinkingBird":14,"aspiration:DSix":0,"halation:HeavySnake":8,"WarpedTongs":11},{"Potion Belt":53,"Blood Vial":57,"DTMod:PactStone":0,"Golden Idol":20,"DTMod:AncientBone":57,"hubris:TenFootPole":17,"Bottled Lightning":17,"potionbrewer:DrinkingBird":61,"aspiration:DSix":0,"halation:HeavySnake":35,"WarpedTongs":47}],"WarpedTongs":[24]},"card_choices":[{"not_picked":["DTMod:BizarreTactic","DTMod:BuildUp"],"picked":"DTMod:MagicField","floor":1.0},{"not_picked":["DTMod:RunningTactic","DTMod:InvisibleFlame"],"picked":"DTMod:Weaken","floor":3.0},{"not_picked":["DTMod:Punisher","DTMod:FlameSlash"],"picked":"DTMod:MaximumCharge","floor":4.0},{"not_picked":["DTMod:BreakAttack","DTMod:MagiciansMark","DTMod:BuildUp"],"picked":"SKIP","floor":8.0},{"not_picked":["DTMod:BreakAttack","DTMod:BuildUp"],"picked":"DTMod:MagiciansMark","floor":8.0},{"not_picked":["DTMod:BizarreTactic","DTMod:MagiciansMark","DTMod:BlueScale"],"picked":"SKIP","floor":10.0},{"not_picked":["DTMod:QuickFly","DTMod:MasterPlan"],"picked":"DTMod:HeadStart","floor":13.0},{"not_picked":["DTMod:Weaken","DTMod:InvisibleFlame"],"picked":"DTMod:DragonDance","floor":14.0},{"not_picked":["DTMod:ResonanceForm","DTMod:StunTrap"],"picked":"DTMod:Outburst","floor":16.0},{"not_picked":["DTMod:BizarreTactic","DTMod:Training"],"picked":"DTMod:Haste","floor":18.0},{"not_picked":["DTMod:MagicField","DTMod:Conduct","DTMod:Threaten"],"picked":"SKIP","floor":20.0},{"not_picked":["DTMod:Dissolve+1","DTMod:Training"],"picked":"DTMod:OpeningTactic","floor":21.0},{"not_picked":["Replay:Fractal Strike","infinitespire:Menacing"],"picked":"ReplayTheSpireMod:Haul","floor":23.0},{"not_picked":["DTMod:ShieldDrain","DTMod:SneakAttack"],"picked":"DTMod:BlazingStrike+1","floor":23.0},{"not_picked":["DTMod:BuildUp","DTMod:QuickFly","DTMod:Punisher"],"picked":"SKIP","floor":25.0},{"not_picked":["DTMod:BreakAttack","DTMod:QuickFly"],"picked":"DTMod:Prediction","floor":27.0}],"player_experience":101448,"relics_obtained":[{"floor":8.0,"key":"Bottled Lightning"},{"floor":9.0,"key":"hubris:TenFootPole"},{"floor":23.0,"key":"Potion Belt"},{"floor":25.0,"key":"DTMod:AncientBone"},{"floor":26.0,"key":"Blood Vial"}],"event_choices":[{"damage_healed":0.0,"max_hp_gain":0.0,"max_hp_loss":0.0,"gold_gain":0.0,"cards_transformed":["DTMod:Strike"],"event_name":"Living Wall","player_choice":"Change","floor":2.0,"gold_loss":0.0,"damage_taken":0.0,"cards_obtained":["DTMod:PurifyingFlame"]},{"damage_healed":0.0,"max_hp_gain":0.0,"max_hp_loss":0.0,"gold_gain":0.0,"event_name":"Golden Idol","player_choice":"Take Wound","floor":11.0,"gold_loss":0.0,"damage_taken":0.0,"relics_obtained":["Golden Idol"],"cards_obtained":["Injury"]},{"damage_healed":0.0,"max_hp_gain":0.0,"max_hp_loss":0.0,"gold_gain":0.0,"cards_transformed":["DTMod:TargetDefense"],"event_name":"Transmorgrifier","player_choice":"Transformed","floor":19.0,"gold_loss":0.0,"damage_taken":0.0,"cards_obtained":["DTMod:HeadStart"]},{"damage_healed":0.0,"max_hp_gain":0.0,"max_hp_loss":0.0,"gold_gain":0.0,"event_name":"Accursed Blacksmith","player_choice":"Rummage","floor":22.0,"gold_loss":0.0,"damage_taken":0.0,"relics_obtained":["WarpedTongs"],"cards_obtained":["Pain"]},{"damage_healed":0.0,"max_hp_gain":0.0,"max_hp_loss":0.0,"gold_gain":0.0,"event_name":"betterNote:BetterNote","player_choice":"Ignored","floor":29.0,"gold_loss":0.0,"damage_taken":0.0,"cards_obtained":["ReplayTheSpireMod:Black Plague"]},{"damage_healed":0.0,"max_hp_gain":0.0,"max_hp_loss":0.0,"gold_gain":99.0,"event_name":"betterThird:BetterNest","player_choice":"Steal","floor":31.0,"gold_loss":0.0,"damage_taken":0.0}],"is_beta":false,"boss_relics":[{"not_picked":["halation:SmartPhone","Pandora\u0027s Box"],"picked":"halation:HeavySnake"}],"items_purged_floors":[30],"is_endless":false,"potions_floor_spawned":[3,8,10,14,16,18,20,21,27],"killed_by":"Collector","ascension_level":0}}