{"host":"b0dcklafnoly879c","time":1607608113,"event":{"gold_per_floor":[110,110,190,190,30,30,56,56,83,95,57,100,112,142,154,268,280,306,338,350,8,24,54,64,64,64,84,118,118,118],"floor_reached":29,"playtime":2001,"items_purged":[],"score":335,"play_id":"fb53622d-2762-4848-ad60-4f9d1fa03524","local_time":"20201210224833","is_ascension_mode":true,"campfire_choices":[{"data":"hermit:CalledShot","floor":6.0,"key":"SMITH"},{"data":"hermit:Covet","floor":10.0,"key":"SMITH"},{"data":"hermit:TakeAim","floor":13.0,"key":"SMITH"},{"data":"hermit:Determination","floor":15.0,"key":"SMITH"},{"floor":25.0,"key":"REST"}],"neow_cost":"NONE","seed_source_timestamp":446903750657500,"circlet_count":0,"master_deck":["hermit:Strike_Hermit","hermit:Strike_Hermit","hermit:Strike_Hermit+1","hermit:Defend_Hermit","hermit:Defend_Hermit","hermit:Defend_Hermit","hermit:Defend_Hermit","hermit:Snapshot+1","hermit:Covet+1","hermit:Determination+1","hermit:CalledShot+1","hermit:Headshot","hermit:Coalescence","hermit:Snipe","hermit:TrackingShot","hermit:TakeAim+1","hermit:Deadeye","hermit:OverwhelmingPower","hermit:CalledShot","Shame","hermit:GhostlyPresence","Master of Strategy","Master of Strategy","hermit:GhostlyPresence","hermit:Vantage","hermit:Scavenge"],"special_seed":0,"relics":["hermit:Momento","NeowsBlessing","The Courier","hermit:Horseshoe","MawBank","Pen Nib","hermit:BartenderGlass","theJungle:SneckoAutograph","Membership Card","Ancient Tea Set","Akabeko","Vajra","Kunai"],"potions_floor_usage":[29],"damage_taken":[{"damage":0.0,"enemies":"2 Louse","floor":1.0,"turns":1.0},{"damage":0.0,"enemies":"3 Sentries","floor":7.0,"turns":2.0},{"damage":0.0,"enemies":"Lagavulin","floor":12.0,"turns":1.0},{"damage":6.0,"enemies":"Jaw Worm","floor":14.0,"turns":2.0},{"damage":38.0,"enemies":"The Guardian","floor":16.0,"turns":8.0},{"damage":13.0,"enemies":"theJungle:5_Spyders","floor":18.0,"turns":6.0},{"damage":9.0,"enemies":"theJungle:GiantWrat","floor":19.0,"turns":5.0},{"damage":29.0,"enemies":"theJungle:2_Snecko_Cultists","floor":22.0,"turns":5.0},{"damage":12.0,"enemies":"theJungle:Cassacara","floor":23.0,"turns":6.0},{"damage":5.0,"enemies":"theJungle:SlimyTreeVines","floor":24.0,"turns":4.0},{"damage":9.0,"enemies":"theJungle:Lyon","floor":27.0,"turns":4.0},{"damage":10.0,"enemies":"theJungle:MamaSnecko","floor":28.0,"turns":4.0},{"damage":17,"enemies":"theJungle:JungleHuntersEncounter","floor":29,"turns":2}],"seed_played":"-7075434929347514069","potions_obtained":[{"floor":14.0,"key":"hermit:Eclipse"},{"floor":22.0,"key":"Block Potion"},{"floor":24.0,"key":"Energy Potion"},{"floor":27.0,"key":"Swift Potion"}],"is_trial":false,"path_per_floor":["M","?","?","?","$","R","E","$","T","R","?","E","R","M","R","B",null,"M","M","?","$","M","E","M","R","T","M","E","M"],"character_chosen":"HERMIT","items_purchased":["hermit:CalledShot","hermit:Headshot","hermit:Coalescence","hermit:Snipe","Membership Card","hermit:GhostlyPresence","Master of Strategy","Master of Strategy","Ancient Tea Set"],"campfire_rested":1,"item_purchase_floors":[5,5,5,5,21,21,21,21,21],"current_hp_per_floor":[75,63,63,48,48,48,48,48,48,48,48,48,48,42,42,4,75,62,53,53,53,24,12,12,34,34,25,15,0,0],"gold":118,"neow_bonus":"THREE_ENEMY_KILL","is_prod":false,"is_daily":false,"chose_seed":false,"campfire_upgraded":4,"win_rate":0,"timestamp":1607608113,"path_taken":["M","?","?","?","?","R","E","$","T","R","?","E","R","M","R","BOSS","BOSS","M","M","?","$","M","E","M","R","T","M","E","M"],"build_version":"2020-11-30","purchased_purges":0,"victory":false,"max_hp_per_floor":[75,75,75,75,75,75,75,75,75,75,75,75,75,75,75,75,75,75,75,75,75,75,75,75,75,75,75,75,75,75],"card_choices":[{"not_picked":["hermit:LowProfile","hermit:Dive"],"picked":"hermit:Determination","floor":1.0},{"not_picked":["hermit:LowProfile","hermit:Misfire"],"picked":"hermit:TrackingShot","floor":7.0},{"not_picked":["hermit:CalledShot","hermit:BigShot"],"picked":"hermit:TakeAim","floor":12.0},{"not_picked":["hermit:Midnight","hermit:Vantage"],"picked":"hermit:Deadeye","floor":14.0},{"not_picked":["hermit:DeadOrAlive","hermit:Adapt"],"picked":"hermit:OverwhelmingPower","floor":16.0},{"not_picked":["hermit:Misfire","hermit:Shortfuse","hermit:Quickdraw"],"picked":"SKIP","floor":18.0},{"not_picked":["hermit:Spite","hermit:ItchyTrigger"],"picked":"hermit:CalledShot","floor":19.0},{"not_picked":["hermit:Quickdraw+1","hermit:Snipe"],"picked":"hermit:GhostlyPresence","floor":22.0},{"not_picked":["hermit:Quickdraw","hermit:Snipe","hermit:RoundhouseKick"],"picked":"SKIP","floor":23.0},{"not_picked":["hermit:HighCaliber","hermit:Desperado","hermit:TakeCover"],"picked":"SKIP","floor":24.0},{"not_picked":["hermit:ItchyTrigger","hermit:Dive"],"picked":"hermit:Vantage","floor":27.0},{"not_picked":["hermit:Showdown","hermit:Snipe+1"],"picked":"hermit:Scavenge","floor":28.0}],"player_experience":273304,"relics_obtained":[{"floor":7.0,"key":"hermit:Horseshoe"},{"floor":9.0,"key":"MawBank"},{"floor":12.0,"key":"Pen Nib"},{"floor":23.0,"key":"Akabeko"},{"floor":26.0,"key":"Vajra"},{"floor":28.0,"key":"Kunai"}],"event_choices":[{"damage_healed":0.0,"max_hp_gain":0.0,"max_hp_loss":0.0,"gold_gain":0.0,"event_name":"Scrap Ooze","player_choice":"Success","floor":2.0,"gold_loss":0.0,"damage_taken":12.0,"relics_obtained":["The Courier"]},{"damage_healed":0.0,"max_hp_gain":0.0,"max_hp_loss":0.0,"gold_gain":80.0,"event_name":"Golden Wing","player_choice":"Gained Gold","floor":3.0,"gold_loss":0.0,"damage_taken":0.0},{"damage_healed":0.0,"max_hp_gain":0.0,"max_hp_loss":0.0,"gold_gain":0.0,"event_name":"Shining Light","player_choice":"Entered Light","floor":4.0,"gold_loss":0.0,"damage_taken":15.0,"cards_upgraded":["hermit:Strike_Hermit","hermit:Snapshot"]},{"cards_removed":["hermit:Strike_Hermit"],"damage_healed":0.0,"max_hp_gain":0.0,"max_hp_loss":0.0,"gold_gain":0.0,"event_name":"The Cleric","player_choice":"Card Removal","floor":11.0,"gold_loss":50.0,"damage_taken":0.0}],"is_beta":false,"boss_relics":[{"not_picked":["Calling Bell","Runic Dome"],"picked":"hermit:BartenderGlass"}],"items_purged_floors":[],"is_endless":false,"potions_floor_spawned":[14,22,24,27],"killed_by":"theJungle:JungleHuntersEncounter","ascension_level":1}}