{"host":"9anmc1688xy4jiyg","time":1607636215,"event":{"mods":["BaseMod","StSLib","AchievementEnabler","Highlight Path","Relic Stats","ojb\u0027s Info Mod","Minty Spire (QoL Compilation)"],"gold_per_floor":[118,193,193,206,92,127,139,176,213,237,262,274,304,328,340,430,442,466,493,505,529,541,541],"floor_reached":22,"playtime":1757,"items_purged":["Shame"],"score":327,"play_id":"19126e9a-0432-46eb-8b32-6fe659d40c5a","local_time":"20201210223655","is_ascension_mode":true,"campfire_choices":[{"data":"Zap","floor":7,"key":"SMITH"},{"floor":12,"key":"REST"},{"floor":15,"key":"REST"}],"circlet_count":0,"master_deck":["AscendersBane","Strike_B","Strike_B","Strike_B","Strike_B","Defend_B","Defend_B+1","Defend_B","Defend_B","Zap+1","Dualcast+1","Biased Cognition","Defragment","Cold Snap","Static Discharge","Leap","Compile Driver","Hologram","Conserve Battery","Stack","Echo Form","Stack","Glacier","Aggregate"],"relics":["Cracked Core","MawBank","Turnip","War Paint","Inserter","Juzu Bracelet"],"acts_visited":["Exordium","TheCity"],"potions_floor_usage":[6,6,16,18,22],"damage_taken":[{"damage":4,"enemies":"Jaw Worm","floor":1,"turns":3},{"damage":1,"enemies":"Cultist","floor":4,"turns":3},{"damage":12,"enemies":"3 Sentries","floor":6,"turns":5},{"damage":15,"enemies":"Lagavulin","floor":8,"turns":5},{"damage":8,"enemies":"Small Slimes","floor":10,"turns":3},{"damage":5,"enemies":"Looter","floor":11,"turns":3},{"damage":0,"enemies":"2 Fungi Beasts","floor":13,"turns":3},{"damage":1,"enemies":"Blue Slaver","floor":14,"turns":3},{"damage":53,"enemies":"Hexaghost","floor":16,"turns":10},{"damage":6,"enemies":"Shell Parasite","floor":18,"turns":5},{"damage":8,"enemies":"Chosen","floor":19,"turns":5},{"damage":5,"enemies":"Snake Plant","floor":21,"turns":5},{"damage":42,"enemies":"Masked Bandits","floor":22,"turns":4}],"seed_played":"3174341887820981397","potions_obtained":[{"floor":3,"key":"PowerPotion"},{"floor":3,"key":"Weak Potion"},{"floor":4,"key":"SkillPotion"},{"floor":10,"key":"Regen Potion"},{"floor":13,"key":"Energy Potion"},{"floor":18,"key":"ColorlessPotion"}],"is_trial":false,"path_per_floor":["M","?","?","M","$","E","R","E","T","M","M","R","M","M","R","B",null,"M","M","T","M","?"],"character_chosen":"DEFECT","items_purchased":["Static Discharge"],"campfire_rested":2,"item_purchase_floors":[5],"current_hp_per_floor":[64,53,53,52,52,40,40,25,25,17,12,34,34,33,55,17,61,55,47,47,42,0,0],"gold":541,"neow_bonus":"THREE_RARE_CARDS","is_daily":false,"chose_seed":false,"campfire_upgraded":1,"win_rate":0,"timestamp":1607636215,"path_taken":["M","?","?","M","$","E","R","E","T","M","M","R","M","M","R","BOSS","M","?","?","M","?"],"build_version":"2020-11-30","purchased_purges":1,"victory":false,"max_hp_per_floor":[75,75,75,75,75,75,75,75,75,75,75,75,75,75,75,75,75,75,75,75,75,75,75],"relic_stats":{"Inserter":[9],"counters":[13,57],"Turnip":[4],"Juzu Bracelet":0,"War Paint":["Defend_B","Dualcast"],"MawBank":192,"obtain_stats":[{"Inserter":17,"Turnip":8,"Juzu Bracelet":20,"War Paint":9,"Cracked Core":0,"MawBank":6},{"Inserter":9,"Turnip":4,"Juzu Bracelet":11,"War Paint":4,"Cracked Core":0,"MawBank":3},{"Inserter":38,"Turnip":16,"Juzu Bracelet":48,"War Paint":16,"Cracked Core":0,"MawBank":11}]},"card_choices":[{"not_picked":["Rainbow","Seek"],"picked":"Biased Cognition","floor":0},{"not_picked":["Compile Driver","Undo"],"picked":"Defragment","floor":1},{"not_picked":["Glacier","Streamline"],"picked":"Cold Snap","floor":4},{"not_picked":["Go for the Eyes","Redo"],"picked":"Leap","floor":6},{"not_picked":["Melter","Sweeping Beam"],"picked":"Compile Driver","floor":8},{"not_picked":["Compile Driver","Redo"],"picked":"Hologram","floor":10},{"not_picked":["Storm","Glacier"],"picked":"Conserve Battery","floor":11},{"not_picked":["Sweeping Beam","Compile Driver","Barrage"],"picked":"SKIP","floor":13},{"not_picked":["Turbo","Consume"],"picked":"Stack","floor":14},{"not_picked":["Rainbow","Core Surge"],"picked":"Echo Form","floor":16},{"not_picked":["Ball Lightning","Gash"],"picked":"Stack","floor":18},{"not_picked":["Redo","Sweeping Beam"],"picked":"Glacier","floor":19},{"not_picked":["Streamline","Sweeping Beam"],"picked":"Aggregate","floor":21}],"player_experience":419505,"relics_obtained":[{"floor":6,"key":"MawBank"},{"floor":8,"key":"Turnip"},{"floor":9,"key":"War Paint"},{"floor":20,"key":"Juzu Bracelet"}],"event_choices":[{"damage_healed":0,"gold_gain":75,"player_choice":"Gather Gold","damage_taken":11,"max_hp_gain":0,"max_hp_loss":0,"event_name":"World of Goop","floor":2,"gold_loss":0},{"damage_healed":0,"gold_gain":0,"player_choice":"Got Potions","damage_taken":0,"max_hp_gain":0,"max_hp_loss":0,"event_name":"Lab","floor":3,"gold_loss":0},{"damage_healed":0,"gold_gain":0,"player_choice":"Fought Bandits","damage_taken":0,"max_hp_gain":0,"max_hp_loss":0,"event_name":"Masked Bandits","floor":22,"gold_loss":0}],"is_beta":false,"boss_relics":[{"not_picked":["Cursed Key","Fusion Hammer"],"picked":"Inserter"}],"items_purged_floors":[5],"is_endless":false,"potions_floor_spawned":[4,10,13,18],"killed_by":"Masked Bandits","ascension_level":13}}