{"host":"zkqorkqsr6o67e8b","time":1607570771,"event":{"gold_per_floor":[114,130,130,145,155,155,184,184,207,232,157,188,188,201,201,274,274,293,293,293,193,211,245,255,282,329,357,52,66,66,100,100,173,173,188,188,138,150,170,203,153,153,178,178,178,189,205,244,244,244,244,244,104,136,136,136],"floor_reached":55,"playtime":2753,"items_purged":["alterego_mod:Impale","alterego_mod:Strike","alterego_mod:Defend","alterego_mod:BrynhildrsRune","alterego_mod:Strike","alterego_mod:Defend"],"score":1850,"play_id":"25356a4a-b2c6-4451-b5c4-a9711b7c1d6d","local_time":"20201210112611","is_ascension_mode":true,"campfire_choices":[{"data":"REME_BattleFury","floor":6.0,"key":"SMITH"},{"data":"alterego_mod:BigMeatyClaws","floor":8.0,"key":"SMITH"},{"data":"alterego_mod:GIGAMILK","floor":15.0,"key":"SMITH"},{"data":"alterego_mod:TrashNCrash","floor":30.0,"key":"SMITH"},{"data":"Deep Breath","floor":32.0,"key":"SMITH"},{"data":"alterego_mod:AlterEgo","floor":42.0,"key":"SMITH"},{"data":"J.A.X.","floor":45.0,"key":"SMITH"},{"floor":49.0,"key":"RECALL"},{"data":"alterego_mod:Birthday","floor":52.0,"key":"SMITH"}],"neow_cost":"PERCENT_DAMAGE","seed_source_timestamp":7528530080200,"circlet_count":0,"master_deck":["AscendersBane","alterego_mod:Strike","alterego_mod:Strike+1","alterego_mod:Defend","alterego_mod:BigMeatyClaws+1","alterego_mod:AlterEgo+1","REME_BattleFury+1","alterego_mod:Valentines","alterego_mod:SakuraFive+1","alterego_mod:GIGAMILK+1","alterego_mod:TrashNCrash+1","J.A.X.+1","alterego_mod:Birthday+1","Deep Breath+1","alterego_mod:Cushion","alterego_mod:SideboobHour+1","alterego_mod:PurpleHair","alterego_mod:Cushion+1","alterego_mod:Clones"],"special_seed":0,"relics":["alterego_mod:MasochisticConstitution","REME_ComplimentaryCards","Strawberry","Lantern","Molten Egg 2","Coffee Dripper","alterego_mod:SomeoneToFightFor","Bag of Preparation","Dream Catcher","Smiling Mask","REME_PuzzleBoxRelic","Frozen Eye","REME_IWantAll","REME_DuelDisc","Ginger","Whetstone","Pantograph","Bag of Marbles"],"potions_floor_usage":[55],"damage_taken":[{"damage":18.0,"enemies":"Jaw Worm","floor":1.0,"turns":5.0},{"damage":11.0,"enemies":"2 Louse","floor":2.0,"turns":3.0},{"damage":6.0,"enemies":"Small Slimes","floor":4.0,"turns":5.0},{"damage":10.0,"enemies":"2 Fungi Beasts","floor":5.0,"turns":4.0},{"damage":0.0,"enemies":"Lagavulin","floor":7.0,"turns":4.0},{"damage":10.0,"enemies":"3 Sentries","floor":10.0,"turns":3.0},{"damage":0.0,"enemies":"Gremlin Nob","floor":12.0,"turns":2.0},{"damage":17.0,"enemies":"Exordium Wildlife","floor":14.0,"turns":3.0},{"damage":0.0,"enemies":"The Guardian","floor":16.0,"turns":3.0},{"damage":0.0,"enemies":"Spheric Guardian","floor":18.0,"turns":2.0},{"damage":3.0,"enemies":"3 Byrds","floor":22.0,"turns":3.0},{"damage":22.0,"enemies":"Gremlin Leader","floor":23.0,"turns":6.0},{"damage":18.0,"enemies":"Centurion and Healer","floor":24.0,"turns":5.0},{"damage":3.0,"enemies":"Book of Stabbing","floor":25.0,"turns":1.0},{"damage":46.0,"enemies":"Slavers","floor":27.0,"turns":3.0},{"damage":1.0,"enemies":"Shelled Parasite and Fungi","floor":29.0,"turns":2.0},{"damage":1.0,"enemies":"Book of Stabbing","floor":31.0,"turns":2.0},{"damage":2.0,"enemies":"Automaton","floor":33.0,"turns":3.0},{"damage":10.0,"enemies":"3 Shapes","floor":35.0,"turns":4.0},{"damage":0.0,"enemies":"3 Darklings","floor":38.0,"turns":2.0},{"damage":6.0,"enemies":"Transient","floor":39.0,"turns":4.0},{"damage":11.0,"enemies":"Reptomancer","floor":40.0,"turns":3.0},{"damage":32.0,"enemies":"Jaw Worm Horde","floor":46.0,"turns":2.0},{"damage":40.0,"enemies":"Writhing Mass","floor":47.0,"turns":4.0},{"damage":0.0,"enemies":"Nemesis","floor":48.0,"turns":1.0},{"damage":41.0,"enemies":"Awakened One","floor":50.0,"turns":4.0},{"damage":3.0,"enemies":"Shield and Spear","floor":54.0,"turns":2.0},{"damage":127,"enemies":"The Heart","floor":55,"turns":6}],"seed_played":"411670110762688599","potions_obtained":[{"floor":1.0,"key":"Ancient Potion"},{"floor":2.0,"key":"SteroidPotion"},{"floor":7.0,"key":"DuplicationPotion"},{"floor":24.0,"key":"ColorlessPotion"}],"is_trial":false,"path_per_floor":["M","M","?","M","M","R","E","R","T","E","$","E","?","M","R","B",null,"M","?","?","$","M","E","M","E","T","E","$","M","R","E","R","B",null,"M","?","$","M","M","E","$","R","T","?","R","M","M","E","R","B",null,"R","$","E","B"],"character_chosen":"The_Alterego","items_purchased":["Frozen Eye","Deep Breath","alterego_mod:Clones"],"campfire_rested":0,"item_purchase_floors":[28,28,53],"current_hp_per_floor":[34,38,38,47,45,45,59,59,59,57,57,57,62,46,46,53,76,83,83,83,83,84,85,77,77,77,34,34,43,43,45,45,57,86,90,90,90,90,98,104,104,104,104,116,116,94,64,67,67,54,105,105,105,106,0,0],"gold":136,"neow_bonus":"RANDOM_COLORLESS_2","is_prod":false,"is_daily":false,"chose_seed":false,"campfire_upgraded":8,"win_rate":0,"timestamp":1607570771,"path_taken":["M","M","?","M","M","R","E","R","T","E","$","E","?","M","R","BOSS","M","?","?","?","M","E","?","E","T","E","$","M","R","E","R","BOSS","M","?","$","M","M","E","?","R","T","?","R","?","M","E","R","BOSS","R","$","E","BOSS"],"build_version":"2020-11-30","purchased_purges":6,"victory":false,"max_hp_per_floor":[66,67,67,68,69,69,76,76,76,77,77,77,82,83,83,83,83,83,83,83,83,84,85,86,87,87,88,88,89,89,90,90,95,95,100,100,100,100,105,106,106,106,106,116,116,117,118,121,121,122,122,122,122,123,123,123],"card_choices":[{"not_picked":["Sadistic Nature","Secret Weapon"],"picked":"REME_BattleFury","floor":0.0},{"not_picked":["alterego_mod:DiscoLights","alterego_mod:DeftHands"],"picked":"alterego_mod:Valentines","floor":1.0},{"not_picked":["alterego_mod:Santa","alterego_mod:HighServant","alterego_mod:Crossover"],"picked":"SKIP","floor":2.0},{"not_picked":["alterego_mod:HighServant","alterego_mod:Mirror"],"picked":"alterego_mod:SakuraFive","floor":4.0},{"not_picked":["alterego_mod:Mirror","alterego_mod:Pet","alterego_mod:Exercise"],"picked":"SKIP","floor":5.0},{"not_picked":["alterego_mod:RingBreak","alterego_mod:1TonWallop","alterego_mod:SakuraFive"],"picked":"SKIP","floor":7.0},{"not_picked":["alterego_mod:Mirror","alterego_mod:SakuraFive","alterego_mod:1TonWallop"],"picked":"SKIP","floor":10.0},{"not_picked":["alterego_mod:Belle+1","alterego_mod:RingBreak"],"picked":"alterego_mod:GIGAMILK","floor":12.0},{"not_picked":["alterego_mod:DestructionOfProperty","alterego_mod:GoddessCore+1","alterego_mod:PerceptionDisorder"],"picked":"SKIP","floor":14.0},{"not_picked":["alterego_mod:Mirror","alterego_mod:Cycle"],"picked":"alterego_mod:TrashNCrash","floor":18.0},{"not_picked":["alterego_mod:Bounce+1","alterego_mod:DiscoLights"],"picked":"alterego_mod:Birthday","floor":22.0},{"not_picked":["alterego_mod:Palingenesis","alterego_mod:Pet+1","alterego_mod:BiFurious+1"],"picked":"SKIP","floor":23.0},{"not_picked":["alterego_mod:RidiculouslyBig","alterego_mod:PerceptionDisorder","alterego_mod:Cycle"],"picked":"SKIP","floor":24.0},{"not_picked":["alterego_mod:Pet","alterego_mod:Punishment","alterego_mod:ChallengeComplete"],"picked":"SKIP","floor":25.0},{"not_picked":["alterego_mod:Undulate","alterego_mod:RocketPunch+1"],"picked":"alterego_mod:DustData+1","floor":27.0},{"not_picked":["alterego_mod:RidiculouslyBig","alterego_mod:TrashNCrash"],"picked":"alterego_mod:Cushion","floor":29.0},{"not_picked":["alterego_mod:SakuraLabyrinth","alterego_mod:Punishment"],"picked":"alterego_mod:BrynhildrRomantia+1","floor":31.0},{"not_picked":["alterego_mod:DeftHands+1","alterego_mod:Mirror","alterego_mod:Rip"],"picked":"SKIP","floor":35.0},{"not_picked":["alterego_mod:GachaTicket","alterego_mod:DeftHands+1","alterego_mod:MagicResistance"],"picked":"SKIP","floor":38.0},{"not_picked":["alterego_mod:Skirt+1","alterego_mod:BusterCard+1","alterego_mod:1TonWallop+1"],"picked":"SKIP","floor":39.0},{"not_picked":["alterego_mod:PerceptionDisorder","alterego_mod:MagicResistance","alterego_mod:Bloomers"],"picked":"SKIP","floor":40.0},{"not_picked":["alterego_mod:ChallengeComplete+1","alterego_mod:MagicResistance+1","alterego_mod:Cycle"],"picked":"SKIP","floor":46.0},{"not_picked":["alterego_mod:Crossover","alterego_mod:Rip"],"picked":"alterego_mod:Belle+1","floor":47.0},{"not_picked":["alterego_mod:SideboobHour+1","alterego_mod:PurpleHair","alterego_mod:Cushion+1"],"picked":"Singing Bowl","floor":48.0},{"not_picked":["alterego_mod:Mirror+1","alterego_mod:Lingerie+1","alterego_mod:Pet"],"picked":"SKIP","floor":54.0}],"player_experience":602429,"relics_obtained":[{"floor":7.0,"key":"Strawberry"},{"floor":10.0,"key":"Lantern"},{"floor":12.0,"key":"Molten Egg 2"},{"floor":23.0,"key":"Bag of Preparation"},{"floor":25.0,"key":"Dream Catcher"},{"floor":26.0,"key":"Smiling Mask"},{"floor":27.0,"key":"REME_PuzzleBoxRelic"},{"floor":31.0,"key":"REME_IWantAll"},{"floor":40.0,"key":"Ginger"},{"floor":43.0,"key":"Whetstone"},{"floor":48.0,"key":"Pantograph"},{"floor":54.0,"key":"Bag of Marbles"}],"event_choices":[{"damage_healed":0.0,"max_hp_gain":0.0,"max_hp_loss":0.0,"gold_gain":0.0,"event_name":"Liars Game","player_choice":"Ignored","floor":3.0,"gold_loss":0.0,"damage_taken":0.0},{"damage_healed":0.0,"max_hp_gain":5.0,"max_hp_loss":0.0,"gold_gain":0.0,"event_name":"Big Fish","player_choice":"Donut","floor":13.0,"gold_loss":0.0,"damage_taken":0.0},{"damage_healed":0.0,"max_hp_gain":0.0,"max_hp_loss":0.0,"gold_gain":0.0,"event_name":"°®µÄÉñÊ¥»¨Ô°","player_choice":"Choice 2","floor":19.0,"gold_loss":0.0,"damage_taken":0.0,"relics_obtained":["alterego_mod:SomeoneToFightFor"]},{"damage_healed":0.0,"max_hp_gain":0.0,"max_hp_loss":0.0,"gold_gain":0.0,"event_name":"Drug Dealer","player_choice":"Obtain J.A.X.","floor":20.0,"gold_loss":0.0,"damage_taken":0.0,"cards_obtained":["J.A.X."]},{"cards_removed":["alterego_mod:Defend"],"damage_healed":0.0,"max_hp_gain":0.0,"max_hp_loss":0.0,"gold_gain":0.0,"event_name":"Wheel of Change","player_choice":"Card Removal","floor":36.0,"gold_loss":0.0,"damage_taken":0.0},{"cards_removed":["alterego_mod:BrynhildrRomantia"],"damage_healed":2.0,"max_hp_gain":10.0,"max_hp_loss":0.0,"gold_gain":0.0,"event_name":"Bonfire Elementals","player_choice":"Offered Rare","floor":44.0,"gold_loss":0.0,"damage_taken":0.0}],"is_beta":false,"boss_relics":[{"not_picked":["REME_DemonsWealth","Snecko Eye"],"picked":"Coffee Dripper"},{"not_picked":["Empty Cage","Fusion Hammer"],"picked":"REME_DuelDisc"}],"items_purged_floors":[11,21,28,37,41,53],"is_endless":false,"potions_floor_spawned":[1,2,4,7,10,24,25,29,35,46,54],"killed_by":"The Heart","ascension_level":17}}