{"host":"irhsmqiih3m4u4t9","time":1607580793,"event":{"gold_per_floor":[114,129,144,159,174,204,204,219,219,67,82,32,32,62,62,162,162,177,177,192,192,207,207,207,7,32,47,62,88,103,118,118,227,227,242,126,173,232,247,298,325,337,433,58,67,106,106,145,145,145],"floor_reached":51,"playtime":5764,"items_purged":["Strike_P","Defend_P","Strike_P","Defend_P","Regret"],"score":874,"play_id":"538b90ac-fd52-41a1-8723-a71bcae02512","local_time":"20201209221313","daily_mods":["Allstar","Vintage","Night Terrors"],"is_ascension_mode":false,"campfire_choices":[{"data":"Apotheosis","floor":7,"key":"SMITH"},{"data":"Secret Technique","floor":13,"key":"SMITH"},{"data":"Strike_P","floor":15,"key":"PURGE"},{"data":"Writhe","floor":24,"key":"PURGE"},{"data":"Defend_P","floor":32,"key":"PURGE"},{"data":"Strike_P","floor":42,"key":"PURGE"},{"data":"Shame","floor":47,"key":"PURGE"},{"data":"Bandage Up","floor":49,"key":"PURGE"}],"neow_cost":"","seed_source_timestamp":0,"circlet_count":0,"master_deck":["Eruption","Vigilance","Master of Strategy","The Bomb","Apotheosis+1","Secret Technique+1","Collect","CutThroughFate","Nirvana+1","CrushJoints","ConjureBlade","Consecrate","MasterReality+1","Wireheading+1","EmptyMind+1","Weave","LikeWater+1","Magnetism+1","Nirvana+1","CutThroughFate","Impatience","Good Instincts","Protect+1","DevaForm+1"],"special_seed":18606,"relics":["PureWater","Boot","Bronze Scales","GoldenEye","Smiling Mask","Darkstone Periapt","Torii","Eternal Feather","Frozen Egg 2","Ornamental Fan","Peace Pipe","Cursed Key","Potion Belt","Nilry\u0027s Codex","Juzu Bracelet","Pantograph","Meat on the Bone","Melange","CeramicFish","Bottled Flame","Pen Nib","Red Mask","Damaru","Gremlin Horn","SacredBark","Bag of Marbles","Du-Vu Doll","FossilizedHelix","MawBank","StrikeDummy","Art of War","Shuriken","Lantern","Nunchaku"],"potions_floor_usage":[6,6,14,14,29,33,37,50,50,50,50],"damage_taken":[{"damage":0,"enemies":"Cultist","floor":1,"turns":2},{"damage":0,"enemies":"2 Louse","floor":2,"turns":2},{"damage":0,"enemies":"Jaw Worm","floor":3,"turns":2},{"damage":0,"enemies":"Blue Slaver","floor":4,"turns":4},{"damage":0,"enemies":"Large Slime","floor":5,"turns":3},{"damage":0,"enemies":"Lagavulin","floor":6,"turns":7},{"damage":0,"enemies":"2 Fungi Beasts","floor":8,"turns":2},{"damage":0,"enemies":"Blue Slaver","floor":11,"turns":4},{"damage":0,"enemies":"Gremlin Nob","floor":14,"turns":3},{"damage":7,"enemies":"The Guardian","floor":16,"turns":6},{"damage":2,"enemies":"Chosen","floor":18,"turns":4},{"damage":6,"enemies":"Shell Parasite","floor":20,"turns":3},{"damage":7,"enemies":"Shelled Parasite and Fungi","floor":22,"turns":5},{"damage":10,"enemies":"Snake Plant","floor":27,"turns":2},{"damage":15,"enemies":"Snecko","floor":28,"turns":4},{"damage":18,"enemies":"Masked Bandits","floor":29,"turns":5},{"damage":3,"enemies":"Cultist and Chosen","floor":30,"turns":3},{"damage":1,"enemies":"Chosen and Byrds","floor":31,"turns":2},{"damage":9,"enemies":"Automaton","floor":33,"turns":4},{"damage":38,"enemies":"Orb Walker","floor":35,"turns":5},{"damage":24,"enemies":"2 Orb Walkers","floor":37,"turns":3},{"damage":0,"enemies":"Mind Bloom Boss Battle","floor":38,"turns":3},{"damage":0,"enemies":"3 Darklings","floor":39,"turns":2},{"damage":28,"enemies":"Giant Head","floor":40,"turns":5},{"damage":0,"enemies":"Maw","floor":41,"turns":6},{"damage":35,"enemies":"Nemesis","floor":46,"turns":5},{"damage":0,"enemies":"Reptomancer","floor":48,"turns":2},{"damage":2,"enemies":"Time Eater","floor":50,"turns":4}],"seed_played":"8996604888150855735","potions_obtained":[{"floor":1,"key":"EssenceOfSteel"},{"floor":2,"key":"StancePotion"},{"floor":6,"key":"PowerPotion"},{"floor":8,"key":"DistilledChaos"},{"floor":14,"key":"BlessingOfTheForge"},{"floor":20,"key":"Fire Potion"},{"floor":22,"key":"StancePotion"},{"floor":29,"key":"LiquidBronze"},{"floor":30,"key":"GamblersBrew"},{"floor":39,"key":"Regen Potion"},{"floor":41,"key":"CultistPotion"},{"floor":48,"key":"Ancient Potion"}],"is_trial":false,"path_per_floor":["M","M","M","M","M","E","R","M","T","$","M","$","R","E","R","B",null,"M","?","M","?","M","?","R","$","T","M","M","?","M","M","R","B",null,"M","$","?","?","M","E","M","R","T","$","?","E","R","E","R","B",null],"character_chosen":"WATCHER","items_purchased":["CutThroughFate","Nirvana+1","Melange","Wireheading+1","Magnetism+1","Nirvana+1","CutThroughFate","Impatience"],"campfire_rested":0,"item_purchase_floors":[10,10,25,36,44,44,44,44],"current_hp_per_floor":[72,72,72,72,72,72,72,72,72,72,72,72,72,72,72,71,72,72,56,56,62,61,61,70,70,76,72,61,49,52,51,60,81,84,47,47,41,72,78,56,62,74,80,80,80,51,66,66,81,89],"gold":145,"neow_bonus":"","is_prod":false,"is_daily":true,"chose_seed":false,"campfire_upgraded":2,"win_rate":0.0,"timestamp":1607580793,"path_taken":["M","M","M","M","M","E","R","M","T","$","M","$","R","E","R","BOSS","M","?","M","?","M","?","R","?","T","M","M","?","M","M","R","BOSS","M","$","?","?","M","E","M","R","T","$","?","E","R","E","R","BOSS"],"build_version":"2020-11-30","purchased_purges":5,"victory":true,"max_hp_per_floor":[72,72,72,72,72,72,72,72,72,72,72,72,72,72,72,72,72,72,72,72,78,78,78,78,78,84,84,84,84,84,84,84,84,84,84,84,84,84,84,84,84,84,90,90,90,90,90,90,90,90],"card_choices":[{"not_picked":["FlurryOfBlows","Consecrate"],"picked":"Collect","floor":6},{"not_picked":["WreathOfFlame","Swivel"],"picked":"CrushJoints","floor":14},{"not_picked":["Scrawl","Judgement"],"picked":"ConjureBlade","floor":16},{"not_picked":["PathToVictory+1","Adaptation+1"],"picked":"Consecrate","floor":29},{"not_picked":["Judgement","DevaForm+1"],"picked":"MasterReality+1","floor":33},{"not_picked":["BowlingBash","Collect+1"],"picked":"EmptyMind+1","floor":37},{"not_picked":["InnerPeace+1","WreathOfFlame+1"],"picked":"Weave","floor":38},{"not_picked":["Evaluate+1","Wireheading+1"],"picked":"LikeWater+1","floor":40},{"not_picked":["Dark Shackles","Purity"],"picked":"Good Instincts","floor":45},{"not_picked":["ThirdEye+1","Consecrate"],"picked":"Protect+1","floor":46},{"not_picked":["Prostrate+1","FlyingSleeves"],"picked":"DevaForm+1","floor":48}],"player_experience":82688,"relics_obtained":[{"floor":1,"key":"Boot"},{"floor":2,"key":"Bronze Scales"},{"floor":3,"key":"GoldenEye"},{"floor":4,"key":"Smiling Mask"},{"floor":5,"key":"Darkstone Periapt"},{"floor":6,"key":"Torii"},{"floor":8,"key":"Eternal Feather"},{"floor":9,"key":"Frozen Egg 2"},{"floor":11,"key":"Ornamental Fan"},{"floor":14,"key":"Peace Pipe"},{"floor":18,"key":"Potion Belt"},{"floor":19,"key":"Nilry\u0027s Codex"},{"floor":20,"key":"Juzu Bracelet"},{"floor":22,"key":"Meat on the Bone"},{"floor":26,"key":"CeramicFish"},{"floor":27,"key":"Bottled Flame"},{"floor":28,"key":"Pen Nib"},{"floor":29,"key":"Red Mask"},{"floor":30,"key":"Damaru"},{"floor":31,"key":"Gremlin Horn"},{"floor":35,"key":"Bag of Marbles"},{"floor":37,"key":"Du-Vu Doll"},{"floor":38,"key":"FossilizedHelix"},{"floor":39,"key":"MawBank"},{"floor":40,"key":"StrikeDummy"},{"floor":41,"key":"Art of War"},{"floor":43,"key":"Shuriken"},{"floor":46,"key":"Lantern"},{"floor":48,"key":"Nunchaku"}],"event_choices":[{"damage_healed":0,"gold_gain":0,"player_choice":"Obtained Book","damage_taken":16,"max_hp_gain":0,"max_hp_loss":0,"event_name":"Cursed Tome","floor":19,"gold_loss":0},{"damage_healed":0,"gold_gain":0,"player_choice":"Opened","damage_taken":0,"relics_obtained":["Pantograph"],"max_hp_gain":0,"max_hp_loss":0,"event_name":"The Mausoleum","floor":21,"gold_loss":0,"cards_obtained":["Writhe"]},{"cards_removed":["Defend_P"],"damage_healed":0,"gold_gain":0,"player_choice":"Elegance","damage_taken":0,"max_hp_gain":0,"max_hp_loss":0,"event_name":"Back to Basics","floor":23,"gold_loss":0},{"damage_healed":0,"gold_gain":0,"player_choice":"Fought Bandits","damage_taken":0,"max_hp_gain":0,"max_hp_loss":0,"event_name":"Masked Bandits","floor":29,"gold_loss":0},{"damage_healed":0,"gold_gain":0,"player_choice":"Fight","damage_taken":0,"max_hp_gain":0,"max_hp_loss":0,"event_name":"Mysterious Sphere","floor":37,"gold_loss":0},{"damage_healed":0,"gold_gain":0,"player_choice":"Fight","damage_taken":0,"max_hp_gain":0,"max_hp_loss":0,"event_name":"MindBloom","floor":38,"gold_loss":0},{"damage_healed":0,"gold_gain":0,"player_choice":"Memory 1","damage_taken":0,"max_hp_gain":0,"max_hp_loss":0,"event_name":"SensoryStone","floor":45,"gold_loss":0}],"is_beta":false,"boss_relics":[{"not_picked":["Runic Dome","Black Star"],"picked":"Cursed Key"},{"not_picked":["VioletLotus","Astrolabe"],"picked":"SacredBark"}],"items_purged_floors":[10,12,25,36,44],"is_endless":false,"potions_floor_spawned":[1,2,6,8,14,20,22,29,30,39,41,48],"ascension_level":0}}