{"host":"vzugls1u57eppbds","time":1607625300,"event":{"mods":["BaseMod","StSLib","Better Third Choice","AchievementEnabler","Minty Spire (QoL Compilation)","Relic Stats","Shop Mod","The IronCluck"],"gold_per_floor":[112,287,3,3,23,53,53,63,87,99,99,122,122,161,161,287,287,310,343,343,343,95,95,95],"floor_reached":23,"playtime":629,"items_purged":[],"score":256,"play_id":"2efbdebb-5bbc-4a4f-9381-7b85fa0262b0","local_time":"20201210193500","is_ascension_mode":true,"campfire_choices":[{"data":"Infernal Blade","floor":7.0,"key":"SMITH"},{"floor":15.0,"key":"REST"}],"circlet_count":0,"master_deck":["Strike_R","Strike_R","Strike_R","Strike_R","Defend_R","Defend_R","Defend_R","Bash","Writhe","Infernal Blade+1","Shrug It Off+1","Sword Boomerang","Doubt","Fire Breathing","Flame Barrier","Flex+1","Reckless Charge","Feel No Pain","Clothesline","Metallicize","Immolate","Inflame+1","Ghostly Armor","Infernal Blade","Impervious","Feel No Pain","Havoc+1"],"special_seed":0,"relics":["Burning Blood","Membership Card","Bronze Scales","Strawberry","Vajra","Golden Idol","Orichalcum","Lantern","SacredBark","Red Mask","Question Card","Anchor","Orrery","War Paint"],"acts_visited":["Exordium","TheCity"],"potions_floor_usage":[19,19],"damage_taken":[{"damage":2.0,"enemies":"2 Louse","floor":1.0,"turns":2.0},{"damage":0.0,"enemies":"Small Slimes","floor":5.0,"turns":3.0},{"damage":22.0,"enemies":"Lagavulin","floor":6.0,"turns":4.0},{"damage":1.0,"enemies":"Cultist","floor":8.0,"turns":3.0},{"damage":5.0,"enemies":"2 Fungi Beasts","floor":10.0,"turns":3.0},{"damage":3.0,"enemies":"Looter","floor":12.0,"turns":3.0},{"damage":10.0,"enemies":"3 Sentries","floor":14.0,"turns":6.0},{"damage":24.0,"enemies":"Hexaghost","floor":16.0,"turns":9.0},{"damage":18.0,"enemies":"2 Thieves","floor":18.0,"turns":4.0},{"damage":5,"enemies":"Masked Bandits","floor":19,"turns":3},{"damage":66,"enemies":"Gremlin Leader","floor":23,"turns":7}],"seed_played":"7678733005103938842","potions_obtained":[{"floor":1.0,"key":"Energy Potion"},{"floor":4.0,"key":"DistilledChaos"},{"floor":4.0,"key":"DuplicationPotion"},{"floor":10.0,"key":"BlessingOfTheForge"},{"floor":12.0,"key":"EssenceOfSteel"},{"floor":16.0,"key":"Block Potion"},{"floor":18.0,"key":"ColorlessPotion"}],"is_trial":false,"path_per_floor":["M","?","$","?","M","E","R","M","T","M","?","M","?","E","R","B",null,"M","?","?","T","$","E"],"character_chosen":"IRONCLAD","items_purchased":["Membership Card","Fire Breathing","Bronze Scales","Flame Barrier","Anchor","Orrery","War Paint","BlessingOfTheForge"],"campfire_rested":1,"item_purchase_floors":[3,3,3,3,22,22,22,22],"current_hp_per_floor":[76,76,76,76,80,71,71,76,76,77,77,80,55,51,75,57,75,63,64,64,64,64,0,0],"gold":95,"neow_bonus":"TRANSFORM_TWO_CARDS","is_daily":false,"chose_seed":false,"campfire_upgraded":1,"win_rate":0,"timestamp":1607625300,"path_taken":["M","?","$","?","M","E","R","M","T","?","?","M","?","E","R","BOSS","M","?","?","?","$","E"],"build_version":"2020-11-30","purchased_purges":0,"victory":false,"max_hp_per_floor":[80,80,80,80,80,87,87,87,87,87,81,81,81,81,81,81,81,81,81,81,81,81,81,81],"relic_stats":{"counters":[11,47],"Golden Idol":50,"Bronze Scales":[137],"Orichalcum":[48],"War Paint":["Flex","Shrug It Off"],"Question Card":5,"obtain_stats":[{"Lantern":14,"Golden Idol":11,"SacredBark":17,"Vajra":9,"Orichalcum":13,"War Paint":22,"Question Card":21,"Burning Blood":0,"Anchor":22,"Bronze Scales":3,"Strawberry":6,"Orrery":22,"Red Mask":19,"Membership Card":3},{"Lantern":7,"Golden Idol":5,"SacredBark":8,"Vajra":4,"Orichalcum":6,"War Paint":10,"Question Card":10,"Burning Blood":0,"Anchor":10,"Bronze Scales":1,"Strawberry":3,"Orrery":10,"Red Mask":10,"Membership Card":1},{"Lantern":24,"Golden Idol":15,"SacredBark":33,"Vajra":12,"Orichalcum":18,"War Paint":40,"Question Card":40,"Burning Blood":0,"Anchor":40,"Bronze Scales":2,"Strawberry":9,"Orrery":40,"Red Mask":40,"Membership Card":2}],"Burning Blood":58},"card_choices":[{"not_picked":["True Grit","Flex"],"picked":"Sword Boomerang","floor":1.0},{"not_picked":["Cleave","Twin Strike"],"picked":"Flex","floor":5.0},{"not_picked":["Armaments","Exhume"],"picked":"Reckless Charge","floor":6.0},{"not_picked":["Wild Strike","Warcry"],"picked":"Feel No Pain","floor":8.0},{"not_picked":["Shockwave","Warcry"],"picked":"Clothesline","floor":10.0},{"not_picked":["Body Slam","Rupture"],"picked":"Metallicize","floor":12.0},{"not_picked":["Flex","Bloodletting","Rupture"],"picked":"SKIP","floor":14.0},{"not_picked":["Corruption","Fiend Fire"],"picked":"Immolate","floor":16.0},{"not_picked":["Body Slam","Clash"],"picked":"Inflame+1","floor":18.0},{"not_picked":["Blood for Blood","Feel No Pain+1"],"picked":"Ghostly Armor","floor":19},{"not_picked":["Clash","Body Slam+1","Bludgeon"],"picked":"Impervious","floor":22},{"not_picked":["Body Slam","Flex+1","Entrench"],"picked":"Feel No Pain","floor":22},{"not_picked":["Feel No Pain","Cleave","Twin Strike"],"picked":"Havoc+1","floor":22}],"player_experience":198856,"relics_obtained":[{"floor":6.0,"key":"Strawberry"},{"floor":9.0,"key":"Vajra"},{"floor":14.0,"key":"Lantern"},{"floor":19,"key":"Red Mask"},{"floor":21,"key":"Question Card"}],"event_choices":[{"damage_healed":0.0,"max_hp_gain":0.0,"max_hp_loss":0.0,"gold_gain":175.0,"event_name":"betterThird:BetterSerpent","player_choice":"AGREE","floor":2.0,"gold_loss":0.0,"damage_taken":112.0},{"damage_healed":0.0,"max_hp_gain":0.0,"max_hp_loss":0.0,"gold_gain":0.0,"event_name":"Lab","player_choice":"Got Potions","floor":4.0,"gold_loss":0.0,"damage_taken":0.0},{"damage_healed":0.0,"max_hp_gain":0.0,"max_hp_loss":6.0,"gold_gain":0.0,"event_name":"Golden Idol","player_choice":"Lose Max HP","floor":11.0,"gold_loss":0.0,"damage_taken":0.0,"relics_obtained":["Golden Idol"]},{"damage_healed":0.0,"max_hp_gain":0.0,"max_hp_loss":0.0,"gold_gain":1.0,"event_name":"betterThird:BetterScrap","player_choice":"Relic ","floor":13.0,"gold_loss":0.0,"damage_taken":25.0,"cards_obtained":["Reinforced Body"]},{"damage_healed":0,"gold_gain":0,"player_choice":"Fought Bandits","damage_taken":0,"max_hp_gain":0,"max_hp_loss":0,"event_name":"Masked Bandits","floor":19,"gold_loss":0},{"damage_healed":0,"gold_gain":0,"player_choice":"Read","damage_taken":0,"max_hp_gain":0,"max_hp_loss":0,"event_name":"The Library","floor":20,"gold_loss":0,"cards_obtained":["Infernal Blade"]}],"is_beta":false,"boss_relics":[{"not_picked":["Snecko Eye","Black Star"],"picked":"SacredBark"}],"items_purged_floors":[],"is_endless":false,"potions_floor_spawned":[1,5,10,12,16,18],"killed_by":"Gremlin Leader","ascension_level":6}}