{"host":"p7j7o00jacnw7qzt","time":1607643718,"event":{"mods":["BaseMod","Minty Spire (QoL Compilation)","Relic Stats","Colored Map","Colored Powertips","DeckTracker","Highlight Path"],"gold_per_floor":[119,119,119,44,44,44,119,19,19,33,60,80,80,106,106,180,180,193,193,213,225,238,264,281,306,306,321,321,110,110,124,124,197,197,216,216,216,232,252,267,292,292,315,315,325,340,375,389,389,389,389,389,389,58,90,90],"floor_reached":57,"playtime":3491,"items_purged":["Strike_G","Defend_G","Strike_G"],"score":2753,"play_id":"a3a91e12-7644-44d1-90a5-6fa2676acabd","local_time":"20201210184158","is_ascension_mode":true,"campfire_choices":[{"data":"Neutralize","floor":6.0,"key":"SMITH"},{"data":"Skewer","floor":15.0,"key":"SMITH"},{"data":"Well Laid Plans","floor":28.0,"key":"SMITH"},{"data":"Wraith Form v2","floor":30.0,"key":"SMITH"},{"data":"Doppelganger","floor":32.0,"key":"SMITH"},{"floor":49.0,"key":"RECALL"},{"data":"Acrobatics","floor":53.0,"key":"SMITH"}],"circlet_count":0,"master_deck":["AscendersBane","Strike_G","Strike_G","Strike_G","Defend_G","Defend_G","Defend_G","Survivor","Neutralize+1","Skewer+1","Terror","PiercingWail","Phantasmal Killer","Doppelganger+1","Skewer+1","Dash","Wraith Form v2+1","Well Laid Plans+1","Backflip","Concentrate","Backflip","Night Terror","Acrobatics+1","Malaise"],"special_seed":0,"relics":["Coffee Dripper","Strawberry","Meat on the Bone","StrikeDummy","Ornamental Fan","Velvet Choker","Bottled Lightning","Tiny Chest","Bag of Preparation","Snecko Eye","Sundial","Oddly Smooth Stone","Letter Opener","Du-Vu Doll","Lee\u0027s Waffle","Pocketwatch"],"acts_visited":["Exordium","TheCity","TheBeyond","TheEnding"],"potions_floor_usage":[56,56],"damage_taken":[{"damage":9.0,"enemies":"Jaw Worm","floor":1.0,"turns":6.0},{"damage":2.0,"enemies":"2 Louse","floor":10.0,"turns":3.0},{"damage":13.0,"enemies":"Lagavulin","floor":11.0,"turns":7.0},{"damage":0.0,"enemies":"Cultist","floor":12.0,"turns":3.0},{"damage":1.0,"enemies":"Gremlin Nob","floor":14.0,"turns":3.0},{"damage":4.0,"enemies":"The Guardian","floor":16.0,"turns":6.0},{"damage":8.0,"enemies":"Spheric Guardian","floor":18.0,"turns":4.0},{"damage":14.0,"enemies":"2 Thieves","floor":20.0,"turns":3.0},{"damage":2.0,"enemies":"Snecko","floor":21.0,"turns":3.0},{"damage":3.0,"enemies":"Snake Plant","floor":22.0,"turns":3.0},{"damage":24.0,"enemies":"Slavers","floor":23.0,"turns":5.0},{"damage":1.0,"enemies":"Sentry and Sphere","floor":24.0,"turns":4.0},{"damage":15.0,"enemies":"Gremlin Leader","floor":25.0,"turns":4.0},{"damage":0.0,"enemies":"Cultist and Chosen","floor":27.0,"turns":5.0},{"damage":13.0,"enemies":"Shelled Parasite and Fungi","floor":31.0,"turns":5.0},{"damage":39.0,"enemies":"Collector","floor":33.0,"turns":5.0},{"damage":3.0,"enemies":"3 Darklings","floor":35.0,"turns":4.0},{"damage":0.0,"enemies":"3 Shapes","floor":38.0,"turns":3.0},{"damage":3.0,"enemies":"Maw","floor":39.0,"turns":5.0},{"damage":2.0,"enemies":"Jaw Worm Horde","floor":40.0,"turns":5.0},{"damage":0.0,"enemies":"Nemesis","floor":41.0,"turns":3.0},{"damage":0.0,"enemies":"3 Darklings","floor":45.0,"turns":6.0},{"damage":9.0,"enemies":"Writhing Mass","floor":46.0,"turns":6.0},{"damage":1.0,"enemies":"Giant Head","floor":47.0,"turns":5.0},{"damage":6.0,"enemies":"4 Shapes","floor":48.0,"turns":3.0},{"damage":2.0,"enemies":"Time Eater","floor":50.0,"turns":6.0},{"damage":34.0,"enemies":"Donu and Deca","floor":51.0,"turns":9.0},{"damage":47,"enemies":"Shield and Spear","floor":55,"turns":11},{"damage":40,"enemies":"The Heart","floor":56,"turns":7}],"seed_played":"5880654702145840544","potions_obtained":[{"floor":10.0,"key":"DuplicationPotion"},{"floor":11.0,"key":"Energy Potion"},{"floor":14.0,"key":"Weak Potion"},{"floor":20.0,"key":"AttackPotion"},{"floor":24.0,"key":"Explosive Potion"},{"floor":27.0,"key":"FearPotion"},{"floor":33.0,"key":"SpeedPotion"},{"floor":37.0,"key":"GhostInAJar"},{"floor":41.0,"key":"EssenceOfSteel"},{"floor":45.0,"key":"Block Potion"},{"floor":47.0,"key":"ColorlessPotion"}],"is_trial":false,"path_per_floor":["M","?","?","$","?","R","?","$","T","M","E","M","?","E","R","B",null,"M","?","M","M","M","E","M","E","T","M","R","$","R","M","R","B",null,"M","?","?","M","M","M","E","T","T","?","M","M","E","M","R","B","B",null,"R","$","E","B",null],"character_chosen":"THE_SILENT","items_purchased":["Concentrate","CultistPotion","Lee\u0027s Waffle","Dexterity Potion"],"campfire_rested":0,"item_purchase_floors":[29,54,54,54],"current_hp_per_floor":[50,55,51,51,51,51,40,40,40,50,49,49,49,48,48,44,70,62,62,48,46,43,31,42,39,39,51,51,51,51,50,50,23,64,61,61,61,61,58,56,56,56,56,56,56,47,46,40,40,50,28,66,66,85,50,22],"gold":90,"neow_bonus":"BOSS_RELIC","is_daily":false,"chose_seed":false,"campfire_upgraded":6,"win_rate":0,"timestamp":1607643718,"path_taken":["M","?","?","$","?","R","?","?","T","M","E","?","?","E","R","BOSS","M","?","M","?","?","E","M","E","T","M","R","$","R","M","R","BOSS","M","?","?","M","?","M","E","?","T","?","M","?","E","M","R","BOSS","BOSS","R","$","E","BOSS"],"build_version":"2020-11-30","purchased_purges":3,"victory":true,"max_hp_per_floor":[66,71,78,78,78,78,78,78,78,78,78,78,78,78,78,78,78,78,78,78,78,78,78,78,78,78,78,78,78,78,78,78,78,78,78,78,78,78,78,78,78,78,78,78,78,78,78,78,78,78,78,78,78,85,85,85],"relic_stats":{"Lee\u0027s Waffle":19,"counters":[29,142],"Ornamental Fan":[52],"Sundial":[14],"Snecko Eye":[132,145,130,112],"Tiny Chest":1,"Bag of Preparation":[32],"Letter Opener":[110],"obtain_stats":[{"Lee\u0027s Waffle":54,"Velvet Choker":17,"Oddly Smooth Stone":43,"Bag of Preparation":26,"Letter Opener":44,"Du-Vu Doll":47,"Ornamental Fan":14,"Sundial":41,"Strawberry":3,"Snecko Eye":34,"Tiny Chest":25,"Coffee Dripper":0,"Bottled Lightning":23,"StrikeDummy":11,"Ring of the Snake":0,"Meat on the Bone":9,"Pocketwatch":55},{"Lee\u0027s Waffle":27,"Velvet Choker":6,"Oddly Smooth Stone":21,"Bag of Preparation":13,"Letter Opener":21,"Du-Vu Doll":24,"Ornamental Fan":5,"Sundial":21,"Strawberry":1,"Snecko Eye":16,"Tiny Chest":13,"Coffee Dripper":0,"Bottled Lightning":11,"StrikeDummy":3,"Ring of the Snake":0,"Meat on the Bone":1,"Pocketwatch":28},{"Lee\u0027s Waffle":124,"Velvet Choker":28,"Oddly Smooth Stone":89,"Bag of Preparation":54,"Letter Opener":89,"Du-Vu Doll":106,"Ornamental Fan":22,"Sundial":89,"Strawberry":6,"Snecko Eye":69,"Tiny Chest":54,"Coffee Dripper":0,"Bottled Lightning":46,"StrikeDummy":16,"Ring of the Snake":0,"Meat on the Bone":6,"Pocketwatch":135}],"Meat on the Bone":144,"Pocketwatch":[3]},"card_choices":[{"not_picked":["Dagger Spray","Poisoned Stab","Slice"],"picked":"SKIP","floor":1.0},{"not_picked":["Dagger Throw","Outmaneuver"],"picked":"Skewer","floor":10.0},{"not_picked":["Deadly Poison","Deflect","Dodge and Roll"],"picked":"SKIP","floor":11.0},{"not_picked":["Dodge and Roll","Phantasmal Killer"],"picked":"Terror","floor":12.0},{"not_picked":["Dagger Spray","Outmaneuver"],"picked":"Phantasmal Killer","floor":14.0},{"not_picked":["After Image","Envenom"],"picked":"Doppelganger","floor":16.0},{"not_picked":["Reflex+1","Endless Agony","Deadly Poison"],"picked":"SKIP","floor":18.0},{"not_picked":["Outmaneuver","Dagger Throw","Poisoned Stab"],"picked":"SKIP","floor":20.0},{"not_picked":["Poisoned Stab","Escape Plan"],"picked":"Dash","floor":21.0},{"not_picked":["Deflect","Flechettes","Sucker Punch"],"picked":"SKIP","floor":22.0},{"not_picked":["Sucker Punch","Endless Agony"],"picked":"Wraith Form v2","floor":23.0},{"not_picked":["Sucker Punch","Dagger Spray","Deadly Poison"],"picked":"SKIP","floor":24.0},{"not_picked":["Escape Plan+1","Distraction"],"picked":"Well Laid Plans","floor":25.0},{"not_picked":["Dagger Throw","Infinite Blades"],"picked":"Backflip","floor":27.0},{"not_picked":["Dodge and Roll","Flechettes"],"picked":"Backflip","floor":31.0},{"not_picked":["Venomology","Envenom"],"picked":"Night Terror","floor":33.0},{"not_picked":["Sucker Punch","Terror+1","Poisoned Stab"],"picked":"SKIP","floor":35.0},{"not_picked":["PiercingWail","Dagger Throw","Setup"],"picked":"SKIP","floor":38.0},{"not_picked":["Dodge and Roll+1","Blur+1","Outmaneuver+1"],"picked":"SKIP","floor":39.0},{"not_picked":["Dodge and Roll+1","Blur+1","Outmaneuver+1"],"picked":"SKIP","floor":39.0},{"not_picked":["Dodge and Roll+1","Blur+1","Outmaneuver+1"],"picked":"SKIP","floor":39.0},{"not_picked":["Deflect","Bane+1","Quick Slash"],"picked":"SKIP","floor":40.0},{"not_picked":["Deadly Poison","PiercingWail+1"],"picked":"Acrobatics","floor":41.0},{"not_picked":["Poisoned Stab","Dagger Spray"],"picked":"Malaise","floor":45.0},{"not_picked":["Footwork","Blade Dance","Masterful Stab"],"picked":"SKIP","floor":46.0},{"not_picked":["Outmaneuver+1","Sucker Punch","Heel Hook"],"picked":"SKIP","floor":47.0},{"not_picked":["Finisher","Flying Knee+1","Leg Sweep"],"picked":"SKIP","floor":48.0},{"not_picked":["Prepared+1","Noxious Fumes+1","Accuracy"],"picked":"SKIP","floor":55}],"player_experience":750465,"relics_obtained":[{"floor":9.0,"key":"Meat on the Bone"},{"floor":11.0,"key":"StrikeDummy"},{"floor":14.0,"key":"Ornamental Fan"},{"floor":23.0,"key":"Bottled Lightning"},{"floor":25.0,"key":"Tiny Chest"},{"floor":26.0,"key":"Bag of Preparation"},{"floor":41.0,"key":"Sundial"},{"floor":43.0,"key":"Oddly Smooth Stone"},{"floor":47.0,"key":"Du-Vu Doll"},{"floor":55,"key":"Pocketwatch"}],"event_choices":[{"damage_healed":0.0,"max_hp_gain":5.0,"max_hp_loss":0.0,"gold_gain":0.0,"event_name":"Big Fish","player_choice":"Donut","floor":2.0,"gold_loss":0.0,"damage_taken":0.0},{"damage_healed":0.0,"max_hp_gain":0.0,"max_hp_loss":0.0,"gold_gain":0.0,"event_name":"Scrap Ooze","player_choice":"Success","floor":3.0,"gold_loss":0.0,"damage_taken":11.0,"relics_obtained":["Strawberry"]},{"damage_healed":0.0,"max_hp_gain":0.0,"max_hp_loss":0.0,"gold_gain":0.0,"event_name":"The Cleric","player_choice":"Leave","floor":5.0,"gold_loss":0.0,"damage_taken":0.0},{"damage_healed":0.0,"max_hp_gain":0.0,"max_hp_loss":0.0,"gold_gain":75.0,"event_name":"World of Goop","player_choice":"Gather Gold","floor":7.0,"gold_loss":0.0,"damage_taken":11.0},{"damage_healed":0.0,"max_hp_gain":0.0,"max_hp_loss":0.0,"gold_gain":0.0,"cards_transformed":["Defend_G"],"event_name":"Living Wall","player_choice":"Change","floor":13.0,"gold_loss":0.0,"damage_taken":0.0,"cards_obtained":["PiercingWail"]},{"damage_healed":0.0,"max_hp_gain":0.0,"max_hp_loss":0.0,"gold_gain":0.0,"event_name":"Duplicator","player_choice":"Copied","floor":19.0,"gold_loss":0.0,"damage_taken":0.0,"cards_obtained":["Skewer"]},{"damage_healed":0.0,"max_hp_gain":0.0,"max_hp_loss":0.0,"gold_gain":0.0,"event_name":"SensoryStone","player_choice":"Memory 1","floor":36.0,"gold_loss":0.0,"damage_taken":0.0},{"damage_healed":0.0,"max_hp_gain":0.0,"max_hp_loss":0.0,"gold_gain":0.0,"event_name":"Lab","player_choice":"Got Potions","floor":37.0,"gold_loss":0.0,"damage_taken":0.0},{"damage_healed":0.0,"max_hp_gain":0.0,"max_hp_loss":0.0,"gold_gain":0.0,"event_name":"WeMeetAgain","player_choice":"Gave Potion","floor":44.0,"gold_loss":0.0,"damage_taken":0.0,"relics_obtained":["Letter Opener"]}],"is_beta":false,"boss_relics":[{"not_picked":["SacredBark","Pandora\u0027s Box"],"picked":"Velvet Choker"},{"not_picked":["Calling Bell","Cursed Key"],"picked":"Snecko Eye"}],"items_purged_floors":[4,8,29],"is_endless":false,"potions_floor_spawned":[10,11,14,20,24,27,33,38,41,45,47,48],"ascension_level":20}}