{"host":"1jxovwpj3wglxjvp","time":1607591616,"event":{"gold_per_floor":[118,133,133,133,149,149,178,178,178,178,203,203,229,204,204,306,306,319,194,144,154,167,202,221,235,262,262,296,39,70,97,97,195,195,215,62,77,87,87,87],"floor_reached":39,"playtime":1854,"items_purged":["Regret"],"score":603,"play_id":"2936ecd3-28fe-44e5-9bc9-cf5aa7667227","local_time":"20201210041336","is_ascension_mode":true,"campfire_choices":[{"data":"beaked:LiftOff","floor":6,"key":"SMITH"},{"data":"beaked:Sacrifice","floor":8,"key":"SMITH"},{"data":"beaked:Ceremony","floor":10,"key":"SMITH"},{"data":"beaked:MaddeningMurmurs","floor":12,"key":"SMITH"},{"data":"beaked:Tweet","floor":15,"key":"SMITH"},{"data":"beaked:RitualOfBody","floor":27,"key":"SMITH"},{"floor":32,"key":"REST"}],"neow_cost":"PUNISHING","seed_source_timestamp":47262325480600,"circlet_count":0,"master_deck":["beaked:Strike_Y","beaked:Strike_Y","beaked:Strike_Y","beaked:Strike_Y","beaked:Strike_Y","beaked:Strike_Y","beaked:Defend_Y","beaked:Defend_Y+1","beaked:Defend_Y","beaked:Defend_Y","beaked:Ceremony","beaked:Ceremony","beaked:Ceremony+1","beaked:Tweet+1","beaked:StunningBlow","theWildCard:Scathach","beaked:LiftOff+1","beaked:Sacrifice+1","beaked:MaddeningMurmurs+1","beaked:Overpower","beaked:WarriorEssence","beaked:FeelMyPain+1","Replay:Fractal Strike","beaked:RitualOfBody+1","beaked:HuntressSpirit","beaked:WindBringer+1","beaked:KnowThyFoe+1"],"relics":["beaked:MendingPlumage","aspiration:DSix","Happy Flower","hubris:Potato","StuffTheSpire:Tea","Onion Ring","Strawberry","Gremlin Food","ClockworkSouvenir","StuffTheSpire:ForceGauntlet","Replay:Arrowhead","Strange Spoon"],"potions_floor_usage":[7,7,16,23,30,33,37],"damage_taken":[{"damage":24,"enemies":"infinitespire:Voidling","floor":1,"turns":5},{"damage":18,"enemies":"Jaw Worm","floor":2,"turns":5},{"damage":14,"enemies":"2 Louse","floor":5,"turns":4},{"damage":0,"enemies":"Lagavulin","floor":7,"turns":6},{"damage":29,"enemies":"3 Sentries","floor":11,"turns":11},{"damage":8,"enemies":"Lagavulin","floor":13,"turns":7},{"damage":18,"enemies":"Fading Forest","floor":16,"turns":11},{"damage":6,"enemies":"Chosen","floor":18,"turns":6},{"damage":17,"enemies":"Shell Parasite","floor":21,"turns":6},{"damage":22,"enemies":"Snake Plant","floor":22,"turns":4},{"damage":32,"enemies":"Nightmare","floor":23,"turns":7},{"damage":0,"enemies":"Snecko","floor":24,"turns":2},{"damage":17,"enemies":"Centurion and Healer","floor":25,"turns":5},{"damage":78,"enemies":"Book of Stabbing","floor":28,"turns":7},{"damage":13,"enemies":"Replay:Snechameleon","floor":30,"turns":6},{"damage":37,"enemies":"Automaton","floor":33,"turns":8},{"damage":39,"enemies":"3 Darklings","floor":35,"turns":4},{"damage":9,"enemies":"3 Shapes","floor":37,"turns":3},{"damage":27,"enemies":"Spire Growth","floor":38,"turns":6},{"damage":50,"enemies":"Jaw Worm Horde","floor":39,"turns":2}],"seed_played":"-5881965705797760448","potions_obtained":[{"floor":1,"key":"Toxic Potion"},{"floor":2,"key":"FearPotion"},{"floor":5,"key":"ColorlessPotion"},{"floor":21,"key":"SkillPotion"},{"floor":28,"key":"Swift Potion"},{"floor":30,"key":"LifebloodPotion"},{"floor":33,"key":"Fire Potion"},{"floor":38,"key":"Strength Potion"}],"is_trial":false,"path_per_floor":["M","M","?","?","M","R","E","R","T","R","E","R","E","?","R","B",null,"M","$","?","M","M","NM","M","M","T","R","E","$","E","?","R","B",null,"M","$","M","M","M"],"character_chosen":"BEAKED_THE_CULTIST","items_purchased":["beaked:WarriorEssence","ClockworkSouvenir","beaked:KnowThyFoe+1","Strange Spoon"],"campfire_rested":1,"item_purchase_floors":[19,29,29,36],"current_hp_per_floor":[42,39,39,39,37,37,50,50,50,50,45,45,53,53,53,47,56,59,59,59,59,50,40,53,58,65,65,17,17,29,11,33,29,75,49,49,51,41,0,0],"gold":87,"neow_bonus":"DSIX","is_prod":false,"is_daily":false,"chose_seed":false,"campfire_upgraded":6,"win_rate":0,"timestamp":1607591616,"path_taken":["M","?","?","?","?","R","E","R","T","R","E","R","E","?","R","BOSS","M","$","?","M","M","NM","M","M","T","R","E","?","E","?","R","BOSS","M","$","?","M","M"],"build_version":"2020-11-30","purchased_purges":1,"victory":false,"max_hp_per_floor":[50,50,50,50,50,50,50,50,50,50,53,53,56,56,56,56,56,59,59,59,62,65,65,68,68,75,75,75,75,75,75,75,75,75,75,75,78,78,78,78],"card_choices":[{"not_picked":["beaked:Evade","beaked:Insight"],"picked":"beaked:Tweet","floor":1},{"not_picked":["beaked:WarriorEssence","beaked:Redirect"],"picked":"beaked:StunningBlow","floor":2},{"not_picked":["beaked:SurvivalInstinct","ReplayTheSpireMod:RavenHex","beaked:Insight"],"picked":"SKIP","floor":5},{"not_picked":["beaked:WarriorEssence","beaked:StunningBlow"],"picked":"beaked:Sacrifice","floor":7},{"not_picked":["beaked:WarriorSpirit","beaked:StunningBlow"],"picked":"beaked:MaddeningMurmurs","floor":11},{"not_picked":["beaked:Redirect","beaked:Recite"],"picked":"beaked:Overpower","floor":13},{"not_picked":["beaked:Molting","beaked:Brace+1","beaked:Evade+1"],"picked":"SKIP","floor":18},{"not_picked":["beaked:Cower","beaked:Tweet"],"picked":"beaked:FeelMyPain+1","floor":21},{"not_picked":["beaked:Recite","beaked:Insight","beaked:Replenish"],"picked":"SKIP","floor":22},{"not_picked":["infinitespire:NeuralNetwork","infinitespire:Collect"],"picked":"Replay:Fractal Strike","floor":23},{"not_picked":["beaked:Caw","beaked:SurvivalInstinct"],"picked":"beaked:RitualOfBody","floor":23},{"not_picked":["beaked:HuntressSpirit","beaked:Redirect+1","beaked:Overexert+1"],"picked":"SKIP","floor":24},{"not_picked":["beaked:Redirect+1","beaked:Overexert+1"],"picked":"beaked:HuntressSpirit","floor":24},{"not_picked":["beaked:Tweet","beaked:Pecker","beaked:Negation+1"],"picked":"SKIP","floor":25},{"not_picked":["beaked:Brace+1","beaked:Insight+1"],"picked":"beaked:WindBringer+1","floor":28},{"not_picked":["beaked:Devastation","beaked:Resilience","beaked:Overexert"],"picked":"SKIP","floor":30},{"not_picked":["beaked:Evade+1","beaked:Windmill+1","beaked:Poke+1"],"picked":"SKIP","floor":35},{"not_picked":["beaked:WindBringer","beaked:WarriorEssence+1","beaked:Daydream"],"picked":"SKIP","floor":37},{"not_picked":["beaked:Daydream","beaked:HuntressSpirit+1","beaked:Pecker"],"picked":"SKIP","floor":38}],"player_experience":690700,"relics_obtained":[{"floor":7,"key":"Happy Flower"},{"floor":11,"key":"hubris:Potato"},{"floor":13,"key":"StuffTheSpire:Tea"},{"floor":23,"key":"Onion Ring"},{"floor":26,"key":"Strawberry"},{"floor":28,"key":"Gremlin Food"},{"floor":30,"key":"StuffTheSpire:ForceGauntlet"},{"floor":31,"key":"Replay:Arrowhead"}],"event_choices":[{"damage_healed":0,"gold_gain":0,"player_choice":"2 cards matched","damage_taken":0,"max_hp_gain":0,"max_hp_loss":0,"event_name":"Match and Keep!","floor":4,"gold_loss":0,"cards_obtained":["Regret","beaked:LiftOff"]},{"damage_healed":0,"gold_gain":0,"player_choice":"Bet on Owner","damage_taken":0,"max_hp_gain":0,"max_hp_loss":0,"event_name":"The Joust","floor":20,"gold_loss":50}],"is_beta":false,"boss_relics":[{"not_picked":["ReplayTheSpireMod:SealedPack","vexMod:CursedCompass","aspiration:PoetsPen_weak"]},{"not_picked":["hubris:TerracottaHorce","hubris:VirtuousBlindfold","Pandora\u0027s Box"]}],"items_purged_floors":[19],"is_endless":true,"potions_floor_spawned":[1,2,5,21,28,30,33,38],"killed_by":"Jaw Worm Horde","ascension_level":4}}