{"host":"reugk9pd1uotrglt","time":1607563616,"event":{"gold_per_floor":[115,128,138,103,114,147,147,163,163,23,58,58,88,138,138,209,209,227,244,169,169,180,210,210,238,264,288,288,311,355,280,280,280,280],"floor_reached":33,"playtime":1529,"items_purged":["Strike_G"],"score":646,"play_id":"4576a4df-b425-49f4-884f-5e9f80ceb1e0","local_time":"20201210022656","is_ascension_mode":true,"campfire_choices":[{"data":"Neutralize","floor":7.0,"key":"SMITH"},{"data":"Caltrops","floor":12.0,"key":"SMITH"},{"floor":15.0,"key":"REST"},{"floor":24.0,"key":"REST"},{"floor":28.0,"key":"REST"},{"floor":32,"key":"REST"}],"neow_cost":"NONE","seed_source_timestamp":257467751337300,"circlet_count":0,"master_deck":["AscendersBane","Strike_G","Strike_G+1","Strike_G","Defend_G","Defend_G","Defend_G","Defend_G","Defend_G","Survivor","Neutralize+1","Dodge and Roll","Underhanded Strike","PiercingWail","Die Die Die","Dagger Throw","Backflip","Caltrops+1","Acrobatics","Predator+1","Doppelganger","Underhanded Strike","Choke","Backflip","Leg Sweep","Bouncing Flask+1","Predator","Backflip"],"special_seed":0,"relics":["Snecko Eye","Orichalcum","Pear","PreservedInsect","Lizard Tail","HoveringKite","Gremlin Horn","Du-Vu Doll","CeramicFish","Whetstone","Akabeko"],"potions_floor_usage":[],"damage_taken":[{"damage":3.0,"enemies":"Small Slimes","floor":1.0,"turns":4.0},{"damage":0.0,"enemies":"Cultist","floor":2.0,"turns":4.0},{"damage":6.0,"enemies":"Jaw Worm","floor":3.0,"turns":6.0},{"damage":0.0,"enemies":"3 Louse","floor":5.0,"turns":4.0},{"damage":6.0,"enemies":"Gremlin Nob","floor":6.0,"turns":3.0},{"damage":11.0,"enemies":"Red Slaver","floor":8.0,"turns":4.0},{"damage":27.0,"enemies":"Lagavulin","floor":11.0,"turns":8.0},{"damage":10.0,"enemies":"Gremlin Nob","floor":13.0,"turns":3.0},{"damage":54.0,"enemies":"Slime Boss","floor":16.0,"turns":10.0},{"damage":0.0,"enemies":"3 Byrds","floor":18.0,"turns":2.0},{"damage":14.0,"enemies":"Shell Parasite","floor":19.0,"turns":4.0},{"damage":1.0,"enemies":"3 Cultists","floor":22.0,"turns":5.0},{"damage":33.0,"enemies":"Slavers","floor":23.0,"turns":6.0},{"damage":15.0,"enemies":"Book of Stabbing","floor":25.0,"turns":5.0},{"damage":9.0,"enemies":"Shelled Parasite and Fungi","floor":27.0,"turns":7.0},{"damage":4,"enemies":"Gremlin Leader","floor":30,"turns":4},{"damage":72,"enemies":"Automaton","floor":33,"turns":8}],"seed_played":"9128609944159065555","potions_obtained":[{"floor":2.0,"key":"CunningPotion"},{"floor":5.0,"key":"SteroidPotion"},{"floor":13.0,"key":"CultistPotion"},{"floor":16.0,"key":"Block Potion"},{"floor":19.0,"key":"Block Potion"},{"floor":23.0,"key":"GamblersBrew"}],"is_trial":false,"path_per_floor":["M","M","M","?","M","E","R","M","T","$","E","R","E","?","R","B",null,"M","M","$","?","M","E","R","E","T","M","R","T","E","?","R","B"],"character_chosen":"THE_SILENT","items_purchased":["Backflip","Caltrops"],"campfire_rested":4,"item_purchase_floors":[10,10],"current_hp_per_floor":[56,56,50,66,66,60,60,49,59,59,32,32,22,22,44,34,66,66,52,52,52,51,18,40,25,25,16,38,38,34,34,56,0,0],"gold":280,"neow_bonus":"BOSS_RELIC","is_prod":false,"is_daily":false,"chose_seed":false,"campfire_upgraded":2,"win_rate":0,"timestamp":1607563616,"path_taken":["M","M","M","?","M","E","R","M","T","$","E","R","E","?","R","BOSS","M","M","$","?","M","E","R","E","T","M","R","?","E","?","R","BOSS"],"build_version":"2020-11-30","purchased_purges":1,"victory":false,"max_hp_per_floor":[66,66,66,66,66,66,66,66,76,76,76,76,76,76,76,76,76,76,76,76,76,76,76,76,76,76,76,76,76,76,76,76,76,76],"card_choices":[{"not_picked":["Cloak And Dagger","PiercingWail"],"picked":"Dodge and Roll","floor":1.0},{"not_picked":["Prepared","Backflip"],"picked":"Underhanded Strike","floor":2.0},{"not_picked":["Flechettes","Bane"],"picked":"PiercingWail","floor":3.0},{"not_picked":["Bane","Blade Dance","Cloak And Dagger"],"picked":"SKIP","floor":5.0},{"not_picked":["Footwork","Backflip"],"picked":"Die Die Die","floor":6.0},{"not_picked":["Sucker Punch","Cloak And Dagger"],"picked":"Dagger Throw","floor":8.0},{"not_picked":["Deadly Poison","Slice"],"picked":"Acrobatics","floor":11.0},{"not_picked":["Slice","Setup"],"picked":"Predator","floor":13.0},{"not_picked":["Storm of Steel","Grand Finale"],"picked":"Doppelganger","floor":16.0},{"not_picked":["Dagger Throw","Bouncing Flask"],"picked":"Underhanded Strike","floor":18.0},{"not_picked":["Poisoned Stab","Dodge and Roll","Cloak And Dagger"],"picked":"SKIP","floor":19.0},{"not_picked":["Deflect","Deadly Poison"],"picked":"Backflip","floor":22.0},{"not_picked":["Blade Dance","Reflex"],"picked":"Leg Sweep","floor":23.0},{"not_picked":["Wraith Form v2","Masterful Stab+1"],"picked":"Bouncing Flask+1","floor":25.0},{"not_picked":["Blade Dance","Finisher"],"picked":"Predator","floor":27.0},{"not_picked":["PiercingWail","Night Terror"],"picked":"Backflip","floor":30}],"player_experience":1488943,"relics_obtained":[{"floor":6.0,"key":"Orichalcum"},{"floor":9.0,"key":"Pear"},{"floor":11.0,"key":"PreservedInsect"},{"floor":13.0,"key":"Lizard Tail"},{"floor":23.0,"key":"Gremlin Horn"},{"floor":25.0,"key":"Du-Vu Doll"},{"floor":26.0,"key":"CeramicFish"},{"floor":29.0,"key":"Whetstone"},{"floor":30,"key":"Akabeko"}],"event_choices":[{"damage_healed":16.0,"max_hp_gain":0.0,"max_hp_loss":0.0,"gold_gain":0.0,"event_name":"The Cleric","player_choice":"Healed","floor":4.0,"gold_loss":35.0,"damage_taken":0.0},{"damage_healed":0.0,"max_hp_gain":0.0,"max_hp_loss":0.0,"gold_gain":50.0,"event_name":"Golden Shrine","player_choice":"Pray","floor":14.0,"gold_loss":0.0,"damage_taken":0.0},{"damage_healed":0.0,"max_hp_gain":0.0,"max_hp_loss":0.0,"gold_gain":0.0,"event_name":"The Library","player_choice":"Read","floor":21.0,"gold_loss":0.0,"damage_taken":0.0,"cards_obtained":["Choke"]},{"cards_removed":["Strike_G"],"damage_healed":0,"gold_gain":0,"player_choice":"Gave Gold","damage_taken":0,"max_hp_gain":0,"max_hp_loss":0,"event_name":"Beggar","floor":31,"gold_loss":75}],"is_beta":false,"boss_relics":[{"not_picked":["Runic Dome","Astrolabe"],"picked":"HoveringKite"}],"items_purged_floors":[20],"is_endless":false,"potions_floor_spawned":[2,5,13,16,19,22,23],"killed_by":"Automaton","ascension_level":20}}