{"host":"72lt20yb89m1ezcj","time":1607578057,"event":{"gold_per_floor":[119,119,134,147,147,196,223,223,249,216,216,32,32,57,57,196,205,237,337,297,331,331,331,331],"floor_reached":23,"playtime":555,"items_purged":[],"score":189,"play_id":"1b39b7da-ad47-433b-bd88-4c60d212d6be","local_time":"20201209232737","is_ascension_mode":false,"campfire_choices":[{"floor":8,"key":"REST"},{"floor":11,"key":"REST"},{"floor":13,"key":"RECALL"},{"data":"White Noise","floor":15,"key":"SMITH"}],"neow_cost":"NONE","seed_source_timestamp":2117279005298600,"circlet_count":0,"master_deck":["Strike_B","Strike_B","Strike_B","Defend_B","Defend_B","Defend_B","Defend_B","Zap","Dualcast","Ball Lightning","Go for the Eyes+1","Beam Cell+1","Injury","Darkness","White Noise+1","Panache","Leap","Reboot","CurseOfTheBell","Stack","Conserve Battery"],"relics":["Cracked Core","MealTicket","Golden Idol","CeramicFish","Calling Bell","Tiny Chest","White Beast Statue","Ginger"],"potions_floor_usage":[],"damage_taken":[{"damage":6,"enemies":"Jaw Worm","floor":1,"turns":3},{"damage":0,"enemies":"2 Louse","floor":3,"turns":2},{"damage":5,"enemies":"Small Slimes","floor":4,"turns":3},{"damage":30,"enemies":"Gremlin Nob","floor":6,"turns":5},{"damage":10,"enemies":"2 Fungi Beasts","floor":7,"turns":4},{"damage":0,"enemies":"3 Louse","floor":14,"turns":2},{"damage":47,"enemies":"Hexaghost","floor":16,"turns":9},{"damage":34,"enemies":"2 Thieves","floor":18,"turns":4},{"damage":5,"enemies":"3 Byrds","floor":21,"turns":3},{"damage":39,"enemies":"Gremlin Leader","floor":23,"turns":3}],"seed_played":"7386098108538075812","potions_obtained":[{"floor":3,"key":"FairyPotion"},{"floor":4,"key":"Explosive Potion"},{"floor":16,"key":"EssenceOfDarkness"},{"floor":18,"key":"SkillPotion"}],"is_trial":false,"path_per_floor":["M","?","M","M","?","E","M","R","T","?","R","$","R","M","R","B",null,"M","?","?","M","?","E"],"character_chosen":"DEFECT","items_purchased":["Panache"],"campfire_rested":2,"item_purchase_floors":[12],"current_hp_per_floor":[69,44,44,39,39,9,22,44,44,44,66,75,75,75,75,28,75,41,41,41,36,36,0,0],"gold":331,"neow_bonus":"REMOVE_CARD","is_prod":false,"is_daily":false,"chose_seed":false,"campfire_upgraded":1,"win_rate":0,"timestamp":1607578057,"path_taken":["M","?","M","M","?","E","M","R","T","?","R","$","R","M","R","BOSS","M","?","?","M","?","E"],"build_version":"2020-11-30","purchased_purges":0,"victory":false,"max_hp_per_floor":[75,75,75,75,75,75,75,75,75,75,75,75,75,75,75,75,75,75,75,75,75,75,75,75],"card_choices":[{"not_picked":["Go for the Eyes","Glacier"],"picked":"Ball Lightning","floor":1},{"not_picked":["Blizzard","Rip and Tear"],"picked":"Go for the Eyes","floor":3},{"not_picked":["Stack","Rip and Tear"],"picked":"Beam Cell","floor":4},{"not_picked":["Sweeping Beam","All For One"],"picked":"Darkness","floor":6},{"not_picked":["Aggregate","Leap"],"picked":"White Noise","floor":7},{"not_picked":["Reprogram","Loop"],"picked":"Leap","floor":14},{"not_picked":["Hyperbeam","Meteor Strike"],"picked":"Reboot","floor":16},{"not_picked":["Undo","Coolheaded"],"picked":"Stack","floor":18},{"not_picked":["Meteor Strike","Recycle"],"picked":"Conserve Battery","floor":21}],"player_experience":727629,"relics_obtained":[{"floor":6,"key":"CeramicFish"},{"floor":17,"key":"Tiny Chest"},{"floor":17,"key":"White Beast Statue"},{"floor":17,"key":"Ginger"}],"event_choices":[{"damage_healed":0,"gold_gain":0,"player_choice":"Success","damage_taken":25,"relics_obtained":["MealTicket"],"max_hp_gain":0,"max_hp_loss":0,"event_name":"Scrap Ooze","floor":2,"gold_loss":0},{"damage_healed":0,"gold_gain":0,"player_choice":"Take Wound","damage_taken":0,"relics_obtained":["Golden Idol"],"max_hp_gain":0,"max_hp_loss":0,"event_name":"Golden Idol","floor":5,"gold_loss":0,"cards_obtained":["Injury"]},{"damage_healed":0,"gold_gain":0,"player_choice":"Left Gold","damage_taken":0,"max_hp_gain":0,"max_hp_loss":0,"event_name":"World of Goop","floor":10,"gold_loss":33},{"damage_healed":0,"gold_gain":100,"player_choice":"Pray","damage_taken":0,"max_hp_gain":0,"max_hp_loss":0,"event_name":"Golden Shrine","floor":19,"gold_loss":0},{"damage_healed":0,"gold_gain":0,"player_choice":"Upgraded Two","damage_taken":0,"max_hp_gain":0,"max_hp_loss":0,"event_name":"Designer","floor":20,"gold_loss":40,"cards_upgraded":["Go for the Eyes","Beam Cell"]},{"damage_healed":0,"gold_gain":0,"player_choice":"Bought 0 Potions","damage_taken":0,"max_hp_gain":0,"max_hp_loss":0,"event_name":"The Woman in Blue","floor":22,"gold_loss":0}],"is_beta":false,"boss_relics":[{"not_picked":["Busted Crown","Fusion Hammer"],"picked":"Calling Bell"}],"items_purged_floors":[],"is_endless":false,"potions_floor_spawned":[3,4,16,18,21],"killed_by":"Gremlin Leader","ascension_level":0}}