{"host":"wbdly04l9mkn9nrc","time":1607598810,"event":{"gold_per_floor":[110,285,285,300,310,342,342,342,421,450,460,239,254,268,268,367,367,380,380,399,301,301,301,301,301,371,219,0,0,32,32,32,137,137,149,149,149,162,162,189,189,224,224,224,224,0,11,56,56,56],"floor_reached":51,"playtime":2187,"items_purged":["Strike_B","Defend_B","Strike_B","Strike_B"],"score":977,"play_id":"17b2972c-c597-4768-81fb-7c63762f28cc","local_time":"20201210191330","is_ascension_mode":true,"campfire_choices":[{"data":"Hologram","floor":7,"key":"SMITH"},{"floor":15,"key":"REST"},{"data":"Echo Form","floor":23,"key":"SMITH"},{"data":"Scrape","floor":25,"key":"SMITH"},{"data":"Static Discharge","floor":32,"key":"SMITH"},{"data":"Hyperbeam","floor":41,"key":"SMITH"},{"data":"Blizzard","floor":45,"key":"SMITH"},{"floor":49,"key":"REST"}],"neow_cost":"","seed_source_timestamp":274927029540900,"circlet_count":0,"master_deck":["Defend_B","Zap","Dualcast","BloodyBrimstone","Hologram+1","Ball Lightning","Conserve Battery","Ball Lightning","Turbo+1","Chill+1","Stack+1","Melter","Aggregate+1","Echo Form+1","Recycle+1","Rebound","Scrape+1","Necronomicurse","Cold Snap","Compile Driver","Blizzard","Coolheaded+1","Stack+1","Apotheosis+1","Fusion+1","Pulse+1","Static Discharge+1","Cancel+1","Streamline+1","Leap+1","Hologram+1","Glacier+1","RitualDagger","Hyperbeam+1","CurseOfTheBell","Loop+1","Streamline+1","Thunder Strike","Steam+1","Sunder","Thinking Ahead+1","Hologram+1","Double Energy+1","Streamline","Melter+1","Seek+1","Biased Cognition","Auto Shields+1","Blizzard+1","Jack Of All Trades+1","Chrysalis+1","Parasite","Cold Snap+1","Turbo+1","Skim+1"],"relics":["Cracked Core","HushsDoor","Leech","SteamSale","Ice Cream","Bag of Marbles","Meat on the Bone","Toxic Egg 2","GuppysTail","SlaversCollar","DeathBook","Necronomicon","GnawedLeaf","SteamSale","Ginger","Medical Kit","PreservedInsect","Oddly Smooth Stone","Orrery","Juzu Bracelet","Calling Bell","BelialBook","SatanicBible","Prayer Wheel","Potion Belt","BFFS","Vajra","Ancient Tea Set","SharpPlug","MealTicket","Bronze Scales","Toolbox","Red Mask","Dead Branch"],"potions_floor_usage":[20,30,48],"damage_taken":[{"damage":3,"enemies":"2 Louse","floor":1,"turns":2},{"damage":2,"enemies":"Jaw Worm","floor":4,"turns":2},{"damage":0,"enemies":"Small Slimes","floor":5,"turns":2},{"damage":6,"enemies":"Gremlin Nob","floor":6,"turns":3},{"damage":19,"enemies":"Lagavulin","floor":10,"turns":4},{"damage":0,"enemies":"Exordium Thugs","floor":11,"turns":1},{"damage":0,"enemies":"Large Slime","floor":13,"turns":3},{"damage":6,"enemies":"Blue Slaver","floor":14,"turns":2},{"damage":11,"enemies":"Slime Boss","floor":16,"turns":6},{"damage":5,"enemies":"Shell Parasite","floor":18,"turns":4},{"damage":0,"enemies":"Spheric Guardian","floor":20,"turns":3},{"damage":0,"enemies":"Slavers","floor":30,"turns":4},{"damage":11,"enemies":"Automaton","floor":33,"turns":6},{"damage":0,"enemies":"Orb Walker","floor":35,"turns":2},{"damage":0,"enemies":"3 Shapes","floor":38,"turns":2},{"damage":6,"enemies":"Nemesis","floor":40,"turns":3},{"damage":0,"enemies":"Reptomancer","floor":42,"turns":2},{"damage":18,"enemies":"Writhing Mass","floor":47,"turns":4},{"damage":8,"enemies":"2 Orb Walkers","floor":48,"turns":3},{"damage":18,"enemies":"Time Eater","floor":50,"turns":3}],"seed_played":"-5252189563537964514","potions_obtained":[{"floor":1,"key":"SteroidPotion"},{"floor":10,"key":"FocusPotion"},{"floor":13,"key":"Fire Potion"},{"floor":30,"key":"Fruit Juice"},{"floor":48,"key":"Strength Potion"}],"is_trial":false,"path_per_floor":["M","?","?","M","M","E","R","?","T","E","M","$","M","M","R","B",null,"M","?","M","$","?","R","?","R","T","$","?","$","E","?","R","B",null,"M","$","?","M","?","E","R","E","T","$","R","?","M","?","R","B",null],"character_chosen":"DEFECT","items_purchased":["SteamSale","Ice Cream","GuppysTail","Stack+1","Scrape","Diplopia","Ginger","Medical Kit","Blizzard","Coolheaded+1","AttackPotion","Stack+1","Apotheosis+1","PreservedInsect","Oddly Smooth Stone","Fusion+1","Pulse+1","Static Discharge","Orrery","Potion Belt","PotionOfCapacity","FocusPotion","Thunder Strike","Steam+1","Sunder","BFFS","Thinking Ahead+1","Seek+1","Biased Cognition","Auto Shields+1","Blizzard","MealTicket","Bronze Scales","Toolbox","AttackPotion","Jack Of All Trades+1","Chrysalis+1"],"campfire_rested":2,"item_purchase_floors":[0,0,12,12,21,27,27,27,27,27,27,27,29,29,29,29,29,29,29,36,36,36,36,36,36,36,36,44,44,44,44,44,44,44,44,44,44],"current_hp_per_floor":[38,38,38,38,40,36,36,29,29,25,37,37,39,34,53,47,66,63,63,66,66,50,50,50,50,50,50,50,50,59,53,53,47,71,71,71,71,71,71,66,66,67,67,67,67,67,52,46,67,50],"gold":56,"neow_bonus":"","is_prod":false,"is_daily":false,"chose_seed":false,"campfire_upgraded":6,"win_rate":0,"timestamp":1607598810,"path_taken":["M","?","?","?","M","E","R","?","T","E","M","$","M","M","R","BOSS","M","?","M","$","?","R","?","R","T","?","?","$","E","?","R","BOSS","M","$","?","M","?","E","R","E","T","$","R","?","M","?","R","BOSS"],"build_version":"2020-11-30","purchased_purges":4,"victory":true,"max_hp_per_floor":[75,75,75,75,75,72,72,72,72,69,66,66,66,66,66,66,66,66,66,66,66,66,66,66,66,66,66,66,66,71,71,71,71,71,71,71,71,71,71,71,71,71,71,71,71,71,71,71,71,68],"card_choices":[{"not_picked":[],"picked":"BloodyBrimstone","floor":0},{"not_picked":["Sunder","Chaos"],"picked":"Hologram","floor":1},{"not_picked":["Beam Cell","Storm"],"picked":"Ball Lightning","floor":4},{"not_picked":["Ball Lightning","Fusion"],"picked":"Conserve Battery","floor":5},{"not_picked":["Blizzard","Go for the Eyes"],"picked":"Ball Lightning","floor":6},{"not_picked":["Creative AI","Redo+1"],"picked":"Turbo+1","floor":10},{"not_picked":["Reprogram+1","Conserve Battery+1"],"picked":"Chill+1","floor":11},{"not_picked":["Cold Snap","Chill+1"],"picked":"Melter","floor":13},{"not_picked":["Go for the Eyes","Sweeping Beam"],"picked":"Aggregate+1","floor":14},{"not_picked":["Machine Learning","Fission+1"],"picked":"Echo Form","floor":16},{"not_picked":["Loop","Stack+1"],"picked":"Recycle+1","floor":18},{"not_picked":["Go for the Eyes","Consume+1"],"picked":"Rebound","floor":20},{"not_picked":["Pulse+1","Recycle+1"],"picked":"Cancel+1","floor":29},{"not_picked":["Loop","Barrage+1"],"picked":"Streamline+1","floor":29},{"not_picked":["Echo Form","Hologram+1"],"picked":"Leap+1","floor":29},{"not_picked":["Cold Snap","Turbo+1"],"picked":"Hologram+1","floor":29},{"not_picked":["Recycle+1","Leap+1"],"picked":"Glacier+1","floor":30},{"not_picked":["Electrodynamics","Rainbow+1"],"picked":"Hyperbeam","floor":33},{"not_picked":["Scrape","Darkness+1"],"picked":"Loop+1","floor":35},{"not_picked":["Turbo+1","Lockon"],"picked":"Streamline+1","floor":35},{"not_picked":["Stack+1","Buffer"],"picked":"Hologram+1","floor":38},{"not_picked":["Compile Driver+1","Streamline+1"],"picked":"Double Energy+1","floor":38},{"not_picked":["Cold Snap","Sweeping Beam"],"picked":"Streamline","floor":40},{"not_picked":["Compile Driver","Hyperbeam"],"picked":"Melter+1","floor":42},{"not_picked":["Reinforced Body+1","Cancel+1"],"picked":"Cold Snap+1","floor":47},{"not_picked":["Beam Cell","Static Discharge+1"],"picked":"Turbo+1","floor":47},{"not_picked":["Sweeping Beam","Coolheaded+1"],"picked":"Skim+1","floor":48}],"player_experience":45431,"relics_obtained":[{"floor":6,"key":"Bag of Marbles"},{"floor":9,"key":"Meat on the Bone"},{"floor":10,"key":"Toxic Egg 2"},{"floor":22,"key":"Necronomicon"},{"floor":26,"key":"GnawedLeaf"},{"floor":30,"key":"Juzu Bracelet"},{"floor":34,"key":"BelialBook"},{"floor":34,"key":"SatanicBible"},{"floor":34,"key":"Prayer Wheel"},{"floor":40,"key":"Vajra"},{"floor":42,"key":"Ancient Tea Set"},{"floor":43,"key":"SharpPlug"},{"floor":48,"key":"Dead Branch"}],"event_choices":[{"damage_healed":0,"gold_gain":175,"player_choice":"AGREE","damage_taken":0,"max_hp_gain":0,"max_hp_loss":0,"event_name":"Liars Game","floor":2,"gold_loss":0,"cards_obtained":["Doubt"]},{"cards_removed":["Doubt"],"damage_healed":0,"gold_gain":0,"player_choice":"Forget","damage_taken":0,"max_hp_gain":0,"max_hp_loss":0,"event_name":"Living Wall","floor":3,"gold_loss":0},{"cards_removed":["Defend_B"],"damage_healed":0,"gold_gain":0,"player_choice":"Card Removal","damage_taken":7,"max_hp_gain":0,"max_hp_loss":0,"event_name":"Golden Wing","floor":8,"gold_loss":0},{"damage_healed":0,"gold_gain":0,"player_choice":"Opened","damage_taken":0,"relics_obtained":["DeathBook"],"max_hp_gain":0,"max_hp_loss":0,"event_name":"The Mausoleum","floor":19,"gold_loss":0},{"damage_healed":0,"gold_gain":0,"player_choice":"Obtained Book","damage_taken":16,"max_hp_gain":0,"max_hp_loss":0,"event_name":"Cursed Tome","floor":22,"gold_loss":0},{"damage_healed":0,"gold_gain":0,"cards_transformed":["Strike_B","Defend_B"],"player_choice":"Became Test Subject","damage_taken":0,"max_hp_gain":0,"max_hp_loss":0,"event_name":"Drug Dealer","floor":24,"gold_loss":0,"cards_obtained":["Cold Snap","Compile Driver"]},{"damage_healed":0,"gold_gain":0,"player_choice":"Paid Fearfully","damage_taken":0,"max_hp_gain":0,"max_hp_loss":0,"event_name":"Masked Bandits","floor":28,"gold_loss":219},{"damage_healed":0,"gold_gain":0,"player_choice":"Joined the Cult","damage_taken":6,"max_hp_gain":0,"max_hp_loss":0,"event_name":"Nest","floor":31,"gold_loss":0,"cards_obtained":["RitualDagger"]},{"damage_healed":0,"gold_gain":0,"player_choice":"Ignored","damage_taken":0,"max_hp_gain":0,"max_hp_loss":0,"event_name":"SecretPortal","floor":39,"gold_loss":0},{"damage_healed":0,"gold_gain":0,"player_choice":"Paid","damage_taken":0,"relics_obtained":["Red Mask"],"max_hp_gain":0,"max_hp_loss":0,"event_name":"Tomb of Lord Red Mask","floor":46,"gold_loss":224},{"damage_healed":0,"gold_gain":0,"player_choice":"Fight","damage_taken":0,"max_hp_gain":0,"max_hp_loss":0,"event_name":"Mysterious Sphere","floor":48,"gold_loss":0}],"is_beta":false,"boss_relics":[{"not_picked":["Coffee Dripper","Snecko Eye"],"picked":"SlaversCollar"},{"not_picked":[]},{"not_picked":["Sozu","ChampionBelt"],"picked":"Calling Bell"},{"not_picked":[]}],"items_purged_floors":[0,12,21,36],"is_endless":false,"potions_floor_spawned":[1,10,13,16,30,48],"ascension_level":2}}