{"host":"9vk21r6l9dtkpvh9","time":1607576296,"event":{"gold_per_floor":[110,126,6,6,6,6,6],"floor_reached":6,"playtime":398,"items_purged":[],"score":36,"play_id":"af28c489-18ae-4b56-b7e1-4601d8f7b3bc","local_time":"20201209235816","is_ascension_mode":true,"campfire_choices":[],"neow_cost":"NONE","seed_source_timestamp":189121194250000,"circlet_count":0,"master_deck":["theCatGirl:Strike","theCatGirl:Strike","theCatGirl:Strike","theCatGirl:Strike","theCatGirl:Defend","theCatGirl:Defend","theCatGirl:Defend","theCatGirl:Defend","theCatGirl:ClawStrike","theCatGirl:Evasion","Discovery","theCatGirl:DefensiveStance","theCatGirl:SearchBackpack"],"relics":["theCatGirl:TrainedRelic","vexMod:GhostlyGear","hubris:Icosahedron"],"potions_floor_usage":[6],"damage_taken":[{"damage":0,"enemies":"2 Louse","floor":1,"turns":4},{"damage":0,"enemies":"conspire:RoseBush","floor":2,"turns":6},{"damage":46,"enemies":"Lagavulin","floor":6,"turns":11}],"seed_played":"-6489946057215233891","potions_obtained":[{"floor":2,"key":"sneckomod:MuddlingPotion"}],"is_trial":false,"path_per_floor":["M","M","$","?","?","E"],"character_chosen":"THE_CATGIRL","items_purchased":["vexMod:GhostlyGear","AttackPotion"],"campfire_rested":0,"item_purchase_floors":[3,3],"current_hp_per_floor":[70,70,70,70,70,24,24],"gold":6,"neow_bonus":"RANDOM_COLORLESS","is_prod":false,"is_daily":false,"chose_seed":false,"campfire_upgraded":0,"win_rate":0,"timestamp":1607576296,"path_taken":["M","M","$","?","?","E"],"build_version":"2020-11-30","purchased_purges":0,"victory":false,"max_hp_per_floor":[70,70,70,70,70,70,70],"relic_stats":{"counters":[3,21],"obtain_stats":[{"vexMod:GhostlyGear":3,"theCatGirl:TrainedRelic":0,"hubris:Icosahedron":5},{"vexMod:GhostlyGear":2,"theCatGirl:TrainedRelic":0,"hubris:Icosahedron":2},{"vexMod:GhostlyGear":10,"theCatGirl:TrainedRelic":0,"hubris:Icosahedron":10}]},"card_choices":[{"not_picked":["expansioncontent:AwakenDeath","expansioncontent:PolyBeam"],"picked":"Discovery","floor":0},{"not_picked":["theCatGirl:DecliningDefenses","theCatGirl:AccidentalSlap"],"picked":"theCatGirl:DefensiveStance","floor":1},{"not_picked":["theCatGirl:Prepared","theCatGirl:LearnByMistake"],"picked":"theCatGirl:SearchBackpack","floor":2}],"player_experience":549650,"relics_obtained":[],"event_choices":[{"damage_healed":0,"gold_gain":0,"player_choice":"Disagree","damage_taken":0,"max_hp_gain":0,"max_hp_loss":0,"event_name":"conspire:LoneGhost","floor":4,"gold_loss":0}],"is_beta":false,"boss_relics":[],"items_purged_floors":[],"is_endless":false,"potions_floor_spawned":[2],"killed_by":"Lagavulin","ascension_level":1}}