{"host":"wfuprrvhjp4xs686","time":1607611440,"event":{"mods":["BaseMod","StSLib","Replay The Spire","Better Match","Better Skull","Better Third Choice","Spicy Shops","Unceasing Turn Reminder","Minty Spire (QoL Compilation)","Quick Restart","Uncapped"],"gold_per_floor":[111,36,48,66,66,91,91,91,91],"floor_reached":8,"playtime":520,"items_purged":["Burning Pact"],"score":262,"play_id":"0aec173d-2ff6-4fac-9c1a-41e4aefaa903","local_time":"20201210094400","daily_mods":["SealedDeck","DeadlyEvents","Elite Swarm","Uncertain Future"],"is_ascension_mode":true,"campfire_choices":[{"data":"True Grit","floor":7,"key":"SMITH"}],"circlet_count":0,"master_deck":["AscendersBane","Thunderclap","Ghostly Armor","ReplayReversal","Replay:Undeath\u0027s Touch","Flex","ReplayTheSpireMod:Strike From Hell","Dark Embrace+1","ReplayTheSpireMod:Strike From Hell","True Grit+1","Evolve+1"],"relics":["Burning Blood","Toy Ornithopter"],"acts_visited":["Exordium"],"potions_floor_usage":[6,8],"damage_taken":[{"damage":4,"enemies":"2 Louse","floor":1,"turns":3},{"damage":5,"enemies":"Small Slimes","floor":3,"turns":5},{"damage":12,"enemies":"Jaw Worm","floor":4,"turns":4},{"damage":0,"enemies":"Replay:BlueRogue","floor":6,"turns":7},{"damage":54,"enemies":"Gremlin Nob","floor":8,"turns":4}],"seed_played":"3339273781236939189","potions_obtained":[{"floor":1,"key":"Weak Potion"},{"floor":6,"key":"Languid Potion"}],"is_trial":true,"path_per_floor":["M","$","M","M","?","E","R","E"],"character_chosen":"IRONCLAD","items_purchased":[],"campfire_rested":0,"item_purchase_floors":[],"current_hp_per_floor":[70,70,71,65,42,48,48,0,0],"gold":91,"neow_bonus":"","is_daily":false,"chose_seed":false,"campfire_upgraded":1,"win_rate":0,"timestamp":1607611440,"path_taken":["M","$","M","M","?","E","R","E"],"build_version":"2020-11-30","purchased_purges":1,"victory":false,"max_hp_per_floor":[75,75,75,75,75,75,75,75,75],"card_choices":[{"not_picked":["Iron Wave","ReplayTheSpireMod:LeadingStrike","Shockwave"],"picked":"SKIP","floor":1},{"not_picked":["True Grit","Cleave"],"picked":"Evolve","floor":3},{"not_picked":["Armaments","Sword Boomerang","Heavy Blade"],"picked":"SKIP","floor":4},{"not_picked":["Hemogenesis","Corruption","Double Tap"],"picked":"SKIP","floor":6}],"player_experience":2281440,"relics_obtained":[{"floor":6,"key":"Toy Ornithopter"}],"event_choices":[{"damage_healed":65,"gold_gain":0,"player_choice":"Upgrade","damage_taken":23,"max_hp_gain":0,"max_hp_loss":75,"event_name":"betterThird:BetterShining","floor":5,"gold_loss":0,"cards_upgraded":["Evolve","Dark Embrace"]}],"is_beta":false,"boss_relics":[],"items_purged_floors":[2],"is_endless":true,"potions_floor_spawned":[1,6],"killed_by":"Gremlin Nob","ascension_level":20}}