{"host":"gsgpu9obojnqwpp0","time":1607568943,"event":{"gold_per_floor":[119,194,212,228,403,403,5,23,23,23,23,39,55,75,75,176,176,193,193,213,138,155,155,168,168,168,31,44,44,63,74,74,74,74],"floor_reached":33,"playtime":1219,"items_purged":["Strike_R","Strike_R"],"score":343,"play_id":"31fbf88f-51bf-437e-a364-d5d4704daaf5","local_time":"20201209215543","is_ascension_mode":false,"campfire_choices":[{"data":"Searing Blow","floor":6,"key":"SMITH"},{"data":"Searing Blow+1","floor":10,"key":"SMITH"},{"data":"Searing Blow+2","floor":15,"key":"SMITH"},{"data":"Searing Blow+3","floor":23,"key":"SMITH"},{"floor":25,"key":"REST"},{"floor":29,"key":"REST"},{"floor":32,"key":"REST"}],"neow_cost":"","seed_source_timestamp":667849952097490,"circlet_count":0,"master_deck":["Strike_R","Strike_R","Defend_R","Defend_R","Defend_R","Defend_R","Bash","Headbutt","Searing Blow+4","Doubt","Good Instincts","Warcry","Headbutt","Inflame","Demon Form","Havoc","Shrug It Off+1","Seeing Red","Demon Form"],"relics":["Burning Blood","FossilizedHelix","Self Forming Clay","White Beast Statue"],"potions_floor_usage":[13,18,20,28,30,31,33,33,33],"damage_taken":[{"damage":1,"enemies":"2 Louse","floor":1,"turns":4},{"damage":0,"enemies":"Small Slimes","floor":3,"turns":3},{"damage":5,"enemies":"Jaw Worm","floor":4,"turns":5},{"damage":1,"enemies":"Exordium Thugs","floor":8,"turns":4},{"damage":0,"enemies":"3 Louse","floor":12,"turns":3},{"damage":0,"enemies":"Large Slime","floor":13,"turns":5},{"damage":1,"enemies":"Blue Slaver","floor":14,"turns":3},{"damage":71,"enemies":"The Guardian","floor":16,"turns":10},{"damage":17,"enemies":"3 Byrds","floor":18,"turns":6},{"damage":10,"enemies":"Spheric Guardian","floor":20,"turns":4},{"damage":24,"enemies":"Cultist and Chosen","floor":22,"turns":6},{"damage":17,"enemies":"Sentry and Sphere","floor":24,"turns":5},{"damage":36,"enemies":"3 Cultists","floor":28,"turns":7},{"damage":0,"enemies":"Snecko","floor":30,"turns":6},{"damage":44,"enemies":"Centurion and Healer","floor":31,"turns":10},{"damage":71,"enemies":"Automaton","floor":33,"turns":6}],"seed_played":"5475070663346437847","potions_obtained":[{"floor":3,"key":"Strength Potion"},{"floor":8,"key":"SkillPotion"},{"floor":14,"key":"Fire Potion"},{"floor":16,"key":"AttackPotion"},{"floor":22,"key":"SpeedPotion"},{"floor":24,"key":"CultistPotion"},{"floor":28,"key":"Weak Potion"},{"floor":30,"key":"DuplicationPotion"},{"floor":31,"key":"PowerPotion"}],"is_trial":true,"path_per_floor":["M","?","M","M","?","R","$","M","T","R","$","M","M","M","R","B",null,"M","?","M","$","M","R","M","R","T","$","M","R","M","M","R","B"],"character_chosen":"IRONCLAD","items_purchased":["FossilizedHelix","Good Instincts","Seeing Red"],"campfire_rested":3,"item_purchase_floors":[7,7,27],"current_hp_per_floor":[80,69,75,76,76,76,76,80,80,80,80,80,80,80,80,15,80,69,69,65,65,47,47,36,60,60,60,30,54,60,22,46,0,0],"gold":74,"neow_bonus":"","is_prod":false,"is_daily":false,"chose_seed":false,"campfire_upgraded":4,"win_rate":0,"timestamp":1607568943,"path_taken":["M","?","M","M","?","R","?","?","T","R","$","M","M","M","R","BOSS","M","?","M","$","M","R","M","R","T","?","M","R","M","M","R","BOSS"],"build_version":"2020-11-30","purchased_purges":2,"victory":false,"max_hp_per_floor":[80,80,80,80,80,80,80,80,80,80,80,80,80,80,80,80,80,80,80,80,80,80,80,80,80,80,80,80,80,80,80,80,80,80],"card_choices":[{"not_picked":["Iron Wave","Blood for Blood"],"picked":"Headbutt","floor":1},{"not_picked":["Sword Boomerang","Heavy Blade"],"picked":"Searing Blow","floor":3},{"not_picked":["Anger","Sword Boomerang","Iron Wave"],"picked":"SKIP","floor":4},{"not_picked":["Twin Strike","Perfected Strike"],"picked":"Warcry","floor":8},{"not_picked":["Perfected Strike","Juggernaut"],"picked":"Headbutt","floor":12},{"not_picked":["Clothesline","Iron Wave"],"picked":"Inflame","floor":13},{"not_picked":["Flex","Burning Pact","Evolve"],"picked":"SKIP","floor":14},{"not_picked":["Bludgeon","Feed"],"picked":"Demon Form","floor":16},{"not_picked":["Heavy Blade","Anger+1","Pummel"],"picked":"SKIP","floor":18},{"not_picked":["Cleave","Searing Blow","Twin Strike"],"picked":"SKIP","floor":20},{"not_picked":["Whirlwind","Iron Wave"],"picked":"Shrug It Off+1","floor":22},{"not_picked":["Searing Blow","Sword Boomerang","Perfected Strike"],"picked":"SKIP","floor":24},{"not_picked":["Wild Strike","Thunderclap","Sword Boomerang"],"picked":"SKIP","floor":28},{"not_picked":["True Grit","Twin Strike"],"picked":"Demon Form","floor":30},{"not_picked":["Clothesline","Power Through","Warcry"],"picked":"SKIP","floor":31}],"player_experience":230317,"relics_obtained":[{"floor":9,"key":"Self Forming Clay"},{"floor":26,"key":"White Beast Statue"}],"event_choices":[{"damage_healed":0,"gold_gain":75,"player_choice":"Gather Gold","damage_taken":11,"max_hp_gain":0,"max_hp_loss":0,"event_name":"World of Goop","floor":2,"gold_loss":0},{"damage_healed":0,"gold_gain":175,"player_choice":"AGREE","damage_taken":0,"max_hp_gain":0,"max_hp_loss":0,"event_name":"Liars Game","floor":5,"gold_loss":0,"cards_obtained":["Doubt"]},{"damage_healed":0,"gold_gain":0,"cards_transformed":["Strike_R"],"player_choice":"Transformed","damage_taken":0,"max_hp_gain":0,"max_hp_loss":0,"event_name":"Transmorgrifier","floor":19,"gold_loss":0,"cards_obtained":["Havoc"]}],"is_beta":false,"boss_relics":[{"not_picked":["Calling Bell","Velvet Choker","Snecko Eye"]}],"items_purged_floors":[21,27],"is_endless":true,"potions_floor_spawned":[3,8,14,16,22,24,28,30,31],"killed_by":"Automaton","ascension_level":0}}