{"host":"nptej036rrbiurf5","time":1607568893,"event":{"gold_per_floor":[112,166,116,116,126,155,155,169,169,94,107,107,107,142,142,142,142],"floor_reached":16,"playtime":286,"items_purged":["Strike_P"],"score":266,"play_id":"bd4aad70-7e79-4e33-afc0-d990bc7484f3","local_time":"20201210115453","is_ascension_mode":true,"campfire_choices":[{"data":"Eruption","floor":7.0,"key":"SMITH"},{"floor":12.0,"key":"REST"},{"data":"SignatureMove","floor":15,"key":"SMITH"}],"neow_cost":"NONE","seed_source_timestamp":1290839285722000,"circlet_count":0,"master_deck":["AscendersBane","Strike_P","Strike_P","Defend_P","Defend_P","Defend_P","Defend_P","Eruption+1","Vigilance","SignatureMove+1","EmptyBody","Halt"],"special_seed":0,"relics":["PureWater","NeowsBlessing","Smiling Mask","Incense Burner","PreservedInsect","Shuriken","Nunchaku"],"potions_floor_usage":[16],"damage_taken":[{"damage":0.0,"enemies":"Cultist","floor":1.0,"turns":1.0},{"damage":0.0,"enemies":"2 Louse","floor":5.0,"turns":1.0},{"damage":0.0,"enemies":"3 Sentries","floor":6.0,"turns":2.0},{"damage":0.0,"enemies":"Small Slimes","floor":8.0,"turns":1.0},{"damage":14.0,"enemies":"3 Louse","floor":11.0,"turns":3.0},{"damage":4,"enemies":"Lagavulin","floor":14,"turns":6},{"damage":37,"enemies":"Hexaghost","floor":16,"turns":9}],"seed_played":"-2312093718488207448","potions_obtained":[{"floor":1.0,"key":"Ancient Potion"},{"floor":5.0,"key":"Block Potion"},{"floor":11.0,"key":"DuplicationPotion"}],"is_trial":false,"path_per_floor":["M","T","$","?","M","E","R","M","T","?","M","R","?","E","R","B"],"character_chosen":"WATCHER","items_purchased":[],"campfire_rested":1,"item_purchase_floors":[],"current_hp_per_floor":[61,61,61,35,35,35,35,35,35,35,21,41,41,37,37,0,0],"gold":142,"neow_bonus":"THREE_ENEMY_KILL","is_prod":false,"is_daily":false,"chose_seed":false,"campfire_upgraded":2,"win_rate":0,"timestamp":1607568893,"path_taken":["M","?","$","?","M","E","R","M","T","?","M","R","?","E","R","BOSS"],"build_version":"2020-11-30","purchased_purges":1,"victory":false,"max_hp_per_floor":[68,68,68,68,68,68,68,68,68,68,68,68,68,68,68,68,68],"card_choices":[{"not_picked":["Weave","Prostrate"],"picked":"SignatureMove","floor":1.0},{"not_picked":["ClearTheMind","WheelKick","Evaluate"],"picked":"SKIP","floor":5.0},{"not_picked":["Protect","EmptyFist"],"picked":"EmptyBody","floor":6.0},{"not_picked":["CutThroughFate","PathToVictory","WaveOfTheHand"],"picked":"SKIP","floor":8.0},{"not_picked":["Crescendo","ClearTheMind","WheelKick"],"picked":"SKIP","floor":11.0},{"not_picked":["MasterReality","ThirdEye"],"picked":"Halt","floor":14}],"player_experience":818329,"relics_obtained":[{"floor":2.0,"key":"Smiling Mask"},{"floor":6.0,"key":"PreservedInsect"},{"floor":9.0,"key":"Shuriken"},{"floor":14,"key":"Nunchaku"}],"event_choices":[{"damage_healed":0.0,"max_hp_gain":0.0,"max_hp_loss":0.0,"gold_gain":0.0,"event_name":"Scrap Ooze","player_choice":"Success","floor":4.0,"gold_loss":0.0,"damage_taken":26.0,"relics_obtained":["Incense Burner"]},{"cards_removed":["Strike_P"],"damage_healed":0.0,"max_hp_gain":0.0,"max_hp_loss":0.0,"gold_gain":0.0,"event_name":"The Cleric","player_choice":"Card Removal","floor":10.0,"gold_loss":75.0,"damage_taken":0.0},{"damage_healed":0.0,"max_hp_gain":0.0,"max_hp_loss":0.0,"gold_gain":0.0,"event_name":"Lab","player_choice":"Got Potions","floor":13.0,"gold_loss":0.0,"damage_taken":0.0}],"is_beta":false,"boss_relics":[],"items_purged_floors":[3],"is_endless":false,"potions_floor_spawned":[1,5,8,11],"killed_by":"Hexaghost","ascension_level":20}}