{"host":"w6ebodudjlk2jwu4","time":1607582823,"event":{"gold_per_floor":[112,122,140,157,157,185,360,360,360,360,80,80,110,121,121,222,222,235,235,255,266,282,312,327,360,384,395,395,395],"floor_reached":28,"playtime":5047,"items_purged":["Doubt"],"score":322,"play_id":"2e69c6c6-a051-44e7-87dd-19f3f118f53e","local_time":"20201209224703","is_ascension_mode":false,"campfire_choices":[{"data":"infinitespire:Neurotoxin","floor":8,"key":"SMITH"},{"data":"infinitespire:Collect","floor":10,"key":"SMITH"},{"data":"Footwork","floor":12,"key":"SMITH"},{"data":"Calculated Gamble","floor":15,"key":"SMITH"}],"neow_cost":"NONE","seed_source_timestamp":2271397239583500,"circlet_count":0,"master_deck":["Strike_G","Strike_G","Strike_G","Strike_G","Strike_G","Defend_G","Defend_G","Defend_G","Defend_G","Defend_G+1","Survivor","Neutralize","Injury","stsjorbsmod:Withering","infinitespire:Neurotoxin+1","Dark Shackles","infinitespire:Collect+1","Footwork+1","Draining Mist","PiercingWail","Calculated Gamble+1","Toxin Wave","infinitespire:Collect+1","Infinite Blades+1","Well Laid Plans+1","Finisher","Doppelganger","CurseOfTheBell","Footwork","Deflect","Backflip","Deadly Poison","Caltrops+1","Leg Sweep+1","ReplayTheSpireMod:The Works+1"],"relics":["ReplayTheSpireMod:SealedPack","infinitespire:Lucky Rock","Centennial Puzzle","DollysMirror","White Beast Statue","Calling Bell","ReplayTheSpireMod:TigerMarble","Gremlin Horn","The Specimen","Gremlin Food","ReplayTheSpireMod:Ninjato","Ancient Tea Set"],"potions_floor_usage":[18,18,20,20,22,28],"damage_taken":[{"damage":0,"enemies":"Small Slimes","floor":1,"turns":4},{"damage":14,"enemies":"Jaw Worm","floor":2,"turns":4},{"damage":0,"enemies":"Cultist","floor":3,"turns":5},{"damage":2,"enemies":"2 Fungi Beasts","floor":4,"turns":6},{"damage":4,"enemies":"Lagavulin","floor":6,"turns":8},{"damage":9,"enemies":"Replay:BlueRogue","floor":13,"turns":4},{"damage":2,"enemies":"Large Slime","floor":14,"turns":5},{"damage":2,"enemies":"Hexaghost","floor":16,"turns":9},{"damage":5,"enemies":"theJungle:Flameango_and_Byrd","floor":18,"turns":6},{"damage":0,"enemies":"theJungle:5_Spyders","floor":20,"turns":10},{"damage":4,"enemies":"theJungle:2_Snecko_Cultists","floor":21,"turns":5},{"damage":0,"enemies":"Snake Plant","floor":22,"turns":7},{"damage":0,"enemies":"theJungle:MamaSnecko","floor":23,"turns":7},{"damage":5,"enemies":"theJungle:SlimyTreeVines","floor":24,"turns":4},{"damage":2,"enemies":"Nightmare","floor":25,"turns":6},{"damage":28,"enemies":"theJungle:2_Flameangoes","floor":27,"turns":5},{"damage":37,"enemies":"JungleHuntersEvent","floor":28,"turns":3}],"seed_played":"8097275073913763915","potions_obtained":[{"floor":6,"key":"blueLaboratory:AbyssPotion"},{"floor":13,"key":"blueLaboratory:FrostheartPotion"},{"floor":14,"key":"SkillPotion"},{"floor":18,"key":"SkillPotion"},{"floor":20,"key":"blueLaboratory:RecallPotion"},{"floor":21,"key":"Dexterity Potion"},{"floor":22,"key":"blueLaboratory:BottledHope"},{"floor":23,"key":"blueLaboratory:LouseDecoction"},{"floor":25,"key":"EntropicBrew"}],"is_trial":false,"path_per_floor":["M","M","M","M","?","E","?","R","T","R","$","R","E","M","R","B",null,"M","?","M","M","M","E","M","NM","T","M","?"],"character_chosen":"THE_SILENT","items_purchased":["DollysMirror","Infinite Blades+1"],"campfire_rested":0,"item_purchase_floors":[11,11],"current_hp_per_floor":[70,56,56,54,54,50,50,50,50,50,50,50,41,39,39,37,70,65,65,65,61,61,61,61,59,59,31,0,0],"gold":395,"neow_bonus":"BOSS_RELIC","is_prod":false,"is_daily":false,"chose_seed":false,"campfire_upgraded":4,"win_rate":0.0,"timestamp":1607582823,"path_taken":["M","M","M","M","?","E","?","R","T","R","$","R","E","M","R","BOSS","M","?","M","?","M","E","M","NM","T","M","?"],"build_version":"2020-11-30","purchased_purges":1,"victory":false,"max_hp_per_floor":[70,70,70,70,70,70,70,70,70,70,70,70,70,70,70,70,70,70,70,70,70,70,70,70,70,70,70,70,70],"relic_stats":{"Centennial Puzzle":[26],"Gremlin Horn":[14,14],"counters":[17,98],"obtain_stats":[{"Gremlin Food":23,"ReplayTheSpireMod:Ninjato":25,"Gremlin Horn":17,"The Specimen":17,"ReplayTheSpireMod:SealedPack":0,"infinitespire:Lucky Rock":6,"Ancient Tea Set":26,"White Beast Statue":13,"Calling Bell":17,"Centennial Puzzle":9,"DollysMirror":11,"ReplayTheSpireMod:TigerMarble":17,"Ring of the Snake":0},{"Gremlin Food":13,"ReplayTheSpireMod:Ninjato":15,"Gremlin Horn":8,"The Specimen":8,"ReplayTheSpireMod:SealedPack":0,"infinitespire:Lucky Rock":5,"Ancient Tea Set":15,"White Beast Statue":6,"Calling Bell":8,"Centennial Puzzle":5,"DollysMirror":5,"ReplayTheSpireMod:TigerMarble":8,"Ring of the Snake":0},{"Gremlin Food":80,"ReplayTheSpireMod:Ninjato":90,"Gremlin Horn":45,"The Specimen":45,"ReplayTheSpireMod:SealedPack":0,"infinitespire:Lucky Rock":27,"Ancient Tea Set":90,"White Beast Statue":31,"Calling Bell":45,"Centennial Puzzle":27,"DollysMirror":27,"ReplayTheSpireMod:TigerMarble":45,"Ring of the Snake":0}]},"card_choices":[{"not_picked":["ZombieSpit","stsjorbsmod:EyeOfTheStorm"],"picked":"stsjorbsmod:Withering","floor":0},{"not_picked":["Unload","ReplayTheSpireMod:From All Sides"],"picked":"infinitespire:Neurotoxin","floor":0},{"not_picked":["Discovery","Replay:Sssssssssstrike"],"picked":"Dark Shackles","floor":0},{"not_picked":["ReplayTheSpireMod:Echo Chamber","infinitespire:Starlight"],"picked":"infinitespire:Collect","floor":0},{"not_picked":["Bouncing Flask","Riddle With Holes"],"picked":"Footwork","floor":1},{"not_picked":["Prepared","Underhanded Strike"],"picked":"Draining Mist","floor":2},{"not_picked":["Quick Slash","Prepared"],"picked":"PiercingWail","floor":3},{"not_picked":["ReplayTheSpireMod:Necrosis","All Out Attack"],"picked":"Calculated Gamble","floor":4},{"not_picked":["PiercingWail","Sucker Punch"],"picked":"Toxin Wave","floor":6},{"not_picked":["Sneak Up","Die Die Die"],"picked":"Well Laid Plans","floor":13},{"not_picked":["PiercingWail","Blade Dance"],"picked":"Finisher","floor":14},{"not_picked":["Glass Knife","Venomology"],"picked":"Doppelganger","floor":16},{"not_picked":["Deflect+1","Sucker Punch+1"],"picked":"Footwork","floor":18},{"not_picked":["Riddle With Holes","Backflip"],"picked":"Deflect","floor":20},{"not_picked":["Slice","Deadly Poison"],"picked":"Backflip","floor":21},{"not_picked":["Dagger Throw+1","PiercingWail"],"picked":"Deadly Poison","floor":22},{"not_picked":["Dagger Throw","Escape Plan"],"picked":"Caltrops+1","floor":23},{"not_picked":["Distraction","Deadly Poison+1"],"picked":"Leg Sweep+1","floor":24},{"not_picked":["Underhanded Strike","Hidden Blade+1"],"picked":"ReplayTheSpireMod:The Works+1","floor":25},{"not_picked":["PiercingWail","Doppelganger","Acrobatics+1"],"picked":"SKIP","floor":27}],"player_experience":39091,"relics_obtained":[{"floor":6,"key":"infinitespire:Lucky Rock"},{"floor":9,"key":"Centennial Puzzle"},{"floor":13,"key":"White Beast Statue"},{"floor":17,"key":"ReplayTheSpireMod:TigerMarble"},{"floor":17,"key":"Gremlin Horn"},{"floor":17,"key":"The Specimen"},{"floor":23,"key":"Gremlin Food"},{"floor":25,"key":"ReplayTheSpireMod:Ninjato"},{"floor":26,"key":"Ancient Tea Set"}],"event_choices":[{"damage_healed":0,"gold_gain":175,"player_choice":"AGREE","damage_taken":0,"max_hp_gain":0,"max_hp_loss":0,"event_name":"Liars Game","floor":7,"gold_loss":0,"cards_obtained":["Doubt"]},{"damage_healed":0,"gold_gain":0,"player_choice":"Upgraded","damage_taken":0,"max_hp_gain":0,"max_hp_loss":0,"event_name":"Upgrade Shrine","floor":19,"gold_loss":0,"cards_upgraded":["Well Laid Plans"]}],"is_beta":false,"boss_relics":[{"not_picked":["Replay:Grab Bag","Replay:Ancient Bell"],"picked":"Calling Bell"}],"items_purged_floors":[11],"is_endless":true,"potions_floor_spawned":[6,13,14,16,18,20,21,22,23,24,25,27],"killed_by":"JungleHuntersEvent","ascension_level":0}}