{"host":"iy58fyt9wsbv4cf1","time":1607642884,"event":{"mods":["BaseMod","Better Altar","Better Match","Better Skull","Better Third Choice","BetterRewards","Conspire","Custom Start","Defuse TimeMaze Blight","Hubris","Minty Spire (QoL Compilation)","Permanent Neow","Quick Restart","Spicy Shops","StSLib"],"gold_per_floor":[114,114,114,189,189,222,22,22,72,88,128,153,6,50,50,170,170,194,194,106,130,45,80,80,80,80,96,137,216,232,250,250,370,370,395,395,408,423,438,438,452,452,505,391,426,426,464,564,564,564,564],"floor_reached":50,"playtime":2033,"items_purged":["Strike_G","Strike_G","Defend_G"],"score":831,"play_id":"e95f5405-7b3e-46fa-b30e-262967594d35","local_time":"20201210182804","is_ascension_mode":false,"campfire_choices":[{"data":"1","floor":8.0,"key":"LIFT"},{"floor":15.0,"key":"REST"},{"data":"2","floor":25,"key":"LIFT"},{"data":"3","floor":32,"key":"LIFT"},{"data":"Neutralize","floor":40,"key":"SMITH"},{"floor":42,"key":"RECALL"},{"data":"After Image","floor":46,"key":"SMITH"},{"data":"Acrobatics","floor":49,"key":"SMITH"}],"circlet_count":0,"master_deck":["Strike_G","Strike_G","Strike_G","Defend_G","Defend_G","Defend_G","Defend_G","Survivor","Neutralize+1","Underhanded Strike","Expertise","Underhanded Strike","Dagger Throw","Concentrate","Acrobatics+1","Terror+1","Acrobatics+1","PiercingWail+1","Underhanded Strike","Blur+1","Backflip+1","Malaise+1","Underhanded Strike","Tactician+1","Underhanded Strike","Clumsy","Escape Plan+1","After Image+1","Underhanded Strike","Underhanded Strike","Crippling Poison+1","Acrobatics+1"],"relics":["Ring of the Snake","TheAbacus","DollysMirror","Oddly Smooth Stone","hubris:Icosahedron","Golden Idol","Toxic Egg 2","Girya","Anchor","conspire:TopHat","Membership Card","hubris:CrackedHourglass","Nloth\u0027s Gift","Incense Burner","Regal Pillow","MutagenicStrength","hubris:64BitClover","Ninja Scroll","conspire:RunicOctahedron","Snake Skull","hubris:AncientText","Bronze Scales","Blood Vial"],"acts_visited":["Exordium","TheCity","TheBeyond"],"potions_floor_usage":[],"damage_taken":[{"damage":0.0,"enemies":"Jaw Worm","floor":1.0,"turns":2.0},{"damage":3.0,"enemies":"3 Sentries","floor":6.0,"turns":8.0},{"damage":0.0,"enemies":"Small Slimes","floor":10.0,"turns":1.0},{"damage":0.0,"enemies":"Lagavulin","floor":11.0,"turns":5.0},{"damage":0.0,"enemies":"2 Louse","floor":12.0,"turns":1.0},{"damage":0.0,"enemies":"3 Sentries","floor":14.0,"turns":6.0},{"damage":5,"enemies":"The Guardian","floor":16,"turns":10},{"damage":3,"enemies":"2 Thieves","floor":18,"turns":4},{"damage":0,"enemies":"3 Byrds","floor":21,"turns":5},{"damage":0,"enemies":"conspire:SneckoGhost","floor":23,"turns":7},{"damage":12,"enemies":"Shelled Parasite and Fungi","floor":27,"turns":4},{"damage":0,"enemies":"Gremlin Leader","floor":28,"turns":3},{"damage":0,"enemies":"Centurion and Healer","floor":30,"turns":3},{"damage":0,"enemies":"conspire:HollyBat","floor":31,"turns":5},{"damage":0,"enemies":"conspire:MysteriousRune","floor":33,"turns":8},{"damage":0,"enemies":"3 Shapes","floor":35,"turns":1},{"damage":0,"enemies":"Orb Walker","floor":37,"turns":1},{"damage":0,"enemies":"Sphere and 2 Shapes","floor":38,"turns":1},{"damage":0,"enemies":"Jaw Worm Horde","floor":39,"turns":2},{"damage":15,"enemies":"Transient","floor":41,"turns":5},{"damage":0,"enemies":"Giant Head","floor":45,"turns":2},{"damage":0,"enemies":"Reptomancer","floor":47,"turns":1},{"damage":32,"enemies":"Awakened One","floor":50,"turns":8}],"seed_played":"-2741346699689146751","potions_obtained":[{"floor":10.0,"key":"Strength Potion"},{"floor":14.0,"key":"Explosive Potion"},{"floor":16,"key":"FearPotion"}],"is_trial":false,"path_per_floor":["M","?","?","?","?","E","$","R","T","M","E","M","$","E","R","B",null,"M","?","$","M","$","E","?","R","T","M","E","T","M","M","R","B",null,"M","?","M","M","M","R","M","R","T","$","E","R","E","?","R","B"],"character_chosen":"THE_SILENT","items_purchased":["Underhanded Strike","Expertise","TheAbacus","DollysMirror","Dagger Throw","Oddly Smooth Stone","Girya","Acrobatics+1","PiercingWail+1","Membership Card","Underhanded Strike","Incense Burner","Crippling Poison+1"],"campfire_rested":1,"item_purchase_floors":[0,0,0,0,0,0,7,7,7,13,22,22,44],"current_hp_per_floor":[38,38,38,27,27,24,24,24,24,24,24,24,24,24,43,38,65,62,62,62,62,62,62,62,62,62,50,50,50,50,50,50,50,65,65,65,65,65,65,65,50,50,50,50,50,50,50,50,50,0,0],"gold":564,"neow_bonus":"","is_daily":false,"chose_seed":false,"campfire_upgraded":3,"win_rate":0.0,"timestamp":1607642884,"path_taken":["M","?","?","?","?","E","$","R","T","M","E","M","?","E","R","BOSS","M","?","?","?","$","E","?","R","T","M","E","?","M","M","R","BOSS","M","?","M","M","M","R","M","R","T","$","E","R","E","?","R","BOSS"],"items_purchased_type":["Card","Card","Relic","Relic","Card","Relic","Relic","Undefined","Undefined","Relic","Card","Relic","Undefined"],"build_version":"2020-11-30","purchased_purges":3,"victory":false,"max_hp_per_floor":[70,70,70,70,65,65,65,65,65,65,65,65,65,65,65,65,65,65,65,65,65,65,65,65,65,65,65,65,65,65,65,65,65,65,65,65,65,65,65,65,65,65,65,65,65,65,65,65,65,65,65],"card_choices":[{"not_picked":["Bane","Bouncing Flask"],"picked":"Concentrate","floor":1.0},{"not_picked":["Caltrops","Calculated Gamble+1"],"picked":"Terror+1","floor":6.0},{"not_picked":["Poisoned Stab","Leg Sweep+1","Prepared+1"],"picked":"SKIP","floor":10.0},{"not_picked":["Setup+1","Skewer"],"picked":"Underhanded Strike","floor":11.0},{"not_picked":["Dagger Throw","Sucker Punch"],"picked":"Blur+1","floor":12.0},{"not_picked":["Deadly Poison+1","Riddle With Holes"],"picked":"Backflip+1","floor":14.0},{"not_picked":["Grand Finale","Doppelganger+1"],"picked":"Malaise+1","floor":16},{"not_picked":["Caltrops","Dagger Throw"],"picked":"Underhanded Strike","floor":18},{"not_picked":["Finisher","Malaise+1"],"picked":"Tactician+1","floor":21},{"not_picked":["Riddle With Holes+1","Doppelganger+1"],"picked":"Escape Plan+1","floor":23},{"not_picked":["Outmaneuver+1","Slice+1","Blade Dance+1"],"picked":"SKIP","floor":27},{"not_picked":["Choke","Distraction+1","hubris:TrickCloak+1"],"picked":"SKIP","floor":28},{"not_picked":["Infinite Blades","Bane+1","Skewer"],"picked":"SKIP","floor":30},{"not_picked":["Leg Sweep+1","Prepared+1","Masterful Stab"],"picked":"SKIP","floor":31},{"not_picked":["Glass Knife","Venomology+1"],"picked":"After Image","floor":33},{"not_picked":["PiercingWail+1","Dagger Throw","Accuracy+1"],"picked":"SKIP","floor":35},{"not_picked":["Flying Knee+1","Prepared+1"],"picked":"Underhanded Strike","floor":37},{"not_picked":["Dagger Throw+1","Noxious Fumes+1"],"picked":"Underhanded Strike","floor":38},{"not_picked":["Terror+1","Acrobatics+1","hubris:Sniper+1"],"picked":"SKIP","floor":39},{"not_picked":["Quick Slash+1","Glass Knife","Prepared+1"],"picked":"SKIP","floor":41},{"not_picked":["Sucker Punch+1","Flechettes+1","Dagger Spray+1"],"picked":"SKIP","floor":45},{"not_picked":["Backflip+1","Escape Plan+1"],"picked":"Acrobatics+1","floor":47}],"player_experience":60458,"relics_obtained":[{"floor":6.0,"key":"Toxic Egg 2"},{"floor":9.0,"key":"Anchor"},{"floor":11.0,"key":"conspire:TopHat"},{"floor":14.0,"key":"Boot"},{"floor":23,"key":"Regal Pillow"},{"floor":28,"key":"hubris:64BitClover"},{"floor":29,"key":"Ninja Scroll"},{"floor":39,"key":"Snake Skull"},{"floor":43,"key":"hubris:AncientText"},{"floor":45,"key":"Bronze Scales"},{"floor":47,"key":"Blood Vial"}],"event_choices":[{"damage_healed":0.0,"max_hp_gain":0.0,"max_hp_loss":0.0,"gold_gain":75.0,"event_name":"betterThird:BetterGoop","player_choice":"Gold","floor":4.0,"gold_loss":0.0,"damage_taken":11.0},{"damage_healed":0.0,"max_hp_gain":0.0,"max_hp_loss":5.0,"gold_gain":0.0,"event_name":"Golden Idol","player_choice":"Lose Max HP","floor":5.0,"gold_loss":0.0,"damage_taken":0.0,"relics_obtained":["Golden Idol"]},{"damage_healed":0,"gold_gain":0,"player_choice":"Traded Relic","damage_taken":0,"relics_obtained":["Nloth\u0027s Gift"],"max_hp_gain":0,"max_hp_loss":0,"event_name":"N\u0027loth","floor":19,"relics_lost":["Boot"],"gold_loss":0},{"damage_healed":0,"gold_gain":0,"player_choice":"Inject Mutagens","damage_taken":0,"relics_obtained":["MutagenicStrength"],"max_hp_gain":0,"max_hp_loss":0,"event_name":"Drug Dealer","floor":24,"gold_loss":0},{"damage_healed":0,"gold_gain":0,"player_choice":"Leave","damage_taken":0,"max_hp_gain":0,"max_hp_loss":0,"event_name":"conspire:Investor","floor":36,"gold_loss":0},{"damage_healed":0,"gold_gain":100,"player_choice":"Pray","damage_taken":0,"max_hp_gain":0,"max_hp_loss":0,"event_name":"Golden Shrine","floor":48,"gold_loss":0}],"is_beta":false,"boss_relics":[{"not_picked":["Cursed Key","Runic Pyramid"],"picked":"hubris:CrackedHourglass"},{"not_picked":["HoveringKite","Empty Cage"],"picked":"conspire:RunicOctahedron"}],"items_purged_floors":[20,20,44],"is_endless":false,"potions_floor_spawned":[10,14,16,18,27,33,37,41],"killed_by":"Awakened One","ascension_level":0}}