{"host":"l8n56n8abrvcftzc","time":1607559291,"event":{"gold_per_floor":[109,125,125,125,136,136,136],"floor_reached":6,"playtime":320,"items_purged":[],"score":36,"play_id":"232d9114-653d-4a4a-b5cf-bd7f1feb7cbf","local_time":"20201209161451","is_ascension_mode":false,"campfire_choices":[],"neow_cost":"NONE","seed_source_timestamp":1303110537836400,"circlet_count":0,"master_deck":["Strike_B","Strike_B","Strike_B","Defend_B","Defend_B","Defend_B","Defend_B","Zap","Dualcast","Chaos","Chaos","Seek","Redo"],"relics":["Cracked Core","aspiration:Nostalgia","Burning Blood"],"potions_floor_usage":[6],"damage_taken":[{"damage":0,"enemies":"Small Slimes","floor":1,"turns":3},{"damage":1,"enemies":"Jaw Worm","floor":2,"turns":3},{"damage":3,"enemies":"Cultist","floor":5,"turns":4},{"damage":79,"enemies":"Gremlin Nob","floor":6,"turns":5}],"seed_played":"-2848961062643697152","potions_obtained":[{"floor":5,"key":"Explosive Potion"}],"is_trial":false,"path_per_floor":["M","M","?","?","M","E"],"character_chosen":"DEFECT","items_purchased":[],"campfire_rested":0,"item_purchase_floors":[],"current_hp_per_floor":[75,75,75,75,75,0,0],"gold":136,"neow_bonus":"NOSTALGIA","is_prod":false,"is_daily":false,"chose_seed":false,"campfire_upgraded":0,"win_rate":0,"timestamp":1607559291,"path_taken":["M","M","?","?","M","E"],"build_version":"2020-11-30","purchased_purges":0,"victory":false,"max_hp_per_floor":[75,75,75,75,75,75,75],"relic_stats":{"counters":[4,15],"obtain_stats":[{"aspiration:Nostalgia":0,"Cracked Core":0,"Burning Blood":0},{"aspiration:Nostalgia":0,"Cracked Core":0,"Burning Blood":0},{"aspiration:Nostalgia":0,"Cracked Core":0,"Burning Blood":0}],"Burning Blood":4},"card_choices":[{"not_picked":["Cold Snap","FTL"],"picked":"Chaos","floor":1},{"not_picked":["Genetic Algorithm","Go for the Eyes"],"picked":"Chaos","floor":2},{"not_picked":["Panic Button","Hologram"],"picked":"Redo","floor":5}],"player_experience":741837,"relics_obtained":[],"event_choices":[{"damage_healed":0,"gold_gain":0,"cards_transformed":["Strike_B"],"player_choice":"Change","damage_taken":0,"max_hp_gain":0,"max_hp_loss":0,"event_name":"Living Wall","floor":3,"gold_loss":0,"cards_obtained":["Seek"]},{"damage_healed":0,"gold_gain":0,"player_choice":"Ignored","damage_taken":125,"max_hp_gain":0,"max_hp_loss":0,"event_name":"betterThird:BetterSerpent","floor":4,"gold_loss":0}],"is_beta":false,"boss_relics":[],"items_purged_floors":[],"is_endless":false,"potions_floor_spawned":[5],"killed_by":"Gremlin Nob","ascension_level":0}}