{"host":"jgyoyy5iuhtvyvtg","time":1607593846,"event":{"gold_per_floor":[114,114,134,151,151,151,167,192,240,240,254,280,295,60,60,157,157,157,174,174,174,65,65,80,80,104,118,137,172,172,201,201,300,300,320,320,320,19,73,98,98,126,126,126,152,152,180,198,198,234,234],"floor_reached":52,"playtime":3278,"items_purged":[],"score":1616,"play_id":"83547851-cc11-4fa0-8690-2aacdb1f58b4","local_time":"20201210015046","is_ascension_mode":false,"campfire_choices":[{"data":"True Grit","floor":6.0,"key":"SMITH"},{"data":"Bash","floor":10.0,"key":"SMITH"},{"data":"Spot Weakness","floor":15.0,"key":"SMITH"},{"data":"Dark Embrace","floor":23.0,"key":"SMITH"},{"floor":25.0,"key":"REST"},{"data":"Whirlwind","floor":30.0,"key":"SMITH"},{"data":"ReplayTheSpireMod:Strike From Hell","floor":32.0,"key":"SMITH"},{"data":"Absolvement","floor":41.0,"key":"SMITH"},{"data":"Shockwave","floor":46.0,"key":"SMITH"},{"data":"Berserk","floor":49.0,"key":"SMITH"}],"neow_cost":"","seed_source_timestamp":31520541872200,"circlet_count":0,"master_deck":["Strike_R","Strike_R","Strike_R","Strike_R","Defend_R+1","Defend_R","Defend_R","Defend_R+1","Bash+1","UniverseFragment","Spot Weakness+1","True Grit+1","Sever Soul","Cleave","VoidDream","Havoc","Dark Embrace+1","Fiend Fire","Variant","Whirlwind+1","Metallicize","MHz","Clothesline+1","Bloodbath","conspire:Charge","Metallicize","Woodsman","ReplayTheSpireMod:Strike From Hell+1","Berserk+1","CurseOfTheBell","Absolvement+1","Absolvement","Power Through","CENSORED","Intimidate","BodiesMountain","ReplayTheSpireMod:Strike From Hell","ReplayTheSpireMod:Muscle Training","GreedKing","Shockwave+1","Disarm+1","Dual Wield+1"],"special_seed":0,"relics":["Burning Blood","CogitoBucket","RabbitCall","LetterFromLob","Mercury Hourglass","Ancient Tea Set","Lantern","SkinProphecy","Snack Pack","Guardian:PocketSentry","construct:WeddingRing","theJungle:WildMango","HellTrain","Bronze Scales","Replay:PocketPolymizer","GolemAmulet","Calling Bell","Regal Pillow","Darkstone Periapt","Magic Flower","LuminousBracelet","AtMidnight","Replay:Mystery Machine","Peace Pipe","Paper Frog","Blue Doll","conspire:Dentures","Replay:Bandana"],"potions_floor_usage":[50],"damage_taken":[{"damage":3.0,"enemies":"Cultist","floor":1.0,"turns":5.0},{"damage":0.0,"enemies":"conspire:RoseBush","floor":3.0,"turns":4.0},{"damage":0.0,"enemies":"2 Louse","floor":4.0,"turns":3.0},{"damage":0.0,"enemies":"Large Slime","floor":7.0,"turns":4.0},{"damage":20.0,"enemies":"Lagavulin","floor":8.0,"turns":5.0},{"damage":6.0,"enemies":"Exordium Thugs","floor":11.0,"turns":3.0},{"damage":21.0,"enemies":"Gremlin Nob","floor":12.0,"turns":4.0},{"damage":0.0,"enemies":"conspire:2 RoseBushes","floor":13.0,"turns":4.0},{"damage":27.0,"enemies":"The Guardian","floor":16.0,"turns":12.0},{"damage":7.0,"enemies":"theJungle:GiantWrat","floor":19.0,"turns":5.0},{"damage":70.0,"enemies":"theJungle:MUSHROOMGANG","floor":24.0,"turns":6.0},{"damage":0.0,"enemies":"theJungle:2_Flameangoes","floor":27.0,"turns":5.0},{"damage":0.0,"enemies":"theJungle:SlimyTreeVines","floor":28.0,"turns":3.0},{"damage":13.0,"enemies":"theJungle:Cassacara","floor":29.0,"turns":5.0},{"damage":15.0,"enemies":"conspire:MimicChest","floor":31.0,"turns":6.0},{"damage":12.0,"enemies":"theJungle:TotemBoss","floor":33.0,"turns":8.0},{"damage":69.0,"enemies":"3 Shapes","floor":35.0,"turns":19.0},{"damage":29.0,"enemies":"2 Orb Walkers","floor":39.0,"turns":4.0},{"damage":59.0,"enemies":"Reptomancer","floor":40.0,"turns":6.0},{"damage":75.0,"enemies":"Nemesis","floor":42.0,"turns":7.0},{"damage":84.0,"enemies":"Reptomancer","floor":45.0,"turns":5.0},{"damage":8.0,"enemies":"Orb Walker","floor":47.0,"turns":2.0},{"damage":24.0,"enemies":"Maw","floor":48.0,"turns":8.0},{"damage":330,"enemies":"Awakened One","floor":50,"turns":13}],"seed_played":"8914879397497721279","potions_obtained":[{"floor":1.0,"key":"SteroidPotion"},{"floor":8.0,"key":"Venom Potion"},{"floor":11.0,"key":"Regen Potion"},{"floor":12.0,"key":"Weak Potion"},{"floor":16.0,"key":"LiquidMemories"},{"floor":24.0,"key":"hexamod:EctoCoolerPotion"},{"floor":28.0,"key":"Swift Potion"},{"floor":33.0,"key":"Block Potion"},{"floor":39.0,"key":"Guardian:BlockOnCardUsePotion"},{"floor":45.0,"key":"ColorlessPotion"},{"floor":47.0,"key":"Guardian:BlockOnCardUsePotion"}],"is_trial":false,"path_per_floor":["M","?","M","M","?","R","M","E","T","R","M","E","M","$","R","B",null,"M","M","?","?","$","R","M","R","T","M","M","E","R","?","R","B",null,"M","?","?","$","?","E","R","E","T","?","E","R","M","M","R","B",null,null],"character_chosen":"IRONCLAD","items_purchased":["Guardian:PocketSentry","Dark Embrace","Whirlwind","Metallicize","Absolvement","Power Through","Replay:Mystery Machine"],"campfire_rested":1,"item_purchase_floors":[14,14,22,22,38,38,38],"current_hp_per_floor":[80,62,68,74,58,58,64,50,50,50,50,31,33,33,33,23,86,86,81,95,95,95,95,25,56,56,60,68,60,60,47,47,81,116,130,130,135,135,130,139,139,141,141,141,143,143,145,147,147,151,151],"gold":234,"neow_bonus":"","is_prod":false,"is_daily":false,"chose_seed":false,"campfire_upgraded":9,"win_rate":0,"timestamp":1607593846,"path_taken":["M","?","M","M","?","R","M","E","T","R","M","E","M","$","R","BOSS","M","M","?","?","$","R","M","R","T","M","M","E","R","?","R","BOSS","M","?","?","$","?","E","R","E","T","?","E","R","M","M","R","BOSS"],"build_version":"2020-11-30","purchased_purges":0,"victory":true,"max_hp_per_floor":[80,80,80,80,80,80,80,80,80,80,80,82,84,84,84,86,86,86,88,102,102,102,102,106,106,106,108,110,112,112,114,114,116,116,135,135,135,135,137,139,139,141,141,141,143,143,145,147,147,151,151],"card_choices":[{"not_picked":["DreamingCurrent","BigBird"],"picked":"UniverseFragment","floor":1.0},{"not_picked":["Combust","Heavy Blade"],"picked":"Spot Weakness","floor":1.0},{"not_picked":["FairyFestival","Murderer","BigBird"],"picked":"Singing Bowl","floor":3.0},{"not_picked":["Burning Pact","conspire:ExplosiveBarrier","Replay:Undeath\u0027s Touch"],"picked":"SKIP","floor":3.0},{"not_picked":["CherryBlossoms","Rudolta","CrumblingArmor"],"picked":"Singing Bowl","floor":4.0},{"not_picked":["Replay:Undeath\u0027s Touch","Flame Barrier"],"picked":"True Grit","floor":4.0},{"not_picked":["MHz","DreamingCurrent","BigBadWolf"],"picked":"Singing Bowl","floor":7.0},{"not_picked":["Twin Strike","Replay:Undeath\u0027s Touch"],"picked":"Sever Soul","floor":7.0},{"not_picked":["Murderer","FairyFestival","MHz"],"picked":"Singing Bowl","floor":8.0},{"not_picked":["Pommel Strike","Sentinel"],"picked":"Cleave","floor":8.0},{"not_picked":["PunishingBird","QueenOfHatred"],"picked":"VoidDream","floor":11.0},{"not_picked":["Thunderclap","Replay:Undeath\u0027s Touch"],"picked":"Havoc","floor":11.0},{"not_picked":["GalaxyChild","DreamingCurrent","SpiderBud"],"picked":"Singing Bowl","floor":12.0},{"not_picked":["Anger","True Grit","Battle Trance"],"picked":"SKIP","floor":12.0},{"not_picked":["Wellcheers","Scorched","LittlePrince"],"picked":"Singing Bowl","floor":13.0},{"not_picked":["ReplayTheSpireMod:Limb From Limb","Twin Strike","Cleave"],"picked":"SKIP","floor":13.0},{"not_picked":["FieryBird","ShyLook","Scorched"],"picked":"Singing Bowl","floor":16.0},{"not_picked":["Limit Break","Reaper"],"picked":"Fiend Fire","floor":16.0},{"not_picked":["LittleHelper","DespairKnight"],"picked":"Variant","floor":19.0},{"not_picked":["Armaments","Iron Wave+1","Warcry"],"picked":"SKIP","floor":19.0},{"not_picked":["QueenOfHatred","Porccubus"],"picked":"MHz","floor":24.0},{"not_picked":["Hemokinesis","Sword Boomerang"],"picked":"Clothesline+1","floor":24.0},{"not_picked":["FairyFestival","ShyLook"],"picked":"Bloodbath","floor":27.0},{"not_picked":["Replay:Undeath\u0027s Touch+1","Armaments"],"picked":"conspire:Charge","floor":27.0},{"not_picked":["Yin","BlackSwan","MeatLantern"],"picked":"Singing Bowl","floor":28.0},{"not_picked":["Warcry","Replay:Undeath\u0027s Touch"],"picked":"Metallicize","floor":28.0},{"not_picked":["Laetitia","Freischutz"],"picked":"Woodsman","floor":29.0},{"not_picked":["Dark Embrace","Pommel Strike+1","Rampage"],"picked":"SKIP","floor":29.0},{"not_picked":["NakedNest","PunishingBird","Scarecrow"],"picked":"Singing Bowl","floor":31.0},{"not_picked":["Evolve","Havoc"],"picked":"ReplayTheSpireMod:Strike From Hell","floor":31.0},{"not_picked":["LaLuna","Funeral","Laetitia"],"picked":"Singing Bowl","floor":33.0},{"not_picked":["Hemogenesis","Bludgeon"],"picked":"Berserk","floor":33.0},{"not_picked":["Mercenary","SnowQueen","QueenBee"],"picked":"Singing Bowl","floor":35.0},{"not_picked":["Anger+1","Cleave"],"picked":"Absolvement","floor":35.0},{"not_picked":["WhiteNight","Yin","MeatLantern"],"picked":"Singing Bowl","floor":39.0},{"not_picked":["RedShoes","HeroicMonk"],"picked":"CENSORED","floor":39.0},{"not_picked":["Dual Wield+1","Pommel Strike"],"picked":"Intimidate","floor":39.0},{"not_picked":["Yin","LaLuna"],"picked":"BodiesMountain","floor":40.0},{"not_picked":["Shrug It Off+1","Whirlwind+1"],"picked":"ReplayTheSpireMod:Strike From Hell","floor":40.0},{"not_picked":["HeroicMonk","PunishingBird"],"picked":"MeltingLove","floor":42.0},{"not_picked":["Twin Strike","Reckless Charge"],"picked":"ReplayTheSpireMod:Muscle Training","floor":42.0},{"not_picked":["Rudolta","SilentOrchestra"],"picked":"GreedKing","floor":45.0},{"not_picked":["Sever Soul+1","True Grit"],"picked":"Shockwave","floor":45.0},{"not_picked":["SingingMachine","Mercenary","ShyLook"],"picked":"Singing Bowl","floor":47.0},{"not_picked":["Anger","Havoc+1"],"picked":"Disarm+1","floor":47.0},{"not_picked":["CherryBlossoms","GalaxyChild","HappyTeddy"],"picked":"Singing Bowl","floor":48.0},{"not_picked":["Shrug It Off","Twin Strike+1"],"picked":"Dual Wield+1","floor":48.0}],"player_experience":3054655,"relics_obtained":[{"floor":1.0,"key":"LetterFromLob"},{"floor":8.0,"key":"Ancient Tea Set"},{"floor":9.0,"key":"Lantern"},{"floor":12.0,"key":"Snack Pack"},{"floor":26.0,"key":"Bronze Scales"},{"floor":29.0,"key":"Replay:PocketPolymizer"},{"floor":31.0,"key":"GolemAmulet"},{"floor":34.0,"key":"Regal Pillow"},{"floor":34.0,"key":"Darkstone Periapt"},{"floor":34.0,"key":"Magic Flower"},{"floor":35.0,"key":"AtMidnight"},{"floor":39.0,"key":"Peace Pipe"},{"floor":40.0,"key":"Paper Frog"},{"floor":42.0,"key":"Blue Doll"},{"floor":43.0,"key":"conspire:Dentures"},{"floor":45.0,"key":"Replay:Bandana"}],"event_choices":[{"damage_healed":0.0,"max_hp_gain":0.0,"max_hp_loss":0.0,"gold_gain":0.0,"event_name":"Scrap Ooze","player_choice":"Success","floor":2.0,"gold_loss":0.0,"damage_taken":18.0,"relics_obtained":["Mercury Hourglass"]},{"damage_healed":0.0,"max_hp_gain":0.0,"max_hp_loss":0.0,"gold_gain":0.0,"event_name":"Shining Light","player_choice":"Entered Light","floor":5.0,"gold_loss":0.0,"damage_taken":16.0,"cards_upgraded":["Defend_R","Defend_R"]},{"cards_removed":["Strike_R"],"damage_healed":0.0,"max_hp_gain":0.0,"max_hp_loss":0.0,"gold_gain":0.0,"event_name":"Purifier","player_choice":"Purged","floor":21.0,"gold_loss":0.0,"damage_taken":0.0},{"damage_healed":0.0,"max_hp_gain":0.0,"max_hp_loss":0.0,"gold_gain":0.0,"event_name":"Mysterious Sphere","player_choice":"Fight","floor":39.0,"gold_loss":0.0,"damage_taken":0.0},{"damage_healed":0.0,"max_hp_gain":0.0,"max_hp_loss":0.0,"gold_gain":0.0,"event_name":"conspire:Investor","player_choice":"Leave","floor":44.0,"gold_loss":0.0,"damage_taken":0.0}],"is_beta":false,"boss_relics":[{"not_picked":["Pandora\u0027s Box","SacredBark"],"picked":"construct:WeddingRing"},{"not_picked":["Empty Cage","Kintsugi"],"picked":"Calling Bell"}],"items_purged_floors":[],"is_endless":false,"potions_floor_spawned":[1,8,11,12,16,24,28,33,39,45,47],"ascension_level":0}}