{"host":"t7mx8yfj1no5p62f","time":1607574301,"event":{"gold_per_floor":[111,127,127,72,83,108,126,126,151,151,151,151],"floor_reached":11,"playtime":355,"items_purged":[],"score":146,"play_id":"db321737-4d7c-4ed0-9d7b-688e5cfacdb1","local_time":"20201209232501","is_ascension_mode":true,"campfire_choices":[{"data":"Underhanded Strike","floor":8,"key":"SMITH"},{"data":"Acrobatics","floor":10,"key":"SMITH"}],"neow_cost":"NONE","seed_source_timestamp":42082074050700,"circlet_count":0,"master_deck":["AscendersBane","Strike_G","Strike_G","Strike_G","Strike_G","Strike_G","Defend_G","Defend_G","Defend_G","Defend_G","Defend_G","Survivor","Neutralize","Flying Knee","Acrobatics+1","Underhanded Strike+1","Well Laid Plans","Corpse Explosion"],"special_seed":0,"relics":["Coffee Dripper","Ginger","Omamori"],"potions_floor_usage":[7],"damage_taken":[{"damage":3.0,"enemies":"Cultist","floor":1.0,"turns":4.0},{"damage":7.0,"enemies":"Small Slimes","floor":2.0,"turns":3.0},{"damage":0.0,"enemies":"2 Louse","floor":5.0,"turns":3.0},{"damage":15.0,"enemies":"3 Sentries","floor":6.0,"turns":8.0},{"damage":7,"enemies":"Exordium Wildlife","floor":7,"turns":4},{"damage":35,"enemies":"Gremlin Nob","floor":11,"turns":3}],"seed_played":"2430064107487220521","potions_obtained":[{"floor":2.0,"key":"FearPotion"}],"is_trial":false,"path_per_floor":["M","M","T","$","M","E","M","R","T","R","E"],"character_chosen":"THE_SILENT","items_purchased":["AttackPotion"],"campfire_rested":0,"item_purchase_floors":[4],"current_hp_per_floor":[56,49,49,49,49,34,27,27,27,27,0,0],"gold":151,"neow_bonus":"BOSS_RELIC","is_prod":false,"is_daily":false,"chose_seed":false,"campfire_upgraded":2,"win_rate":0,"timestamp":1607574301,"path_taken":["M","M","?","$","M","E","M","R","T","R","E"],"build_version":"2020-11-30","purchased_purges":0,"victory":false,"max_hp_per_floor":[66,66,66,66,66,66,66,66,66,66,66,66],"relic_stats":{"counters":[6,25],"Ginger":[0],"obtain_stats":[{"Coffee Dripper":0,"Omamori":9,"Ginger":6,"Ring of the Snake":0},{"Coffee Dripper":0,"Omamori":5,"Ginger":4,"Ring of the Snake":0},{"Coffee Dripper":0,"Omamori":22,"Ginger":18,"Ring of the Snake":0}]},"card_choices":[{"not_picked":["Prepared","Infinite Blades"],"picked":"Flying Knee","floor":1.0},{"not_picked":["Calculated Gamble","Deflect"],"picked":"Acrobatics","floor":2.0},{"not_picked":["Dodge and Roll","PiercingWail"],"picked":"Underhanded Strike","floor":5.0},{"not_picked":["Eviscerate","Flechettes"],"picked":"Well Laid Plans","floor":6.0},{"not_picked":["Sucker Punch","Bouncing Flask"],"picked":"Corpse Explosion","floor":7}],"player_experience":1524652,"relics_obtained":[{"floor":6.0,"key":"Ginger"},{"floor":9,"key":"Omamori"}],"event_choices":[],"is_beta":false,"boss_relics":[],"items_purged_floors":[],"is_endless":false,"potions_floor_spawned":[2],"killed_by":"Gremlin Nob","ascension_level":20}}