{"host":"calynag5ibgivyo2","time":1607562006,"event":{"gold_per_floor":[113,113,113,113,288,328,328,9,83,124,137,137,212,226,226,346,346,365,365,389,234,234,272,272,306,306,331,331,354,380,394,394,524,524,538,59,0,0,18,39,39,83,83,127,143,162,19,352,352,352,352,352,63,88,88,88],"floor_reached":55,"playtime":2358,"items_purged":["Doubt","Strike_P"],"score":990,"play_id":"895cfe1b-1d69-47b9-9e4e-881069664484","local_time":"20201209170006","is_ascension_mode":true,"campfire_choices":[{"data":"Eruption","floor":7.0,"key":"SMITH"},{"data":"Ragnarok","floor":12.0,"key":"SMITH"},{"data":"WindmillStrike","floor":15.0,"key":"SMITH"},{"data":"MentalFortress","floor":24.0,"key":"SMITH"},{"floor":28.0,"key":"REST"},{"floor":32.0,"key":"REST"},{"floor":41.0,"key":"RECALL"},{"data":"1","floor":49.0,"key":"LIFT"},{"data":"2","floor":52.0,"key":"LIFT"}],"neow_cost":"NONE","seed_source_timestamp":11823148401800,"circlet_count":0,"master_deck":["Strike_P","Strike_P","Strike_P","Defend_P+1","Defend_P+1","Defend_P","Defend_P","Eruption+1","Vigilance+1","Consecrate","MentalFortress+1","ClearTheMind","FlurryOfBlows","WindmillStrike+1","Ragnarok+1","Devotion+1","MentalFortress+1","Vengeance","DeceiveReality+1","CrushJoints+1","Study+1","Omniscience","Crescendo","Swivel","DeusExMachina","Adaptation+1","BattleHymn+1","Pray+1"],"special_seed":0,"relics":["PureWater","NeowsBlessing","InkBottle","Blood Vial","Frozen Egg 2","Pear","Oddly Smooth Stone","Black Star","Question Card","TungstenRod","Strawberry","Molten Egg 2","Mercury Hourglass","Eternal Feather","Fusion Hammer","War Paint","PreservedInsect","Red Mask","White Beast Statue","Regal Pillow","Girya","Bottled Flame","Pen Nib","Frozen Eye","Melange","Boot","Nunchaku"],"potions_floor_usage":[55,55,55],"damage_taken":[{"damage":0.0,"enemies":"Small Slimes","floor":1.0,"turns":1.0},{"damage":0.0,"enemies":"Lagavulin","floor":6.0,"turns":1.0},{"damage":0.0,"enemies":"3 Sentries","floor":10.0,"turns":1.0},{"damage":0.0,"enemies":"Jaw Worm","floor":11.0,"turns":3.0},{"damage":0.0,"enemies":"2 Louse","floor":14.0,"turns":2.0},{"damage":0.0,"enemies":"Slime Boss","floor":16.0,"turns":3.0},{"damage":12.0,"enemies":"2 Thieves","floor":18.0,"turns":5.0},{"damage":7.0,"enemies":"Shell Parasite","floor":20.0,"turns":5.0},{"damage":24.0,"enemies":"Gremlin Leader","floor":23.0,"turns":5.0},{"damage":22.0,"enemies":"Book of Stabbing","floor":25.0,"turns":6.0},{"damage":0.0,"enemies":"Cultist and Chosen","floor":27.0,"turns":4.0},{"damage":33.0,"enemies":"3 Cultists","floor":29.0,"turns":5.0},{"damage":17.0,"enemies":"Snake Plant","floor":31.0,"turns":5.0},{"damage":8.0,"enemies":"Champ","floor":33.0,"turns":9.0},{"damage":4.0,"enemies":"3 Shapes","floor":35.0,"turns":5.0},{"damage":13.0,"enemies":"3 Darklings","floor":39.0,"turns":5.0},{"damage":4.0,"enemies":"4 Shapes","floor":40.0,"turns":3.0},{"damage":9.0,"enemies":"Reptomancer","floor":42.0,"turns":5.0},{"damage":0.0,"enemies":"Giant Head","floor":44.0,"turns":4.0},{"damage":4.0,"enemies":"Sphere and 2 Shapes","floor":45.0,"turns":3.0},{"damage":13.0,"enemies":"Spire Growth","floor":46.0,"turns":4.0},{"damage":75.0,"enemies":"Awakened One","floor":50.0,"turns":10.0},{"damage":16.0,"enemies":"Shield and Spear","floor":54.0,"turns":5.0},{"damage":70,"enemies":"The Heart","floor":55,"turns":5}],"seed_played":"-7888007965145595702","potions_obtained":[{"floor":10.0,"key":"AttackPotion"},{"floor":11.0,"key":"DistilledChaos"},{"floor":14.0,"key":"GamblersBrew"},{"floor":25.0,"key":"Weak Potion"},{"floor":31.0,"key":"Block Potion"},{"floor":33.0,"key":"DistilledChaos"},{"floor":39.0,"key":"FearPotion"},{"floor":42.0,"key":"EssenceOfSteel"},{"floor":45.0,"key":"SneckoOil"},{"floor":46.0,"key":"BottledMiracle"},{"floor":54.0,"key":"Dexterity Potion"}],"is_trial":false,"path_per_floor":["M","?","?","?","?","E","R","$","T","E","M","R","?","M","R","B",null,"M","?","M","$","?","E","R","E","T","M","R","M","T","M","R","B",null,"M","$","?","?","M","M","R","E","T","E","M","M","$","?","R","B",null,"R","$","E","B"],"character_chosen":"WATCHER","items_purchased":["Frozen Egg 2","ClearTheMind","FlurryOfBlows","DeceiveReality","War Paint","PreservedInsect","Swivel","Frozen Eye","Melange","EntropicBrew","Fire Potion"],"campfire_rested":2,"item_purchase_floors":[8,8,8,21,36,36,36,47,53,53,53],"current_hp_per_floor":[72,58,55,55,55,55,55,55,65,67,69,69,58,60,60,62,77,65,65,60,60,60,45,45,25,25,27,64,33,33,18,55,49,84,80,80,80,80,69,67,82,75,75,77,75,64,64,64,79,6,84,84,84,68,0,0],"gold":88,"neow_bonus":"THREE_ENEMY_KILL","is_prod":false,"is_daily":false,"chose_seed":false,"campfire_upgraded":4,"win_rate":0,"timestamp":1607562006,"path_taken":["M","?","?","?","?","E","R","$","T","E","?","R","?","M","R","BOSS","M","?","M","$","?","E","R","E","T","M","R","M","?","?","R","BOSS","M","$","?","?","M","M","R","E","T","E","M","?","$","?","R","BOSS","R","$","E","BOSS"],"build_version":"2020-11-30","purchased_purges":2,"victory":false,"max_hp_per_floor":[72,72,72,67,67,67,67,67,77,77,77,77,77,77,77,77,77,77,77,77,77,77,84,84,84,84,84,84,84,84,84,84,84,84,84,84,84,84,84,84,84,84,84,84,84,84,84,84,84,84,84,84,84,84,84,84],"card_choices":[{"not_picked":["SashWhip","ClearTheMind"],"picked":"Consecrate","floor":1.0},{"not_picked":["ThirdEye","WreathOfFlame"],"picked":"MentalFortress","floor":6.0},{"not_picked":["Scrawl","FlyingSleeves"],"picked":"WindmillStrike","floor":10.0},{"not_picked":["Protect","PathToVictory"],"picked":"Ragnarok","floor":11.0},{"not_picked":["CutThroughFate","Wallop","FlyingSleeves"],"picked":"SKIP","floor":14.0},{"not_picked":["Scrawl","MasterReality+1"],"picked":"Devotion+1","floor":16.0},{"not_picked":["InnerPeace","ForeignInfluence"],"picked":"MentalFortress+1","floor":18.0},{"not_picked":["SashWhip","BowlingBash+1","CarveReality"],"picked":"SKIP","floor":20.0},{"not_picked":["Ragnarok","CutThroughFate+1","WreathOfFlame+1","Prostrate"],"picked":"SKIP","floor":23.0},{"not_picked":["Halt","SandsOfTime+1","JustLucky+1"],"picked":"CrushJoints+1","floor":25.0},{"not_picked":["EmptyMind+1","DeusExMachina","EmptyFist+1"],"picked":"Study+1","floor":27.0},{"not_picked":["JustLucky+1","DeceiveReality","PathToVictory","Halt+1"],"picked":"SKIP","floor":29.0},{"not_picked":["BowlingBash+1","Blasphemy","Conclude+1","Indignation"],"picked":"SKIP","floor":31.0},{"not_picked":["Devotion+1","DevaForm+1","Scrawl"],"picked":"Omniscience","floor":33.0},{"not_picked":["ClearTheMind","FlyingSleeves+1","Prostrate+1"],"picked":"Crescendo","floor":35.0},{"not_picked":["Collect+1","ReachHeaven+1","Prostrate+1","EmptyBody"],"picked":"SKIP","floor":39.0},{"not_picked":["SashWhip+1","Study+1","Halt"],"picked":"Adaptation+1","floor":40.0},{"not_picked":["Indignation+1","ForeignInfluence+1","Crescendo","FollowUp+1"],"picked":"SKIP","floor":42.0},{"not_picked":["DeceiveReality","CrushJoints+1","ForeignInfluence+1","SashWhip+1"],"picked":"SKIP","floor":44.0},{"not_picked":["PathToVictory","CutThroughFate+1","EmptyBody"],"picked":"BattleHymn+1","floor":45.0},{"not_picked":["ClearTheMind","Halt+1","InnerPeace","Consecrate+1"],"picked":"SKIP","floor":46.0},{"not_picked":["BowlingBash+1","EmptyFist+1","CutThroughFate+1"],"picked":"Pray+1","floor":54.0}],"player_experience":412532,"relics_obtained":[{"floor":6.0,"key":"Blood Vial"},{"floor":9.0,"key":"Pear"},{"floor":10.0,"key":"Oddly Smooth Stone"},{"floor":23.0,"key":"TungstenRod"},{"floor":23.0,"key":"Strawberry"},{"floor":25.0,"key":"Molten Egg 2"},{"floor":25.0,"key":"Mercury Hourglass"},{"floor":26.0,"key":"Eternal Feather"},{"floor":42.0,"key":"White Beast Statue"},{"floor":42.0,"key":"Regal Pillow"},{"floor":43.0,"key":"Girya"},{"floor":44.0,"key":"Bottled Flame"},{"floor":44.0,"key":"Pen Nib"},{"floor":54.0,"key":"Boot"},{"floor":54.0,"key":"Nunchaku"}],"event_choices":[{"damage_healed":0.0,"max_hp_gain":0.0,"max_hp_loss":0.0,"gold_gain":0.0,"event_name":"Shining Light","player_choice":"Entered Light","floor":2.0,"gold_loss":0.0,"damage_taken":14.0,"cards_upgraded":["Defend_P","Defend_P"]},{"damage_healed":0.0,"max_hp_gain":0.0,"max_hp_loss":0.0,"gold_gain":0.0,"event_name":"Scrap Ooze","player_choice":"Success","floor":3.0,"gold_loss":0.0,"damage_taken":3.0,"relics_obtained":["InkBottle"]},{"damage_healed":0.0,"max_hp_gain":0.0,"max_hp_loss":5.0,"gold_gain":0.0,"event_name":"Golden Idol","player_choice":"Lose Max HP","floor":4.0,"gold_loss":0.0,"damage_taken":0.0,"relics_obtained":["Golden Idol"]},{"damage_healed":0.0,"max_hp_gain":0.0,"max_hp_loss":0.0,"gold_gain":175.0,"event_name":"Liars Game","player_choice":"AGREE","floor":5.0,"gold_loss":0.0,"damage_taken":0.0,"cards_obtained":["Doubt"]},{"damage_healed":0.0,"max_hp_gain":0.0,"max_hp_loss":0.0,"gold_gain":75.0,"event_name":"World of Goop","player_choice":"Gather Gold","floor":13.0,"gold_loss":0.0,"damage_taken":11.0},{"damage_healed":0.0,"max_hp_gain":0.0,"max_hp_loss":0.0,"gold_gain":0.0,"event_name":"The Library","player_choice":"Read","floor":19.0,"gold_loss":0.0,"damage_taken":0.0,"cards_obtained":["Vengeance"]},{"damage_healed":0.0,"max_hp_gain":0.0,"max_hp_loss":0.0,"gold_gain":0.0,"event_name":"The Mausoleum","player_choice":"Opened","floor":22.0,"gold_loss":0.0,"damage_taken":0.0,"relics_obtained":["Question Card"]},{"damage_healed":0.0,"max_hp_gain":0.0,"max_hp_loss":0.0,"gold_gain":0.0,"event_name":"Tomb of Lord Red Mask","player_choice":"Paid","floor":37.0,"gold_loss":59.0,"damage_taken":0.0,"relics_obtained":["Red Mask"]},{"damage_healed":0.0,"max_hp_gain":0.0,"max_hp_loss":0.0,"gold_gain":0.0,"event_name":"Match and Keep!","player_choice":"1 cards matched","floor":38.0,"gold_loss":0.0,"damage_taken":0.0,"cards_obtained":["DeusExMachina"]},{"damage_healed":0.0,"max_hp_gain":0.0,"max_hp_loss":0.0,"gold_gain":333.0,"event_name":"The Moai Head","player_choice":"Gave Idol","floor":48.0,"relics_lost":["Golden Idol"],"gold_loss":0.0,"damage_taken":0.0}],"is_beta":false,"boss_relics":[{"not_picked":["Tiny House","Sozu"],"picked":"Black Star"},{"not_picked":["Empty Cage","Coffee Dripper"],"picked":"Fusion Hammer"}],"items_purged_floors":[21,36],"is_endless":false,"potions_floor_spawned":[10,11,14,16,25,31,33,35,39,42,45,46,54],"killed_by":"The Heart","ascension_level":1}}