{"host":"wnbfov91sqg45vrw","time":1607640522,"event":{"mods":["BaseMod","StSLib","Downfall","Duelist Mod","GifTheSpireLib","Marisa????????","Minty Spire (QoL Compilation)","READ ME - Guardian Mod","Shop Mod","The Cursed","The Disciple","The Jungle","The Servant 0.9.4"],"gold_per_floor":[113,113,188,135,185,185,208,222,245,245,290,290,290,319,319,319,319],"floor_reached":16,"playtime":1182,"items_purged":[],"score":98,"play_id":"d14b3ed7-c7d5-4888-9902-8a903a488491","local_time":"20201210164842","is_ascension_mode":false,"campfire_choices":[{"data":"Guardian:CurlUp","floor":6,"key":"SMITH"},{"data":"Guardian:RollAttack","floor":10,"key":"SMITH"},{"data":"Guardian:ArmoredProtocol","floor":15,"key":"SMITH"}],"circlet_count":0,"master_deck":["Guardian:Strike_Guardian","Guardian:Strike_Guardian","Guardian:Strike_Guardian","Guardian:Strike_Guardian","Guardian:Defend_Guardian","Guardian:Defend_Guardian","Guardian:Defend_Guardian","Guardian:Defend_Guardian","Guardian:CurlUp+1","Guardian:TwinSlam","Guardian:RollAttack+1","Guardian:Recover","Guardian:ArmoredProtocol+1","Guardian:EvasiveProtocol"],"special_seed":0,"relics":["Guardian:ModeShifter","NeowsBlessing","Golden Idol","Omamori","CeramicFish","StoneCalendar","Smiling Mask"],"acts_visited":[],"potions_floor_usage":[16,16],"damage_taken":[{"damage":0.0,"enemies":"Small Slimes","floor":1.0,"turns":1.0},{"damage":0,"enemies":"2 Louse","floor":7,"turns":1},{"damage":0,"enemies":"Cultist","floor":8,"turns":1},{"damage":28,"enemies":"Gremlin Nob","floor":11,"turns":5},{"damage":16,"enemies":"Large Slime","floor":14,"turns":7},{"damage":5,"enemies":"Hexaghost","floor":16,"turns":9}],"seed_played":"-2025631805872508278","potions_obtained":[{"floor":11,"key":"Swift Potion"},{"floor":14,"key":"LiquidMemories"}],"is_trial":false,"path_per_floor":["M","?","?","$","?","R","M","M","T","R","E","?","T","M","R","B"],"character_chosen":"GUARDIAN","items_purchased":["Guardian:RollAttack"],"campfire_rested":0,"item_purchase_floors":[4],"current_hp_per_floor":[80,74,63,63,63,63,63,63,63,63,35,35,35,19,19,14,14],"gold":319,"neow_bonus":"THREE_ENEMY_KILL","is_daily":false,"chose_seed":false,"campfire_upgraded":3,"win_rate":0.0,"timestamp":1607640522,"path_taken":["M","?","?","$","?","R","M","M","T","R","E","?","?","?","R","BOSS"],"build_version":"2020-11-30","purchased_purges":0,"victory":false,"max_hp_per_floor":[80,74,74,74,74,74,74,74,74,74,74,74,74,74,74,74,74],"card_choices":[{"not_picked":["Guardian:Gem_Fragmented","Guardian:ShieldCharger"],"picked":"Guardian:Gem_Blue","floor":1},{"not_picked":["Guardian:Suspension","Guardian:PrismaticBeam"],"picked":"Guardian:Recover","floor":7},{"not_picked":["Guardian:CrystalBeam","Guardian:PiercingHide"],"picked":"Guardian:ArmoredProtocol","floor":8},{"not_picked":["Guardian:Harden","Guardian:CrystalBeam"],"picked":"Guardian:Gem_Green","floor":11},{"not_picked":["Guardian:PiercingHide","Guardian:MultiBeam"],"picked":"Guardian:EvasiveProtocol","floor":14}],"player_experience":1720493,"relics_obtained":[{"floor":9,"key":"Omamori"},{"floor":11,"key":"CeramicFish"},{"floor":13,"key":"Smiling Mask"}],"event_choices":[{"damage_healed":0,"gold_gain":0,"player_choice":"Lose Max HP","damage_taken":0,"relics_obtained":["Golden Idol"],"max_hp_gain":0,"max_hp_loss":6,"event_name":"Golden Idol","floor":2,"gold_loss":0},{"damage_healed":0,"gold_gain":75,"player_choice":"Gather Gold","damage_taken":11,"max_hp_gain":0,"max_hp_loss":0,"event_name":"World of Goop","floor":3,"gold_loss":0},{"damage_healed":0,"gold_gain":50,"player_choice":"Gained Gold","damage_taken":0,"max_hp_gain":0,"max_hp_loss":0,"event_name":"Golden Wing","floor":5,"gold_loss":0},{"damage_healed":0,"gold_gain":0,"player_choice":"Box","damage_taken":0,"relics_obtained":["StoneCalendar"],"max_hp_gain":0,"max_hp_loss":0,"event_name":"Big Fish","floor":12,"gold_loss":0,"cards_obtained":["Regret"]}],"is_beta":false,"boss_relics":[],"items_purged_floors":[],"is_endless":false,"potions_floor_spawned":[11,14],"killed_by":"Hexaghost","ascension_level":0}}