{"host":"p245q48pmopyklqs","time":1607575158,"event":{"gold_per_floor":[11,21,40,50,66,66,66,78,90,102,39,51,63,63],"floor_reached":13,"playtime":476,"items_purged":[],"score":150,"play_id":"74af29c7-d641-4a25-8ff8-881b70281e43","local_time":"20201210133918","is_ascension_mode":true,"campfire_choices":[{"data":"Cloak And Dagger","floor":6.0,"key":"SMITH"},{"data":"Poisoned Stab","floor":10.0,"key":"SMITH"},{"data":"Neutralize","floor":12.0,"key":"SMITH"}],"neow_cost":"NO_GOLD","seed_source_timestamp":4525087055800,"circlet_count":0,"master_deck":["AscendersBane","Strike_G","Strike_G","Strike_G","Strike_G","Defend_G","Defend_G","Defend_G","Defend_G","Defend_G","Survivor","Neutralize+1","Panache","Poisoned Stab+1","PiercingWail","Masterful Stab","Cloak And Dagger+1","Dagger Spray"],"special_seed":0,"relics":["Ring of the Snake","MawBank","Lantern"],"potions_floor_usage":[13],"damage_taken":[{"damage":11.0,"enemies":"Small Slimes","floor":1.0,"turns":4.0},{"damage":2.0,"enemies":"2 Louse","floor":2.0,"turns":3.0},{"damage":0.0,"enemies":"Jaw Worm","floor":3.0,"turns":4.0},{"damage":4.0,"enemies":"3 Louse","floor":4.0,"turns":5.0},{"damage":5.0,"enemies":"Large Slime","floor":5.0,"turns":5.0},{"damage":53,"enemies":"Gremlin Nob","floor":13,"turns":4}],"seed_played":"-6965839177502089610","potions_obtained":[{"floor":2.0,"key":"Regen Potion"},{"floor":4.0,"key":"CunningPotion"}],"is_trial":false,"path_per_floor":["M","M","M","M","M","R","?","?","T","R","?","R","E"],"character_chosen":"THE_SILENT","items_purchased":[],"campfire_rested":0,"item_purchase_floors":[],"current_hp_per_floor":[48,46,46,42,37,37,32,32,32,32,32,32,0,0],"gold":63,"neow_bonus":"RANDOM_COLORLESS_2","is_prod":false,"is_daily":false,"chose_seed":false,"campfire_upgraded":3,"win_rate":0,"timestamp":1607575158,"path_taken":["M","M","M","M","M","R","?","?","T","R","?","R","E"],"build_version":"2020-11-30","purchased_purges":0,"victory":false,"max_hp_per_floor":[66,66,66,66,66,66,66,66,66,66,66,66,66,66],"relic_stats":{"counters":[6,25],"MawBank":72,"obtain_stats":[{"Lantern":9,"MawBank":7,"Ring of the Snake":0},{"Lantern":5,"MawBank":5,"Ring of the Snake":0},{"Lantern":21,"MawBank":21,"Ring of the Snake":0}],"Ring of the Snake":[12]},"card_choices":[{"not_picked":["Thinking Ahead","Violence"],"picked":"Panache","floor":0.0},{"not_picked":["Acrobatics","Flying Knee"],"picked":"Poisoned Stab","floor":1.0},{"not_picked":["Calculated Gamble","Catalyst"],"picked":"PiercingWail","floor":2.0},{"not_picked":["Finisher","PiercingWail"],"picked":"Masterful Stab","floor":3.0},{"not_picked":["Terror","Sucker Punch"],"picked":"Cloak And Dagger","floor":4.0},{"not_picked":["Dodge and Roll","Quick Slash"],"picked":"Dagger Spray","floor":5.0}],"player_experience":2250030,"relics_obtained":[{"floor":9.0,"key":"Lantern"}],"event_choices":[{"damage_healed":0.0,"max_hp_gain":0.0,"max_hp_loss":0.0,"gold_gain":0.0,"event_name":"Scrap Ooze","player_choice":"Success","floor":7.0,"gold_loss":0.0,"damage_taken":5.0,"relics_obtained":["MawBank"]},{"damage_healed":0.0,"max_hp_gain":0.0,"max_hp_loss":0.0,"gold_gain":0.0,"event_name":"Dead Adventurer","player_choice":"Searched \u00270\u0027 times","floor":8.0,"gold_loss":0.0,"damage_taken":0.0},{"cards_removed":["Strike_G"],"damage_healed":0.0,"max_hp_gain":0.0,"max_hp_loss":0.0,"gold_gain":0.0,"event_name":"The Cleric","player_choice":"Card Removal","floor":11.0,"gold_loss":75.0,"damage_taken":0.0}],"is_beta":false,"boss_relics":[],"items_purged_floors":[],"is_endless":false,"potions_floor_spawned":[2,4],"killed_by":"Gremlin Nob","ascension_level":20}}