{"host":"xodzlm10r37577ou","time":1607576137,"event":{"gold_per_floor":[112,37,37,49,49,75,75,94,120,120,131,131,131,158,158,158,158],"floor_reached":16,"playtime":605,"items_purged":["Defend_R"],"score":246,"play_id":"2838b339-afdd-441e-8234-f8869ef15cd4","local_time":"20201210125537","is_ascension_mode":true,"campfire_choices":[{"data":"Perfected Strike","floor":7,"key":"SMITH"},{"data":"Burning Pact","floor":10,"key":"SMITH"},{"data":"Bash","floor":13,"key":"SMITH"},{"data":"Infernal Blade","floor":15,"key":"SMITH"}],"neow_cost":"NONE","seed_source_timestamp":421729238465200,"circlet_count":0,"master_deck":["AscendersBane","Strike_R","Strike_R","Strike_R","Strike_R","Strike_R","Defend_R+1","Defend_R","Bash+1","Armaments+1","Perfected Strike+1","Burning Pact+1","Dual Wield+1","Shrug It Off","Infernal Blade+1"],"relics":["Burning Blood","NeowsBlessing","Nunchaku","Mirror","Dream Catcher","War Paint"],"potions_floor_usage":[16],"damage_taken":[{"damage":0,"enemies":"Small Slimes","floor":1,"turns":1},{"damage":0,"enemies":"Jaw Worm","floor":4,"turns":1},{"damage":0,"enemies":"Lagavulin","floor":6,"turns":1},{"damage":1,"enemies":"Cultist","floor":8,"turns":3},{"damage":13,"enemies":"Blue Slaver","floor":11,"turns":2},{"damage":8,"enemies":"Gremlin Nob","floor":14,"turns":3},{"damage":48,"enemies":"Hexaghost","floor":16,"turns":9}],"seed_played":"5082287158467254274","potions_obtained":[{"floor":4,"key":"Explosive Potion"},{"floor":11,"key":"GamblersBrew"}],"is_trial":false,"path_per_floor":["M","$","?","M","?","E","R","M","T","R","M","?","R","E","R","B"],"character_chosen":"IRONCLAD","items_purchased":[],"campfire_rested":0,"item_purchase_floors":[],"current_hp_per_floor":[74,74,74,75,70,75,75,75,75,75,68,61,61,59,59,11,11],"gold":158,"neow_bonus":"THREE_ENEMY_KILL","is_prod":false,"is_daily":false,"chose_seed":false,"campfire_upgraded":4,"win_rate":0,"timestamp":1607576137,"path_taken":["M","$","?","M","?","E","R","M","T","R","M","?","R","E","R","BOSS"],"build_version":"2020-11-30","purchased_purges":1,"victory":false,"max_hp_per_floor":[75,75,75,75,75,75,75,75,75,75,75,75,75,75,75,75,75],"card_choices":[{"not_picked":["True Grit","Whirlwind"],"picked":"Armaments","floor":1},{"not_picked":["Replay:Undeath\u0027s Touch","Second Wind"],"picked":"Perfected Strike","floor":4},{"not_picked":["Bloodletting","Replay:Undeath\u0027s Touch"],"picked":"Burning Pact","floor":6},{"not_picked":["Anger","Thunderclap"],"picked":"Dual Wield","floor":8},{"not_picked":["Limit Break","Sword Boomerang"],"picked":"Shrug It Off","floor":11},{"not_picked":["Replay:Undeath\u0027s Touch","True Grit"],"picked":"Infernal Blade","floor":14}],"player_experience":413395,"relics_obtained":[{"floor":6,"key":"Mirror"},{"floor":9,"key":"Dream Catcher"},{"floor":14,"key":"War Paint"}],"event_choices":[{"damage_healed":0,"gold_gain":0,"player_choice":"Grow","damage_taken":0,"max_hp_gain":0,"max_hp_loss":0,"event_name":"Living Wall","floor":3,"gold_loss":0,"cards_upgraded":["Armaments"]},{"damage_healed":0,"gold_gain":0,"player_choice":"Success","damage_taken":5,"relics_obtained":["Nunchaku"],"max_hp_gain":0,"max_hp_loss":0,"event_name":"Scrap Ooze","floor":5,"gold_loss":0},{"cards_removed":["Defend_R"],"damage_healed":0,"gold_gain":0,"player_choice":"Card Removal","damage_taken":7,"max_hp_gain":0,"max_hp_loss":0,"event_name":"Golden Wing","floor":12,"gold_loss":0}],"is_beta":false,"boss_relics":[],"items_purged_floors":[2],"is_endless":false,"potions_floor_spawned":[4,11,14],"killed_by":"Hexaghost","ascension_level":17}}