{"host":"gk5m6v7zec9neb0j","time":1607577753,"event":{"gold_per_floor":[113,19,33,33,133,133,55,69,69,86,86,104,121,140,140,242,242,261,244,255,271,124,124,124,157,211,227,44,44,19,19,19,117,117,129,142,71,90,101,101,111,111,111,39,39,70,120,139,139,139,139,139,25,51,51],"floor_reached":56,"playtime":1857,"items_purged":["Strike_B","Strike_B","Strike_B","Strike_B"],"score":1466,"play_id":"43ed5eb0-b2cc-424c-9834-75fbb3557ca2","local_time":"20201210002233","is_ascension_mode":false,"campfire_choices":[{"floor":6,"key":"REST"},{"data":"Storm","floor":11,"key":"SMITH"},{"data":"Loop","floor":15,"key":"SMITH"},{"floor":23,"key":"REST"},{"floor":29,"key":"REST"},{"floor":32,"key":"REST"},{"data":"Echo Form","floor":40,"key":"SMITH"},{"floor":45,"key":"REST"},{"data":"Fission","floor":49,"key":"SMITH"},{"data":"Panacea","floor":52,"key":"SMITH"}],"neow_cost":"","seed_source_timestamp":457234206847300,"circlet_count":0,"master_deck":["Defend_B","Defend_B","Defend_B","Defend_B","Zap","Dualcast","Defragment","Defragment+1","Loop+1","White Noise","Storm+1","Capacitor","Leap","White Noise","Echo Form+1","Capacitor+1","Amplify","Consume","Creative AI+1","Leap","Fission+1","Conserve Battery","Conserve Battery","Biased Cognition+1","Cold Snap+1","Self Repair+1","Cold Snap+1","Panacea+1","Coolheaded","Force Field","Defragment+1","Heatsinks+1","Creative AI+1"],"relics":["Cracked Core","PreservedInsect","Calipers","Membership Card","Thread and Needle","DollysMirror","Pocketwatch","TungstenRod","Regal Pillow","InkBottle","Bag of Marbles","Frozen Egg 2","Pantograph","Lantern","Nuclear Battery","HornCleat","Omamori","Gambling Chip","Whetstone"],"potions_floor_usage":[13,21,55],"damage_taken":[{"damage":0,"enemies":"2 Louse","floor":1,"turns":3},{"damage":1,"enemies":"Jaw Worm","floor":3,"turns":3},{"damage":0,"enemies":"Cultist","floor":8,"turns":3},{"damage":3,"enemies":"Red Slaver","floor":10,"turns":3},{"damage":0,"enemies":"Large Slime","floor":12,"turns":3},{"damage":0,"enemies":"Gremlin Gang","floor":13,"turns":4},{"damage":0,"enemies":"Exordium Wildlife","floor":14,"turns":4},{"damage":0,"enemies":"Slime Boss","floor":16,"turns":5},{"damage":0,"enemies":"Shell Parasite","floor":18,"turns":6},{"damage":25,"enemies":"2 Thieves","floor":19,"turns":4},{"damage":12,"enemies":"Snake Plant","floor":20,"turns":3},{"damage":14,"enemies":"3 Cultists","floor":21,"turns":4},{"damage":35,"enemies":"Book of Stabbing","floor":25,"turns":4},{"damage":19,"enemies":"Centurion and Healer","floor":27,"turns":4},{"damage":8,"enemies":"Automaton","floor":33,"turns":7},{"damage":10,"enemies":"3 Shapes","floor":35,"turns":3},{"damage":5,"enemies":"Orb Walker","floor":36,"turns":3},{"damage":26,"enemies":"4 Shapes","floor":38,"turns":4},{"damage":0,"enemies":"Maw","floor":39,"turns":4},{"damage":0,"enemies":"Sphere and 2 Shapes","floor":41,"turns":3},{"damage":8,"enemies":"Nemesis","floor":46,"turns":5},{"damage":0,"enemies":"Mind Bloom Boss Battle","floor":47,"turns":4},{"damage":6,"enemies":"Spire Growth","floor":48,"turns":3},{"damage":5,"enemies":"Donu and Deca","floor":50,"turns":6},{"damage":12,"enemies":"Shield and Spear","floor":54,"turns":5},{"damage":13,"enemies":"The Heart","floor":55,"turns":7}],"seed_played":"-6574747100136853145","potions_obtained":[{"floor":10,"key":"AttackPotion"},{"floor":19,"key":"Block Potion"},{"floor":46,"key":"PowerPotion"},{"floor":48,"key":"Regen Potion"}],"is_trial":false,"path_per_floor":["M","$","M","?","?","R","$","M","T","M","R","M","M","M","R","B",null,"M","M","M","M","$","R","T","E","T","M","$","R","$","?","R","B",null,"M","M","$","M","M","R","M","?","T","$","R","E","?","M","R","B",null,"R","$","E","B",null],"character_chosen":"DEFECT","items_purchased":["PreservedInsect","Membership Card","Defragment","DollysMirror","White Noise","Regal Pillow","Capacitor","Bag of Marbles","Sweeping Beam","Creative AI+1","FairyPotion","Leap","Biased Cognition+1","Panacea","Coolheaded","Heatsinks+1"],"campfire_rested":5,"item_purchase_floors":[0,0,0,0,2,2,7,22,22,28,28,30,37,44,44,53],"current_hp_per_floor":[28,28,27,27,27,64,64,64,64,61,61,61,61,61,61,61,75,75,50,38,24,24,61,61,26,26,7,7,44,44,44,75,67,75,65,60,60,34,34,34,34,34,34,34,71,73,75,75,75,70,75,75,75,73,72],"gold":51,"neow_bonus":"","is_prod":false,"is_daily":false,"chose_seed":false,"campfire_upgraded":5,"win_rate":0,"timestamp":1607577753,"path_taken":["M","$","M","?","?","R","$","M","T","?","R","M","M","M","R","BOSS","M","M","M","M","$","R","?","E","T","M","$","R","$","?","R","BOSS","M","M","$","M","M","R","?","?","T","$","R","E","?","M","R","BOSS","R","$","E","BOSS"],"build_version":"2020-11-30","purchased_purges":4,"victory":true,"max_hp_per_floor":[75,75,75,75,75,75,75,75,75,75,75,75,75,75,75,75,75,75,75,75,75,75,75,75,75,75,75,75,75,75,75,75,75,75,75,75,75,75,75,75,75,75,75,75,75,75,75,75,75,75,75,75,75,75,75],"relic_stats":{"Regal Pillow":69,"counters":[440,2305],"Pantograph":116,"Gambling Chip":[54],"PreservedInsect":156,"Whetstone":["Cold Snap"],"obtain_stats":[{"Whetstone":46,"Ginger":28,"Bottled Tornado":37,"Boot":17,"FrozenCore":17,"Blood Vial":53,"Sundial":7,"Necronomicon":31,"Kunai":17,"Pear":55,"Akabeko":29,"Cables":43,"SlaversCollar":34,"Bird Faced Urn":0,"MutagenicStrength":29,"StrikeDummy":9,"Unceasing Top":44,"Lantern":30,"Regal Pillow":45,"Torii":17,"Singing Bowl":31,"Bag of Preparation":43,"Smiling Mask":9,"Cursed Key":17,"Ancient Tea Set":43,"Shovel":0,"Matryoshka":0,"WingedGreaves":30,"Chemical X":11,"InkBottle":17,"Potion Belt":26,"Inserter":34,"Golden Idol":3,"Thread and Needle":0,"PreservedInsect":43,"Omamori":46,"Frozen Egg 2":0,"MawBank":24,"Nuclear Battery":34,"Busted Crown":34,"Ornamental Fan":42,"Bloody Idol":21,"Orrery":0,"Turnip":41,"Art of War":41,"Bottled Lightning":11,"Ice Cream":27,"Mark of the Bloom":46,"Calipers":39,"Gremlin Horn":12,"Nilry\u0027s Codex":27,"CeramicFish":26,"Vajra":12,"Runic Capacitor":0,"Sozu":34,"Centennial Puzzle":9,"Lizard Tail":0,"HornCleat":43,"FaceOfCleric":20,"DollysMirror":53,"Strawberry":0,"Prayer Wheel":0,"Toxic Egg 2":0,"Girya":0,"Happy Flower":17,"Dead Branch":0,"Oddly Smooth Stone":10,"War Paint":25,"Question Card":43,"WarpedTongs":0,"Du-Vu Doll":10,"OrangePellets":0,"Bottled Flame":54,"Shuriken":3,"Bronze Scales":29,"Molten Egg 2":17,"Symbiotic Virus":9,"Pocketwatch":54,"Meat on the Bone":9,"SacredBark":34,"Mango":43,"Juzu Bracelet":20,"Incense Burner":43,"Empty Cage":17,"ClockworkSouvenir":20,"Frozen Eye":11,"Nunchaku":55,"Emotion Chip":6,"Dream Catcher":9,"Mummified Hand":26,"Pantograph":52,"Gambling Chip":0,"Tiny Chest":26,"Red Mask":38,"Cracked Core":0,"Runic Pyramid":17,"Orichalcum":9,"Calling Bell":17,"Peace Pipe":17,"Strange Spoon":21,"DataDisk":23,"Anchor":9,"Bag of Marbles":9,"Membership Card":22,"TungstenRod":8,"FossilizedHelix":0},{"Whetstone":86,"Ginger":148,"Bottled Tornado":83,"Boot":73,"FrozenCore":144,"Blood Vial":254,"Sundial":261,"Necronomicon":105,"Kunai":73,"Pear":184,"Akabeko":79,"Cables":179,"SlaversCollar":150,"Bird Faced Urn":91,"MutagenicStrength":104,"StrikeDummy":237,"Unceasing Top":132,"Lantern":149,"Regal Pillow":252,"Torii":99,"Singing Bowl":175,"Bag of Preparation":291,"Smiling Mask":187,"Cursed Key":190,"Ancient Tea Set":360,"Shovel":91,"Matryoshka":214,"WingedGreaves":105,"Chemical X":69,"InkBottle":99,"Potion Belt":124,"Inserter":128,"Golden Idol":186,"Thread and Needle":91,"PreservedInsect":85,"Omamori":435,"Frozen Egg 2":63,"MawBank":77,"Nuclear Battery":106,"Busted Crown":287,"Ornamental Fan":108,"Bloody Idol":348,"Orrery":63,"Turnip":108,"Art of War":179,"Bottled Lightning":262,"Ice Cream":103,"Mark of the Bloom":110,"Calipers":84,"Gremlin Horn":96,"Nilry\u0027s Codex":124,"CeramicFish":172,"Vajra":188,"Runic Capacitor":160,"Sozu":81,"Centennial Puzzle":95,"Lizard Tail":114,"HornCleat":131,"FaceOfCleric":211,"DollysMirror":135,"Strawberry":185,"Prayer Wheel":63,"Toxic Egg 2":137,"Girya":185,"Happy Flower":347,"Dead Branch":91,"Oddly Smooth Stone":207,"War Paint":103,"Question Card":155,"WarpedTongs":185,"Du-Vu Doll":96,"OrangePellets":91,"Bottled Flame":318,"Shuriken":115,"Bronze Scales":173,"Molten Egg 2":347,"Symbiotic Virus":217,"Pocketwatch":113,"Meat on the Bone":343,"SacredBark":197,"Mango":337,"Juzu Bracelet":75,"Incense Burner":108,"Empty Cage":120,"ClockworkSouvenir":192,"Frozen Eye":391,"Nunchaku":90,"Emotion Chip":117,"Dream Catcher":164,"Mummified Hand":77,"Pantograph":112,"Gambling Chip":114,"Tiny Chest":194,"Red Mask":178,"Cracked Core":0,"Runic Pyramid":303,"Orichalcum":118,"Calling Bell":73,"Peace Pipe":73,"Strange Spoon":75,"DataDisk":102,"Anchor":390,"Bag of Marbles":68,"Membership Card":102,"TungstenRod":141,"FossilizedHelix":295},{"Whetstone":392,"Ginger":722,"Bottled Tornado":372,"Boot":315,"FrozenCore":705,"Blood Vial":1363,"Sundial":1401,"Necronomicon":486,"Kunai":315,"Pear":963,"Akabeko":350,"Cables":901,"SlaversCollar":736,"Bird Faced Urn":436,"MutagenicStrength":482,"StrikeDummy":1251,"Unceasing Top":642,"Lantern":727,"Regal Pillow":1350,"Torii":466,"Singing Bowl":874,"Bag of Preparation":1576,"Smiling Mask":978,"Cursed Key":993,"Ancient Tea Set":1954,"Shovel":436,"Matryoshka":1129,"WingedGreaves":486,"Chemical X":295,"InkBottle":466,"Potion Belt":572,"Inserter":623,"Golden Idol":976,"Thread and Needle":436,"PreservedInsect":383,"Omamori":2280,"Frozen Egg 2":274,"MawBank":340,"Nuclear Battery":493,"Busted Crown":1558,"Ornamental Fan":500,"Bloody Idol":1884,"Orrery":274,"Turnip":500,"Art of War":901,"Bottled Lightning":1407,"Ice Cream":479,"Mark of the Bloom":508,"Calipers":375,"Gremlin Horn":455,"Nilry\u0027s Codex":572,"CeramicFish":855,"Vajra":981,"Runic Capacitor":787,"Sozu":365,"Centennial Puzzle":449,"Lizard Tail":530,"HornCleat":637,"FaceOfCleric":1108,"DollysMirror":658,"Strawberry":973,"Prayer Wheel":274,"Toxic Egg 2":675,"Girya":973,"Happy Flower":1880,"Dead Branch":436,"Oddly Smooth Stone":1077,"War Paint":479,"Question Card":753,"WarpedTongs":973,"Du-Vu Doll":455,"OrangePellets":436,"Bottled Flame":1748,"Shuriken":533,"Bronze Scales":863,"Molten Egg 2":1880,"Symbiotic Virus":1138,"Pocketwatch":517,"Meat on the Bone":1852,"SacredBark":1024,"Mango":1832,"Juzu Bracelet":323,"Incense Burner":500,"Empty Cage":556,"ClockworkSouvenir":999,"Frozen Eye":2094,"Nunchaku":433,"Emotion Chip":541,"Dream Catcher":800,"Mummified Hand":340,"Pantograph":515,"Gambling Chip":530,"Tiny Chest":1005,"Red Mask":896,"Cracked Core":0,"Runic Pyramid":1643,"Orichalcum":543,"Calling Bell":315,"Peace Pipe":315,"Strange Spoon":323,"DataDisk":476,"Anchor":2091,"Bag of Marbles":293,"Membership Card":476,"TungstenRod":690,"FossilizedHelix":1608}],"TungstenRod":60,"InkBottle":[41],"Pocketwatch":[78]},"card_choices":[{"not_picked":["Sweeping Beam","Streamline"],"picked":"Loop","floor":1},{"not_picked":["Beam Cell","Genetic Algorithm"],"picked":"Storm","floor":3},{"not_picked":["FTL","Steam","Beam Cell"],"picked":"SKIP","floor":8},{"not_picked":["Turbo","Skim"],"picked":"Leap","floor":10},{"not_picked":["Stack","Skim"],"picked":"White Noise","floor":12},{"not_picked":["Redo","Darkness","Steam"],"picked":"SKIP","floor":13},{"not_picked":["Auto Shields","Hologram","Heatsinks"],"picked":"SKIP","floor":14},{"not_picked":["Core Surge","Rainbow"],"picked":"Echo Form","floor":16},{"not_picked":["Steam+1","Redo","Streamline"],"picked":"SKIP","floor":18},{"not_picked":["Stack","Redo"],"picked":"Capacitor+1","floor":19},{"not_picked":["Gash","Streamline"],"picked":"Amplify","floor":20},{"not_picked":["Static Discharge","Ball Lightning","Gash"],"picked":"SKIP","floor":21},{"not_picked":["Barrage","Rebound"],"picked":"Consume","floor":25},{"not_picked":["Consume+1","Sweeping Beam","Rebound"],"picked":"SKIP","floor":27},{"not_picked":["Core Surge","Amplify"],"picked":"Fission","floor":33},{"not_picked":["Cold Snap","Fusion"],"picked":"Conserve Battery","floor":35},{"not_picked":["Streamline","Stack+1"],"picked":"Conserve Battery","floor":36},{"not_picked":["Stack+1","Creative AI+1"],"picked":"Cold Snap+1","floor":38},{"not_picked":["Ball Lightning","White Noise"],"picked":"Self Repair+1","floor":39},{"not_picked":["Streamline","FTL+1"],"picked":"Cold Snap","floor":41},{"not_picked":["Sweeping Beam+1","FTL"],"picked":"Force Field","floor":46},{"not_picked":["Gash+1","Auto Shields+1"],"picked":"Defragment+1","floor":48},{"not_picked":["Meteor Strike","Stack+1"],"picked":"Creative AI+1","floor":54}],"player_experience":654346,"relics_obtained":[{"floor":9,"key":"InkBottle"},{"floor":24,"key":"Frozen Egg 2"},{"floor":25,"key":"Pantograph"},{"floor":26,"key":"Lantern"},{"floor":43,"key":"HornCleat"},{"floor":46,"key":"Omamori"},{"floor":47,"key":"Gambling Chip"},{"floor":54,"key":"Whetstone"}],"event_choices":[{"damage_healed":0,"gold_gain":0,"player_choice":"Grow","damage_taken":0,"max_hp_gain":0,"max_hp_loss":0,"event_name":"Living Wall","floor":4,"gold_loss":0,"cards_upgraded":["Defragment"]},{"damage_healed":0,"gold_gain":100,"player_choice":"Pray","damage_taken":0,"max_hp_gain":0,"max_hp_loss":0,"event_name":"Golden Shrine","floor":5,"gold_loss":0},{"damage_healed":0,"gold_gain":0,"player_choice":"Ignored","damage_taken":0,"max_hp_gain":0,"max_hp_loss":0,"event_name":"WeMeetAgain","floor":31,"gold_loss":0},{"cards_removed":["Sweeping Beam"],"damage_healed":0,"gold_gain":0,"player_choice":"Removed Attack","damage_taken":0,"max_hp_gain":0,"max_hp_loss":0,"event_name":"Falling","floor":42,"gold_loss":0},{"damage_healed":0,"gold_gain":0,"player_choice":"Fight","damage_taken":0,"max_hp_gain":0,"max_hp_loss":0,"event_name":"MindBloom","floor":47,"gold_loss":0}],"is_beta":false,"boss_relics":[{"not_picked":["Ectoplasm","Cursed Key","Philosopher\u0027s Stone"]},{"not_picked":["Busted Crown","SlaversCollar"],"picked":"Nuclear Battery"}],"items_purged_floors":[7,22,28,53],"is_endless":false,"potions_floor_spawned":[10,12,14,19,20,21,36,41,46,48],"ascension_level":0}}