{"host":"8rwnpls8n88jrgbg","time":1607634703,"event":{"mods":["BaseMod","StSLib","Colored Map","SuperFastMode","Colored Powertips","DeckTracker","Keyboard Shortcuts","Minty Spire (QoL Compilation)","Relic Stats","AchievementEnabler"],"gold_per_floor":[361,511,105,125,125,125,143,161,161,186,186,186,202,221,221,296,296,311,330,341,76,76,108,108,108,108],"floor_reached":25,"playtime":1167,"items_purged":["Doubt","Strike_G"],"score":446,"play_id":"1c4adc6c-c8d5-4e1c-85fb-18d0010b7ee2","local_time":"20201211061143","is_ascension_mode":true,"campfire_choices":[{"data":"Flechettes","floor":6.0,"key":"SMITH"},{"data":"Dagger Spray","floor":12.0,"key":"SMITH"},{"data":"Finisher","floor":15.0,"key":"SMITH"},{"floor":24,"key":"REST"}],"circlet_count":0,"master_deck":["AscendersBane","Strike_G","Strike_G","Strike_G","Defend_G","Defend_G","Defend_G","Defend_G","Defend_G","Survivor","Neutralize","Clumsy","Dagger Spray+1","Footwork","Riddle With Holes","Flechettes+1","Blade Dance","Blur","Finisher+1","After Image","Blade Dance"],"special_seed":0,"relics":["Ring of the Snake","Kunai","Art of War","Ninja Scroll","CultistMask","Philosopher\u0027s Stone","Nunchaku","Frozen Egg 2"],"acts_visited":["Exordium","TheCity"],"potions_floor_usage":[23,23],"damage_taken":[{"damage":9.0,"enemies":"Small Slimes","floor":1.0,"turns":5.0},{"damage":1.0,"enemies":"2 Louse","floor":4.0,"turns":3.0},{"damage":0.0,"enemies":"Cultist","floor":7.0,"turns":5.0},{"damage":4.0,"enemies":"3 Louse","floor":8.0,"turns":4.0},{"damage":15.0,"enemies":"Lagavulin","floor":10.0,"turns":7.0},{"damage":0.0,"enemies":"2 Fungi Beasts","floor":13.0,"turns":2.0},{"damage":8.0,"enemies":"Exordium Wildlife","floor":14.0,"turns":2.0},{"damage":12.0,"enemies":"Slime Boss","floor":16.0,"turns":5.0},{"damage":20.0,"enemies":"Shell Parasite","floor":18.0,"turns":5.0},{"damage":0.0,"enemies":"3 Byrds","floor":19.0,"turns":4.0},{"damage":0.0,"enemies":"Centurion and Healer","floor":20.0,"turns":5.0},{"damage":13,"enemies":"Slavers","floor":23,"turns":6},{"damage":23,"enemies":"Book of Stabbing","floor":25,"turns":3}],"seed_played":"8517904560906249567","potions_obtained":[{"floor":1.0,"key":"Strength Potion"},{"floor":7.0,"key":"Strength Potion"},{"floor":10.0,"key":"PowerPotion"},{"floor":19.0,"key":"FearPotion"}],"is_trial":false,"path_per_floor":["M","?","$","M","?","R","M","M","T","E","?","R","M","M","R","B",null,"M","M","M","$","?","E","R","E"],"character_chosen":"THE_SILENT","items_purchased":["Footwork","Kunai","Nunchaku"],"campfire_rested":1,"item_purchase_floors":[3,3,21],"current_hp_per_floor":[50,50,50,49,49,49,49,45,45,30,30,30,30,22,22,10,52,32,32,32,32,14,1,22,0,0],"gold":108,"neow_bonus":"TWO_FIFTY_GOLD","is_daily":false,"chose_seed":false,"campfire_upgraded":3,"win_rate":0,"timestamp":1607634703,"path_taken":["M","?","$","M","?","R","M","M","T","E","?","R","M","M","R","BOSS","M","M","?","$","?","E","R","E"],"build_version":"2020-11-30","purchased_purges":2,"victory":false,"max_hp_per_floor":[66,66,66,66,66,66,66,66,66,66,66,66,66,66,66,66,66,66,66,66,66,71,71,71,71,71],"relic_stats":{"Nunchaku":[3],"counters":[13,56],"Art of War":[4],"Kunai":[31],"obtain_stats":[{"Nunchaku":21,"Ninja Scroll":10,"Philosopher\u0027s Stone":17,"CultistMask":11,"Art of War":9,"Kunai":3,"Frozen Egg 2":23,"Ring of the Snake":0},{"Nunchaku":11,"Ninja Scroll":5,"Philosopher\u0027s Stone":8,"CultistMask":5,"Art of War":4,"Kunai":1,"Frozen Egg 2":12,"Ring of the Snake":0},{"Nunchaku":47,"Ninja Scroll":24,"Philosopher\u0027s Stone":33,"CultistMask":24,"Art of War":17,"Kunai":5,"Frozen Egg 2":53,"Ring of the Snake":0}],"Ring of the Snake":[26]},"card_choices":[{"not_picked":["Poisoned Stab","Blade Dance"],"picked":"Dagger Spray","floor":1.0},{"not_picked":["Footwork","Underhanded Strike"],"picked":"Riddle With Holes","floor":4.0},{"not_picked":["Cloak And Dagger","Catalyst"],"picked":"Blade Dance","floor":7.0},{"not_picked":["Caltrops","PiercingWail"],"picked":"Blur","floor":8.0},{"not_picked":["Flechettes","PiercingWail","Prepared"],"picked":"SKIP","floor":10.0},{"not_picked":["Flechettes","PiercingWail","Prepared"],"picked":"SKIP","floor":10.0},{"not_picked":["After Image","Dodge and Roll"],"picked":"Finisher","floor":13.0},{"not_picked":["Masterful Stab","Dagger Spray","Dodge and Roll"],"picked":"SKIP","floor":14.0},{"not_picked":["Envenom","Die Die Die"],"picked":"After Image","floor":16.0},{"not_picked":["Bouncing Flask","Prepared"],"picked":"Blade Dance","floor":18.0},{"not_picked":["Poisoned Stab+1","Prepared","Flying Knee"],"picked":"SKIP","floor":19.0},{"not_picked":["Choke","Reflex","Prepared"],"picked":"SKIP","floor":20.0},{"not_picked":["Dodge and Roll","Cloak And Dagger+1","Deadly Poison"],"picked":"SKIP","floor":23},{"not_picked":["Dodge and Roll","Cloak And Dagger+1","Deadly Poison"],"picked":"SKIP","floor":23}],"player_experience":1432107,"relics_obtained":[{"floor":9.0,"key":"Art of War"},{"floor":10.0,"key":"Ninja Scroll"},{"floor":23,"key":"Frozen Egg 2"}],"event_choices":[{"damage_healed":0.0,"max_hp_gain":0.0,"max_hp_loss":0.0,"gold_gain":150.0,"event_name":"Liars Game","player_choice":"AGREE","floor":2.0,"gold_loss":0.0,"damage_taken":0.0,"cards_obtained":["Doubt"]},{"damage_healed":0.0,"max_hp_gain":0.0,"max_hp_loss":0.0,"gold_gain":0.0,"cards_transformed":["Strike_G"],"event_name":"Living Wall","player_choice":"Change","floor":5.0,"gold_loss":0.0,"damage_taken":0.0,"cards_obtained":["Flechettes"]},{"damage_healed":0.0,"max_hp_gain":0.0,"max_hp_loss":0.0,"gold_gain":0.0,"event_name":"FaceTrader","player_choice":"Trade","floor":11.0,"gold_loss":0.0,"damage_taken":0.0,"relics_obtained":["CultistMask"]},{"damage_healed":0.0,"max_hp_gain":5.0,"max_hp_loss":0.0,"gold_gain":0.0,"event_name":"Forgotten Altar","player_choice":"Shed Blood","floor":22.0,"gold_loss":0.0,"damage_taken":23.0}],"is_beta":false,"boss_relics":[{"not_picked":["Runic Pyramid","SacredBark"],"picked":"Philosopher\u0027s Stone"}],"items_purged_floors":[3,21],"is_endless":false,"potions_floor_spawned":[1,7,10,13,14,19,20],"killed_by":"Book of Stabbing","ascension_level":20}}