{"host":"899crud3100o27sg","time":1607591182,"event":{"gold_per_floor":[119,134,146,161,178,213,213,227,253,253,25,44,59,87,87,159,159,177,193,211,13,27,27,61,61,61,61,73,91,120,120,120,193,193,209,260,39,39,53,81,81,112,112,144,144,144,144,176,176,176,176,176,7,41,41],"floor_reached":56,"playtime":6960,"items_purged":["Strike_R","Strike_R","Defend_R"],"score":2089,"play_id":"0136ae03-a89d-46c6-961e-ee5792a793d5","local_time":"20201210193622","is_ascension_mode":true,"campfire_choices":[{"data":"Wild Strike","floor":7.0,"key":"SMITH"},{"data":"True Grit","floor":10.0,"key":"SMITH"},{"data":"Feel No Pain","floor":15.0,"key":"SMITH"},{"floor":23.0,"key":"REST"},{"data":"Body Slam","floor":25,"key":"SMITH"},{"data":"Power Through","floor":27,"key":"SMITH"},{"data":"Evolve","floor":32,"key":"SMITH"},{"data":"Power Through","floor":41,"key":"SMITH"},{"data":"Juggernaut","floor":45,"key":"SMITH"},{"floor":49,"key":"RECALL"},{"data":"expansioncontent:DefensiveStance","floor":52,"key":"SMITH"}],"neow_cost":"PERCENT_DAMAGE","seed_source_timestamp":0,"circlet_count":0,"master_deck":["AscendersBane","Defend_R","Defend_R","Bash","Feel No Pain+1","Wild Strike+1","Power Through+1","Headbutt","Body Slam+1","True Grit+1","Body Slam","Burning Pact","Havoc","Clothesline","Juggernaut+1","Burning Pact","Headbutt","Sentinel","Evolve+1","Shrug It Off","Power Through+1","Metallicize","Headbutt+1","Offering","expansioncontent:SuperHexaguard","Sever Soul+1","expansioncontent:DefensiveStance+1","Blind","Dark Embrace"],"special_seed":0,"relics":["HornCleat","Potion Belt","Red Skull","Ancient Tea Set","Busted Crown","Blood Vial","Toy Ornithopter","Bronze Scales","TungstenRod","Mummified Hand","MerchantsRug","Bottled Tornado","Art of War"],"potions_floor_usage":[24,24,24,28,29,30,33,33,39,54,55,55,55],"damage_taken":[{"damage":4.0,"enemies":"Small Slimes","floor":1.0,"turns":4.0},{"damage":1.0,"enemies":"Cultist","floor":2.0,"turns":3.0},{"damage":0.0,"enemies":"2 Louse","floor":3.0,"turns":2.0},{"damage":30.0,"enemies":"Exordium Thugs","floor":4.0,"turns":7.0},{"damage":2.0,"enemies":"2 Fungi Beasts","floor":5.0,"turns":5.0},{"damage":21.0,"enemies":"3 Sentries","floor":6.0,"turns":13.0},{"damage":11.0,"enemies":"Large Slime","floor":8.0,"turns":6.0},{"damage":0.0,"enemies":"3 Louse","floor":12.0,"turns":4.0},{"damage":0.0,"enemies":"Exordium Wildlife","floor":13.0,"turns":3.0},{"damage":19.0,"enemies":"Lagavulin","floor":14.0,"turns":7.0},{"damage":8.0,"enemies":"Hexaghost","floor":16.0,"turns":9.0},{"damage":17.0,"enemies":"Shell Parasite","floor":18.0,"turns":5.0},{"damage":19.0,"enemies":"Spheric Guardian","floor":19.0,"turns":4.0},{"damage":20.0,"enemies":"Centurion and Healer","floor":20.0,"turns":6.0},{"damage":16.0,"enemies":"3 Cultists","floor":22.0,"turns":8.0},{"damage":12,"enemies":"Gremlin Leader","floor":24,"turns":7},{"damage":7,"enemies":"Snake Plant","floor":28,"turns":3},{"damage":12,"enemies":"Centurion and Healer","floor":29,"turns":5},{"damage":10,"enemies":"Slavers","floor":30,"turns":6},{"damage":34,"enemies":"Champ","floor":33,"turns":12},{"damage":7,"enemies":"3 Shapes","floor":35,"turns":7},{"damage":22,"enemies":"3 Darklings","floor":39,"turns":5},{"damage":29,"enemies":"Nemesis","floor":40,"turns":11},{"damage":6,"enemies":"Giant Head","floor":42,"turns":8},{"damage":11,"enemies":"Reptomancer","floor":44,"turns":5},{"damage":5,"enemies":"Giant Head","floor":48,"turns":8},{"damage":30,"enemies":"Time Eater","floor":50,"turns":11},{"damage":30,"enemies":"Shield and Spear","floor":54,"turns":6},{"damage":44,"enemies":"The Heart","floor":55,"turns":9}],"seed_played":"-9202433708172614601","potions_obtained":[{"floor":1.0,"key":"Guardian:BlockOnCardUsePotion"},{"floor":2.0,"key":"sneckomod:MuddlingPotion"},{"floor":4.0,"key":"Ancient Potion"},{"floor":14.0,"key":"Block Potion"},{"floor":16.0,"key":"Strength Potion"},{"floor":19.0,"key":"EntropicBrew"},{"floor":24,"key":"SkillPotion"},{"floor":30,"key":"Guardian:BlockOnCardUsePotion"},{"floor":31,"key":"Energy Potion"},{"floor":31,"key":"SkillPotion"},{"floor":31,"key":"SkillPotion"},{"floor":33,"key":"Block Potion"},{"floor":40,"key":"LiquidMemories"},{"floor":42,"key":"Strength Potion"}],"is_trial":false,"path_per_floor":["M","M","M","M","M","E","R","M","T","R","$","M","M","E","R","B",null,"M","M","M","$","M","R","E","R","T","R","M","M","E","?","R","B",null,"M","T","$","?","M","E","R","E","T","E","R","?","?","E","R","B",null,"R","$","E","B",null],"character_chosen":"IRONCLAD","items_purchased":["Red Skull","Evolve","Shrug It Off","expansioncontent:SuperHexaguard","MerchantsRug","Bottled Tornado","Dark Embrace"],"campfire_rested":1,"item_purchase_floors":[11,21,21,37,53,53,53],"current_hp_per_floor":[52,57,63,39,43,28,28,23,23,23,23,29,38,25,25,23,64,53,40,26,26,16,39,33,33,33,33,37,36,34,34,34,21,71,72,72,72,87,73,55,55,60,60,57,57,53,53,56,71,49,82,93,93,68,41],"gold":41,"neow_bonus":"TRANSFORM_TWO_CARDS","is_prod":false,"is_daily":false,"chose_seed":false,"campfire_upgraded":9,"win_rate":0,"timestamp":1607591182,"path_taken":["M","M","M","M","M","E","R","M","T","R","$","M","M","E","R","BOSS","M","M","M","$","M","R","E","R","T","R","M","M","E","?","R","BOSS","M","?","$","?","?","E","R","E","T","E","R","?","?","E","R","BOSS","R","$","E","BOSS"],"build_version":"2020-11-30","purchased_purges":3,"victory":true,"max_hp_per_floor":[75,75,75,75,75,75,75,75,75,75,75,75,78,78,78,78,78,78,78,78,78,78,78,78,78,78,78,81,84,84,84,84,87,87,87,87,87,87,87,90,90,93,93,93,93,93,93,93,93,93,93,93,93,93,93],"relic_stats":{"Blood Vial":22,"Busted Crown":36,"counters":[29,189],"Mummified Hand":[30],"Bronze Scales":[219],"Art of War":[0],"obtain_stats":[{"Potion Belt":9,"MerchantsRug":53,"Eternal Feather":48,"Bottled Tornado":53,"Ancient Tea Set":14,"Empty Cage":34,"Burning Blood":0,"Blood Vial":24,"HornCleat":6,"Busted Crown":17,"Mummified Hand":43,"Bronze Scales":40,"Molten Egg 2":26,"Bag of Marbles":44,"Art of War":54,"Red Skull":11,"Toy Ornithopter":30,"TungstenRod":42},{"Potion Belt":7,"MerchantsRug":27,"Eternal Feather":26,"Bottled Tornado":27,"Ancient Tea Set":10,"Empty Cage":20,"Burning Blood":0,"Blood Vial":16,"HornCleat":6,"Busted Crown":11,"Mummified Hand":24,"Bronze Scales":23,"Molten Egg 2":16,"Bag of Marbles":25,"Art of War":28,"Red Skull":7,"Toy Ornithopter":19,"TungstenRod":24},{"Potion Belt":40,"MerchantsRug":174,"Eternal Feather":163,"Bottled Tornado":174,"Ancient Tea Set":54,"Empty Cage":119,"Burning Blood":0,"Blood Vial":93,"HornCleat":34,"Busted Crown":63,"Mummified Hand":150,"Bronze Scales":142,"Molten Egg 2":93,"Bag of Marbles":155,"Art of War":180,"Red Skull":40,"Toy Ornithopter":107,"TungstenRod":150}],"Toy Ornithopter":32,"TungstenRod":25},"card_choices":[{"not_picked":["Sever Soul","Disarm"],"picked":"Power Through","floor":1.0},{"not_picked":["Anger","Entrench"],"picked":"Headbutt","floor":2.0},{"not_picked":["Anger","Clash"],"picked":"Body Slam","floor":3.0},{"not_picked":["Clothesline","Wild Strike"],"picked":"Shockwave","floor":4.0},{"not_picked":["Clothesline","Entrench"],"picked":"True Grit","floor":5.0},{"not_picked":["Heavy Blade","Blood for Blood"],"picked":"Body Slam","floor":6.0},{"not_picked":["Sentinel","Bloodletting"],"picked":"Burning Pact","floor":8.0},{"not_picked":["Headbutt","Sword Boomerang"],"picked":"Feed","floor":12.0},{"not_picked":["Carnage","Infernal Blade"],"picked":"Havoc","floor":13.0},{"not_picked":["Flex","Battle Trance"],"picked":"Clothesline","floor":14.0},{"not_picked":["Feed","Fiend Fire"],"picked":"Juggernaut","floor":16.0},{"not_picked":[],"picked":"Burning Pact","floor":18.0},{"not_picked":[],"picked":"Headbutt","floor":19.0},{"not_picked":[],"picked":"Sentinel","floor":20.0},{"not_picked":[],"picked":"Power Through","floor":22.0},{"not_picked":["Anger"],"picked":"SKIP","floor":24},{"not_picked":["Cleave+1"],"picked":"SKIP","floor":28},{"not_picked":[],"picked":"Metallicize","floor":29},{"not_picked":[],"picked":"Headbutt+1","floor":30},{"not_picked":[],"picked":"Offering","floor":33},{"not_picked":["Armaments"],"picked":"SKIP","floor":35},{"not_picked":[],"picked":"Sever Soul+1","floor":39},{"not_picked":["Pommel Strike+1"],"picked":"SKIP","floor":40},{"not_picked":["Whirlwind+1"],"picked":"SKIP","floor":42},{"not_picked":["Sword Boomerang+1"],"picked":"SKIP","floor":44},{"not_picked":[],"picked":"expansioncontent:DefensiveStance","floor":46},{"not_picked":[],"picked":"Blind","floor":46},{"not_picked":["Iron Wave+1"],"picked":"SKIP","floor":48},{"not_picked":["Wild Strike+1"],"picked":"SKIP","floor":54}],"player_experience":987633,"relics_obtained":[{"floor":6.0,"key":"HornCleat"},{"floor":9.0,"key":"Potion Belt"},{"floor":14.0,"key":"Ancient Tea Set"},{"floor":24,"key":"Blood Vial"},{"floor":26,"key":"Molten Egg 2"},{"floor":30,"key":"Toy Ornithopter"},{"floor":40,"key":"Bronze Scales"},{"floor":42,"key":"TungstenRod"},{"floor":43,"key":"Mummified Hand"},{"floor":44,"key":"Bag of Marbles"},{"floor":48,"key":"Eternal Feather"},{"floor":54,"key":"Art of War"}],"event_choices":[{"damage_healed":0,"gold_gain":0,"player_choice":"Got Potions","damage_taken":0,"max_hp_gain":0,"max_hp_loss":0,"event_name":"Lab","floor":31,"gold_loss":0},{"cards_removed":["Shockwave"],"damage_healed":15,"gold_gain":0,"player_choice":"Offered Uncommon","damage_taken":0,"max_hp_gain":0,"max_hp_loss":0,"event_name":"Bonfire Elementals","floor":38,"gold_loss":0},{"damage_healed":0,"gold_gain":0,"player_choice":"Memory 2","damage_taken":5,"max_hp_gain":0,"max_hp_loss":0,"event_name":"SensoryStone","floor":46,"gold_loss":0},{"cards_removed":["Feed"],"damage_healed":0,"gold_gain":0,"player_choice":"Removed Attack","damage_taken":0,"max_hp_gain":0,"max_hp_loss":0,"event_name":"Falling","floor":47,"gold_loss":0}],"is_beta":false,"boss_relics":[{"not_picked":["Sozu","Velvet Choker"],"picked":"Busted Crown"},{"not_picked":["Fusion Hammer","expansioncontent:StudyCardRelic"],"picked":"Empty Cage"}],"items_purged_floors":[11,21,37],"is_endless":false,"potions_floor_spawned":[1,2,4,5,14,16,19,24,30,33,40,42],"ascension_level":14}}