{"host":"9anmc1688xy4jiyg","time":1607638160,"event":{"mods":["BaseMod","StSLib","AchievementEnabler","Highlight Path","Relic Stats","ojb\u0027s Info Mod","Minty Spire (QoL Compilation)"],"gold_per_floor":[15,15,31,206,38,38,66,66,66,66,82,95,95,120,120,221,221,238,250,250,270,270,270,295,295,346,346,65,75,1,21,21,21,21],"floor_reached":33,"playtime":1294,"items_purged":["Doubt","Regret"],"score":423,"play_id":"045ea1dd-231e-45e6-a237-b5ad16caad15","local_time":"20201210230920","is_ascension_mode":true,"campfire_choices":[{"data":"Envenom","floor":6,"key":"SMITH"},{"floor":8,"key":"REST"},{"data":"Noxious Fumes","floor":13,"key":"SMITH"},{"floor":15,"key":"REST"},{"floor":23,"key":"REST"},{"data":"Flying Knee","floor":25,"key":"SMITH"},{"floor":27,"key":"REST"},{"floor":32,"key":"REST"}],"circlet_count":0,"master_deck":["AscendersBane","Strike_G","Strike_G","Strike_G","Defend_G","Defend_G","Defend_G","Defend_G","Defend_G","Survivor","Neutralize+1","Deadly Poison","Envenom+1","Swift Strike","Noxious Fumes+1","Deadly Poison","Heel Hook","Poisoned Stab","Bane","Corpse Explosion","Dash+1","Bouncing Flask+1","Outmaneuver+1","Cloak And Dagger+1","Flying Knee+1","Normality","Dagger Spray+1","Sadistic Nature","Unload","Backstab","Distraction+1","Blade Dance+1"],"relics":["Ring of the Snake","Pen Nib","Dream Catcher","Meat on the Bone","Bag of Marbles","Cursed Key","Tiny Chest","Anchor","Vajra"],"acts_visited":["Exordium","TheCity"],"potions_floor_usage":[7,16,21,29,33],"damage_taken":[{"damage":0,"enemies":"2 Louse","floor":1,"turns":3},{"damage":4,"enemies":"Jaw Worm","floor":3,"turns":4},{"damage":21,"enemies":"Gremlin Nob","floor":7,"turns":5},{"damage":6,"enemies":"Small Slimes","floor":11,"turns":4},{"damage":11,"enemies":"Looter","floor":12,"turns":4},{"damage":41,"enemies":"3 Sentries","floor":14,"turns":7},{"damage":10,"enemies":"Hexaghost","floor":16,"turns":7},{"damage":14,"enemies":"3 Byrds","floor":18,"turns":2},{"damage":11,"enemies":"Chosen","floor":19,"turns":4},{"damage":20,"enemies":"Sentry and Sphere","floor":21,"turns":4},{"damage":30,"enemies":"Book of Stabbing","floor":24,"turns":5},{"damage":27,"enemies":"Snecko","floor":29,"turns":4},{"damage":0,"enemies":"Snake Plant","floor":31,"turns":3},{"damage":80,"enemies":"Automaton","floor":33,"turns":6}],"seed_played":"2963771315577040894","potions_obtained":[{"floor":3,"key":"DistilledChaos"},{"floor":7,"key":"GamblersBrew"},{"floor":14,"key":"Dexterity Potion"},{"floor":18,"key":"GamblersBrew"},{"floor":29,"key":"Regen Potion"}],"is_trial":false,"path_per_floor":["M","?","M","?","$","R","E","R","T","?","M","M","R","E","R","B",null,"M","M","?","M","?","R","E","R","T","R","$","M","$","M","R","B"],"character_chosen":"THE_SILENT","items_purchased":["Swift Strike","Sadistic Nature","Backstab"],"campfire_rested":5,"item_purchase_floors":[5,28,30],"current_hp_per_floor":[63,63,59,59,59,59,38,59,59,59,53,42,42,13,34,36,62,48,37,37,29,29,50,32,32,32,53,53,38,38,38,59,0,0],"gold":21,"neow_bonus":"REMOVE_TWO","is_daily":false,"chose_seed":false,"campfire_upgraded":3,"win_rate":0,"timestamp":1607638160,"path_taken":["M","?","M","?","?","R","E","R","T","?","M","M","R","E","R","BOSS","M","M","?","M","?","R","E","R","T","R","$","?","$","M","R","BOSS"],"build_version":"2020-11-30","purchased_purges":2,"victory":false,"max_hp_per_floor":[70,70,70,70,70,70,70,70,70,70,70,70,70,70,70,70,70,70,70,70,70,70,70,70,70,70,70,70,70,70,70,70,70,70],"relic_stats":{"Dream Catcher":4,"counters":[14,62],"Tiny Chest":0,"Pen Nib":[8],"Cursed Key":1,"obtain_stats":[{"Dream Catcher":9,"Anchor":24,"Vajra":26,"Tiny Chest":20,"Pen Nib":7,"Bag of Marbles":14,"Cursed Key":17,"Ring of the Snake":0,"Meat on the Bone":10},{"Dream Catcher":3,"Anchor":11,"Vajra":11,"Tiny Chest":9,"Pen Nib":3,"Bag of Marbles":6,"Cursed Key":7,"Ring of the Snake":0,"Meat on the Bone":3},{"Dream Catcher":12,"Anchor":49,"Vajra":49,"Tiny Chest":40,"Pen Nib":12,"Bag of Marbles":27,"Cursed Key":34,"Ring of the Snake":0,"Meat on the Bone":12}],"Ring of the Snake":[28],"Meat on the Bone":60},"card_choices":[{"not_picked":["Bane","Quick Slash"],"picked":"Deadly Poison","floor":1},{"not_picked":["Riddle With Holes","Distraction"],"picked":"Envenom","floor":3},{"not_picked":["Quick Slash","Envenom"],"picked":"Noxious Fumes","floor":7},{"not_picked":["Dagger Spray","Acrobatics"],"picked":"Deadly Poison","floor":11},{"not_picked":["PiercingWail","Concentrate"],"picked":"Heel Hook","floor":12},{"not_picked":["Prepared","Dagger Spray"],"picked":"Poisoned Stab","floor":14},{"not_picked":["Deadly Poison","Quick Slash"],"picked":"Bane","floor":15},{"not_picked":["Malaise","Night Terror"],"picked":"Corpse Explosion","floor":16},{"not_picked":["Slice","Prepared"],"picked":"Dash","floor":18},{"not_picked":["Bane","Acrobatics"],"picked":"Bouncing Flask+1","floor":19},{"not_picked":["Finisher","Acrobatics"],"picked":"Outmaneuver+1","floor":21},{"not_picked":["Corpse Explosion","PiercingWail"],"picked":"Cloak And Dagger+1","floor":23},{"not_picked":["Quick Slash","Doppelganger"],"picked":"Flying Knee","floor":24},{"not_picked":["Dagger Throw","Deflect"],"picked":"Dagger Spray+1","floor":27},{"not_picked":["Deflect","Sucker Punch"],"picked":"Unload","floor":29},{"not_picked":["Poisoned Stab","Choke"],"picked":"Distraction+1","floor":31},{"not_picked":["Bane+1","Distraction+1"],"picked":"Blade Dance+1","floor":32}],"player_experience":421262,"relics_obtained":[{"floor":7,"key":"Pen Nib"},{"floor":9,"key":"Dream Catcher"},{"floor":14,"key":"Bag of Marbles"},{"floor":24,"key":"Anchor"},{"floor":26,"key":"Vajra"}],"event_choices":[{"damage_healed":0,"gold_gain":0,"player_choice":"Grow","damage_taken":0,"max_hp_gain":0,"max_hp_loss":0,"event_name":"Living Wall","floor":2,"gold_loss":0,"cards_upgraded":["Neutralize"]},{"damage_healed":0,"gold_gain":175,"player_choice":"AGREE","damage_taken":0,"max_hp_gain":0,"max_hp_loss":0,"event_name":"Liars Game","floor":4,"gold_loss":0,"cards_obtained":["Doubt"]},{"damage_healed":0,"gold_gain":0,"player_choice":"Box","damage_taken":0,"relics_obtained":["Meat on the Bone"],"max_hp_gain":0,"max_hp_loss":0,"event_name":"Big Fish","floor":10,"gold_loss":0,"cards_obtained":["Regret"]},{"damage_healed":0,"gold_gain":0,"player_choice":"Opened","damage_taken":0,"relics_obtained":["Tiny Chest"],"max_hp_gain":0,"max_hp_loss":0,"event_name":"The Mausoleum","floor":20,"gold_loss":0},{"damage_healed":0,"gold_gain":0,"player_choice":"Forge","damage_taken":0,"max_hp_gain":0,"max_hp_loss":0,"event_name":"Accursed Blacksmith","floor":22,"gold_loss":0,"cards_upgraded":["Dash"]}],"is_beta":false,"boss_relics":[{"not_picked":["Coffee Dripper","Ring of the Serpent"],"picked":"Cursed Key"}],"items_purged_floors":[5,28],"is_endless":false,"potions_floor_spawned":[3,7,14,18,29],"killed_by":"Automaton","ascension_level":11}}