{"host":"8b6x5jh5dgxmxtlw","time":1607560138,"event":{"gold_per_floor":[114,133,133,133,203,230,230,37,37,52,52,52,68,68,68,171,171,182,199,219,189,200,200,232,232,232,232,232,250,265,265,265,367,367,382,382,382,402,79,79,79,98,98,98,124,138,98,98,98,98],"floor_reached":51,"playtime":4475,"items_purged":[],"score":643,"play_id":"6ae1a3ad-f967-492c-b662-99c75205bf6a","local_time":"20201209192858","is_ascension_mode":false,"campfire_choices":[{"data":"hermit:Headshot","floor":7,"key":"SMITH"},{"data":"hermit:GoldenBullet","floor":11,"key":"SMITH"},{"floor":15,"key":"REST"},{"data":"hermit:FatalDesire","floor":23,"key":"SMITH"},{"floor":25,"key":"REST"},{"data":"hermit:ShadowCloak","floor":28,"key":"SMITH"},{"data":"hermit:Manifest","floor":32,"key":"SMITH"},{"data":"hermit:ShadowCloak","floor":40,"key":"SMITH"},{"floor":44,"key":"REST"},{"floor":49,"key":"REST"}],"neow_cost":"NONE","seed_source_timestamp":54546161745800,"circlet_count":0,"master_deck":["hermit:Strike_Hermit","hermit:Strike_Hermit","hermit:Strike_Hermit","hermit:Strike_Hermit","hermit:Defend_Hermit","hermit:Defend_Hermit","hermit:Snapshot","hermit:Covet","hermit:FinalCanter","hermit:GoldenBullet+1","hermit:Dive+1","hermit:Headshot+1","Pain","hermit:ShadowCloak+1","hermit:Deadeye","hermit:NoHoldsBarred","hermit:ShadowCloak+1","hermit:FatalDesire+1","hermit:Snipe+1","hermit:Ricochet","hermit:Vantage","hermit:Gestalt+1","hermit:Manifest+1","hermit:Dive+1","hermit:Headshot","hermit:FinalCanter+1","Bandage Up","conspire:Banana","hermit:ShadowCloak","hermit:Coalescence"],"relics":["hermit:Momento","halation:EternalFortune","hubris:Towel","Replay:Bottled Eggs","ReplayTheSpireMod:Lightbulb","ReplayTheSpireMod:Ninjato","Calipers","Replay:Bronze Core","infinitespire:EmpoweringShard","hubris:GlazedTorus","hubris:Icosahedron","Empty Cage","conspire:BottledYoYo","halation:PurpleSoulGem","CCEMRelics:OrganicArmor","Juzu Bracelet"],"potions_floor_usage":[16,20,24,33,33,33,42,45,45,46,50],"damage_taken":[{"damage":2,"enemies":"conspire:RoseBush","floor":1,"turns":2},{"damage":8,"enemies":"Small Slimes","floor":2,"turns":3},{"damage":23,"enemies":"Replay:BlueRogue","floor":6,"turns":9},{"damage":0,"enemies":"2 Louse","floor":10,"turns":2},{"damage":8,"enemies":"conspire:2 RoseBushes","floor":13,"turns":4},{"damage":26,"enemies":"Slime Boss","floor":16,"turns":9},{"damage":0,"enemies":"Chosen","floor":18,"turns":4},{"damage":3,"enemies":"conspire:FuzzyDice","floor":19,"turns":6},{"damage":9,"enemies":"Snake Plant","floor":20,"turns":3},{"damage":8,"enemies":"3 Cultists","floor":22,"turns":5},{"damage":19,"enemies":"Gremlin Leader","floor":24,"turns":4},{"damage":2,"enemies":"Centurion and Healer","floor":29,"turns":5},{"damage":15,"enemies":"Snake Plant","floor":30,"turns":5},{"damage":10,"enemies":"Automaton","floor":33,"turns":13},{"damage":34,"enemies":"3 Shapes","floor":35,"turns":3},{"damage":6,"enemies":"3 Darklings","floor":38,"turns":5},{"damage":5,"enemies":"Transient","floor":42,"turns":5},{"damage":1,"enemies":"R_Hoarder","floor":45,"turns":8},{"damage":18,"enemies":"Sphere and 2 Shapes","floor":46,"turns":5},{"damage":71,"enemies":"Awakened One","floor":50,"turns":19}],"seed_played":"-7517323461508033157","potions_obtained":[{"floor":13,"key":"SteroidPotion"},{"floor":16,"key":"Toxic Potion"},{"floor":18,"key":"SneckoOil"},{"floor":21,"key":"EntropicBrew"},{"floor":21,"key":"Venom Potion"},{"floor":22,"key":"CultistPotion"},{"floor":24,"key":"Fruit Juice"},{"floor":30,"key":"Block Potion"},{"floor":42,"key":"Swift Potion"},{"floor":45,"key":"PowerPotion"}],"is_trial":false,"path_per_floor":["M","M","?","?","?","E","R","$","T","M","R","$","M","T","R","B",null,"M","M","M","?","M","R","E","R","T","?","R","M","M","?","R","B",null,"M","?","?","M","$","R","?","M","T","R","E","M","?","?","R","B",null],"character_chosen":"HERMIT","items_purchased":["ReplayTheSpireMod:Lightbulb","hermit:ShadowCloak","hermit:Deadeye","hermit:ShadowCloak","conspire:BottledYoYo"],"campfire_rested":4,"item_purchase_floors":[8,8,8,39,39],"current_hp_per_floor":[73,65,68,68,68,45,45,45,45,45,45,45,37,37,60,34,78,78,75,66,66,58,58,44,68,68,68,68,66,51,51,51,41,83,49,49,49,48,48,48,48,48,48,73,77,64,64,64,87,21],"gold":98,"neow_bonus":"ONE_RANDOM_RARE_CARD","is_prod":false,"is_daily":false,"chose_seed":false,"campfire_upgraded":6,"win_rate":0.0,"timestamp":1607560138,"path_taken":["M","M","?","?","?","E","R","?","T","M","R","$","M","?","R","BOSS","M","?","M","?","M","R","E","R","T","?","R","M","M","?","R","BOSS","M","?","?","M","$","R","?","M","T","R","E","M","?","?","R","BOSS"],"build_version":"2020-11-30","purchased_purges":0,"victory":true,"max_hp_per_floor":[75,75,78,78,78,78,78,78,78,78,78,78,78,78,78,78,78,78,78,78,78,78,78,83,83,83,83,83,83,83,83,83,83,83,83,83,83,84,84,84,84,85,85,85,86,87,87,87,87,88],"card_choices":[{"not_picked":["hermit:TrackingShot","hermit:FullyLoaded"],"picked":"hermit:GoldenBullet","floor":1},{"not_picked":["hermit:Desperado","hermit:CalledShot"],"picked":"hermit:Dive","floor":2},{"not_picked":["hermit:EternalForm","hermit:CalledShot"],"picked":"hermit:Headshot","floor":6},{"not_picked":["hermit:Brawl","hermit:Shortfuse"],"picked":"hermit:NoHoldsBarred","floor":10},{"not_picked":["hermit:WideOpen","hermit:Combo"],"picked":"hermit:ShadowCloak","floor":13},{"not_picked":["hermit:Reprieve","hermit:DeadOrAlive"],"picked":"hermit:FatalDesire","floor":16},{"not_picked":["hermit:GoldenBullet","hermit:Headshot"],"picked":"hermit:Snipe","floor":18},{"not_picked":["hermit:WideOpen","hermit:SprayPray"],"picked":"hermit:Ricochet","floor":19},{"not_picked":["hermit:Malice","hermit:FlashPowder"],"picked":"hermit:Vantage","floor":20},{"not_picked":["hermit:Brawl","hermit:Desperado"],"picked":"hermit:Gestalt+1","floor":22},{"not_picked":["hermit:GoldenBullet","hermit:Desperado"],"picked":"hermit:Manifest","floor":24},{"not_picked":["hermit:PistolWhip+1","hermit:Coalescence"],"picked":"hermit:Dive","floor":29},{"not_picked":["hermit:Grudge","hermit:Feint"],"picked":"hermit:Headshot","floor":30},{"not_picked":["hermit:Magnum","hermit:DeadOrAlive"],"picked":"hermit:FinalCanter","floor":33},{"not_picked":["hermit:Glare","hermit:Cheat+1"],"picked":"hermit:Horror","floor":35},{"not_picked":["Replay:Sssssssssshield","Blind"],"picked":"Bandage Up","floor":37},{"not_picked":["Replay:Sssssssssstrike","ReplayTheSpireMod:Trickstab"],"picked":"conspire:Banana","floor":37},{"not_picked":["hermit:Adapt","hermit:Brawl+1","hermit:TrackingShot+1"],"picked":"SKIP","floor":38},{"not_picked":["hermit:Desperado+1","hermit:Misfire","hermit:PistolWhip+1"],"picked":"SKIP","floor":42},{"not_picked":["hermit:HoleUp+1","hermit:Gambit"],"picked":"hermit:Coalescence","floor":45},{"not_picked":["hermit:Quickdraw","hermit:BodyArmor","hermit:FlashPowder"],"picked":"SKIP","floor":46}],"player_experience":80966,"relics_obtained":[{"floor":6,"key":"Replay:Bottled Eggs"},{"floor":9,"key":"ReplayTheSpireMod:Ninjato"},{"floor":14,"key":"Calipers"},{"floor":24,"key":"infinitespire:EmpoweringShard"},{"floor":26,"key":"hubris:GlazedTorus"},{"floor":43,"key":"CCEMRelics:OrganicArmor"},{"floor":45,"key":"Juzu Bracelet"}],"event_choices":[{"damage_healed":0,"gold_gain":70,"player_choice":"Gained Gold","damage_taken":0,"max_hp_gain":0,"max_hp_loss":0,"event_name":"Golden Wing","floor":5,"gold_loss":0},{"damage_healed":0,"gold_gain":0,"player_choice":"Bought 2 Potions","damage_taken":0,"max_hp_gain":0,"max_hp_loss":0,"event_name":"The Woman in Blue","floor":21,"gold_loss":0},{"damage_healed":0,"gold_gain":0,"player_choice":"Ignored","damage_taken":0,"max_hp_gain":0,"max_hp_loss":0,"event_name":"betterNote:BetterNote","floor":27,"gold_loss":0,"cards_obtained":["hermit:Defend_Hermit"]},{"cards_removed":["hermit:Horror"],"damage_healed":0,"gold_gain":0,"player_choice":"Removed Skill","damage_taken":0,"max_hp_gain":0,"max_hp_loss":0,"event_name":"Falling","floor":36,"gold_loss":0},{"damage_healed":0,"gold_gain":3,"player_choice":"1","damage_taken":0,"max_hp_gain":0,"max_hp_loss":0,"event_name":"betterStone:BetterStone","floor":37,"gold_loss":0},{"damage_healed":0,"gold_gain":0,"player_choice":"Upgraded Two","damage_taken":0,"max_hp_gain":0,"max_hp_loss":0,"event_name":"Designer","floor":47,"gold_loss":40,"cards_upgraded":["hermit:Snipe","hermit:FinalCanter"]},{"damage_healed":0,"gold_gain":0,"player_choice":"Leave","damage_taken":0,"max_hp_gain":0,"max_hp_loss":0,"event_name":"conspire:Investor","floor":48,"gold_loss":0}],"is_beta":false,"boss_relics":[{"not_picked":["Replay:Wanted Poster","Coffee Dripper"],"picked":"Replay:Bronze Core"},{"not_picked":["Busted Crown","Cursed Key"],"picked":"Empty Cage"}],"items_purged_floors":[],"is_endless":false,"potions_floor_spawned":[13,16,18,22,24,30,42,45],"ascension_level":0}}