{"host":"g75gtovmj0ine2rf","time":1607604047,"event":{"gold_per_floor":[111,128,138,48,58,93,93,126,126,152,152,169,44,72,72,151,151,165,177,197,347,347,381,381,392,392,419,419,47,47,64,64,140,140,150,170,45,20,38,38,50,81,81,81,81,94,104,104,104,104],"floor_reached":48,"playtime":5129,"items_purged":[],"score":900,"play_id":"e71aaef9-348e-4b13-ba4f-b7a109c6baff","local_time":"20201210234047","is_ascension_mode":true,"campfire_choices":[{"data":"wariomod:Bomblaster","floor":7.0,"key":"SMITH"},{"floor":15.0,"key":"REST"},{"floor":24.0,"key":"REST"},{"floor":30.0,"key":"REST"},{"floor":32.0,"key":"RECALL"},{"floor":40.0,"key":"REST"},{"floor":45.0,"key":"REST"}],"neow_cost":"NONE","seed_source_timestamp":0,"circlet_count":0,"master_deck":["AscendersBane","wariomod:Strike","wariomod:Strike","wariomod:Strike","wariomod:Strike","wariomod:Defend+1","wariomod:Defend+1","wariomod:Defend+1","wariomod:Defend+1","wariomod:Step","wariomod:Leap","wariomod:DeepDig","wariomod:Bomblaster+1","wariomod:Bombshield","wariomod:HappyHit","wariomod:Purify","wariomod:EndlessBlast","wariomod:RacingSpeed","Panacea+1","wariomod:BodyBlock","wariomod:OctoJump","wariomod:TrekTime+1","wariomod:KeyFinisher","wariomod:HappyHop","Self Repair","wariomod:WhirlwindBurst","wariomod:RacingSpeed+1","Storm","Chill"],"special_seed":0,"relics":["wariomod:TheHat","NeowsBlessing","Ornamental Fan","halation:LettersToHer","Toy Ornithopter","Hallownest:DreamNailRelic","aspiration:FrozenJewel","jedi:archwizardhat","hubris:MysteriousPyramids","hubris:DisguiseKit","Nunchaku","MerchantsRug","Tiny Chest","vexMod:Cooldron","halation:ForbiddenBikini","hubris:SlimyHat","Replay:Bottled Eggs"],"potions_floor_usage":[48],"damage_taken":[{"damage":0.0,"enemies":"Hallownest:2_MossCreeps","floor":1.0,"turns":1.0},{"damage":0.0,"enemies":"Hallownest:monsterHuskGuard","floor":2.0,"turns":1.0},{"damage":0.0,"enemies":"Hallownest:monsterHuskWarrior","floor":3.0,"turns":1.0},{"damage":6.0,"enemies":"Hallownest:Wandering_and_Horned","floor":5.0,"turns":5.0},{"damage":4.0,"enemies":"Hallownest:eliteVengeflyKing","floor":6.0,"turns":10.0},{"damage":37.0,"enemies":"Hallownest:eliteCrystalGuardian","floor":8.0,"turns":7.0},{"damage":4.0,"enemies":"Hallownest:eliteVengeflyKing","floor":10.0,"turns":7.0},{"damage":0.0,"enemies":"Hallownest:monsterMossCharger","floor":12.0,"turns":5.0},{"damage":11.0,"enemies":"Hallownest:eliteMossKnight","floor":14.0,"turns":7.0},{"damage":34.0,"enemies":"Hallownest:BossHornet","floor":16.0,"turns":13.0},{"damage":6.0,"enemies":"Hallownest:Guard_and_Sentry","floor":18.0,"turns":6.0},{"damage":15.0,"enemies":"Hallownest:2_Mistakes","floor":19.0,"turns":9.0},{"damage":14.0,"enemies":"Hallownest:2_Husk_Sentries","floor":20.0,"turns":6.0},{"damage":8.0,"enemies":"Hallownest:eliteSoulWarrior","floor":23.0,"turns":9.0},{"damage":0.0,"enemies":"Hallownest:Warrior_and_Youth","floor":25.0,"turns":5.0},{"damage":10.0,"enemies":"Hallownest:eliteWatcherKnight","floor":27.0,"turns":14.0},{"damage":10.0,"enemies":"Hallownest:monsterMisterMushroom","floor":31.0,"turns":7.0},{"damage":13.0,"enemies":"Hallownest:BossMantisLord","floor":33.0,"turns":7.0},{"damage":21.0,"enemies":"Hallownest:2_Littles","floor":35.0,"turns":5.0},{"damage":23.0,"enemies":"Hallownest:3_Siblings","floor":36.0,"turns":7.0},{"damage":0.0,"enemies":"Hallownest:Shield_Sturdy","floor":39.0,"turns":8.0},{"damage":68.0,"enemies":"Hallownest:monsterPrimalAspid","floor":41.0,"turns":6.0},{"damage":23.0,"enemies":"Hallownest:eliteHiveKnight","floor":42.0,"turns":6.0},{"damage":15.0,"enemies":"Hallownest:StalkingDevout","floor":44.0,"turns":4.0},{"damage":21.0,"enemies":"Hallownest:2_Wandering_and_1_Horned","floor":46.0,"turns":6.0},{"damage":14.0,"enemies":"Hallownest:2_Wing_and_1_Kings","floor":47.0,"turns":8.0},{"damage":29,"enemies":"Hallownest:monsterPrimalAspid","floor":48,"turns":5}],"seed_played":"6900105060566716470","potions_obtained":[{"floor":1.0,"key":"Fruit Juice"},{"floor":2.0,"key":"Energy Potion"},{"floor":6.0,"key":"LiquidMemories"},{"floor":8.0,"key":"EntropicBrew"},{"floor":14.0,"key":"jedi:holywater"},{"floor":16.0,"key":"SneckoOil"},{"floor":19.0,"key":"Adrenaline Potion"},{"floor":25.0,"key":"SkillPotion"},{"floor":27.0,"key":"SpeedPotion"},{"floor":31.0,"key":"EntropicBrew"},{"floor":35.0,"key":"EntropicBrew"},{"floor":42.0,"key":"EntropicBrew"},{"floor":46.0,"key":"EntropicBrew"}],"is_trial":false,"path_per_floor":["M","M","M","$","M","E","R","E","T","E","?","M","?","E","R","B",null,"M","M","M","?","?","E","R","M","T","E","?","$","R","M","R","B",null,"M","M","?","?","M","R","M","E","T","E","R","M","M","M"],"character_chosen":"THE_BANDIT","items_purchased":["wariomod:HappyHit","MerchantsRug","Tiny Chest","vexMod:Cooldron"],"campfire_rested":5,"item_purchase_floors":[4,29,29,29],"current_hp_per_floor":[65,65,65,65,64,60,60,23,23,19,19,19,19,13,36,17,62,56,46,37,37,37,34,57,57,57,52,32,32,55,45,45,37,67,46,47,47,47,54,77,21,10,10,17,40,26,24,0,0,0],"gold":104,"neow_bonus":"THREE_ENEMY_KILL","is_prod":false,"is_daily":false,"chose_seed":false,"campfire_upgraded":1,"win_rate":0,"timestamp":1607604047,"path_taken":["M","M","?","$","?","E","R","E","T","E","?","?","?","E","R","BOSS","M","M","M","?","?","E","R","M","T","E","?","$","R","?","R","BOSS","M","M","?","?","M","R","M","E","T","E","R","M","M","M"],"build_version":"2020-11-30","purchased_purges":0,"victory":false,"max_hp_per_floor":[72,72,72,72,77,77,77,77,77,77,77,77,77,77,77,77,77,77,77,77,77,77,77,77,77,77,77,77,77,77,77,77,77,77,77,77,77,77,77,77,77,77,77,77,77,77,77,77,77,77],"relic_stats":{"Nunchaku":[14],"counters":[27,175],"Ornamental Fan":[248],"Tiny Chest":0,"obtain_stats":[{"energizedSpire:RedRose":17,"hubris:DisguiseKit":27,"jedi:command_common":28,"MerchantsRug":29,"NeowsBlessing":0,"wariomod:TheHat":0,"halation:ForbiddenBikini":34,"Hallownest:DreamNailRelic":11,"hubris:SlimyHat":42,"jedi:archwizardhat":23,"hubris:MysteriousPyramids":26,"aspiration:FrozenJewel":14,"Nunchaku":28,"vexMod:Cooldron":29,"Ornamental Fan":6,"Tiny Chest":29,"Replay:Bottled Eggs":43,"halation:LettersToHer":8,"Toy Ornithopter":10},{"energizedSpire:RedRose":10,"hubris:DisguiseKit":16,"jedi:command_common":16,"MerchantsRug":16,"NeowsBlessing":0,"wariomod:TheHat":0,"halation:ForbiddenBikini":18,"Hallownest:DreamNailRelic":7,"hubris:SlimyHat":23,"jedi:archwizardhat":14,"hubris:MysteriousPyramids":15,"aspiration:FrozenJewel":9,"Nunchaku":16,"vexMod:Cooldron":16,"Ornamental Fan":5,"Tiny Chest":16,"Replay:Bottled Eggs":23,"halation:LettersToHer":6,"Toy Ornithopter":7},{"energizedSpire:RedRose":57,"hubris:DisguiseKit":106,"jedi:command_common":106,"MerchantsRug":106,"NeowsBlessing":0,"wariomod:TheHat":0,"halation:ForbiddenBikini":120,"Hallownest:DreamNailRelic":32,"hubris:SlimyHat":152,"jedi:archwizardhat":87,"hubris:MysteriousPyramids":92,"aspiration:FrozenJewel":44,"Nunchaku":106,"vexMod:Cooldron":106,"Ornamental Fan":18,"Tiny Chest":106,"Replay:Bottled Eggs":152,"halation:LettersToHer":25,"Toy Ornithopter":32}],"Toy Ornithopter":90},"card_choices":[{"not_picked":["wariomod:HastyRush","wariomod:DoubleDash"],"picked":"wariomod:DeepDig","floor":1.0},{"not_picked":["wariomod:DoubleDash","wariomod:SmallSprint"],"picked":"wariomod:Bomblaster","floor":2.0},{"not_picked":["wariomod:NullJump","wariomod:GreaterGuard"],"picked":"wariomod:Bombshield","floor":3.0},{"not_picked":["wariomod:SpikeSlash","wariomod:Smackflip","wariomod:SmallSprint"],"picked":"SKIP","floor":5.0},{"not_picked":["wariomod:AwfulLook","wariomod:EmptyMind","wariomod:OctoJump"],"picked":"SKIP","floor":6.0},{"not_picked":["wariomod:ThatsNotAll","wariomod:SmallSprint"],"picked":"wariomod:Purify","floor":8.0},{"not_picked":["wariomod:CursedSpaces","wariomod:Hopshield"],"picked":"wariomod:EndlessBlast","floor":10.0},{"not_picked":["wariomod:DisarmingMoves","wariomod:NullJump"],"picked":"wariomod:RacingSpeed","floor":12.0},{"not_picked":["ReplayTheSpireMod:Uncanny Aura+1","Replay:Sssssssssstrike+1"],"picked":"Panacea+1","floor":13.0},{"not_picked":["wariomod:Smackflip","wariomod:BumRush"],"picked":"wariomod:BodyBlock","floor":14.0},{"not_picked":["wariomod:DoubleDash+1","wariomod:AwfulLook"],"picked":"wariomod:OctoJump","floor":18.0},{"not_picked":["wariomod:Bombshield","wariomod:DoubleDash","wariomod:DanceDash"],"picked":"SKIP","floor":19.0},{"not_picked":["wariomod:DeepDig+1","wariomod:DamnedStrength"],"picked":"wariomod:TrekTime+1","floor":20.0},{"not_picked":["wariomod:DisarmingMoves","wariomod:EmptyMind","wariomod:AwfulLook"],"picked":"SKIP","floor":23.0},{"not_picked":["wariomod:PayItForwards","wariomod:ImFeelingLucky","wariomod:SpikeSlash+1"],"picked":"SKIP","floor":25.0},{"not_picked":["wariomod:ThatsNotAll","wariomod:AbandonGame","wariomod:Game"],"picked":"SKIP","floor":27.0},{"not_picked":["wariomod:BlastDash","wariomod:CursedSpaces","wariomod:DeepDig+1","Gash"],"picked":"SKIP","floor":31.0},{"not_picked":["wariomod:AbandonGame","wariomod:Enshrine","Seek"],"picked":"wariomod:KeyFinisher","floor":33.0},{"not_picked":["wariomod:EmptyMind","wariomod:Leapslam","Redo"],"picked":"wariomod:HappyHop","floor":35.0},{"not_picked":["wariomod:DanceDash+1","wariomod:TheGrandJourney","wariomod:NullJump"],"picked":"Self Repair","floor":36.0},{"not_picked":["wariomod:Smackflip","wariomod:Game","Steam"],"picked":"wariomod:WhirlwindBurst","floor":39.0},{"not_picked":["wariomod:DiceyMove","wariomod:AwfulLook+1","jedi:markofdeath"],"picked":"wariomod:RacingSpeed+1","floor":41.0},{"not_picked":["wariomod:Smackflip+1","wariomod:Leapslam","wariomod:DiceyMove"],"picked":"Storm","floor":42.0},{"not_picked":["wariomod:FabulousPrizes","wariomod:Game","wariomod:PayItForwards","Redo"],"picked":"SKIP","floor":46.0},{"not_picked":["wariomod:NullJump","wariomod:SelfImprison+1","wariomod:ThatsNotAll+1"],"picked":"Chill","floor":47.0}],"player_experience":1305241,"relics_obtained":[{"floor":6.0,"key":"Ornamental Fan"},{"floor":8.0,"key":"halation:LettersToHer"},{"floor":9.0,"key":"halation:LettersToHer"},{"floor":10.0,"key":"Toy Ornithopter"},{"floor":14.0,"key":"aspiration:FrozenJewel"},{"floor":23.0,"key":"jedi:archwizardhat"},{"floor":26.0,"key":"halation:LettersToHer"},{"floor":26.0,"key":"hubris:MysteriousPyramids"},{"floor":27.0,"key":"hubris:DisguiseKit"},{"floor":42.0,"key":"hubris:SlimyHat"},{"floor":43.0,"key":"halation:LettersToHer"},{"floor":43.0,"key":"Replay:Bottled Eggs"}],"event_choices":[{"damage_healed":0.0,"max_hp_gain":0.0,"max_hp_loss":0.0,"gold_gain":0.0,"event_name":"betterMatch:BetterMatch","player_choice":"2","floor":13.0,"gold_loss":0.0,"damage_taken":0.0,"cards_obtained":["betterMatch:ColorlessUncommonCard"]},{"damage_healed":0.0,"max_hp_gain":0.0,"max_hp_loss":0.0,"gold_gain":0.0,"event_name":"betterMatch:BetterMatch","player_choice":"2","floor":37.0,"gold_loss":0.0,"damage_taken":0.0,"cards_obtained":["betterMatch:CommonCard"]}],"is_beta":false,"boss_relics":[{"not_picked":["vexMod:EndlessSickness","hubris:GrandSneckoEye"],"picked":"energizedSpire:RedRose"},{"not_picked":["ReplayTheSpireMod:SealedPack","halation:MonkeysPaw"],"picked":"halation:ForbiddenBikini"}],"items_purged_floors":[],"is_endless":false,"potions_floor_spawned":[1,2,6,8,14,16,19,25,27,31,35,42,44,46],"killed_by":"Hallownest:monsterPrimalAspid","ascension_level":16}}