{"host":"61ejhfsushs0xmcl","time":1607610700,"event":{"mods":["BaseMod","StSLib","Colored Map","Gold Saver","Minty Spire (QoL Compilation)","TestMod","Waifu the Spire","Act Like it!","篝火指南","Spicy Shops","MostiFishMod","Marisa（F雨　魔理沙）","Replay The Spire","Dota2Spire","The Dragon Tamer"],"gold_per_floor":[1134,1134,1154,330,330,360,370,370,370,383,415,480,500,275,275,371,371,386,386,209,308,327,357,357,389,401,438,450,479,521,547,559,674,686,718,1130,1153,1165,1177,1189,1220,849,849,884,884,901,913,937,937,937,937,937,375,406,406],"floor_reached":56,"playtime":2574,"items_purged":["DTMod:Strike","DTMod:Strike","DTMod:Strike","DTMod:Strike","DTMod:TargetDefense","DTMod:TargetDefense"],"score":1704,"play_id":"bf9a55c2-e004-4021-a2e9-c2f2e64f5a4b","local_time":"20201210223140","is_ascension_mode":true,"metric_token":983,"campfire_choices":[{"data":"DTMod:MaximumCharge","floor":8.0,"key":"SMITH"},{"data":"DTMod:Training","floor":15.0,"key":"SMITH"},{"data":"DTMod:InvisibleFlame","floor":28.0,"key":"SMITH"},{"data":"DTMod:DragonDance","floor":32.0,"key":"SMITH"},{"data":"Pot Of Greed","floor":40.0,"key":"SMITH"},{"data":"DTMod:Conduct","floor":45.0,"key":"SMITH"},{"floor":49.0,"key":"RECALL"},{"data":"DTMod:BurningEnergy","floor":52,"key":"SMITH"}],"dtmod_dragon_data":[42,56,0,1,0,14],"circlet_count":0,"master_deck":["DTMod:DoubleHit","DTMod:TargetDefense+1","DTMod:TargetDefense","DTMod:SwitchingTactic+1","DTMod:InvisibleFlame+1","DTMod:MaximumCharge+1","DTMod:FlameSlash+1","DTMod:Astonish+1","DTMod:ForkedFire+1","DTMod:DragonDance+1","DTMod:Training+1","DTMod:Inferno+1","DTMod:BurningEnergy+1","DTMod:CleansingStrike+1","DTMod:Dissolve","DTMod:BurningForce+1","Pot Of Greed+1","Pot Of Greed+1","DTMod:MagiciansMark+1","DTMod:Conduct+1","DTMod:Multitask+1","DTMod:Shift+1","DTMod:MagiciansMark+1","DTMod:LightShield+1","Pot Of Greed"],"special_seed":0,"relics":["DTMod:PactStone","testmod-TestBox","White Beast Statue","Question Card","DTMod:SwitchButton","Molten Egg 2","Dota2Spire:BattleFury","testmod-EqualTreatment","Happy Flower","testmod-Alchemist","Matryoshka","ImportantClient","Philosopher\u0027s Stone","BargainBundle","Grinning Jar","MawBank","Blood Vial","Centennial Puzzle","Pear","testmod-NegativeEmotionEnhancer","Medical Kit","War Paint","Pantograph","testmod-LifeArmor","Replay:Ringing Soul","Art of War","Guide Book","Lantern","Dota2Spire:Butterfly"],"acts_visited":["Exordium","TheCity","TheBeyond","TheEnding"],"potions_floor_usage":[50,50,50,55,55,55,55],"damage_taken":[{"damage":0.0,"enemies":"Small Slimes","floor":1.0,"turns":4.0},{"damage":2.0,"enemies":"2 Louse","floor":3.0,"turns":2.0},{"damage":4.0,"enemies":"3 Sentries","floor":6.0,"turns":2.0},{"damage":0.0,"enemies":"Jaw Worm","floor":7.0,"turns":1.0},{"damage":0.0,"enemies":"3 Louse","floor":10.0,"turns":1.0},{"damage":0.0,"enemies":"Gremlin Nob","floor":11.0,"turns":3.0},{"damage":0.0,"enemies":"Lagavulin Event","floor":12.0,"turns":2.0},{"damage":2.0,"enemies":"2 Fungi Beasts","floor":13.0,"turns":2.0},{"damage":0.0,"enemies":"Hexaghost","floor":16.0,"turns":7.0},{"damage":0.0,"enemies":"Spheric Guardian","floor":18.0,"turns":2.0},{"damage":0.0,"enemies":"Chosen","floor":22.0,"turns":1.0},{"damage":0.0,"enemies":"Book of Stabbing","floor":23.0,"turns":2.0},{"damage":0.0,"enemies":"Slavers","floor":25.0,"turns":2.0},{"damage":0.0,"enemies":"Gremlin Leader","floor":27.0,"turns":3.0},{"damage":0.0,"enemies":"Shelled Parasite and Fungi","floor":29.0,"turns":2.0},{"damage":5.0,"enemies":"Book of Stabbing","floor":30.0,"turns":3.0},{"damage":10.0,"enemies":"Centurion and Healer","floor":31.0,"turns":2.0},{"damage":1.0,"enemies":"Champ","floor":33.0,"turns":4.0},{"damage":0.0,"enemies":"3 Darklings","floor":35.0,"turns":1.0},{"damage":3.0,"enemies":"Orb Walker","floor":37.0,"turns":2.0},{"damage":8.0,"enemies":"Sphere and 2 Shapes","floor":41.0,"turns":2.0},{"damage":0.0,"enemies":"Nemesis","floor":44.0,"turns":3.0},{"damage":12.0,"enemies":"Maw","floor":46.0,"turns":4.0},{"damage":0.0,"enemies":"Jaw Worm Horde","floor":47.0,"turns":2.0},{"damage":50,"enemies":"Time Eater","floor":50,"turns":4},{"damage":0,"enemies":"Shield and Spear","floor":54,"turns":2},{"damage":53,"enemies":"The Heart","floor":55,"turns":5}],"seed_played":"-566732923337524852","potions_obtained":[{"floor":1.0,"key":"AttackPotion"},{"floor":3.0,"key":"testmod-SpacePotion"},{"floor":6.0,"key":"LiquidBronze"},{"floor":7.0,"key":"Toxic Potion"},{"floor":10.0,"key":"BlessingOfTheForge"},{"floor":11.0,"key":"BlessingOfTheForge"},{"floor":12.0,"key":"ColorlessPotion"},{"floor":16.0,"key":"Swift Potion"},{"floor":18.0,"key":"SteroidPotion"},{"floor":22.0,"key":"FairyPotion"},{"floor":27.0,"key":"Swift Potion"},{"floor":33.0,"key":"Weak Potion"},{"floor":35.0,"key":"BlessingOfTheForge"},{"floor":41.0,"key":"testmod-SpacePotion"},{"floor":44.0,"key":"Fire Potion"},{"floor":46.0,"key":"AttackPotion"},{"floor":47.0,"key":"Dexterity Potion"},{"floor":54,"key":"Dexterity Potion"}],"is_trial":false,"path_per_floor":["M","?","M","$","?","E","M","R","T","M","E","?","M","$","R","B",null,"M","?","$","?","M","E","?","E","T","E","R","M","E","M","R","B",null,"M","?","M","?","?","R","M","$","T","E","R","M","M","T","R","B",null,"R","$","E","B",null],"character_chosen":"THE_DT","items_purchased":["DTMod:SwitchButton","Molten Egg 2","Dota2Spire:BattleFury","DTMod:FlameSlash+1","BargainBundle","Fire Potion","Adrenaline Potion","Fire Potion","DTMod:CleansingStrike+1","Medical Kit","War Paint","DTMod:LightShield","Guide Book","Lantern","FearPotion"],"campfire_rested":0,"item_purchase_floors":[4,4,4,4,20,20,20,20,20,42,42,53,53,53,53],"current_hp_per_floor":[41,46,44,44,19,15,15,15,15,15,15,15,13,13,13,13,46,46,39,39,39,39,39,39,39,39,41,41,43,50,42,42,43,61,62,62,61,61,61,61,59,59,59,66,66,58,67,67,67,25,74,74,77,78,27],"gold":406,"neow_bonus":"TWO_FIFTY_GOLD","is_daily":false,"chose_seed":false,"campfire_upgraded":7,"win_rate":1,"timestamp":1607610700,"path_taken":["M","?","M","$","?","E","M","R","T","M","E","?","?","$","R","BOSS","M","?","$","?","?","E","?","E","T","E","R","M","E","M","R","BOSS","M","?","M","?","?","R","?","$","T","E","R","M","M","?","R","BOSS","R","$","E","BOSS"],"build_version":"2020-11-30","purchased_purges":6,"victory":true,"max_hp_per_floor":[41,46,46,46,46,46,46,46,46,46,46,46,46,46,46,46,46,46,51,51,51,51,51,51,51,51,51,51,51,61,61,61,61,61,62,62,63,63,63,63,64,64,64,68,68,69,73,73,73,74,74,74,77,78,79],"card_choices":[{"not_picked":["DTMod:CalculatedDefense","DTMod:CleansingStrike"],"picked":"DTMod:InvisibleFlame","floor":1.0},{"not_picked":["DTMod:MasterPlan","DTMod:BurningEnergy","DTMod:Weaken"],"picked":"DTMod:MaximumCharge","floor":3.0},{"not_picked":["DTMod:Conduct","DTMod:Safeguard","DTMod:FlameSlash+1"],"picked":"DTMod:Astonish+1","floor":6.0},{"not_picked":["DTMod:CrossStep","DTMod:MaximumCharge+1","DTMod:Threaten","DTMod:FlameSlash+1"],"picked":"SKIP","floor":7.0},{"not_picked":["DTMod:Feint+1","DTMod:MaximumCharge+1","DTMod:FlameSlash+1"],"picked":"DTMod:ForkedFire+1","floor":10.0},{"not_picked":["DTMod:Cover","DTMod:SneakAttack+1","DTMod:BizarreTactic","DTMod:BurningForce+1"],"picked":"SKIP","floor":11.0},{"not_picked":["DTMod:Cover","DTMod:SneakAttack+1","DTMod:BizarreTactic","DTMod:BurningForce+1"],"picked":"SKIP","floor":11.0},{"not_picked":["DTMod:Hide","DTMod:CalculatedDefense","DTMod:Threaten"],"picked":"DTMod:DragonDance","floor":12.0},{"not_picked":["DTMod:TauntingStrike+1","DTMod:Threaten","DTMod:LastStand"],"picked":"DTMod:Training","floor":13.0},{"not_picked":["DTMod:FierySynthesis+1","DTMod:ResonanceForm","DTMod:Prediction"],"picked":"DTMod:Inferno+1","floor":16.0},{"not_picked":["DTMod:CrossStep","DTMod:QuickFly+1","DTMod:Training"],"picked":"DTMod:BurningEnergy","floor":18.0},{"not_picked":["DTMod:Haste+1","DTMod:Training","DTMod:Punisher+1"],"picked":"DTMod:Dissolve","floor":22.0},{"not_picked":["DTMod:Astonish+1","DTMod:BalancedStrike+1","DTMod:StarRain+1"],"picked":"DTMod:BurningForce+1","floor":23.0},{"not_picked":["DTMod:BlazingStrike+1","DTMod:GhostSkin","DTMod:BuildUp+1"],"picked":"DTMod:MagiciansMark+1","floor":25.0},{"not_picked":["DTMod:GearUp","DTMod:Dissolve","DTMod:HeatWave+1","DTMod:BlazingStrike+1"],"picked":"SKIP","floor":27.0},{"not_picked":["DTMod:RunningTactic","DTMod:BuildUp+1","DTMod:SneakAttack+1","DTMod:MagiciansMark+1"],"picked":"SKIP","floor":29.0},{"not_picked":["DTMod:MasterPlan","DTMod:Observe","DTMod:StunTrap"],"picked":"DTMod:Conduct","floor":30.0},{"not_picked":["DTMod:HeatWave+1","DTMod:Overwhelm+1","DTMod:Coolant","DTMod:WarmUp+1"],"picked":"SKIP","floor":31.0},{"not_picked":["DTMod:ResonanceForm","DTMod:ExcessFootwork","DTMod:FierySynthesis+1"],"picked":"DTMod:Multitask","floor":33.0},{"not_picked":["DTMod:BurningEnergy","DTMod:LowKick+1","DTMod:Cover+1","DTMod:Adaptation+1"],"picked":"SKIP","floor":35.0},{"not_picked":["DTMod:Weaken+1","DTMod:Overwhelm","DTMod:Dissolve+1","DTMod:SneakAttack+1"],"picked":"SKIP","floor":37.0},{"not_picked":["DTMod:ComboAttack+1","DTMod:LowKick+1","DTMod:Observe","DTMod:Haste+1"],"picked":"SKIP","floor":41.0},{"not_picked":["DTMod:BurningEnergy+1","DTMod:InvisibleFlame","DTMod:RecklessFlurry+1"],"picked":"DTMod:Shift+1","floor":44.0},{"not_picked":["DTMod:CleansingStrike+1","DTMod:GhostSkin","DTMod:MasterPlan+1","DTMod:Feint+1"],"picked":"SKIP","floor":46.0},{"not_picked":["DTMod:Training","DTMod:GhostSkin","DTMod:SneakAttack+1"],"picked":"DTMod:MagiciansMark+1","floor":47.0},{"not_picked":["DTMod:Threaten+1","DTMod:MasterPlan+1","DTMod:MaximumCharge+1","DTMod:BlueScale+1"],"picked":"SKIP","floor":54}],"player_experience":769595,"relics_obtained":[{"floor":1.0,"key":"Question Card"},{"floor":6.0,"key":"Happy Flower"},{"floor":11.0,"key":"testmod-Alchemist"},{"floor":12.0,"key":"Matryoshka"},{"floor":16.0,"key":"ImportantClient"},{"floor":23.0,"key":"Grinning Jar"},{"floor":25.0,"key":"MawBank"},{"floor":26.0,"key":"Blood Vial"},{"floor":27.0,"key":"Centennial Puzzle"},{"floor":30.0,"key":"Pear"},{"floor":43.0,"key":"Pantograph"},{"floor":43.0,"key":"testmod-LifeArmor"},{"floor":44.0,"key":"Replay:Ringing Soul"},{"floor":48.0,"key":"Art of War"},{"floor":54,"key":"Dota2Spire:Butterfly"}],"event_choices":[{"damage_healed":0.0,"max_hp_gain":5.0,"max_hp_loss":0.0,"gold_gain":0.0,"event_name":"Big Fish","player_choice":"Donut","floor":2.0,"gold_loss":0.0,"damage_taken":0.0},{"damage_healed":0.0,"max_hp_gain":0.0,"max_hp_loss":0.0,"gold_gain":0.0,"event_name":"Scrap Ooze","player_choice":"Success","floor":5.0,"gold_loss":0.0,"damage_taken":25.0,"relics_obtained":["testmod-EqualTreatment"]},{"damage_healed":0.0,"max_hp_gain":0.0,"max_hp_loss":0.0,"gold_gain":0.0,"event_name":"Dead Adventurer","player_choice":"Searched \u00272\u0027 times","floor":12.0,"gold_loss":0.0,"damage_taken":0.0},{"damage_healed":0.0,"max_hp_gain":5.0,"max_hp_loss":0.0,"gold_gain":0.0,"event_name":"Forgotten Altar","player_choice":"Shed Blood","floor":19.0,"gold_loss":0.0,"damage_taken":12.0},{"damage_healed":0.0,"max_hp_gain":0.0,"max_hp_loss":0.0,"gold_gain":99.0,"event_name":"Nest","player_choice":"Stole From Cult","floor":21.0,"gold_loss":0.0,"damage_taken":0.0},{"damage_healed":0.0,"max_hp_gain":0.0,"max_hp_loss":0.0,"gold_gain":0.0,"event_name":"Ghosts","player_choice":"Ignored","floor":24.0,"gold_loss":0.0,"damage_taken":0.0},{"damage_healed":0.0,"max_hp_gain":0.0,"max_hp_loss":0.0,"gold_gain":400.0,"event_name":"恩洛斯的盘子","player_choice":"Sell","floor":36.0,"relics_lost":["DaveBox"],"gold_loss":0.0,"damage_taken":0.0},{"damage_healed":0.0,"max_hp_gain":0.0,"max_hp_loss":0.0,"gold_gain":0.0,"event_name":"Tomb of Lord Red Mask","player_choice":"Ignored","floor":38.0,"gold_loss":0.0,"damage_taken":0.0},{"damage_healed":0.0,"max_hp_gain":0.0,"max_hp_loss":0.0,"gold_gain":0.0,"event_name":"Upgrade Shrine","player_choice":"Upgraded","floor":39.0,"gold_loss":0.0,"damage_taken":0.0,"cards_upgraded":["Pot Of Greed"]}],"is_beta":false,"boss_relics":[{"not_picked":["Abe\u0027s Treasure","Replay:Drink Me"],"picked":"Philosopher\u0027s Stone"},{"not_picked":["testmod-EnergyCheck","HaiYi:Twilight"],"picked":"testmod-NegativeEmotionEnhancer"}],"items_purged_floors":[4,14,14,20,42,53],"is_endless":false,"potions_floor_spawned":[1,3,6,7,10,11,12,13,16,18,22,23,25,27,29,30,31,33,35,37,41,44,46,47,54],"ascension_level":2}}