{"host":"wghdsg8ym2wc7ov9","time":1607581067,"event":{"gold_per_floor":[114,114,129,129,129,129,159,159,159,174,209,59,59,89,89,189,189,204,219,234,249,264,264,264],"floor_reached":23,"playtime":8082,"items_purged":[],"score":203,"play_id":"71418337-59d0-4cb0-83da-ddb770ee328a","local_time":"20201209221747","daily_mods":["Allstar","Vintage","Night Terrors"],"is_ascension_mode":false,"campfire_choices":[{"data":"ForeignInfluence","floor":6,"key":"SMITH"},{"data":"Eruption","floor":8,"key":"SMITH"},{"data":"Secret Technique","floor":13,"key":"SMITH"},{"data":"PathToVictory","floor":15,"key":"SMITH"}],"neow_cost":"","seed_source_timestamp":0,"circlet_count":0,"master_deck":["Strike_P","Strike_P","Strike_P","Defend_P","Defend_P","Defend_P","Defend_P","Eruption+1","Vigilance","Master of Strategy","The Bomb","Bandage Up+1","Apotheosis+1","Secret Technique+1","ForeignInfluence+1","Brilliance","PathToVictory+1","DevaForm"],"special_seed":18606,"relics":["PureWater","Boot","Bronze Scales","GoldenEye","Darkstone Periapt","Smiling Mask","Eternal Feather","Toolbox","Torii","Black Star","Frozen Egg 2","Ornamental Fan","Peace Pipe","Potion Belt","Juzu Bracelet"],"potions_floor_usage":[16,22,23,23],"damage_taken":[{"damage":0,"enemies":"Cultist","floor":1,"turns":2},{"damage":1,"enemies":"2 Louse","floor":3,"turns":2},{"damage":6,"enemies":"Lagavulin","floor":7,"turns":4},{"damage":17,"enemies":"Jaw Worm","floor":10,"turns":2},{"damage":0,"enemies":"Blue Slaver","floor":11,"turns":1},{"damage":6,"enemies":"Gremlin Nob","floor":14,"turns":3},{"damage":36,"enemies":"The Guardian","floor":16,"turns":8},{"damage":1,"enemies":"Chosen","floor":18,"turns":4},{"damage":0,"enemies":"Shell Parasite","floor":19,"turns":4},{"damage":20,"enemies":"Shelled Parasite and Fungi","floor":20,"turns":5},{"damage":28,"enemies":"Snake Plant","floor":21,"turns":4},{"damage":7,"enemies":"Snecko","floor":22,"turns":6},{"damage":35,"enemies":"Slavers","floor":23,"turns":3}],"seed_played":"8996604888150855735","potions_obtained":[{"floor":1,"key":"Ancient Potion"},{"floor":10,"key":"Ancient Potion"},{"floor":16,"key":"SpeedPotion"},{"floor":18,"key":"BottledMiracle"},{"floor":21,"key":"SkillPotion"}],"is_trial":false,"path_per_floor":["M","?","M","?","?","R","E","R","T","M","M","$","R","E","R","B",null,"M","M","M","M","M","E"],"character_chosen":"WATCHER","items_purchased":["Toolbox"],"campfire_rested":0,"item_purchase_floors":[12],"current_hp_per_floor":[72,72,71,57,57,57,57,57,57,46,52,52,61,61,70,40,72,72,72,58,36,29,0,0],"gold":264,"neow_bonus":"","is_prod":false,"is_daily":true,"chose_seed":false,"campfire_upgraded":4,"win_rate":0,"timestamp":1607581067,"path_taken":["M","?","M","?","?","R","E","R","T","M","M","$","R","E","R","BOSS","M","M","M","M","M","E"],"build_version":"2020-11-30","purchased_purges":0,"victory":false,"max_hp_per_floor":[72,72,72,72,72,72,72,72,72,72,72,72,72,72,72,72,72,72,72,72,72,72,72,72],"relic_stats":{"Darkstone Periapt":0,"Torii":6,"counters":[13,48],"Eternal Feather":18,"Juzu Bracelet":0,"Boot":[15],"GoldenEye":[2],"Smiling Mask":0,"Peace Pipe":0,"Ornamental Fan":[12],"Bronze Scales":[130],"Black Star":0,"obtain_stats":[{"Darkstone Periapt":9,"Potion Belt":21,"Torii":14,"Eternal Feather":11,"Juzu Bracelet":22,"Frozen Egg 2":18,"Boot":1,"GoldenEye":7,"Smiling Mask":10,"Peace Pipe":20,"Ornamental Fan":19,"Bronze Scales":3,"Toolbox":12,"Black Star":17,"PureWater":0},{"Darkstone Periapt":3,"Potion Belt":11,"Torii":6,"Eternal Feather":5,"Juzu Bracelet":12,"Frozen Egg 2":8,"Boot":1,"GoldenEye":3,"Smiling Mask":4,"Peace Pipe":10,"Ornamental Fan":9,"Bronze Scales":2,"Toolbox":5,"Black Star":7,"PureWater":0},{"Darkstone Periapt":8,"Potion Belt":39,"Torii":14,"Eternal Feather":11,"Juzu Bracelet":45,"Frozen Egg 2":26,"Boot":2,"GoldenEye":8,"Smiling Mask":10,"Peace Pipe":35,"Ornamental Fan":30,"Bronze Scales":4,"Toolbox":11,"Black Star":22,"PureWater":0}]},"card_choices":[{"not_picked":["ClearTheMind","EmptyFist"],"picked":"Brilliance","floor":7},{"not_picked":["Prostrate","CrushJoints"],"picked":"PathToVictory","floor":14},{"not_picked":["Brilliance","Alpha"],"picked":"DevaForm","floor":16}],"player_experience":290848,"relics_obtained":[{"floor":1,"key":"Boot"},{"floor":3,"key":"Bronze Scales"},{"floor":7,"key":"GoldenEye"},{"floor":9,"key":"Darkstone Periapt"},{"floor":10,"key":"Smiling Mask"},{"floor":11,"key":"Eternal Feather"},{"floor":14,"key":"Torii"},{"floor":18,"key":"Frozen Egg 2"},{"floor":19,"key":"Ornamental Fan"},{"floor":20,"key":"Peace Pipe"},{"floor":21,"key":"Potion Belt"},{"floor":22,"key":"Juzu Bracelet"}],"event_choices":[{"damage_healed":0,"gold_gain":0,"player_choice":"Ignored","damage_taken":0,"max_hp_gain":0,"max_hp_loss":0,"event_name":"Golden Wing","floor":2,"gold_loss":0},{"damage_healed":0,"gold_gain":0,"player_choice":"Entered Light","damage_taken":14,"max_hp_gain":0,"max_hp_loss":0,"event_name":"Shining Light","floor":4,"gold_loss":0,"cards_upgraded":["Bandage Up","Apotheosis"]},{"damage_healed":0,"gold_gain":0,"cards_transformed":["Strike_P"],"player_choice":"Change","damage_taken":0,"max_hp_gain":0,"max_hp_loss":0,"event_name":"Living Wall","floor":5,"gold_loss":0,"cards_obtained":["ForeignInfluence"]}],"is_beta":false,"boss_relics":[{"not_picked":["Cursed Key","Runic Dome"],"picked":"Black Star"}],"items_purged_floors":[],"is_endless":false,"potions_floor_spawned":[1,10,16,18,21],"killed_by":"Slavers","ascension_level":0}}