{"host":"sz8c8ni79nvzjmmg","time":1607625168,"event":{"mods":["BaseMod","DeckTracker","Keyboard Shortcuts","Minty Spire (QoL Compilation)","SuperFastMode","AchievementEnabler"],"gold_per_floor":[116,166,185,5,21,21,47,65,90,102,102,121,46,101,101,174,224,237,237,137,153,163,163,177,177,177,193,193,193],"floor_reached":28,"playtime":932,"items_purged":["Strike_G","Strike_G"],"score":469,"play_id":"86572afd-1775-4ec0-8ae6-d2cbe62cbb8a","local_time":"20201211033248","is_ascension_mode":true,"campfire_choices":[{"data":"Neutralize","floor":6.0,"key":"SMITH"},{"data":"Glass Knife","floor":11.0,"key":"SMITH"},{"data":"Prepared","floor":15.0,"key":"SMITH"},{"data":"Calculated Gamble","floor":23,"key":"SMITH"}],"circlet_count":0,"master_deck":["AscendersBane","Strike_G","Strike_G","Strike_G","Defend_G","Defend_G","Defend_G","Defend_G","Defend_G+1","Survivor","Neutralize+1","Backflip","Skewer","Grand Finale+1","Escape Plan+1","Calculated Gamble+1","Prepared+1","After Image","Venomology"],"special_seed":0,"relics":["Ring of the Snake","NeowsBlessing","War Paint","Pen Nib","Anchor","Tiny House","Torii"],"acts_visited":["Exordium","TheCity"],"potions_floor_usage":[22,22],"damage_taken":[{"damage":0.0,"enemies":"Small Slimes","floor":1.0,"turns":1.0},{"damage":0.0,"enemies":"Cultist","floor":3.0,"turns":1.0},{"damage":0.0,"enemies":"Jaw Worm","floor":5.0,"turns":1.0},{"damage":8.0,"enemies":"Gremlin Nob","floor":7.0,"turns":3.0},{"damage":0.0,"enemies":"3 Louse","floor":8.0,"turns":6.0},{"damage":17.0,"enemies":"Red Slaver","floor":10.0,"turns":4.0},{"damage":0.0,"enemies":"Large Slime","floor":12.0,"turns":3.0},{"damage":7.0,"enemies":"Lagavulin Event","floor":14.0,"turns":6.0},{"damage":26.0,"enemies":"Slime Boss","floor":16.0,"turns":9.0},{"damage":3.0,"enemies":"Shell Parasite","floor":18.0,"turns":9.0},{"damage":14.0,"enemies":"Spheric Guardian","floor":21.0,"turns":4.0},{"damage":0,"enemies":"Snecko","floor":22,"turns":6},{"damage":9,"enemies":"Snake Plant","floor":24,"turns":7},{"damage":17,"enemies":"Shelled Parasite and Fungi","floor":27,"turns":16},{"damage":0,"enemies":"Cultist and Chosen","floor":28,"turns":2}],"seed_played":"2534806630376896726","potions_obtained":[{"floor":5.0,"key":"Dexterity Potion"},{"floor":10.0,"key":"BlessingOfTheForge"},{"floor":14.0,"key":"LiquidBronze"},{"floor":17.0,"key":"EssenceOfSteel"},{"floor":21.0,"key":"Poison Potion"}],"is_trial":false,"path_per_floor":["M","?","M","$","M","R","E","M","T","M","R","M","$","?","R","B",null,"M","?","$","M","M","R","M","?","T","M","M"],"character_chosen":"THE_SILENT","items_purchased":["Grand Finale"],"campfire_rested":0,"item_purchase_floors":[4],"current_hp_per_floor":[59,59,59,59,59,59,51,51,51,34,34,34,34,27,27,1,55,52,32,32,18,18,18,9,86,86,69,69,69],"gold":193,"neow_bonus":"THREE_ENEMY_KILL","is_daily":false,"chose_seed":false,"campfire_upgraded":4,"win_rate":0,"timestamp":1607625168,"path_taken":["M","?","?","?","M","R","E","M","T","M","R","M","$","?","R","BOSS","M","?","$","M","M","R","M","?","T","?","M"],"build_version":"2020-11-30","purchased_purges":2,"victory":false,"max_hp_per_floor":[66,66,66,66,66,66,66,66,66,66,66,66,66,66,66,66,71,71,76,76,76,76,76,76,86,86,86,86,86],"card_choices":[{"not_picked":["Flying Knee","Dodge and Roll"],"picked":"Backflip","floor":1.0},{"not_picked":["Finisher","Prepared"],"picked":"Skewer","floor":3.0},{"not_picked":["Backflip","Setup"],"picked":"Escape Plan","floor":5.0},{"not_picked":["Flechettes","Noxious Fumes","Dagger Spray"],"picked":"SKIP","floor":7.0},{"not_picked":["Sucker Punch","Underhanded Strike","Backstab"],"picked":"SKIP","floor":8.0},{"not_picked":["Poisoned Stab","Concentrate"],"picked":"Glass Knife","floor":10.0},{"not_picked":["Dagger Throw","Slice"],"picked":"Calculated Gamble","floor":12.0},{"not_picked":["Backstab","Slice"],"picked":"Prepared","floor":14.0},{"not_picked":["Envenom","Corpse Explosion"],"picked":"After Image","floor":16.0},{"not_picked":["Cloak And Dagger","Dodge and Roll","Sucker Punch"],"picked":"SKIP","floor":18.0},{"not_picked":["Leg Sweep","Underhanded Strike+1","Deadly Poison"],"picked":"SKIP","floor":21.0},{"not_picked":["Dagger Throw","Skewer","Sucker Punch"],"picked":"SKIP","floor":22},{"not_picked":["Poisoned Stab+1","Slice","Terror"],"picked":"SKIP","floor":24},{"not_picked":["Deadly Poison","Poisoned Stab"],"picked":"Venomology","floor":27}],"player_experience":1189408,"relics_obtained":[{"floor":7.0,"key":"War Paint"},{"floor":9.0,"key":"Pen Nib"},{"floor":26,"key":"Torii"}],"event_choices":[{"damage_healed":0.0,"max_hp_gain":0.0,"max_hp_loss":0.0,"gold_gain":50.0,"event_name":"Golden Shrine","player_choice":"Pray","floor":2.0,"gold_loss":0.0,"damage_taken":0.0},{"damage_healed":0.0,"max_hp_gain":0.0,"max_hp_loss":0.0,"gold_gain":0.0,"event_name":"Dead Adventurer","player_choice":"Searched \u00273\u0027 times","floor":14.0,"gold_loss":0.0,"damage_taken":0.0,"relics_obtained":["Anchor"]},{"damage_healed":0.0,"max_hp_gain":5.0,"max_hp_loss":0.0,"gold_gain":0.0,"event_name":"Forgotten Altar","player_choice":"Shed Blood","floor":19.0,"gold_loss":0.0,"damage_taken":25.0},{"cards_removed":["Glass Knife"],"damage_healed":67,"gold_gain":0,"player_choice":"Offered Rare","damage_taken":0,"max_hp_gain":10,"max_hp_loss":0,"event_name":"Bonfire Elementals","floor":25,"gold_loss":0}],"is_beta":false,"boss_relics":[{"not_picked":["Snecko Eye","Ring of the Serpent"],"picked":"Tiny House"}],"items_purged_floors":[13,20],"is_endless":false,"potions_floor_spawned":[5,10,12,14,21],"killed_by":"Cultist and Chosen","ascension_level":20}}