{"host":"p7j7o00jacnw7qzt","time":1607578233,"event":{"gold_per_floor":[157,82,122,162,202,202,237,237,237,331,382,474,474,132,132,211,211,221,221,265,265,315,315,357,357,357,357,419,419,445,486,486,486,486],"floor_reached":33,"playtime":1320,"items_purged":["Strike_G","Strike_G"],"score":554,"play_id":"015d7c30-0820-4ba3-a332-1ac6cececf96","local_time":"20201210003033","is_ascension_mode":true,"campfire_choices":[{"data":"HandOfGreed","floor":6.0,"key":"SMITH"},{"data":"Blade Dance","floor":8.0,"key":"SMITH"},{"data":"Caltrops","floor":15.0,"key":"SMITH"},{"data":"Accuracy","floor":23.0,"key":"SMITH"},{"data":"Acrobatics","floor":25.0,"key":"SMITH"},{"data":"Neutralize","floor":27.0,"key":"SMITH"},{"floor":29.0,"key":"RECALL"},{"floor":32.0,"key":"REST"}],"neow_cost":"PERCENT_DAMAGE","seed_source_timestamp":2165535022177900,"circlet_count":0,"master_deck":["AscendersBane","Strike_G","Strike_G","Strike_G","Defend_G","Defend_G","Defend_G","Defend_G","Defend_G","Survivor","Neutralize+1","HandOfGreed+1","Backstab","Caltrops+1","Blade Dance+1","Accuracy+1","Venomology","Venomology","Acrobatics+1","Backflip","Terror"],"special_seed":0,"relics":["Ring of the Snake","Gremlin Horn","Eternal Feather","OrangePellets","Runic Dome","Pen Nib","Bag of Marbles"],"potions_floor_usage":[33,33],"damage_taken":[{"damage":3.0,"enemies":"2 Louse","floor":1.0,"turns":4.0},{"damage":1.0,"enemies":"Cultist","floor":3.0,"turns":5.0},{"damage":1.0,"enemies":"Jaw Worm","floor":4.0,"turns":7.0},{"damage":0.0,"enemies":"2 Fungi Beasts","floor":5.0,"turns":2.0},{"damage":24.0,"enemies":"Gremlin Nob","floor":7.0,"turns":4.0},{"damage":0.0,"enemies":"Gremlin Gang","floor":10.0,"turns":7.0},{"damage":12.0,"enemies":"Lagavulin","floor":11.0,"turns":6.0},{"damage":0.0,"enemies":"Lots of Slimes","floor":12.0,"turns":5.0},{"damage":5.0,"enemies":"Hexaghost","floor":16.0,"turns":7.0},{"damage":27.0,"enemies":"Shell Parasite","floor":18.0,"turns":5.0},{"damage":1.0,"enemies":"2 Thieves","floor":20.0,"turns":3.0},{"damage":9.0,"enemies":"Cultist and Chosen","floor":24.0,"turns":6.0},{"damage":15.0,"enemies":"Centurion and Healer","floor":28.0,"turns":6.0},{"damage":50.0,"enemies":"Book of Stabbing","floor":30.0,"turns":5.0},{"damage":0.0,"enemies":"Shelled Parasite and Fungi","floor":31.0,"turns":1.0},{"damage":74,"enemies":"Champ","floor":33,"turns":9}],"seed_played":"-5987218730747986017","potions_obtained":[{"floor":1.0,"key":"Weak Potion"},{"floor":3.0,"key":"SmokeBomb"},{"floor":11.0,"key":"PowerPotion"},{"floor":30.0,"key":"FearPotion"}],"is_trial":false,"path_per_floor":["M","$","M","M","M","R","E","R","T","M","E","M","?","$","R","B",null,"M","?","M","?","?","R","M","R","T","R","M","R","E","M","R","B"],"character_chosen":"THE_SILENT","items_purchased":["Accuracy","OrangePellets"],"campfire_rested":1,"item_purchase_floors":[14,14],"current_hp_per_floor":[41,41,40,39,39,39,15,15,15,15,3,3,3,3,12,7,51,24,24,23,23,17,26,17,26,26,35,20,32,7,7,38,0,0],"gold":486,"neow_bonus":"RANDOM_COLORLESS_2","is_prod":false,"is_daily":false,"chose_seed":false,"campfire_upgraded":6,"win_rate":0,"timestamp":1607578233,"path_taken":["M","$","M","M","M","R","E","R","T","M","E","M","?","$","R","BOSS","M","?","?","?","?","R","?","R","T","R","M","R","E","M","R","BOSS"],"build_version":"2020-11-30","purchased_purges":2,"victory":false,"max_hp_per_floor":[66,66,66,66,66,66,66,66,66,66,66,66,66,66,66,66,66,66,66,66,66,66,66,66,66,66,66,66,66,66,66,66,66,66],"relic_stats":{"OrangePellets":[5],"Gremlin Horn":[11,11],"counters":[16,82],"Eternal Feather":60,"Pen Nib":[6],"obtain_stats":[{"OrangePellets":14,"Runic Dome":17,"Gremlin Horn":9,"Eternal Feather":11,"Pen Nib":26,"Bag of Marbles":30,"Ring of the Snake":0},{"OrangePellets":8,"Runic Dome":9,"Gremlin Horn":5,"Eternal Feather":7,"Pen Nib":12,"Bag of Marbles":14,"Ring of the Snake":0},{"OrangePellets":40,"Runic Dome":47,"Gremlin Horn":22,"Eternal Feather":35,"Pen Nib":61,"Bag of Marbles":72,"Ring of the Snake":0}],"Ring of the Snake":[32]},"card_choices":[{"not_picked":["Transmutation","Master of Strategy"],"picked":"HandOfGreed","floor":0.0},{"not_picked":["Flying Knee","Outmaneuver"],"picked":"Backstab","floor":1.0},{"not_picked":["Poisoned Stab","Underhanded Strike"],"picked":"Caltrops","floor":3.0},{"not_picked":["Deflect","Distraction"],"picked":"Blade Dance","floor":4.0},{"not_picked":["PiercingWail","Skewer","Flying Knee"],"picked":"SKIP","floor":5.0},{"not_picked":["Underhanded Strike","Glass Knife","Dagger Spray"],"picked":"SKIP","floor":7.0},{"not_picked":["Deflect","Predator","Underhanded Strike"],"picked":"SKIP","floor":10.0},{"not_picked":["Catalyst","Backstab","Underhanded Strike"],"picked":"SKIP","floor":11.0},{"not_picked":["Quick Slash","Deflect","Infinite Blades"],"picked":"SKIP","floor":12.0},{"not_picked":["Glass Knife","A Thousand Cuts"],"picked":"Venomology","floor":16.0},{"not_picked":["Infinite Blades","Cloak And Dagger+1","PiercingWail"],"picked":"SKIP","floor":18.0},{"not_picked":["Prepared","Predator"],"picked":"Acrobatics","floor":20.0},{"not_picked":["Dagger Spray","Glass Knife","Bouncing Flask"],"picked":"SKIP","floor":24.0},{"not_picked":["Dagger Throw","Deadly Poison"],"picked":"Backflip","floor":28.0},{"not_picked":["Riddle With Holes","Cloak And Dagger","Wraith Form v2"],"picked":"SKIP","floor":30.0},{"not_picked":["Accuracy","Bane"],"picked":"Terror","floor":31.0}],"player_experience":725892,"relics_obtained":[{"floor":9.0,"key":"Gremlin Horn"},{"floor":11.0,"key":"Eternal Feather"},{"floor":26.0,"key":"Pen Nib"},{"floor":30.0,"key":"Bag of Marbles"}],"event_choices":[{"damage_healed":0.0,"max_hp_gain":0.0,"max_hp_loss":0.0,"gold_gain":0.0,"event_name":"Shining Light","player_choice":"Ignored","floor":13.0,"gold_loss":0.0,"damage_taken":0.0},{"damage_healed":0.0,"max_hp_gain":0.0,"max_hp_loss":0.0,"gold_gain":0.0,"event_name":"Duplicator","player_choice":"Copied","floor":19.0,"gold_loss":0.0,"damage_taken":0.0,"cards_obtained":["Venomology"]},{"damage_healed":0.0,"max_hp_gain":0.0,"max_hp_loss":0.0,"gold_gain":0.0,"event_name":"Vampires","player_choice":"Ignored","floor":21.0,"gold_loss":0.0,"damage_taken":0.0},{"damage_healed":0.0,"max_hp_gain":0.0,"max_hp_loss":0.0,"gold_gain":50.0,"event_name":"FaceTrader","player_choice":"Touch","floor":22.0,"gold_loss":0.0,"damage_taken":6.0}],"is_beta":false,"boss_relics":[{"not_picked":["SlaversCollar","Runic Pyramid"],"picked":"Runic Dome"}],"items_purged_floors":[2,14],"is_endless":false,"potions_floor_spawned":[1,3,11,18,28,30],"killed_by":"Champ","ascension_level":20}}