{"host":"e4hse1vg61zltgzv","time":1607603256,"event":{"gold_per_floor":[15,15,35,51,62,62,91,91,114,114,129,129,162,42,42,114,114,134,134,151,166,177,203,203,235,271,311,223,223,258,269,269,348,348,359,377,377,164,183,215,215,243,270,270,31,50,69,69,69,69,69,69,69,69,98,98,98],"floor_reached":56,"playtime":1654,"items_purged":["Bouncing Flask","Defend_G","Defend_G","Defend_G"],"score":3290,"play_id":"07031d5f-611e-4824-b0de-8a6c15d1a3a0","local_time":"20201210212736","is_ascension_mode":true,"campfire_choices":[{"data":"Calculated Gamble","floor":6,"key":"SMITH"},{"data":"Neutralize","floor":8,"key":"SMITH"},{"data":"Deadly Poison","floor":10,"key":"SMITH"},{"data":"Noxious Fumes","floor":15,"key":"SMITH"},{"data":"Catalyst","floor":24,"key":"SMITH"},{"floor":29,"key":"RECALL"},{"data":"Survivor","floor":32,"key":"SMITH"},{"data":"Blur","floor":41,"key":"SMITH"},{"data":"Deadly Poison+1","floor":49,"key":"PURGE"},{"data":"Neutralize+1","floor":53,"key":"PURGE"}],"neow_cost":"NO_GOLD","seed_source_timestamp":144744101001200,"circlet_count":0,"master_deck":["Survivor+1","Bouncing Flask+1","Calculated Gamble+1","Noxious Fumes+1","Catalyst+1","Blur+1","Escape Plan+1","Escape Plan","Reflex+1"],"relics":["Ring of the Snake","The Specimen","TwistedFunnel","Snake Skull","Singing Bowl","Black Star","Sundial","Tiny Chest","Akabeko","Omamori","HornCleat","Ninja Scroll","HoveringKite","Bronze Scales","Ornamental Fan","Bottled Tornado","MawBank","Matryoshka","Bag of Preparation","Happy Flower","PreservedInsect","Coffee Dripper","Sundial","Paper Crane","Peace Pipe","Mercury Hourglass","Centennial Puzzle","Letter Opener","Strawberry","Juzu Bracelet","Molten Egg 2","Nunchaku","Boot"],"potions_floor_usage":[7,13,16,16,22,50,51],"damage_taken":[{"damage":4,"enemies":"Small Slimes","floor":1,"turns":2},{"damage":0,"enemies":"Cultist","floor":3,"turns":2},{"damage":4,"enemies":"Jaw Worm","floor":4,"turns":2},{"damage":2,"enemies":"2 Fungi Beasts","floor":5,"turns":2},{"damage":9,"enemies":"3 Sentries","floor":7,"turns":4},{"damage":3,"enemies":"Exordium Thugs","floor":11,"turns":2},{"damage":0,"enemies":"Lagavulin","floor":13,"turns":2},{"damage":31,"enemies":"Slime Boss","floor":16,"turns":7},{"damage":0,"enemies":"3 Byrds","floor":18,"turns":2},{"damage":0,"enemies":"Chosen","floor":20,"turns":2},{"damage":0,"enemies":"Centurion and Healer","floor":21,"turns":3},{"damage":5,"enemies":"Snake Plant","floor":22,"turns":3},{"damage":24,"enemies":"Book of Stabbing","floor":23,"turns":3},{"damage":8,"enemies":"Gremlin Leader","floor":25,"turns":2},{"damage":0,"enemies":"Book of Stabbing","floor":27,"turns":3},{"damage":16,"enemies":"Slavers","floor":30,"turns":3},{"damage":0,"enemies":"Snecko","floor":31,"turns":2},{"damage":0,"enemies":"Champ","floor":33,"turns":4},{"damage":0,"enemies":"3 Shapes","floor":35,"turns":2},{"damage":0,"enemies":"Orb Walker","floor":36,"turns":2},{"damage":0,"enemies":"4 Shapes","floor":39,"turns":3},{"damage":0,"enemies":"Giant Head","floor":40,"turns":4},{"damage":0,"enemies":"Nemesis","floor":42,"turns":3},{"damage":0,"enemies":"3 Darklings","floor":46,"turns":2},{"damage":0,"enemies":"Transient","floor":47,"turns":6},{"damage":0,"enemies":"Awakened One","floor":50,"turns":8},{"damage":0,"enemies":"Donu and Deca","floor":51,"turns":4},{"damage":0,"enemies":"Shield and Spear","floor":55,"turns":1}],"seed_played":"1130553528445747390","potions_obtained":[{"floor":4,"key":"LiquidMemories"},{"floor":5,"key":"BlessingOfTheForge"},{"floor":11,"key":"EssenceOfSteel"},{"floor":13,"key":"SkillPotion"},{"floor":16,"key":"Swift Potion"},{"floor":21,"key":"Regen Potion"},{"floor":23,"key":"Swift Potion"}],"is_trial":false,"path_per_floor":["M","?","M","M","M","R","E","R","T","R","M","?","E","$","R","B",null,"M","?","M","M","M","E","R","E","T","E","$","R","E","M","R","B",null,"M","M","T","$","M","E","R","E","T","?","$","M","M","T","R","B","B",null,"R","$","E","B"],"character_chosen":"THE_SILENT","items_purchased":["Noxious Fumes","Blur","Escape Plan"],"campfire_rested":0,"item_purchase_floors":[14,38,45],"current_hp_per_floor":[55,55,57,53,53,53,46,46,46,46,45,38,40,40,40,11,61,63,63,65,67,76,54,54,48,48,50,50,50,36,38,38,40,84,86,88,88,88,90,92,92,92,99,99,99,101,103,103,103,103,103,114,114,114,116,110,110],"gold":98,"neow_bonus":"TRANSFORM_TWO_CARDS","is_prod":false,"is_daily":false,"chose_seed":false,"campfire_upgraded":7,"win_rate":0,"timestamp":1607603256,"path_taken":["M","?","M","M","M","R","E","R","T","R","?","?","E","$","R","BOSS","M","?","M","M","M","E","R","E","T","E","$","R","E","M","R","BOSS","M","M","?","?","M","E","R","E","T","?","?","M","M","?","R","BOSS","BOSS","R","$","E","BOSS"],"build_version":"2020-11-30","purchased_purges":4,"victory":false,"max_hp_per_floor":[66,66,68,68,70,70,72,72,72,72,74,74,76,76,76,78,78,80,80,82,84,86,88,88,90,90,92,92,92,94,96,96,98,98,100,102,102,102,104,106,106,106,113,113,113,115,117,117,117,117,117,117,117,117,119,119,119],"card_choices":[{"not_picked":["Leg Sweep","Blade Dance"],"picked":"Deadly Poison","floor":1},{"not_picked":["Eviscerate","Deadly Poison","Outmaneuver"],"picked":"Singing Bowl","floor":3},{"not_picked":["Bane","Deflect"],"picked":"Calculated Gamble","floor":4},{"not_picked":["Finisher","Footwork","Dodge and Roll"],"picked":"Singing Bowl","floor":5},{"not_picked":["Concentrate","Infinite Blades","Cloak And Dagger"],"picked":"Singing Bowl","floor":7},{"not_picked":["PiercingWail","Endless Agony","Outmaneuver"],"picked":"Singing Bowl","floor":11},{"not_picked":["Bane","Slice","Cloak And Dagger"],"picked":"Singing Bowl","floor":13},{"not_picked":["Bullet Time","Grand Finale","Doppelganger"],"picked":"Singing Bowl","floor":16},{"not_picked":["Bane","Blade Dance","Dagger Throw"],"picked":"Singing Bowl","floor":18},{"not_picked":["Dagger Spray","Backflip","Flying Knee"],"picked":"Singing Bowl","floor":20},{"not_picked":["Underhanded Strike","Corpse Explosion","Cloak And Dagger"],"picked":"Singing Bowl","floor":21},{"not_picked":["All Out Attack","Outmaneuver","Distraction"],"picked":"Singing Bowl","floor":22},{"not_picked":["Acrobatics","Noxious Fumes","Well Laid Plans"],"picked":"Singing Bowl","floor":23},{"not_picked":["Concentrate+1","Phantasmal Killer","Underhanded Strike"],"picked":"Singing Bowl","floor":25},{"not_picked":["Backflip","Dash+1","Night Terror"],"picked":"Singing Bowl","floor":27},{"not_picked":["Caltrops","Bouncing Flask","Expertise+1"],"picked":"Singing Bowl","floor":30},{"not_picked":["Dagger Throw","Dagger Spray","Prepared"],"picked":"Singing Bowl","floor":31},{"not_picked":["Night Terror","Envenom","Storm of Steel"],"picked":"Singing Bowl","floor":33},{"not_picked":["Poisoned Stab+1","Footwork+1","Calculated Gamble"],"picked":"Singing Bowl","floor":35},{"not_picked":["Dagger Throw","Acrobatics","Dagger Spray+1"],"picked":"Singing Bowl","floor":36},{"not_picked":["Choke","Backstab","Bouncing Flask+1"],"picked":"Singing Bowl","floor":39},{"not_picked":["Finisher","Heel Hook+1","Bouncing Flask+1"],"picked":"Singing Bowl","floor":40},{"not_picked":["Setup","Caltrops"],"picked":"Escape Plan+1","floor":42},{"not_picked":["Tactician","Underhanded Strike","Distraction+1"],"picked":"Singing Bowl","floor":46},{"not_picked":["Slice","Dagger Spray","Noxious Fumes"],"picked":"Singing Bowl","floor":47},{"not_picked":["Outmaneuver","Blade Dance","Blur"],"picked":"Singing Bowl","floor":55}],"player_experience":717046,"relics_obtained":[{"floor":7,"key":"Tiny Chest"},{"floor":7,"key":"Akabeko"},{"floor":9,"key":"Omamori"},{"floor":13,"key":"HornCleat"},{"floor":13,"key":"Ninja Scroll"},{"floor":23,"key":"Bronze Scales"},{"floor":23,"key":"Ornamental Fan"},{"floor":25,"key":"Bottled Tornado"},{"floor":25,"key":"MawBank"},{"floor":27,"key":"Matryoshka"},{"floor":27,"key":"Bag of Preparation"},{"floor":30,"key":"Happy Flower"},{"floor":30,"key":"PreservedInsect"},{"floor":37,"key":"Sundial"},{"floor":37,"key":"Paper Crane"},{"floor":40,"key":"Peace Pipe"},{"floor":40,"key":"Mercury Hourglass"},{"floor":42,"key":"Centennial Puzzle"},{"floor":42,"key":"Letter Opener"},{"floor":43,"key":"Strawberry"},{"floor":43,"key":"Juzu Bracelet"},{"floor":48,"key":"Molten Egg 2"},{"floor":55,"key":"Nunchaku"},{"floor":55,"key":"Boot"}],"event_choices":[{"damage_healed":0,"gold_gain":0,"player_choice":"Forge","damage_taken":0,"max_hp_gain":0,"max_hp_loss":0,"event_name":"Accursed Blacksmith","floor":2,"gold_loss":0,"cards_upgraded":["Bouncing Flask"]},{"cards_removed":["Expertise"],"damage_healed":0,"gold_gain":0,"player_choice":"Card Removal","damage_taken":7,"max_hp_gain":0,"max_hp_loss":0,"event_name":"Golden Wing","floor":12,"gold_loss":0},{"damage_healed":0,"gold_gain":0,"player_choice":"Read","damage_taken":0,"max_hp_gain":0,"max_hp_loss":0,"event_name":"The Library","floor":19,"gold_loss":0,"cards_obtained":["Catalyst"]},{"damage_healed":0,"gold_gain":0,"player_choice":"Cursed","damage_taken":0,"max_hp_gain":0,"max_hp_loss":0,"event_name":"Wheel of Change","floor":44,"gold_loss":0,"cards_obtained":["Decay"]}],"is_beta":false,"boss_relics":[{"not_picked":["Fusion Hammer","SlaversCollar"],"picked":"HoveringKite"},{"not_picked":["Snecko Eye","Empty Cage"],"picked":"Coffee Dripper"}],"items_purged_floors":[14,28,38,45],"is_endless":false,"potions_floor_spawned":[4,5,11,13,16,21,23,25,27,33,39,40,47],"killed_by":"The Heart","ascension_level":20}}