{"host":"6ko66ogg91i6g7xq","time":1607577909,"event":{"gold_per_floor":[109,109,119,119,119,153,8,8,61,73,110,137,149,149],"floor_reached":13,"playtime":166,"items_purged":[],"score":128,"play_id":"c077cd72-234b-4075-8a8c-977634f7a829","local_time":"20201210002509","is_ascension_mode":true,"campfire_choices":[{"floor":8,"key":"RECALL"},{"data":"Sucker Punch","floor":10,"key":"SMITH"}],"neow_cost":"NONE","seed_source_timestamp":207367632006700,"circlet_count":0,"master_deck":["Strike_G","Strike_G","Strike_G","Strike_G","Strike_G","Defend_G","Defend_G","Defend_G","Defend_G","Defend_G","Survivor","Neutralize","Regret","Dodge and Roll","Sucker Punch+1","Finisher","Burst"],"relics":["Ring of the Snake","NeowsBlessing","Happy Flower","Art of War","Ancient Tea Set","TwistedFunnel","MawBank","Bottled Lightning"],"potions_floor_usage":[11],"damage_taken":[{"damage":0,"enemies":"2 Louse","floor":1,"turns":1},{"damage":0,"enemies":"Small Slimes","floor":3,"turns":1},{"damage":0,"enemies":"Lagavulin","floor":6,"turns":1},{"damage":18,"enemies":"Gremlin Nob","floor":11,"turns":5},{"damage":0,"enemies":"Jaw Worm","floor":12,"turns":3},{"damage":0,"enemies":"Lagavulin","floor":13,"turns":1}],"seed_played":"1314265877724547394","potions_obtained":[{"floor":1,"key":"Fruit Juice"},{"floor":6,"key":"DuplicationPotion"}],"is_trial":false,"path_per_floor":["M","?","M","$","?","E","$","R","T","R","E","M","E"],"character_chosen":"THE_SILENT","items_purchased":["TwistedFunnel"],"campfire_rested":0,"item_purchase_floors":[7],"current_hp_per_floor":[70,70,70,70,67,67,67,67,67,67,49,49,49,49],"gold":149,"neow_bonus":"THREE_ENEMY_KILL","is_prod":false,"is_daily":false,"chose_seed":false,"campfire_upgraded":1,"win_rate":0,"timestamp":1607577909,"path_taken":["M","?","M","$","?","E","?","R","T","R","E","?","E"],"build_version":"2020-11-30","purchased_purges":0,"victory":false,"max_hp_per_floor":[70,70,70,70,70,70,70,70,70,70,70,70,70,70],"relic_stats":{"Happy Flower":[3],"counters":[6,12],"Art of War":[0],"MawBank":48,"obtain_stats":[{"TwistedFunnel":7,"NeowsBlessing":0,"Happy Flower":2,"Art of War":5,"Bottled Lightning":11,"Ancient Tea Set":6,"MawBank":9,"Ring of the Snake":0},{"TwistedFunnel":3,"NeowsBlessing":0,"Happy Flower":1,"Art of War":2,"Bottled Lightning":4,"Ancient Tea Set":3,"MawBank":3,"Ring of the Snake":0},{"TwistedFunnel":3,"NeowsBlessing":0,"Happy Flower":1,"Art of War":2,"Bottled Lightning":8,"Ancient Tea Set":3,"MawBank":3,"Ring of the Snake":0}],"Ring of the Snake":[12]},"card_choices":[{"not_picked":["Dagger Throw","Deflect","Riddle With Holes"],"picked":"SKIP","floor":1},{"not_picked":["Underhanded Strike","Flechettes"],"picked":"Dodge and Roll","floor":3},{"not_picked":["Dagger Throw","Slice"],"picked":"Sucker Punch","floor":6},{"not_picked":["Blade Dance","Well Laid Plans"],"picked":"Finisher","floor":11},{"not_picked":["Escape Plan","Underhanded Strike"],"picked":"Burst","floor":12}],"player_experience":252548,"relics_obtained":[{"floor":6,"key":"Ancient Tea Set"},{"floor":9,"key":"MawBank"},{"floor":11,"key":"Bottled Lightning"}],"event_choices":[{"damage_healed":0,"gold_gain":0,"player_choice":"Box","damage_taken":0,"relics_obtained":["Happy Flower"],"max_hp_gain":0,"max_hp_loss":0,"event_name":"Big Fish","floor":2,"gold_loss":0,"cards_obtained":["Regret"]},{"damage_healed":0,"gold_gain":0,"player_choice":"Success","damage_taken":3,"relics_obtained":["Art of War"],"max_hp_gain":0,"max_hp_loss":0,"event_name":"Scrap Ooze","floor":5,"gold_loss":0}],"is_beta":false,"boss_relics":[],"items_purged_floors":[],"is_endless":false,"potions_floor_spawned":[1,6],"killed_by":"Lagavulin","ascension_level":2}}