{"host":"27hat5v0dffgaxzm","time":1607627478,"event":{"mods":["BaseMod","Highlight Path","Minty Spire (QoL Compilation)","Quick Restart","Permanent Neow","Colored Map","Colored Powertips"],"gold_per_floor":[151,201,28,65,99,99,24,75,75,184,29,29,43,43,43,43,43],"floor_reached":16,"playtime":514,"items_purged":["Strike_G"],"score":216,"play_id":"01cd570f-79e3-4f3a-81d2-93fbe405a724","local_time":"20201211041118","is_ascension_mode":true,"campfire_choices":[{"data":"HandOfGreed","floor":6.0,"key":"SMITH"},{"floor":12.0,"key":"REST"},{"data":"1","floor":15.0,"key":"LIFT"}],"circlet_count":0,"master_deck":["AscendersBane","Strike_G","Strike_G","Strike_G","Strike_G","Defend_G","Defend_G","Defend_G","Defend_G","Defend_G","Survivor","Neutralize","HandOfGreed+1","Prepared","Deadly Poison","Caltrops","Blade Dance","Flash of Steel","PiercingWail","Finisher"],"special_seed":0,"relics":["Ring of the Snake","Sling","Shuriken","Ninja Scroll","Girya"],"acts_visited":["Exordium"],"potions_floor_usage":[16,16],"damage_taken":[{"damage":0.0,"enemies":"2 Louse","floor":1.0,"turns":4.0},{"damage":7.0,"enemies":"Cultist","floor":4.0,"turns":5.0},{"damage":4.0,"enemies":"Jaw Worm","floor":5.0,"turns":5.0},{"damage":17.0,"enemies":"Lagavulin","floor":8.0,"turns":6.0},{"damage":24.0,"enemies":"3 Sentries","floor":10.0,"turns":8.0},{"damage":13.0,"enemies":"Exordium Wildlife","floor":13.0,"turns":4.0},{"damage":9,"enemies":"Hexaghost","floor":16,"turns":5}],"seed_played":"-5371730351002581518","potions_obtained":[{"floor":4.0,"key":"Block Potion"},{"floor":8.0,"key":"PowerPotion"},{"floor":10.0,"key":"DuplicationPotion"}],"is_trial":false,"path_per_floor":["M","?","$","M","M","R","$","E","T","E","$","R","M","?","R","B"],"character_chosen":"THE_SILENT","items_purchased":["Sling","Flash of Steel","PiercingWail"],"campfire_rested":1,"item_purchase_floors":[3,11,11],"current_hp_per_floor":[59,53,53,46,42,42,42,25,25,1,1,19,6,6,6,0,0],"gold":43,"neow_bonus":"RANDOM_COLORLESS_2","is_daily":false,"chose_seed":false,"campfire_upgraded":1,"win_rate":0,"timestamp":1607627478,"path_taken":["M","?","$","M","M","R","?","E","T","E","$","R","?","?","R","BOSS"],"build_version":"2020-11-30","purchased_purges":1,"victory":false,"max_hp_per_floor":[60,60,60,60,60,60,60,60,60,60,60,60,60,60,60,60,60],"card_choices":[{"not_picked":["Thinking Ahead","Mayhem"],"picked":"HandOfGreed","floor":0.0},{"not_picked":["Quick Slash","Cloak And Dagger"],"picked":"Prepared","floor":1.0},{"not_picked":["Deflect","Poisoned Stab"],"picked":"Deadly Poison","floor":4.0},{"not_picked":["Backflip","Accuracy"],"picked":"Caltrops","floor":5.0},{"not_picked":["Dash","Distraction","Flying Knee"],"picked":"SKIP","floor":8.0},{"not_picked":["Corpse Explosion","Cloak And Dagger"],"picked":"Blade Dance","floor":10.0},{"not_picked":["Dagger Throw","Dodge and Roll"],"picked":"Finisher","floor":13.0}],"player_experience":298760,"relics_obtained":[{"floor":8.0,"key":"Shuriken"},{"floor":9.0,"key":"Ninja Scroll"},{"floor":10.0,"key":"Girya"}],"event_choices":[{"damage_healed":0.0,"max_hp_gain":0.0,"max_hp_loss":0.0,"gold_gain":50.0,"event_name":"FaceTrader","player_choice":"Touch","floor":2.0,"gold_loss":0.0,"damage_taken":6.0},{"damage_healed":0.0,"max_hp_gain":0.0,"max_hp_loss":0.0,"gold_gain":0.0,"event_name":"Liars Game","player_choice":"Ignored","floor":14.0,"gold_loss":0.0,"damage_taken":0.0}],"is_beta":false,"boss_relics":[],"items_purged_floors":[7],"is_endless":false,"potions_floor_spawned":[4,8,10,13],"killed_by":"Hexaghost","ascension_level":20}}