{"host":"p7j7o00jacnw7qzt","time":1607581146,"event":{"gold_per_floor":[116,133,148,158,83,118,118,128,207,232,246,271,22,32,32,106,156,172,172,186,186,220,220,220,220],"floor_reached":24,"playtime":1843,"items_purged":[],"score":486,"play_id":"e1c61cbb-ab08-49fc-8ad0-95dbb34a7e71","local_time":"20201210011906","is_ascension_mode":true,"campfire_choices":[{"data":"Feed","floor":7.0,"key":"SMITH"},{"data":"Armaments","floor":15.0,"key":"SMITH"},{"data":"Shockwave","floor":23,"key":"SMITH"}],"neow_cost":"TEN_PERCENT_HP_LOSS","seed_source_timestamp":2167768634621200,"circlet_count":0,"master_deck":["AscendersBane","Strike_R","Strike_R","Strike_R","Defend_R","Defend_R","Defend_R","Bash","Berserk","Feed+1","Bloodletting","Pommel Strike","Second Wind","Pommel Strike","Power Through","Dual Wield","Armaments+1","Feel No Pain","Reaper+1","Impervious","Decay","Feel No Pain","Shockwave+1"],"special_seed":0,"relics":["Burning Blood","WingedGreaves","Blue Candle","Gambling Chip","Juzu Bracelet","Membership Card","Tiny House","Red Mask"],"potions_floor_usage":[22],"damage_taken":[{"damage":12.0,"enemies":"Jaw Worm","floor":1.0,"turns":2.0},{"damage":8.0,"enemies":"Small Slimes","floor":2.0,"turns":3.0},{"damage":2.0,"enemies":"2 Louse","floor":3.0,"turns":4.0},{"damage":7.0,"enemies":"2 Fungi Beasts","floor":4.0,"turns":3.0},{"damage":12.0,"enemies":"Gremlin Nob","floor":6.0,"turns":3.0},{"damage":10.0,"enemies":"Gremlin Gang","floor":8.0,"turns":6.0},{"damage":26.0,"enemies":"Lagavulin","floor":10.0,"turns":6.0},{"damage":12.0,"enemies":"3 Louse","floor":11.0,"turns":7.0},{"damage":42.0,"enemies":"3 Sentries","floor":12.0,"turns":10.0},{"damage":10.0,"enemies":"Large Slime","floor":14.0,"turns":9.0},{"damage":39.0,"enemies":"Slime Boss","floor":16.0,"turns":18.0},{"damage":21.0,"enemies":"Shell Parasite","floor":18.0,"turns":8.0},{"damage":19.0,"enemies":"2 Thieves","floor":20.0,"turns":4.0},{"damage":65,"enemies":"Masked Bandits","floor":22,"turns":8},{"damage":44,"enemies":"Chosen and Byrds","floor":24,"turns":11}],"seed_played":"-404587438853603876","potions_obtained":[{"floor":1.0,"key":"SteroidPotion"},{"floor":8.0,"key":"LiquidMemories"},{"floor":10.0,"key":"Dexterity Potion"},{"floor":12.0,"key":"DuplicationPotion"},{"floor":17.0,"key":"EssenceOfSteel"},{"floor":18.0,"key":"PowerPotion"}],"is_trial":false,"path_per_floor":["M","M","M","M","?","E","R","M","T","E","M","E","$","M","R","B",null,"M","?","M","?","?","R","M"],"character_chosen":"IRONCLAD","items_purchased":["Membership Card","Reaper"],"campfire_rested":0,"item_purchase_floors":[13,13],"current_hp_per_floor":[65,66,73,75,75,72,72,72,72,56,58,26,26,30,30,15,95,89,89,102,102,53,53,19,19],"gold":220,"neow_bonus":"TRANSFORM_TWO_CARDS","is_prod":false,"is_daily":false,"chose_seed":false,"campfire_upgraded":3,"win_rate":0,"timestamp":1607581146,"path_taken":["M","M","M","M","?","E","R","M","T","E","M","E","$","M","R","BOSS","M","?","M","?","?","R","M"],"build_version":"2020-11-30","purchased_purges":0,"victory":false,"max_hp_per_floor":[71,74,77,80,80,83,83,87,87,91,99,103,103,107,107,115,120,124,124,128,128,132,132,132,132],"relic_stats":{"counters":[15,102],"Blue Candle":[3],"Gambling Chip":[25],"Juzu Bracelet":0,"obtain_stats":[{"Tiny House":17,"Blue Candle":9,"Gambling Chip":10,"WingedGreaves":6,"Juzu Bracelet":12,"Red Mask":22,"Membership Card":13,"Burning Blood":0},{"Tiny House":11,"Blue Candle":6,"Gambling Chip":7,"WingedGreaves":5,"Juzu Bracelet":9,"Red Mask":14,"Membership Card":9,"Burning Blood":0},{"Tiny House":71,"Blue Candle":21,"Gambling Chip":27,"WingedGreaves":15,"Juzu Bracelet":44,"Red Mask":91,"Membership Card":44,"Burning Blood":0}],"Burning Blood":84},"card_choices":[{"not_picked":["Infernal Blade","Wild Strike"],"picked":"Bloodletting","floor":1.0},{"not_picked":["Bloodletting","Rage"],"picked":"Pommel Strike","floor":2.0},{"not_picked":["Iron Wave","Body Slam","Wild Strike"],"picked":"SKIP","floor":3.0},{"not_picked":["Cleave","Sever Soul"],"picked":"Second Wind","floor":4.0},{"not_picked":["Cleave","Perfected Strike"],"picked":"Pommel Strike","floor":6.0},{"not_picked":["Anger","Perfected Strike"],"picked":"Power Through","floor":8.0},{"not_picked":["Thunderclap","True Grit"],"picked":"Dual Wield","floor":10.0},{"not_picked":["Flame Barrier","Headbutt"],"picked":"Armaments","floor":11.0},{"not_picked":["Perfected Strike","Iron Wave"],"picked":"Feel No Pain","floor":12.0},{"not_picked":["Twin Strike","Intimidate","True Grit"],"picked":"SKIP","floor":14.0},{"not_picked":["Limit Break","Immolate"],"picked":"Impervious","floor":16.0},{"not_picked":["Headbutt","Cleave","Uppercut"],"picked":"SKIP","floor":18.0},{"not_picked":["Shrug It Off","Havoc"],"picked":"Feel No Pain","floor":20.0},{"not_picked":["Dual Wield","Warcry"],"picked":"Shockwave","floor":22}],"player_experience":727416,"relics_obtained":[{"floor":6.0,"key":"WingedGreaves"},{"floor":9.0,"key":"Blue Candle"},{"floor":10.0,"key":"Gambling Chip"},{"floor":12.0,"key":"Juzu Bracelet"},{"floor":22,"key":"Red Mask"}],"event_choices":[{"cards_removed":["Strike_R"],"damage_healed":0.0,"max_hp_gain":0.0,"max_hp_loss":0.0,"gold_gain":0.0,"event_name":"The Cleric","player_choice":"Card Removal","floor":5.0,"gold_loss":75.0,"damage_taken":0.0},{"damage_healed":0.0,"max_hp_gain":0.0,"max_hp_loss":0.0,"gold_gain":0.0,"event_name":"Forgotten Altar","player_choice":"Smashed Altar","floor":19.0,"gold_loss":0.0,"damage_taken":0.0,"cards_obtained":["Decay"]},{"damage_healed":0.0,"max_hp_gain":0.0,"max_hp_loss":0.0,"gold_gain":0.0,"event_name":"Vampires","player_choice":"Ignored","floor":21.0,"gold_loss":0.0,"damage_taken":0.0},{"damage_healed":0,"gold_gain":0,"player_choice":"Fought Bandits","damage_taken":0,"max_hp_gain":0,"max_hp_loss":0,"event_name":"Masked Bandits","floor":22,"gold_loss":0}],"is_beta":false,"boss_relics":[{"not_picked":["Philosopher\u0027s Stone","Sozu"],"picked":"Tiny House"}],"items_purged_floors":[],"is_endless":false,"potions_floor_spawned":[1,8,10,12,18],"killed_by":"Chosen and Byrds","ascension_level":20}}