{"host":"krw8blyxua7at9ak","time":1607633235,"event":{"mods":["BaseMod","Highlight Path","Minty Spire (QoL Compilation)","ojb\u0027s Info Mod"],"gold_per_floor":[115,190,190,205,43,77,89,142,224,257,269,269],"floor_reached":11,"playtime":354,"items_purged":[],"score":212,"play_id":"b09cc238-d8af-414b-bffb-f3b5b091bf85","local_time":"20201210214715","is_ascension_mode":true,"campfire_choices":[],"circlet_count":0,"master_deck":["AscendersBane","Strike_G","Strike_G","Strike_G","Strike_G","Defend_G","Defend_G","Defend_G","Defend_G","Defend_G","Survivor","Neutralize","Underhanded Strike","Outmaneuver","Endless Agony","Deadly Poison","Slice+1","Dash+1"],"relics":["Ring of the Snake","NeowsBlessing","Frozen Eye","MawBank","Golden Idol","Molten Egg 2","Paper Crane"],"acts_visited":["Exordium"],"potions_floor_usage":[8,8],"damage_taken":[{"damage":0,"enemies":"Small Slimes","floor":1,"turns":1},{"damage":0,"enemies":"2 Louse","floor":4,"turns":1},{"damage":0,"enemies":"Gremlin Nob","floor":6,"turns":1},{"damage":44,"enemies":"3 Sentries","floor":8,"turns":17},{"damage":0,"enemies":"Jaw Worm","floor":10,"turns":3},{"damage":22,"enemies":"Lagavulin","floor":11,"turns":4}],"seed_played":"-3379711352028694438","potions_obtained":[{"floor":4,"key":"Block Potion"},{"floor":6,"key":"GamblersBrew"}],"is_trial":false,"path_per_floor":["M","?","?","M","$","E","?","E","T","M","E"],"character_chosen":"THE_SILENT","items_purchased":["Frozen Eye"],"campfire_rested":0,"item_purchase_floors":[5],"current_hp_per_floor":[59,59,59,59,59,59,59,15,15,15,0,0],"gold":269,"neow_bonus":"THREE_ENEMY_KILL","is_daily":false,"chose_seed":false,"campfire_upgraded":0,"win_rate":0,"timestamp":1607633235,"path_taken":["M","?","?","M","$","E","?","E","T","?","E"],"build_version":"2020-11-30","purchased_purges":0,"victory":false,"max_hp_per_floor":[66,66,66,66,66,66,60,60,60,60,60,60],"card_choices":[{"not_picked":["Flying Knee","Dodge and Roll"],"picked":"Underhanded Strike","floor":1},{"not_picked":["Cloak And Dagger","Expertise"],"picked":"Endless Agony","floor":4},{"not_picked":["Dagger Spray","Poisoned Stab"],"picked":"Deadly Poison","floor":6},{"not_picked":["Quick Slash+1","Flying Knee+1"],"picked":"Slice+1","floor":8},{"not_picked":["Deadly Poison","Venomology"],"picked":"Dash+1","floor":10}],"player_experience":326825,"relics_obtained":[{"floor":6,"key":"MawBank"},{"floor":8,"key":"Molten Egg 2"},{"floor":9,"key":"Paper Crane"}],"event_choices":[{"damage_healed":0,"gold_gain":75,"player_choice":"Gained Gold","damage_taken":0,"max_hp_gain":0,"max_hp_loss":0,"event_name":"Golden Wing","floor":2,"gold_loss":0},{"damage_healed":0,"gold_gain":0,"cards_transformed":["Strike_G"],"player_choice":"Change","damage_taken":0,"max_hp_gain":0,"max_hp_loss":0,"event_name":"Living Wall","floor":3,"gold_loss":0,"cards_obtained":["Outmaneuver"]},{"damage_healed":0,"gold_gain":0,"player_choice":"Lose Max HP","damage_taken":0,"relics_obtained":["Golden Idol"],"max_hp_gain":0,"max_hp_loss":6,"event_name":"Golden Idol","floor":7,"gold_loss":0}],"is_beta":false,"boss_relics":[],"items_purged_floors":[],"is_endless":false,"potions_floor_spawned":[4,6],"killed_by":"Lagavulin","ascension_level":20}}