{"host":"8z9pdspl1iu3cd7i","time":1607574308,"event":{"gold_per_floor":[111,125,125,142,162,181,181,212,236,270,300,300,332,345,345,448,448,458,458,476,490,790,822,822,854,879,911,712,712,123,138,138,235,235,252,263,30,47,47,74,74,74,101,128,128,162,162,162,162,162,162],"floor_reached":50,"playtime":3725,"items_purged":["Strike_P","Defend_P"],"score":1113,"play_id":"c31a004d-2fc4-483c-bc67-648e12cb31c4","local_time":"20201210122508","is_ascension_mode":true,"campfire_choices":[{"data":"Study","floor":12.0,"key":"SMITH"},{"floor":15.0,"key":"REST"},{"floor":24.0,"key":"REST"},{"floor":32.0,"key":"REST"},{"data":"Pray","floor":41.0,"key":"SMITH"},{"data":"Establishment","floor":47.0,"key":"SMITH"},{"floor":49.0,"key":"RECALL"}],"neow_cost":"NONE","seed_source_timestamp":0,"circlet_count":0,"master_deck":["Strike_P+1","Strike_P+1","Strike_P+1","Defend_P","Defend_P","Defend_P+1","Eruption+1","Vigilance","EmptyBody+1","Pray+1","Study+1","DeusExMachina","WaveOfTheHand","InnerPeace","Scrawl+1","CutThroughFate+1","Vault+1","Worship+1","LessonLearned","Master of Strategy","Perseverance","Establishment+1"],"special_seed":0,"relics":["PureWater","Orichalcum","Lantern","Ancient Tea Set","Damaru","Blood Vial","Whetstone","SlaversCollar","Old Coin","Shuriken","Juzu Bracelet","Torii","HornCleat","TeardropLocket","Medical Kit","Black Star","PreservedInsect","Ornamental Fan","Anchor","War Paint","Ice Cream","Centennial Puzzle","Letter Opener","Bottled Lightning"],"potions_floor_usage":[50],"damage_taken":[{"damage":0.0,"enemies":"Jaw Worm","floor":1.0,"turns":3.0},{"damage":0.0,"enemies":"Cultist","floor":2.0,"turns":4.0},{"damage":0.0,"enemies":"Small Slimes","floor":4.0,"turns":3.0},{"damage":1.0,"enemies":"3 Louse","floor":5.0,"turns":4.0},{"damage":10.0,"enemies":"Gremlin Gang","floor":6.0,"turns":7.0},{"damage":23.0,"enemies":"3 Sentries","floor":8.0,"turns":14.0},{"damage":2.0,"enemies":"Gremlin Nob","floor":10.0,"turns":3.0},{"damage":10.0,"enemies":"3 Sentries","floor":13.0,"turns":11.0},{"damage":2.0,"enemies":"Exordium Thugs","floor":14.0,"turns":4.0},{"damage":36.0,"enemies":"The Guardian","floor":16.0,"turns":11.0},{"damage":14.0,"enemies":"Shell Parasite","floor":18.0,"turns":6.0},{"damage":28.0,"enemies":"2 Thieves","floor":20.0,"turns":4.0},{"damage":8.0,"enemies":"Snecko","floor":21.0,"turns":5.0},{"damage":2.0,"enemies":"Slavers","floor":23.0,"turns":4.0},{"damage":6.0,"enemies":"Gremlin Leader","floor":25.0,"turns":9.0},{"damage":10.0,"enemies":"Book of Stabbing","floor":27.0,"turns":4.0},{"damage":0.0,"enemies":"Snake Plant","floor":31.0,"turns":5.0},{"damage":36.0,"enemies":"Collector","floor":33.0,"turns":10.0},{"damage":0.0,"enemies":"Orb Walker","floor":35.0,"turns":4.0},{"damage":1.0,"enemies":"3 Shapes","floor":36.0,"turns":6.0},{"damage":8.0,"enemies":"3 Darklings","floor":38.0,"turns":3.0},{"damage":0.0,"enemies":"Giant Head","floor":40.0,"turns":6.0},{"damage":0.0,"enemies":"Reptomancer","floor":44.0,"turns":1.0},{"damage":24.0,"enemies":"Nemesis","floor":46.0,"turns":8.0},{"damage":25,"enemies":"Time Eater","floor":50,"turns":9}],"seed_played":"2289161803674810171","potions_obtained":[{"floor":1.0,"key":"DistilledChaos"},{"floor":2.0,"key":"LiquidMemories"},{"floor":10.0,"key":"AttackPotion"},{"floor":13.0,"key":"Energy Potion"},{"floor":16.0,"key":"ColorlessPotion"},{"floor":20.0,"key":"FearPotion"},{"floor":21.0,"key":"AttackPotion"},{"floor":27.0,"key":"Fire Potion"},{"floor":38.0,"key":"EntropicBrew"},{"floor":40.0,"key":"AttackPotion"},{"floor":44.0,"key":"Ancient Potion"},{"floor":46.0,"key":"GamblersBrew"}],"is_trial":false,"path_per_floor":["M","M","?","M","M","M","?","E","T","E","?","R","E","M","R","B",null,"M","?","M","M","T","E","R","E","T","E","$","T","$","M","R","B",null,"M","M","$","M","?","E","R","T","T","E","$","E","R","?","R","B"],"character_chosen":"WATCHER","items_purchased":["BottledMiracle","DuplicationPotion","TeardropLocket","EssenceOfSteel","Medical Kit","ColorlessPotion","Master of Strategy"],"campfire_rested":3,"item_purchase_floors":[28,28,30,30,30,37,37],"current_hp_per_floor":[65,65,65,65,64,54,54,31,31,29,29,29,21,21,42,8,56,44,37,11,5,5,5,26,22,22,14,14,14,14,16,37,3,55,57,58,58,52,52,54,54,54,54,56,56,34,34,34,34,11,11],"gold":162,"neow_bonus":"RANDOM_COMMON_RELIC","is_prod":false,"is_daily":false,"chose_seed":false,"campfire_upgraded":3,"win_rate":0,"timestamp":1607574308,"path_taken":["M","M","?","?","M","?","?","E","T","E","?","R","E","M","R","BOSS","M","?","?","?","?","E","R","E","T","E","$","?","$","M","R","BOSS","M","M","$","M","?","E","R","?","T","E","$","E","R","?","R","BOSS"],"build_version":"2020-11-30","purchased_purges":2,"victory":false,"max_hp_per_floor":[72,72,72,72,72,72,72,72,72,72,72,72,72,72,72,72,72,72,72,72,72,72,72,72,72,72,72,72,72,72,72,72,72,72,72,72,72,72,72,72,72,72,72,72,72,72,72,68,68,68,68],"card_choices":[{"not_picked":["Adaptation","FlyingSleeves","WreathOfFlame"],"picked":"SKIP","floor":1.0},{"not_picked":["Crescendo","Consecrate"],"picked":"EmptyBody","floor":2.0},{"not_picked":["FlyingSleeves","PathToVictory"],"picked":"Pray","floor":4.0},{"not_picked":["ThirdEye","Protect"],"picked":"Study","floor":5.0},{"not_picked":["Tantrum","ClearTheMind"],"picked":"Fasting2","floor":6.0},{"not_picked":["Protect","Evaluate","EmptyFist"],"picked":"SKIP","floor":8.0},{"not_picked":["ClearTheMind","CutThroughFate"],"picked":"DeusExMachina","floor":10.0},{"not_picked":["DeceiveReality","Consecrate"],"picked":"WaveOfTheHand","floor":13.0},{"not_picked":["EmptyBody","CrushJoints"],"picked":"InnerPeace","floor":14.0},{"not_picked":["Judgement","Blasphemy"],"picked":"Scrawl","floor":16.0},{"not_picked":["EmptyFist","Conclude+1"],"picked":"CutThroughFate+1","floor":18.0},{"not_picked":["ClearTheMind","Crescendo+1","Indignation"],"picked":"SKIP","floor":20.0},{"not_picked":["CrushJoints","Crescendo+1","BowlingBash"],"picked":"SKIP","floor":21.0},{"not_picked":["CutThroughFate","EmptyBody","Protect"],"picked":"SKIP","floor":23.0},{"not_picked":["Judgement","CutThroughFate"],"picked":"Vault","floor":25.0},{"not_picked":["DeceiveReality","Protect","TalkToTheHand"],"picked":"SKIP","floor":27.0},{"not_picked":["EmptyMind","FlurryOfBlows+1"],"picked":"Worship+1","floor":31.0},{"not_picked":["Judgement","MasterReality"],"picked":"LessonLearned","floor":33.0},{"not_picked":["FlurryOfBlows","Protect","Adaptation"],"picked":"SKIP","floor":35.0},{"not_picked":["CarveReality","FlyingSleeves","CrushJoints+1"],"picked":"SKIP","floor":36.0},{"not_picked":["FollowUp+1","MasterReality","EmptyBody+1"],"picked":"SKIP","floor":38.0},{"not_picked":["Halt+1","Perseverance","Meditate+1"],"picked":"SKIP","floor":40.0},{"not_picked":["CrushJoints+1","FlyingSleeves+1"],"picked":"Perseverance","floor":44.0},{"not_picked":["Study+1","Conclude"],"picked":"Establishment","floor":46.0}],"player_experience":73784,"relics_obtained":[{"floor":8.0,"key":"Lantern"},{"floor":9.0,"key":"Ancient Tea Set"},{"floor":10.0,"key":"Damaru"},{"floor":13.0,"key":"Whetstone"},{"floor":22.0,"key":"Old Coin"},{"floor":23.0,"key":"Shuriken"},{"floor":25.0,"key":"Juzu Bracelet"},{"floor":27.0,"key":"Torii"},{"floor":29.0,"key":"HornCleat"},{"floor":40.0,"key":"PreservedInsect"},{"floor":40.0,"key":"Ornamental Fan"},{"floor":42.0,"key":"Anchor"},{"floor":43.0,"key":"War Paint"},{"floor":44.0,"key":"Ice Cream"},{"floor":44.0,"key":"Centennial Puzzle"},{"floor":46.0,"key":"Letter Opener"},{"floor":46.0,"key":"Bottled Lightning"}],"event_choices":[{"damage_healed":0.0,"max_hp_gain":0.0,"max_hp_loss":0.0,"gold_gain":0.0,"event_name":"Upgrade Shrine","player_choice":"Upgraded","floor":3.0,"gold_loss":0.0,"damage_taken":0.0,"cards_upgraded":["Eruption"]},{"damage_healed":0.0,"max_hp_gain":0.0,"max_hp_loss":0.0,"gold_gain":0.0,"event_name":"Liars Game","player_choice":"Ignored","floor":7.0,"gold_loss":0.0,"damage_taken":0.0},{"damage_healed":0.0,"max_hp_gain":0.0,"max_hp_loss":0.0,"gold_gain":30.0,"event_name":"Dead Adventurer","player_choice":"Searched \u00273\u0027 times","floor":11.0,"gold_loss":0.0,"damage_taken":0.0,"relics_obtained":["Blood Vial"]},{"damage_healed":0.0,"max_hp_gain":0.0,"max_hp_loss":0.0,"gold_gain":0.0,"event_name":"Wheel of Change","player_choice":"Damaged","floor":19.0,"gold_loss":0.0,"damage_taken":7.0},{"cards_removed":["Fasting2"],"damage_healed":0.0,"max_hp_gain":0.0,"max_hp_loss":0.0,"gold_gain":0.0,"event_name":"Falling","player_choice":"Removed Power","floor":39.0,"gold_loss":0.0,"damage_taken":0.0},{"damage_healed":0.0,"max_hp_gain":0.0,"max_hp_loss":4.0,"gold_gain":0.0,"event_name":"Winding Halls","player_choice":"Max HP","floor":48.0,"gold_loss":0.0,"damage_taken":0.0}],"is_beta":false,"boss_relics":[{"not_picked":["Coffee Dripper","SacredBark"],"picked":"SlaversCollar"},{"not_picked":["Sozu","Velvet Choker"],"picked":"Black Star"}],"items_purged_floors":[28,30],"is_endless":false,"potions_floor_spawned":[1,2,10,13,16,20,21,27,31,38,40,44,46],"killed_by":"Time Eater","ascension_level":7}}