{"host":"jcc708ahli6wuwir","time":1607624405,"event":{"mods":["BaseMod","AchievementEnabler","Colored Map","Colored Powertips","Highlight Path","Shop Mod","StSLib","Better Match","Better Note","Better Sensory Stone","Better Skull","Better Third Choice","Better Vampires","Block Reminder","Displayed Cursed Tome","BetterRewards","Minty Spire (QoL Compilation)","Rare Cards Sparkle"],"gold_per_floor":[114,133,83,56,68,68,78,78,78,78,153,165,28,53,53,157,157,176,101,117,134,152,152,164,164,164,64,64,64,84,84,84,182,182,192,41,54,54,70,87,87,87,87],"floor_reached":42,"playtime":2934,"items_purged":["Establishment"],"score":425,"play_id":"3583ab25-7de1-4658-b81a-e00a12f406c6","local_time":"20201210192005","is_ascension_mode":false,"campfire_choices":[{"data":"Eruption","floor":6,"key":"SMITH"},{"data":"BattleHymn","floor":8,"key":"SMITH"},{"data":"Strike_P","floor":15,"key":"PURGE"},{"floor":23,"key":"REST"},{"floor":25,"key":"REST"},{"floor":28,"key":"REST"},{"data":"Worship","floor":32,"key":"SMITH"},{"floor":41,"key":"REST"}],"circlet_count":0,"master_deck":["Strike_P+1","Strike_P","Defend_P+1","Defend_P","Defend_P","Eruption+1","Vigilance","DeusExMachina","Wireheading","Tantrum+1","BattleHymn+1","DevaForm","Worship+1","SignatureMove","ClearTheMind","Wallop+1","Alpha","Prostrate+1","BowlingBash"],"relics":["PureWater","Gremlin Horn","Thread and Needle","MerchantsRug","Orichalcum","VioletLotus","Whetstone"],"acts_visited":["Exordium","TheCity","TheBeyond"],"potions_floor_usage":[16,16,16,19,20,21,40,42],"damage_taken":[{"damage":3,"enemies":"2 Louse","floor":1,"turns":3},{"damage":2,"enemies":"Jaw Worm","floor":2,"turns":4},{"damage":0,"enemies":"Small Slimes","floor":5,"turns":3},{"damage":0,"enemies":"Looter","floor":7,"turns":1},{"damage":0,"enemies":"3 Louse","floor":12,"turns":2},{"damage":0,"enemies":"Lagavulin","floor":14,"turns":4},{"damage":34,"enemies":"Hexaghost","floor":16,"turns":6},{"damage":16,"enemies":"Spheric Guardian","floor":18,"turns":4},{"damage":33,"enemies":"3 Byrds","floor":20,"turns":4},{"damage":16,"enemies":"Snake Plant","floor":21,"turns":4},{"damage":8,"enemies":"Centurion and Healer","floor":22,"turns":4},{"damage":3,"enemies":"Snecko","floor":24,"turns":4},{"damage":11,"enemies":"Snake Plant","floor":30,"turns":2},{"damage":17,"enemies":"Champ","floor":33,"turns":6},{"damage":11,"enemies":"3 Shapes","floor":35,"turns":2},{"damage":34,"enemies":"3 Darklings","floor":37,"turns":5},{"damage":20,"enemies":"Transient","floor":39,"turns":5},{"damage":18,"enemies":"Jaw Worm Horde","floor":40,"turns":4},{"damage":50,"enemies":"Reptomancer","floor":42,"turns":2}],"seed_played":"-1847480515497587948","potions_obtained":[{"floor":2,"key":"BottledMiracle"},{"floor":5,"key":"DuplicationPotion"},{"floor":14,"key":"DistilledChaos"},{"floor":16,"key":"LiquidBronze"},{"floor":18,"key":"Fruit Juice"},{"floor":20,"key":"DuplicationPotion"},{"floor":21,"key":"FairyPotion"},{"floor":37,"key":"Block Potion"},{"floor":39,"key":"BlessingOfTheForge"},{"floor":40,"key":"Dexterity Potion"}],"is_trial":false,"path_per_floor":["M","M","?","?","M","R","M","R","T","?","?","M","$","E","R","B",null,"M","$","M","M","M","R","M","R","T","$","R","?","M","$","R","B",null,"M","$","M","?","M","M","R","E"],"character_chosen":"WATCHER","items_purchased":["DevaForm","MerchantsRug","Orichalcum","Whetstone"],"campfire_rested":4,"item_purchase_floors":[13,27,27,36],"current_hp_per_floor":[69,67,67,67,67,67,67,67,67,53,46,46,46,46,46,12,72,56,61,28,12,4,27,24,47,47,47,70,70,59,59,59,42,77,66,66,32,32,12,23,46,0,0],"gold":87,"neow_bonus":"TRANSFORM_CARD","is_daily":false,"chose_seed":false,"campfire_upgraded":3,"win_rate":0.0,"timestamp":1607624405,"path_taken":["M","M","?","?","M","R","M","R","T","?","?","M","$","E","R","BOSS","M","$","?","M","M","R","M","R","T","$","R","?","?","?","R","BOSS","M","$","M","?","M","M","R","E"],"build_version":"2020-11-30","purchased_purges":1,"victory":false,"max_hp_per_floor":[72,72,72,72,72,72,72,72,72,72,72,72,72,72,72,72,72,72,77,77,77,77,77,77,77,77,77,77,77,77,77,77,77,77,77,77,77,77,77,77,77,77,77],"card_choices":[{"not_picked":["EmptyBody","FlyingSleeves"],"picked":"Wireheading","floor":1},{"not_picked":["Evaluate","Consecrate","FlurryOfBlows"],"picked":"SKIP","floor":2},{"not_picked":["Evaluate","Consecrate","FlurryOfBlows"],"picked":"SKIP","floor":2},{"not_picked":["CrushJoints","Protect"],"picked":"Tantrum","floor":5},{"not_picked":["SashWhip","JustLucky"],"picked":"BattleHymn","floor":7},{"not_picked":["ClearTheMind","Sanctity","FlyingSleeves"],"picked":"SKIP","floor":12},{"not_picked":["Protect","Halt"],"picked":"DevaForm","floor":14},{"not_picked":["DevaForm","DeusExMachina"],"picked":"Establishment","floor":16},{"not_picked":["CarveReality","Vengeance"],"picked":"Worship","floor":18},{"not_picked":["Collect+1","Consecrate"],"picked":"SignatureMove","floor":20},{"not_picked":["CutThroughFate+1","TalkToTheHand"],"picked":"ClearTheMind","floor":21},{"not_picked":["JustLucky","Crescendo+1"],"picked":"Wallop","floor":22},{"not_picked":["SashWhip","Meditate","FlyingSleeves"],"picked":"SKIP","floor":24},{"not_picked":["JustLucky","TalkToTheHand","SashWhip"],"picked":"SKIP","floor":30},{"not_picked":["Judgement","DeusExMachina"],"picked":"Alpha","floor":33},{"not_picked":["ThirdEye","JustLucky+1"],"picked":"Prostrate+1","floor":35},{"not_picked":["WreathOfFlame","EmptyFist+1"],"picked":"BowlingBash","floor":37},{"not_picked":["EmptyFist","Consecrate+1","Ragnarok"],"picked":"SKIP","floor":39},{"not_picked":["Consecrate","Crescendo","ClearTheMind"],"picked":"SKIP","floor":40}],"player_experience":97823,"relics_obtained":[{"floor":9,"key":"Gremlin Horn"},{"floor":14,"key":"Peace Pipe"},{"floor":26,"key":"Thread and Needle"}],"event_choices":[{"cards_removed":["Strike_P"],"damage_healed":0,"gold_gain":0,"player_choice":"Card Removal","damage_taken":0,"max_hp_gain":0,"max_hp_loss":0,"event_name":"The Cleric","floor":3,"gold_loss":50},{"damage_healed":0,"gold_gain":0,"player_choice":"Left","damage_taken":0,"max_hp_gain":0,"max_hp_loss":0,"event_name":"betterThird:BetterGoop","floor":4,"gold_loss":27},{"damage_healed":67,"gold_gain":0,"player_choice":"Upgrade","damage_taken":14,"max_hp_gain":0,"max_hp_loss":72,"event_name":"betterThird:BetterShining","floor":10,"gold_loss":0,"cards_upgraded":["Tantrum","Defend_P"]},{"damage_healed":0,"gold_gain":75,"player_choice":"Touch","damage_taken":7,"max_hp_gain":0,"max_hp_loss":0,"event_name":"FaceTrader","floor":11,"gold_loss":0},{"cards_removed":["DevaForm"],"damage_healed":0,"gold_gain":0,"player_choice":"Purged","damage_taken":0,"max_hp_gain":0,"max_hp_loss":0,"event_name":"Purifier","floor":29,"gold_loss":0},{"damage_healed":0,"gold_gain":0,"player_choice":"Ignored","damage_taken":0,"max_hp_gain":0,"max_hp_loss":0,"event_name":"The Moai Head","floor":38,"gold_loss":0}],"is_beta":false,"boss_relics":[{"not_picked":["Astrolabe","Runic Dome"],"picked":"Runic Pyramid"},{"not_picked":["Snecko Eye","Philosopher\u0027s Stone"],"picked":"VioletLotus"}],"items_purged_floors":[19],"is_endless":false,"potions_floor_spawned":[2,5,14,16,18,20,21,37,39,40],"killed_by":"Reptomancer","ascension_level":0}}