{"host":"aeidq2c3auzxo1yh","time":1607618002,"event":{"mods":["BaseMod","AchievementEnabler","StSLib","Minty Spire (QoL Compilation)","Relic Stats","Colored Map","Colored Powertips"],"gold_per_floor":[20,33,47,47,65,65,95,20,88,88,88,88,103,3,3,107,107,119,130,150,160,160,160,192,142,142,142,153,172,172,207,207,207,207],"floor_reached":33,"playtime":1635,"items_purged":["Strike_B","Pain"],"score":489,"play_id":"049e9e2d-835c-4c7d-9764-617150f48e32","local_time":"20201210213322","is_ascension_mode":true,"campfire_choices":[{"data":"Streamline","floor":6.0,"key":"SMITH"},{"data":"Barrage","floor":10.0,"key":"SMITH"},{"data":"Hologram","floor":12.0,"key":"SMITH"},{"floor":15.0,"key":"REST"},{"data":"Darkness","floor":23,"key":"SMITH"},{"floor":27,"key":"REST"},{"floor":30,"key":"REST"},{"floor":32,"key":"REST"}],"circlet_count":0,"master_deck":["Strike_B","Strike_B","Defend_B","Defend_B","Defend_B","Zap+1","Dualcast","Streamline+1","Hologram+1","Coolheaded","Redo","Barrage+1","White Noise","Machine Learning","Tempest","Rebound","Genetic Algorithm+1","Go for the Eyes","Darkness+1","Aggregate","Ball Lightning+1","Multi-Cast","Capacitor"],"special_seed":0,"relics":["Cracked Core","Calipers","Mercury Hourglass","WarpedTongs","Philosopher\u0027s Stone","Boot","Cables","Torii"],"acts_visited":["Exordium","TheCity"],"potions_floor_usage":[16,16,19,31,33],"damage_taken":[{"damage":0.0,"enemies":"Small Slimes","floor":1.0,"turns":3.0},{"damage":1.0,"enemies":"Cultist","floor":2.0,"turns":4.0},{"damage":0.0,"enemies":"2 Louse","floor":3.0,"turns":1.0},{"damage":2.0,"enemies":"Blue Slaver","floor":5.0,"turns":4.0},{"damage":34.0,"enemies":"3 Sentries","floor":7.0,"turns":7.0},{"damage":12.0,"enemies":"Gremlin Gang","floor":13.0,"turns":3.0},{"damage":0,"enemies":"Slime Boss","floor":16,"turns":6},{"damage":4,"enemies":"Chosen","floor":18,"turns":4},{"damage":11,"enemies":"Shell Parasite","floor":19,"turns":2},{"damage":7,"enemies":"Sentry and Sphere","floor":20,"turns":3},{"damage":3,"enemies":"Snecko","floor":21,"turns":4},{"damage":34,"enemies":"Gremlin Leader","floor":24,"turns":6},{"damage":28,"enemies":"Centurion and Healer","floor":28,"turns":3},{"damage":5,"enemies":"Sentry and Sphere","floor":29,"turns":3},{"damage":26,"enemies":"Book of Stabbing","floor":31,"turns":4},{"damage":56,"enemies":"Collector","floor":33,"turns":3}],"seed_played":"1793693456308202572","potions_obtained":[{"floor":2.0,"key":"Strength Potion"},{"floor":7.0,"key":"EssenceOfDarkness"},{"floor":16,"key":"AttackPotion"},{"floor":18,"key":"FocusPotion"},{"floor":29,"key":"Regen Potion"}],"is_trial":false,"path_per_floor":["M","M","M","?","M","R","E","$","T","R","?","R","M","$","R","B",null,"M","M","M","M","?","R","E","?","T","R","M","M","R","E","R","B"],"character_chosen":"DEFECT","items_purchased":[],"campfire_rested":4,"item_purchase_floors":[],"current_hp_per_floor":[82,81,81,81,79,79,45,45,45,45,45,45,33,33,59,59,82,78,67,60,57,57,57,23,23,23,49,21,16,42,28,54,0,0],"gold":207,"neow_bonus":"TWENTY_PERCENT_HP_BONUS","is_daily":false,"chose_seed":false,"campfire_upgraded":4,"win_rate":0,"timestamp":1607618002,"path_taken":["M","M","M","?","?","R","E","?","T","R","?","R","M","$","R","BOSS","M","M","?","M","?","R","E","?","T","R","M","?","R","E","R","BOSS"],"build_version":"2020-11-30","purchased_purges":2,"victory":false,"max_hp_per_floor":[89,89,89,89,89,89,89,89,89,89,89,89,89,89,89,89,89,89,89,89,89,89,89,89,89,89,89,89,89,89,89,89,89,89],"relic_stats":{"Torii":0,"counters":[16,60],"Boot":[10],"obtain_stats":[{"Calipers":7,"Torii":31,"Philosopher\u0027s Stone":17,"Cracked Core":0,"Boot":24,"Mercury Hourglass":9,"WarpedTongs":11,"Cables":26},{"Calipers":5,"Torii":15,"Philosopher\u0027s Stone":7,"Cracked Core":0,"Boot":12,"Mercury Hourglass":5,"WarpedTongs":5,"Cables":12},{"Calipers":19,"Torii":57,"Philosopher\u0027s Stone":28,"Cracked Core":0,"Boot":47,"Mercury Hourglass":19,"WarpedTongs":19,"Cables":47}],"Mercury Hourglass":[167],"WarpedTongs":[40],"Cables":[9,8,0,1,0]},"card_choices":[{"not_picked":["Melter","Beam Cell"],"picked":"Streamline","floor":1.0},{"not_picked":["Redo","Cold Snap"],"picked":"Hologram","floor":2.0},{"not_picked":["Turbo","Gash"],"picked":"Coolheaded","floor":3.0},{"not_picked":["BootSequence","Turbo"],"picked":"Redo","floor":5.0},{"not_picked":["Steam Power","Steam"],"picked":"Barrage","floor":7.0},{"not_picked":["Barrage","Aggregate"],"picked":"White Noise","floor":13.0},{"not_picked":["All For One","Amplify"],"picked":"Machine Learning","floor":16},{"not_picked":["Cold Snap","Turbo+1"],"picked":"Tempest","floor":18},{"not_picked":["Go for the Eyes","Melter"],"picked":"Rebound","floor":19},{"not_picked":["Sweeping Beam","Doom and Gloom"],"picked":"Genetic Algorithm+1","floor":20},{"not_picked":["Barrage","Cold Snap"],"picked":"Go for the Eyes","floor":21},{"not_picked":["Beam Cell","Turbo","Tempest"],"picked":"SKIP","floor":24},{"not_picked":["Fusion","Aggregate"],"picked":"Ball Lightning+1","floor":28},{"not_picked":["Lockon+1","Streamline"],"picked":"Multi-Cast","floor":29},{"not_picked":["Doom and Gloom","Gash+1"],"picked":"Capacitor","floor":31}],"player_experience":829179,"relics_obtained":[{"floor":7.0,"key":"Calipers"},{"floor":9.0,"key":"Mercury Hourglass"},{"floor":24,"key":"Boot"},{"floor":26,"key":"Cables"},{"floor":31,"key":"Torii"}],"event_choices":[{"damage_healed":0.0,"max_hp_gain":0.0,"max_hp_loss":0.0,"gold_gain":0.0,"event_name":"Upgrade Shrine","player_choice":"Upgraded","floor":4.0,"gold_loss":0.0,"damage_taken":0.0,"cards_upgraded":["Zap"]},{"damage_healed":0.0,"max_hp_gain":0.0,"max_hp_loss":0.0,"gold_gain":0.0,"event_name":"Accursed Blacksmith","player_choice":"Rummage","floor":11.0,"gold_loss":0.0,"damage_taken":0.0,"relics_obtained":["WarpedTongs"],"cards_obtained":["Pain"]},{"damage_healed":0,"gold_gain":0,"cards_transformed":["Defend_B","Strike_B"],"player_choice":"Became Test Subject","damage_taken":0,"max_hp_gain":0,"max_hp_loss":0,"event_name":"Drug Dealer","floor":22,"gold_loss":0,"cards_obtained":["Darkness","Aggregate"]},{"damage_healed":0,"gold_gain":0,"player_choice":"Bet on Owner","damage_taken":0,"max_hp_gain":0,"max_hp_loss":0,"event_name":"The Joust","floor":25,"gold_loss":50}],"is_beta":false,"boss_relics":[{"not_picked":["Busted Crown","Velvet Choker"],"picked":"Philosopher\u0027s Stone"}],"items_purged_floors":[8,14],"is_endless":false,"potions_floor_spawned":[2,7,16,18,29],"killed_by":"Collector","ascension_level":9}}