{"host":"d7qmn60fs48wu5y6","time":1607642840,"event":{"mods":["BaseMod","Minty Spire (QoL Compilation)","StSLib","The Cursed","The Servant 0.9.4","Shade Mod","Downfall"],"gold_per_floor":[114,114,22,22,22,22,34,59,59,69,69,104,104,139,139,243,293,303,213,104,121,140,170,170,200,200,200,210,238,248,260,260,358,358,374,374,389,171,190,190,219,219,219,239,239,250,261,280,280,280,280,280,30,61,61,61],"floor_reached":55,"playtime":3289,"items_purged":["Strike_G","Strike_G+1"],"score":892,"play_id":"216f6e3c-13d9-406a-82af-df21d0c27e51","local_time":"20201210152720","is_ascension_mode":true,"campfire_choices":[{"data":"Footwork","floor":6,"key":"SMITH"},{"data":"Bane","floor":11,"key":"SMITH"},{"data":"Deadly Poison","floor":13,"key":"SMITH"},{"data":"Leg Sweep","floor":15,"key":"SMITH"},{"floor":24,"key":"REST"},{"floor":27,"key":"REST"},{"floor":32,"key":"REST"},{"floor":40,"key":"RECALL"},{"floor":42,"key":"REST"},{"data":"After Image","floor":45,"key":"SMITH"},{"floor":49,"key":"REST"},{"data":"Footwork","floor":52,"key":"SMITH"}],"circlet_count":0,"master_deck":["Strike_G+1","Defend_G","Defend_G","Defend_G","Defend_G","Defend_G+1","Survivor","Neutralize+1","Malaise","Leg Sweep+1","Footwork+1","Poisoned Stab","Deadly Poison+1","Slice+1","Bane+1","Corpse Explosion","Tactician","Tools of the Trade","Noxious Fumes","Poisoned Stab","Calculated Gamble","PiercingWail","Slice+1","Concentrate+1","Deadly Poison","Outmaneuver+1","Deadly Poison+1","Expertise","After Image+1","Blur","Catalyst+1","Backflip","Calculated Gamble","Acrobatics","Dagger Throw+1","Footwork+1","Reflex","Tactician","Tools of the Trade","Footwork","Well Laid Plans"],"relics":["Ring of the Snake","Blue Candle","Meat on the Bone","Whetstone","Bronze Scales","Tiny House","Lizard Tail","The Courier","Incense Burner","Omamori","HoveringKite","Mango","Calipers","Bag of Marbles"],"acts_visited":["Exordium","TheCity","TheBeyond","TheEnding"],"potions_floor_usage":[29,39,46,47,50,50,50],"damage_taken":[{"damage":0,"enemies":"2 Louse","floor":1,"turns":3},{"damage":0,"enemies":"Cultist","floor":7,"turns":4},{"damage":0,"enemies":"Lagavulin","floor":8,"turns":7},{"damage":0,"enemies":"Small Slimes","floor":10,"turns":5},{"damage":11,"enemies":"Gremlin Nob","floor":12,"turns":5},{"damage":0,"enemies":"Lagavulin","floor":14,"turns":7},{"damage":28,"enemies":"Slime Boss","floor":16,"turns":9},{"damage":2,"enemies":"Chosen","floor":18,"turns":5},{"damage":3,"enemies":"Shell Parasite","floor":21,"turns":5},{"damage":10,"enemies":"Cultist and Chosen","floor":22,"turns":5},{"damage":9,"enemies":"Book of Stabbing","floor":23,"turns":7},{"damage":24,"enemies":"Gremlin Leader","floor":25,"turns":10},{"damage":9,"enemies":"Sentry and Sphere","floor":28,"turns":6},{"damage":32,"enemies":"Slavers","floor":29,"turns":4},{"damage":3,"enemies":"Snake Plant","floor":30,"turns":4},{"damage":6,"enemies":"Centurion and Healer","floor":31,"turns":6},{"damage":18,"enemies":"Champ","floor":33,"turns":13},{"damage":2,"enemies":"Orb Walker","floor":35,"turns":4},{"damage":13,"enemies":"3 Darklings","floor":37,"turns":4},{"damage":0,"enemies":"Jaw Worm Horde","floor":39,"turns":4},{"damage":27,"enemies":"Giant Head","floor":41,"turns":9},{"damage":0,"enemies":"4 Shapes","floor":44,"turns":6},{"damage":33,"enemies":"Transient","floor":46,"turns":5},{"damage":23,"enemies":"Spire Growth","floor":47,"turns":6},{"damage":10,"enemies":"Jaw Worm Horde","floor":48,"turns":4},{"damage":37,"enemies":"Awakened One","floor":50,"turns":19},{"damage":60,"enemies":"Shield and Spear","floor":54,"turns":7},{"damage":99,"enemies":"The Heart","floor":55,"turns":9}],"seed_played":"-9210354374176803842","potions_obtained":[{"floor":1,"key":"Ancient Potion"},{"floor":7,"key":"SpeedPotion"},{"floor":8,"key":"SteroidPotion"},{"floor":14,"key":"BlessingOfTheForge"},{"floor":22,"key":"Weak Potion"},{"floor":25,"key":"SpeedPotion"},{"floor":29,"key":"GhostInAJar"},{"floor":35,"key":"EssenceOfSteel"},{"floor":39,"key":"SteroidPotion"},{"floor":47,"key":"Explosive Potion"},{"floor":48,"key":"Dexterity Potion"}],"is_trial":false,"path_per_floor":["M","?","$","?","$","R","M","E","T","M","R","E","R","E","R","B",null,"M","?","$","M","M","E","R","E","T","R","M","E","M","M","R","B",null,"M","T","M","$","M","R","E","R","T","M","R","M","M","M","R","B",null,"R","$","E","B"],"character_chosen":"THE_SILENT","items_purchased":["Footwork","Poisoned Stab","Calculated Gamble","Backflip","Calculated Gamble","Acrobatics","Tools of the Trade","Footwork","Well Laid Plans"],"campfire_rested":5,"item_purchase_floors":[3,3,20,38,38,38,53,53,53],"current_hp_per_floor":[70,70,70,70,70,70,70,70,70,70,70,59,59,59,59,43,75,73,73,73,70,60,51,73,49,49,71,62,42,39,45,67,49,75,73,73,60,60,60,60,59,85,85,85,85,52,41,43,69,44,89,89,89,41,0,0],"gold":61,"neow_bonus":"ONE_RANDOM_RARE_CARD","is_daily":false,"chose_seed":false,"campfire_upgraded":6,"win_rate":0,"timestamp":1607642840,"path_taken":["M","?","$","?","$","R","M","E","T","M","R","E","R","E","R","BOSS","M","?","$","M","M","E","R","E","T","R","M","E","M","M","R","BOSS","M","?","?","$","M","R","E","R","T","M","R","M","M","?","R","BOSS","R","$","E","BOSS"],"build_version":"2020-11-30","purchased_purges":2,"victory":false,"max_hp_per_floor":[70,70,70,70,70,70,70,70,70,70,70,70,70,70,70,70,75,75,75,75,75,75,75,75,75,75,75,75,75,75,75,75,75,75,75,75,75,75,75,75,89,89,89,89,89,89,89,89,89,89,89,89,89,89,89,89],"card_choices":[{"not_picked":["Dagger Throw","Deflect"],"picked":"Leg Sweep","floor":1},{"not_picked":["Deflect","Predator"],"picked":"Deadly Poison","floor":7},{"not_picked":["Blade Dance","Bouncing Flask"],"picked":"Slice","floor":8},{"not_picked":["Dagger Throw","Slice"],"picked":"Bane","floor":10},{"not_picked":["Tactician","Leg Sweep"],"picked":"Corpse Explosion","floor":12},{"not_picked":["Eviscerate","Accuracy"],"picked":"Tactician","floor":14},{"not_picked":["Storm of Steel","Glass Knife"],"picked":"Tools of the Trade","floor":16},{"not_picked":["Finisher","Backflip"],"picked":"Noxious Fumes","floor":17},{"not_picked":["Setup","Blade Dance"],"picked":"Poisoned Stab","floor":18},{"not_picked":["Dagger Spray+1","Cloak And Dagger"],"picked":"PiercingWail","floor":21},{"not_picked":["Quick Slash+1","Outmaneuver","Dagger Throw"],"picked":"SKIP","floor":22},{"not_picked":["Venomology","Blade Dance+1"],"picked":"Slice+1","floor":23},{"not_picked":["Glass Knife","Underhanded Strike"],"picked":"Concentrate+1","floor":25},{"not_picked":["Caltrops","Dagger Spray"],"picked":"Deadly Poison","floor":28},{"not_picked":["Flechettes","Flying Knee+1"],"picked":"Outmaneuver+1","floor":29},{"not_picked":["Quick Slash","Poisoned Stab"],"picked":"Deadly Poison+1","floor":30},{"not_picked":["Heel Hook","A Thousand Cuts"],"picked":"Expertise","floor":31},{"not_picked":["Venomology","Doppelganger"],"picked":"After Image","floor":33},{"not_picked":["Cloak And Dagger+1","Flying Knee+1"],"picked":"Blur","floor":35},{"not_picked":["Expertise","Backstab+1"],"picked":"Catalyst+1","floor":37},{"not_picked":["Sucker Punch+1","Outmaneuver+1"],"picked":"Dagger Throw+1","floor":39},{"not_picked":["Setup+1","Doppelganger"],"picked":"Footwork","floor":41},{"not_picked":["Slice+1","Backflip","Expertise"],"picked":"SKIP","floor":44},{"not_picked":["Underhanded Strike","Quick Slash"],"picked":"Reflex","floor":46},{"not_picked":["Infinite Blades","Dagger Spray","Expertise"],"picked":"SKIP","floor":47},{"not_picked":["Slice","Setup+1"],"picked":"Tactician","floor":48},{"not_picked":["Setup+1","Flying Knee","PiercingWail"],"picked":"SKIP","floor":54}],"player_experience":832444,"relics_obtained":[{"floor":8,"key":"Blue Candle"},{"floor":9,"key":"Meat on the Bone"},{"floor":12,"key":"Whetstone"},{"floor":14,"key":"Bronze Scales"},{"floor":23,"key":"Lizard Tail"},{"floor":25,"key":"The Courier"},{"floor":26,"key":"Incense Burner"},{"floor":29,"key":"Omamori"},{"floor":41,"key":"Mango"},{"floor":43,"key":"Calipers"},{"floor":54,"key":"Bag of Marbles"}],"event_choices":[{"damage_healed":0,"gold_gain":0,"player_choice":"Grow","damage_taken":0,"max_hp_gain":0,"max_hp_loss":0,"event_name":"Living Wall","floor":2,"gold_loss":0,"cards_upgraded":["Neutralize"]},{"cards_removed":["Strike_G"],"damage_healed":0,"gold_gain":0,"player_choice":"Purged","damage_taken":0,"max_hp_gain":0,"max_hp_loss":0,"event_name":"Purifier","floor":4,"gold_loss":0},{"cards_removed":["Strike_G"],"damage_healed":0,"gold_gain":0,"player_choice":"Upgrade and Remove","damage_taken":0,"max_hp_gain":0,"max_hp_loss":0,"event_name":"Designer","floor":19,"gold_loss":90,"cards_upgraded":["Defend_G"]}],"is_beta":false,"boss_relics":[{"not_picked":["Philosopher\u0027s Stone","Ectoplasm"],"picked":"Tiny House"},{"not_picked":["Snecko Eye","Sozu"],"picked":"HoveringKite"}],"items_purged_floors":[20,38],"is_endless":false,"potions_floor_spawned":[1,7,8,14,18,22,25,29,31,35,37,39,47,48],"killed_by":"The Heart","ascension_level":1}}