{"host":"vq9qltvb257pqxes","time":1607596174,"event":{"gold_per_floor":[116,132,132,132,132,132,132,157,157,6,31,69,92,111,111,239,239,263,278,193,193,214,253,265,292,304,36,55,69,69,69,69,69,69],"floor_reached":33,"playtime":1711,"items_purged":[],"score":319,"play_id":"e8c0b8c5-d97d-470b-80d3-32cb9b9048f5","local_time":"20201210022934","is_ascension_mode":false,"campfire_choices":[{"data":"Deadly Poison","floor":6.0,"key":"SMITH"},{"floor":15.0,"key":"REST"},{"floor":24.0,"key":"REST"},{"floor":32,"key":"REST"}],"neow_cost":"NONE","seed_source_timestamp":0,"circlet_count":0,"master_deck":["Strike_G","Strike_G","Strike_G","Strike_G+1","Strike_G+1","Defend_G","Defend_G","Defend_G","Defend_G","Defend_G","Survivor","Neutralize","Deadly Poison+1","Poisoned Stab","Injury","Dagger Spray","Accuracy","Cloak And Dagger","Dagger Spray","All Out Attack","Backstab","Dagger Spray","Bane","Die Die Die","CurseOfTheBell","Dagger Spray","Bane+1","Well Laid Plans","Deflect","Deadly Poison","Dodge and Roll+1","Caltrops+1","Endless Agony+1","Poisoned Stab+1","Noxious Fumes","Deadly Poison","Poisoned Stab","Blur","Outmaneuver","Corpse Explosion","Underhanded Strike"],"special_seed":0,"relics":["Ring of the Snake","NeowsBlessing","Bloody Idol","White Beast Statue","Whetstone","Calling Bell","Blood Vial","HornCleat","Prayer Wheel","Art of War","Ancient Tea Set","MawBank","MealTicket","Juzu Bracelet"],"potions_floor_usage":[29,33],"damage_taken":[{"damage":0.0,"enemies":"2 Louse","floor":1.0,"turns":1.0},{"damage":0.0,"enemies":"Small Slimes","floor":2.0,"turns":1.0},{"damage":0.0,"enemies":"Jaw Worm","floor":8.0,"turns":1.0},{"damage":9.0,"enemies":"Exordium Thugs","floor":11.0,"turns":4.0},{"damage":21.0,"enemies":"Lagavulin","floor":12.0,"turns":5.0},{"damage":3.0,"enemies":"Lots of Slimes","floor":13.0,"turns":3.0},{"damage":10.0,"enemies":"Looter","floor":14.0,"turns":2.0},{"damage":46.0,"enemies":"Hexaghost","floor":16.0,"turns":7.0},{"damage":10.0,"enemies":"2 Thieves","floor":18.0,"turns":3.0},{"damage":12.0,"enemies":"Shell Parasite","floor":19.0,"turns":3.0},{"damage":0.0,"enemies":"Snake Plant","floor":22.0,"turns":6.0},{"damage":54.0,"enemies":"Gremlin Leader","floor":23.0,"turns":5.0},{"damage":9.0,"enemies":"3 Cultists","floor":25.0,"turns":4.0},{"damage":18.0,"enemies":"Shelled Parasite and Fungi","floor":28.0,"turns":6.0},{"damage":39,"enemies":"Centurion and Healer","floor":29,"turns":9},{"damage":37,"enemies":"Automaton","floor":33,"turns":4}],"seed_played":"1283113256725282107","potions_obtained":[{"floor":2.0,"key":"EntropicBrew"},{"floor":8.0,"key":"Explosive Potion"},{"floor":11.0,"key":"GamblersBrew"},{"floor":12.0,"key":"Poison Potion"},{"floor":13.0,"key":"Strength Potion"},{"floor":16.0,"key":"AttackPotion"},{"floor":18.0,"key":"AttackPotion"},{"floor":19.0,"key":"GhostInAJar"},{"floor":22.0,"key":"Fire Potion"},{"floor":23.0,"key":"Swift Potion"},{"floor":25.0,"key":"SkillPotion"},{"floor":28.0,"key":"Regen Potion"},{"floor":29,"key":"Poison Potion"}],"is_trial":false,"path_per_floor":["M","M","?","?","?","R","$","M","T","$","M","E","M","M","R","B",null,"M","M","?","?","M","E","R","M","T","$","M","M","?","?","R","B"],"character_chosen":"THE_SILENT","items_purchased":["Accuracy","Cloak And Dagger","Dagger Spray","Noxious Fumes","Juzu Bracelet","Deadly Poison","Poisoned Stab"],"campfire_rested":3,"item_purchase_floors":[10,10,10,27,27,27,27],"current_hp_per_floor":[70,70,70,70,70,70,70,70,70,70,61,40,37,27,48,2,70,60,50,50,50,52,21,42,35,35,50,34,12,12,12,33,0,0],"gold":69,"neow_bonus":"THREE_ENEMY_KILL","is_prod":false,"is_daily":false,"chose_seed":false,"campfire_upgraded":1,"win_rate":0,"timestamp":1607596174,"path_taken":["M","M","?","?","?","R","?","?","T","$","M","E","M","M","R","BOSS","M","?","?","?","M","E","R","M","T","$","M","M","?","?","R","BOSS"],"build_version":"2020-11-30","purchased_purges":0,"victory":false,"max_hp_per_floor":[70,70,70,70,70,70,70,70,70,70,70,70,70,70,70,70,70,70,70,70,70,70,70,70,70,70,70,70,70,70,70,70,70,70],"card_choices":[{"not_picked":["Underhanded Strike","Slice"],"picked":"Deadly Poison","floor":1.0},{"not_picked":["Calculated Gamble","Infinite Blades"],"picked":"Poisoned Stab","floor":2.0},{"not_picked":["Dodge and Roll","Distraction"],"picked":"Dagger Spray","floor":8.0},{"not_picked":["Storm of Steel","PiercingWail"],"picked":"All Out Attack","floor":11.0},{"not_picked":["Cloak And Dagger","Tactician"],"picked":"Backstab","floor":12.0},{"not_picked":["Prepared","Flechettes"],"picked":"Dagger Spray","floor":13.0},{"not_picked":["Deflect","Quick Slash"],"picked":"Bane","floor":14.0},{"not_picked":["Doppelganger","Adrenaline"],"picked":"Die Die Die","floor":16.0},{"not_picked":["Blade Dance+1","Eviscerate"],"picked":"Dagger Spray","floor":18.0},{"not_picked":["Tactician","Cloak And Dagger+1"],"picked":"Bane+1","floor":18.0},{"not_picked":["Deadly Poison","Predator"],"picked":"Well Laid Plans","floor":19.0},{"not_picked":["Endless Agony","Masterful Stab"],"picked":"Deflect","floor":19.0},{"not_picked":["Acrobatics","Eviscerate"],"picked":"Deadly Poison","floor":22.0},{"not_picked":["Cloak And Dagger","Acrobatics+1"],"picked":"Dodge and Roll+1","floor":22.0},{"not_picked":["PiercingWail+1","Leg Sweep"],"picked":"Caltrops+1","floor":23.0},{"not_picked":["Deadly Poison","Poisoned Stab"],"picked":"Endless Agony+1","floor":25.0},{"not_picked":["PiercingWail","Calculated Gamble"],"picked":"Poisoned Stab+1","floor":25.0},{"not_picked":["Distraction","Tactician"],"picked":"Blur","floor":28.0},{"not_picked":["Terror","Sucker Punch"],"picked":"Outmaneuver","floor":28.0},{"not_picked":["Tactician","Heel Hook"],"picked":"Corpse Explosion","floor":29},{"not_picked":["Dagger Throw","Sucker Punch","Underhanded Strike"],"picked":"SKIP","floor":29},{"not_picked":["Dagger Throw","Sucker Punch"],"picked":"Underhanded Strike","floor":29}],"player_experience":95545,"relics_obtained":[{"floor":9.0,"key":"White Beast Statue"},{"floor":12.0,"key":"Whetstone"},{"floor":17.0,"key":"Blood Vial"},{"floor":17.0,"key":"HornCleat"},{"floor":17.0,"key":"Prayer Wheel"},{"floor":23.0,"key":"MawBank"},{"floor":26.0,"key":"MealTicket"}],"event_choices":[{"damage_healed":0.0,"max_hp_gain":0.0,"max_hp_loss":0.0,"gold_gain":0.0,"event_name":"Golden Wing","player_choice":"Ignored","floor":3.0,"gold_loss":0.0,"damage_taken":0.0},{"damage_healed":0.0,"max_hp_gain":0.0,"max_hp_loss":0.0,"gold_gain":0.0,"event_name":"The Cleric","player_choice":"Leave","floor":4.0,"gold_loss":0.0,"damage_taken":0.0},{"damage_healed":0.0,"max_hp_gain":0.0,"max_hp_loss":0.0,"gold_gain":0.0,"event_name":"Golden Idol","player_choice":"Take Wound","floor":5.0,"gold_loss":0.0,"damage_taken":0.0,"relics_obtained":["Golden Idol"],"cards_obtained":["Injury"]},{"damage_healed":0.0,"max_hp_gain":0.0,"max_hp_loss":0.0,"gold_gain":0.0,"event_name":"Addict","player_choice":"Obtained Relic","floor":20.0,"gold_loss":85.0,"damage_taken":0.0,"relics_obtained":["Art of War"]},{"damage_healed":0.0,"max_hp_gain":0.0,"max_hp_loss":0.0,"gold_gain":0.0,"event_name":"The Mausoleum","player_choice":"Opened","floor":21.0,"gold_loss":0.0,"damage_taken":0.0,"relics_obtained":["Ancient Tea Set"]},{"damage_healed":0,"gold_gain":0,"player_choice":"Gave Idol","damage_taken":0,"relics_obtained":["Bloody Idol"],"max_hp_gain":0,"max_hp_loss":0,"event_name":"Forgotten Altar","floor":30,"relics_lost":["Golden Idol"],"gold_loss":0},{"damage_healed":0,"gold_gain":0,"player_choice":"Ignored","damage_taken":0,"max_hp_gain":0,"max_hp_loss":0,"event_name":"Ghosts","floor":31,"gold_loss":0}],"is_beta":false,"boss_relics":[{"not_picked":["Black Star","SacredBark"],"picked":"Calling Bell"}],"items_purged_floors":[],"is_endless":false,"potions_floor_spawned":[2,8,11,12,13,14,16,18,19,22,23,25,28,29],"killed_by":"Automaton","ascension_level":0}}