{"host":"42cupnu8eddj962x","time":1607577785,"event":{"gold_per_floor":[113,63,63,78,89,89,124,142,142,217,249,261,273,273,273,370,370,345,345,345,360,285,315,17,47,47,47,74,84,84,104,104,199,199,215,215,215,19,19,51,69,101,101,149,149,169,200,200,200,200],"floor_reached":51,"playtime":2940,"items_purged":["Writhe"],"score":1157,"play_id":"b1ecfca2-4a39-49a2-85cc-e87b6ee370c5","local_time":"20201210132305","is_ascension_mode":true,"campfire_choices":[{"data":"SuperhumanBloodyKnife","floor":6.0,"key":"SMITH"},{"data":"BloodHunter","floor":15.0,"key":"SMITH"},{"data":"QueenOfMidnight","floor":27.0,"key":"SMITH"},{"data":"BloodyCatastrophe","floor":32.0,"key":"SMITH"},{"data":"EquivalentExchange","floor":45.0,"key":"SMITH"},{"floor":49,"key":"RECALL"}],"neow_cost":"NONE","seed_source_timestamp":0,"circlet_count":0,"master_deck":["Strike_RM+1","Strike_RM","Strike_RM","Strike_RM","Defend_RM","Defend_RM+1","Defend_RM","RedMoon+1","ScarletShoot+1","SuperhumanBloodyKnife+1","RedRainbow+1","BombardNight","MastersStateliness","CharismaGuard","AfternoonTea","UltimateOffering","BloodHunter+1","QueenOfMidnight+1","EndlessAdversity+1","MiserableFate+1","Stigmanizer+1","BloodyCatastrophe+1","Stigmanizer","BloodHunter+1","ScarletCoffin","Secret Technique+1","Flash of Steel","Enlightenment","Madness","Madness","BlasphemousPunishment","EquivalentExchange+1","Regret","BloodAndWine","MiserableFate+1"],"special_seed":0,"relics":["ScarletHat","NeowsBlessing","Pantograph","Ornamental Fan","Shuriken","CaptainsWheel","Bag of Marbles","APieceOfRedMist","Enchiridion","Anchor","Membership Card","MealTicket","Whetstone","InkBottle","Centennial Puzzle","Bronze Scales","Pear","Cursed Key","Medical Kit","Strawberry","Vajra","ScarletDevilRocket","Bag of Preparation","FairyMaid","Oddly Smooth Stone","PreservedInsect"],"potions_floor_usage":[],"damage_taken":[{"damage":0.0,"enemies":"Jaw Worm","floor":1.0,"turns":1.0},{"damage":0.0,"enemies":"2 Louse","floor":4.0,"turns":1.0},{"damage":0.0,"enemies":"Cultist","floor":5.0,"turns":1.0},{"damage":23.0,"enemies":"Gremlin Nob","floor":7.0,"turns":5.0},{"damage":2.0,"enemies":"Red Slaver","floor":8.0,"turns":4.0},{"damage":32.0,"enemies":"Lagavulin","floor":11.0,"turns":8.0},{"damage":1.0,"enemies":"Large Slime","floor":12.0,"turns":4.0},{"damage":6.0,"enemies":"3 Louse","floor":13.0,"turns":2.0},{"damage":19.0,"enemies":"Hexaghost","floor":16.0,"turns":9.0},{"damage":41.0,"enemies":"2 Thieves","floor":18.0,"turns":5.0},{"damage":3.0,"enemies":"3 Byrds","floor":21.0,"turns":3.0},{"damage":14.0,"enemies":"Gremlin Leader","floor":23.0,"turns":4.0},{"damage":0.0,"enemies":"Slavers","floor":25.0,"turns":3.0},{"damage":14.0,"enemies":"Gremlin Leader","floor":28.0,"turns":3.0},{"damage":0.0,"enemies":"3 Cultists","floor":29.0,"turns":1.0},{"damage":6.0,"enemies":"Shelled Parasite and Fungi","floor":31.0,"turns":2.0},{"damage":47.0,"enemies":"Champ","floor":33.0,"turns":5.0},{"damage":43.0,"enemies":"Orb Walker","floor":35.0,"turns":3.0},{"damage":40.0,"enemies":"Reptomancer","floor":40.0,"turns":1.0},{"damage":46.0,"enemies":"3 Shapes","floor":41.0,"turns":2.0},{"damage":61.0,"enemies":"Giant Head","floor":42.0,"turns":7.0},{"damage":31.0,"enemies":"2 Orb Walkers","floor":44.0,"turns":1.0},{"damage":31.0,"enemies":"3 Darklings","floor":46.0,"turns":1.0},{"damage":4.0,"enemies":"Nemesis","floor":47.0,"turns":1.0},{"damage":101,"enemies":"Awakened One","floor":50,"turns":7}],"seed_played":"3160616872187496886","potions_obtained":[{"floor":5.0,"key":"Block Potion"},{"floor":11.0,"key":"Energy Potion"},{"floor":12.0,"key":"AttackPotion"},{"floor":16.0,"key":"Dexterity Potion"},{"floor":18.0,"key":"DistilledChaos"},{"floor":23.0,"key":"SteroidPotion"},{"floor":42.0,"key":"Fire Potion"}],"is_trial":false,"path_per_floor":["M","?","?","M","M","R","E","M","T","?","E","M","M","T","R","B",null,"M","?","?","M","?","E","$","E","T","R","E","M","?","M","R","B",null,"M","?","?","$","?","E","M","E","T","?","R","M","E","?","R","B",null],"character_chosen":"REMILIA","items_purchased":["Membership Card","MealTicket","Whetstone","Medical Kit","Strawberry","BlasphemousPunishment"],"campfire_rested":0,"item_purchase_floors":[24,24,24,38,38,38],"current_hp_per_floor":[75,75,75,75,75,75,54,52,52,41,16,17,14,14,14,37,75,49,33,33,36,36,31,31,35,35,35,34,34,44,48,48,85,85,85,75,64,86,86,89,70,77,77,77,77,80,92,92,92,53],"gold":200,"neow_bonus":"THREE_ENEMY_KILL","is_prod":false,"is_daily":false,"chose_seed":false,"campfire_upgraded":5,"win_rate":0,"timestamp":1607577785,"path_taken":["M","?","?","M","M","R","E","M","T","?","E","?","M","?","R","BOSS","M","?","?","M","?","E","$","E","T","R","E","M","?","?","R","BOSS","M","?","?","?","?","E","?","E","T","?","R","M","E","?","R","BOSS"],"build_version":"2020-11-30","purchased_purges":1,"victory":true,"max_hp_per_floor":[75,75,75,75,75,75,75,75,75,75,75,75,75,75,75,75,75,75,75,75,75,75,75,75,75,75,75,75,75,85,85,85,85,85,85,85,85,92,92,92,92,92,92,92,92,92,92,92,92,92],"card_choices":[{"not_picked":["DiffusionOfMisfortune","RedNightlessCastle"],"picked":"SuperhumanBloodyKnife","floor":1.0},{"not_picked":["UnderTheZenith","GlobalNightmare"],"picked":"RedRainbow","floor":4.0},{"not_picked":["RedMagic","StarOfDavid"],"picked":"BombardNight","floor":5.0},{"not_picked":["StarOfDavid","ScarletNetherworld"],"picked":"MastersStateliness","floor":7.0},{"not_picked":["DiffusionOfMisfortune","StarOfDavid"],"picked":"CharismaGuard","floor":8.0},{"not_picked":["FavorOfDestiny","Stigmanizer"],"picked":"AfternoonTea","floor":11.0},{"not_picked":["ScarletDevil","BloodHunter"],"picked":"UltimateOffering","floor":12.0},{"not_picked":["ScarletImprint","RedRainbow"],"picked":"BloodHunter","floor":13.0},{"not_picked":["ScarletMeister","BatForm"],"picked":"QueenOfMidnight","floor":16.0},{"not_picked":["BloodHunter","FavorOfDestiny"],"picked":"EndlessAdversity+1","floor":18.0},{"not_picked":["UnderTheZenith","NightDance+1"],"picked":"MiserableFate+1","floor":21.0},{"not_picked":["NightDance","GlobalNightmare"],"picked":"Stigmanizer+1","floor":23.0},{"not_picked":["FitfulNightmare","StarOfDavid"],"picked":"BloodyCatastrophe","floor":25.0},{"not_picked":["NightDance","FavorOfDestiny","ScarletDevilSign+1"],"picked":"SKIP","floor":28.0},{"not_picked":["UnderTheZenith","DiffusionOfMisfortune"],"picked":"Stigmanizer","floor":29.0},{"not_picked":["RedRainbow","ChainGang"],"picked":"BloodHunter+1","floor":31.0},{"not_picked":["TransientEternity","CurseOfVladTepes"],"picked":"ScarletCoffin","floor":33.0},{"not_picked":["BadLadyScramble+1","CharismaGuard+1","Septette+1"],"picked":"SKIP","floor":35.0},{"not_picked":["Finesse","Mind Blast"],"picked":"Secret Technique","floor":36.0},{"not_picked":["Blind","Enlightenment"],"picked":"Flash of Steel","floor":36.0},{"not_picked":["Swift Strike","Magnetism"],"picked":"Enlightenment","floor":36.0},{"not_picked":["DiffusionOfMisfortune+1","StarOfDavid"],"picked":"EquivalentExchange","floor":40.0},{"not_picked":["DiffusionOfMisfortune+1","ScarletDevil","Septette+1"],"picked":"SKIP","floor":41.0},{"not_picked":["UnderTheZenith","DevilSight+1","ChainGang"],"picked":"SKIP","floor":42.0},{"not_picked":["ScarletDevil+1","CharismaGuard"],"picked":"BloodAndWine","floor":46.0},{"not_picked":["BlasphemousPunishment","UnderTheZenith+1"],"picked":"MiserableFate+1","floor":47.0}],"player_experience":33434,"relics_obtained":[{"floor":7.0,"key":"Ornamental Fan"},{"floor":9.0,"key":"Shuriken"},{"floor":11.0,"key":"CaptainsWheel"},{"floor":14.0,"key":"Bag of Marbles"},{"floor":19.0,"key":"Enchiridion"},{"floor":23.0,"key":"Anchor"},{"floor":25.0,"key":"InkBottle"},{"floor":26.0,"key":"Centennial Puzzle"},{"floor":28.0,"key":"Bronze Scales"},{"floor":40.0,"key":"Vajra"},{"floor":42.0,"key":"ScarletDevilRocket"},{"floor":43.0,"key":"Bag of Preparation"},{"floor":44.0,"key":"FairyMaid"},{"floor":44.0,"key":"Oddly Smooth Stone"},{"floor":47.0,"key":"PreservedInsect"}],"event_choices":[{"cards_removed":["Defend_RM"],"damage_healed":0.0,"max_hp_gain":0.0,"max_hp_loss":0.0,"gold_gain":0.0,"event_name":"The Cleric","player_choice":"Card Removal","floor":2.0,"gold_loss":50.0,"damage_taken":0.0},{"damage_healed":0.0,"max_hp_gain":0.0,"max_hp_loss":0.0,"gold_gain":0.0,"event_name":"Big Fish","player_choice":"Box","floor":3.0,"gold_loss":0.0,"damage_taken":0.0,"relics_obtained":["Pantograph"],"cards_obtained":["Regret"]},{"damage_healed":0.0,"max_hp_gain":0.0,"max_hp_loss":0.0,"gold_gain":75.0,"event_name":"World of Goop","player_choice":"Gather Gold","floor":10.0,"gold_loss":0.0,"damage_taken":11.0},{"damage_healed":0.0,"max_hp_gain":0.0,"max_hp_loss":0.0,"gold_gain":0.0,"event_name":"Cursed Tome","player_choice":"Obtained Book","floor":19.0,"gold_loss":0.0,"damage_taken":16.0},{"damage_healed":0.0,"max_hp_gain":0.0,"max_hp_loss":0.0,"gold_gain":0.0,"event_name":"Ghosts","player_choice":"Ignored","floor":20.0,"gold_loss":0.0,"damage_taken":0.0},{"cards_removed":["Regret"],"damage_healed":0.0,"max_hp_gain":0.0,"max_hp_loss":0.0,"gold_gain":0.0,"event_name":"Beggar","player_choice":"Gave Gold","floor":22.0,"gold_loss":75.0,"damage_taken":0.0},{"damage_healed":0.0,"max_hp_gain":0.0,"max_hp_loss":0.0,"gold_gain":0.0,"event_name":"The Mausoleum","player_choice":"Opened","floor":30.0,"gold_loss":0.0,"damage_taken":0.0,"relics_obtained":["Pear"],"cards_obtained":["Writhe"]},{"damage_healed":0.0,"max_hp_gain":0.0,"max_hp_loss":0.0,"gold_gain":0.0,"event_name":"SensoryStone","player_choice":"Memory 3","floor":36.0,"gold_loss":0.0,"damage_taken":10.0},{"damage_healed":0.0,"max_hp_gain":0.0,"max_hp_loss":0.0,"gold_gain":0.0,"event_name":"Winding Halls","player_choice":"Embrace Madness","floor":37.0,"gold_loss":0.0,"damage_taken":11.0,"cards_obtained":["Madness","Madness"]},{"damage_healed":0.0,"max_hp_gain":0.0,"max_hp_loss":0.0,"gold_gain":0.0,"event_name":"Upgrade Shrine","player_choice":"Upgraded","floor":39.0,"gold_loss":0.0,"damage_taken":0.0,"cards_upgraded":["Secret Technique"]},{"damage_healed":0.0,"max_hp_gain":0.0,"max_hp_loss":0.0,"gold_gain":0.0,"event_name":"Mysterious Sphere","player_choice":"Fight","floor":44.0,"gold_loss":0.0,"damage_taken":0.0},{"damage_healed":0,"gold_gain":0,"player_choice":"Ignored","damage_taken":0,"max_hp_gain":0,"max_hp_loss":0,"event_name":"SecretPortal","floor":48,"gold_loss":0}],"is_beta":false,"boss_relics":[{"not_picked":["Fusion Hammer","Astrolabe"],"picked":"APieceOfRedMist"},{"not_picked":["Velvet Choker","Empty Cage"],"picked":"Cursed Key"}],"items_purged_floors":[38],"is_endless":false,"potions_floor_spawned":[5,11,12,16,18,23,31,40,42,47],"ascension_level":3}}