{"host":"6ko66ogg91i6g7xq","time":1607636563,"event":{"mods":["BaseMod","StSLib","Downfall","Hermit","Minty Spire (QoL Compilation)","Relic Stats","AchievementEnabler","Colored Powertips","The Jungle","Quick Restart","Act Like it!","everything is the same but u backflip on backflip","Colored Map"],"gold_per_floor":[115,134,209,209,209,209,249,249,249,293,293,324,324,206,206,337,337,350,112,112,133,133,177,192,192,192],"floor_reached":25,"playtime":642,"items_purged":[],"score":286,"play_id":"bfa5c274-7c1a-47ee-afb3-741f09a5ab61","local_time":"20201210164243","is_ascension_mode":true,"campfire_choices":[{"floor":6,"key":"RECALL"},{"data":"Skewer","floor":8,"key":"SMITH"},{"floor":11,"key":"REST"},{"data":"Envenom","floor":13,"key":"SMITH"},{"floor":15,"key":"REST"}],"circlet_count":0,"master_deck":["Strike_G","Strike_G","Strike_G","Defend_G+1","Defend_G","Defend_G+1","Defend_G","Defend_G","Survivor","Neutralize","Sucker Punch+1","Skewer+1","Dagger Spray","Envenom+1","Envenom+1","Glass Knife","Dodge and Roll+1","Noxious Fumes","Dagger Spray","Deflect+1","Blur"],"relics":["Ring of the Snake","NeowsBlessing","Golden Idol","The Courier","Akabeko","Oddly Smooth Stone","War Paint","DollysMirror","Empty Cage","StrikeDummy","Strawberry","Bottled Flame"],"acts_visited":["Exordium","TheCity"],"potions_floor_usage":[18,23,24,25],"damage_taken":[{"damage":0,"enemies":"Cultist","floor":1,"turns":1},{"damage":0,"enemies":"Jaw Worm","floor":2,"turns":1},{"damage":0,"enemies":"Gremlin Nob","floor":7,"turns":1},{"damage":22,"enemies":"3 Sentries","floor":10,"turns":11},{"damage":11,"enemies":"Gremlin Nob","floor":12,"turns":4},{"damage":21,"enemies":"The Guardian","floor":16,"turns":9},{"damage":2,"enemies":"Spheric Guardian","floor":18,"turns":3},{"damage":18,"enemies":"2 Thieves","floor":21,"turns":3},{"damage":37,"enemies":"Slavers","floor":23,"turns":4},{"damage":7,"enemies":"Chosen and Byrds","floor":24,"turns":5},{"damage":14,"enemies":"Gremlin Leader","floor":25,"turns":1}],"seed_played":"-5977515081609948571","potions_obtained":[{"floor":2,"key":"SteroidPotion"},{"floor":12,"key":"sneckomod:MuddlingPotion"},{"floor":16,"key":"Explosive Potion"},{"floor":18,"key":"SpeedPotion"},{"floor":24,"key":"ColorlessPotion"}],"is_trial":false,"path_per_floor":["M","M","?","?","?","R","E","R","T","E","R","E","R","$","R","B",null,"M","$","?","M","$","E","M","E"],"character_chosen":"THE_SILENT","items_purchased":["DollysMirror","Noxious Fumes","StrikeDummy"],"campfire_rested":2,"item_purchase_floors":[14,19,19],"current_hp_per_floor":[70,70,59,42,42,42,42,42,42,20,41,30,30,30,51,30,70,68,68,75,57,57,20,13,0,0],"gold":192,"neow_bonus":"THREE_ENEMY_KILL","is_daily":false,"chose_seed":false,"campfire_upgraded":2,"win_rate":0.0,"timestamp":1607636563,"path_taken":["M","M","?","?","?","R","E","R","T","E","R","E","R","$","R","BOSS","M","$","?","M","?","E","?","E"],"build_version":"2020-11-30","purchased_purges":0,"victory":false,"max_hp_per_floor":[70,70,70,70,70,70,70,70,70,70,70,70,70,70,70,70,70,70,70,77,77,77,77,77,77,77],"relic_stats":{"counters":[11,43],"Golden Idol":68,"War Paint":["Defend_G","Defend_G"],"obtain_stats":[{"Bottled Flame":23,"NeowsBlessing":0,"Golden Idol":4,"DollysMirror":14,"Strawberry":20,"Oddly Smooth Stone":10,"The Courier":7,"War Paint":12,"Empty Cage":17,"StrikeDummy":19,"Akabeko":9,"Ring of the Snake":0},{"Bottled Flame":9,"NeowsBlessing":0,"Golden Idol":2,"DollysMirror":5,"Strawberry":7,"Oddly Smooth Stone":4,"The Courier":3,"War Paint":5,"Empty Cage":6,"StrikeDummy":7,"Akabeko":3,"Ring of the Snake":0},{"Bottled Flame":37,"NeowsBlessing":0,"Golden Idol":2,"DollysMirror":18,"Strawberry":30,"Oddly Smooth Stone":14,"The Courier":3,"War Paint":18,"Empty Cage":27,"StrikeDummy":30,"Akabeko":3,"Ring of the Snake":0}],"Ring of the Snake":[22]},"card_choices":[{"not_picked":["Quick Slash","Calculated Gamble","Underhanded Strike"],"picked":"SKIP","floor":1},{"not_picked":["PiercingWail","Outmaneuver"],"picked":"Sucker Punch","floor":2},{"not_picked":["Cloak And Dagger","Prepared"],"picked":"Skewer","floor":7},{"not_picked":["Sucker Punch","Poisoned Stab"],"picked":"Dagger Spray","floor":10},{"not_picked":["Blur","Infinite Blades"],"picked":"Envenom","floor":12},{"not_picked":["Adrenaline","Storm of Steel"],"picked":"Glass Knife","floor":16},{"not_picked":["Predator","Bouncing Flask"],"picked":"Dodge and Roll+1","floor":18},{"not_picked":["Flying Knee","Footwork+1"],"picked":"Dagger Spray","floor":21},{"not_picked":["Prepared","Cloak And Dagger+1"],"picked":"Deflect+1","floor":23},{"not_picked":["Flying Knee","Deflect"],"picked":"Blur","floor":24}],"player_experience":256023,"relics_obtained":[{"floor":7,"key":"The Courier"},{"floor":9,"key":"Akabeko"},{"floor":10,"key":"Oddly Smooth Stone"},{"floor":12,"key":"War Paint"},{"floor":23,"key":"Bottled Flame"}],"event_choices":[{"damage_healed":0,"gold_gain":75,"player_choice":"Gather Gold","damage_taken":11,"max_hp_gain":0,"max_hp_loss":0,"event_name":"World of Goop","floor":3,"gold_loss":0},{"damage_healed":0,"gold_gain":0,"player_choice":"Take Damage","damage_taken":17,"relics_obtained":["Golden Idol"],"max_hp_gain":0,"max_hp_loss":0,"event_name":"Golden Idol","floor":4,"gold_loss":0},{"damage_healed":0,"gold_gain":0,"player_choice":"Grow","damage_taken":0,"max_hp_gain":0,"max_hp_loss":0,"event_name":"Living Wall","floor":5,"gold_loss":0,"cards_upgraded":["Sucker Punch"]},{"damage_healed":0,"gold_gain":0,"player_choice":"Gave Potion","damage_taken":0,"relics_obtained":["Strawberry"],"max_hp_gain":0,"max_hp_loss":0,"event_name":"WeMeetAgain","floor":20,"gold_loss":0}],"is_beta":false,"boss_relics":[{"not_picked":["Philosopher\u0027s Stone","Sozu"],"picked":"Empty Cage"}],"items_purged_floors":[],"is_endless":false,"potions_floor_spawned":[2,12,16,18,24],"killed_by":"Gremlin Leader","ascension_level":2}}