{"host":"vbgsu3zpv6j9f5su","time":1607632509,"event":{"mods":["BaseMod","Block Reminder","Minty Spire (QoL Compilation)","Quick Restart","DeckTracker","Colored Powertips","StSLib","JesterMod"],"gold_per_floor":[110,110,127,143,157,189,189,189,214,227,246,259,259,259,259,359,359,369,386,311,329,343,343,354,373,450,450,460,460,470,487,487,487,487],"floor_reached":33,"playtime":1041,"items_purged":["Strike_R"],"score":257,"play_id":"2a6fe0f6-db06-412b-8619-6a84768255e9","local_time":"20201210213509","is_ascension_mode":false,"campfire_choices":[{"floor":8.0,"key":"REST"},{"data":"Rage","floor":13.0,"key":"SMITH"},{"data":"Twin Strike","floor":15.0,"key":"SMITH"},{"data":"Battle Trance","floor":23.0,"key":"SMITH"},{"floor":32.0,"key":"REST"}],"circlet_count":0,"master_deck":["Strike_R","Strike_R","Defend_R","Defend_R","Defend_R","Defend_R","Bash","Thunderclap+1","Twin Strike+1","Flex","Headbutt","Rage+1","Battle Trance+1","Demon Form","Twin Strike+1","Cleave+1","Heavy Blade+1","Combust"],"special_seed":0,"relics":["Burning Blood","NeowsBlessing","Bag of Marbles","Boot","Runic Cube","Eternal Feather"],"acts_visited":["Exordium","TheCity"],"potions_floor_usage":[33],"damage_taken":[{"damage":0.0,"enemies":"Cultist","floor":1.0,"turns":1.0},{"damage":0.0,"enemies":"Small Slimes","floor":3.0,"turns":1.0},{"damage":0.0,"enemies":"Jaw Worm","floor":4.0,"turns":1.0},{"damage":9.0,"enemies":"Blue Slaver","floor":5.0,"turns":3.0},{"damage":45.0,"enemies":"Lagavulin","floor":6.0,"turns":7.0},{"damage":8.0,"enemies":"Red Slaver","floor":10.0,"turns":2.0},{"damage":6.0,"enemies":"Large Slime","floor":11.0,"turns":4.0},{"damage":0.0,"enemies":"2 Fungi Beasts","floor":12.0,"turns":2.0},{"damage":14.0,"enemies":"Slime Boss","floor":16.0,"turns":9.0},{"damage":5.0,"enemies":"3 Byrds","floor":18.0,"turns":3.0},{"damage":4.0,"enemies":"Spheric Guardian","floor":19.0,"turns":5.0},{"damage":10.0,"enemies":"Centurion and Healer","floor":21.0,"turns":5.0},{"damage":0.0,"enemies":"3 Cultists","floor":22.0,"turns":3.0},{"damage":21.0,"enemies":"Cultist and Chosen","floor":24.0,"turns":5.0},{"damage":6.0,"enemies":"Snake Plant","floor":25.0,"turns":3.0},{"damage":10.0,"enemies":"Snecko","floor":28.0,"turns":4.0},{"damage":19.0,"enemies":"Centurion and Healer","floor":30.0,"turns":4.0},{"damage":18.0,"enemies":"Shelled Parasite and Fungi","floor":31.0,"turns":7.0},{"damage":18,"enemies":"Automaton","floor":33,"turns":6}],"seed_played":"6783259058844302238","potions_obtained":[{"floor":5.0,"key":"DistilledChaos"},{"floor":10.0,"key":"Ancient Potion"},{"floor":12.0,"key":"BloodPotion"},{"floor":14.0,"key":"Swift Potion"},{"floor":16.0,"key":"Swift Potion"},{"floor":18.0,"key":"HeartOfIron"},{"floor":19.0,"key":"Swift Potion"},{"floor":22.0,"key":"Energy Potion"},{"floor":24.0,"key":"Weak Potion"}],"is_trial":false,"path_per_floor":["M","?","M","M","M","E","?","R","T","M","M","M","R","?","R","B",null,"M","M","$","M","M","R","M","M","T","?","M","?","M","M","R","B"],"character_chosen":"IRONCLAD","items_purchased":[],"campfire_rested":2,"item_purchase_floors":[],"current_hp_per_floor":[80,80,80,80,77,38,38,62,62,60,60,66,66,80,80,72,80,80,80,80,76,80,80,65,65,65,50,46,46,33,21,55,37,37],"gold":487,"neow_bonus":"THREE_ENEMY_KILL","is_daily":false,"chose_seed":false,"campfire_upgraded":3,"win_rate":0,"timestamp":1607632509,"path_taken":["M","?","?","M","M","E","?","R","T","M","M","M","R","?","R","BOSS","M","?","$","M","M","R","M","M","T","?","M","?","M","M","R","BOSS"],"build_version":"2020-11-30","purchased_purges":1,"victory":false,"max_hp_per_floor":[80,80,80,80,80,80,80,80,80,80,80,80,80,80,80,80,80,80,80,80,80,80,80,80,80,80,85,85,85,85,85,85,85,85],"card_choices":[{"not_picked":["Sword Boomerang","Iron Wave"],"picked":"Thunderclap","floor":1.0},{"not_picked":["Thunderclap","Armaments"],"picked":"Twin Strike","floor":3.0},{"not_picked":["Body Slam","Bloodletting"],"picked":"Flex","floor":4.0},{"not_picked":["Clothesline","Twin Strike"],"picked":"Headbutt","floor":5.0},{"not_picked":["Second Wind","Infernal Blade","Iron Wave"],"picked":"SKIP","floor":6.0},{"not_picked":["Pummel","Flame Barrier"],"picked":"Rage","floor":10.0},{"not_picked":["Fiend Fire","Clothesline","Twin Strike"],"picked":"SKIP","floor":11.0},{"not_picked":["Sever Soul","Infernal Blade"],"picked":"Battle Trance","floor":12.0},{"not_picked":["Corruption","Barricade"],"picked":"Demon Form","floor":16.0},{"not_picked":["Headbutt","Inflame"],"picked":"Twin Strike+1","floor":18.0},{"not_picked":["Dropkick","Searing Blow+1","True Grit"],"picked":"SKIP","floor":19.0},{"not_picked":["Exhume","Wild Strike"],"picked":"Cleave+1","floor":21.0},{"not_picked":["Armaments+1","Cleave"],"picked":"Heavy Blade+1","floor":22.0},{"not_picked":["Dual Wield","Hemokinesis","Clothesline"],"picked":"SKIP","floor":24.0},{"not_picked":["Twin Strike+1","Searing Blow+1","Clash+1"],"picked":"SKIP","floor":25.0},{"not_picked":["Blood for Blood","Flex","Burning Pact"],"picked":"SKIP","floor":28.0},{"not_picked":["Sever Soul+1","Rupture","Clash"],"picked":"SKIP","floor":30.0},{"not_picked":["Reckless Charge","Clash"],"picked":"Combust","floor":31.0}],"player_experience":775692,"relics_obtained":[{"floor":6.0,"key":"Bag of Marbles"},{"floor":9.0,"key":"Boot"},{"floor":26.0,"key":"Eternal Feather"}],"event_choices":[{"damage_healed":0.0,"max_hp_gain":0.0,"max_hp_loss":0.0,"gold_gain":0.0,"event_name":"Upgrade Shrine","player_choice":"Upgraded","floor":2.0,"gold_loss":0.0,"damage_taken":0.0,"cards_upgraded":["Thunderclap"]},{"cards_removed":["Strike_R"],"damage_healed":0.0,"max_hp_gain":0.0,"max_hp_loss":0.0,"gold_gain":0.0,"event_name":"Living Wall","player_choice":"Forget","floor":7.0,"gold_loss":0.0,"damage_taken":0.0},{"damage_healed":0.0,"max_hp_gain":0.0,"max_hp_loss":0.0,"gold_gain":0.0,"event_name":"Lab","player_choice":"Got Potions","floor":14.0,"gold_loss":0.0,"damage_taken":0.0},{"damage_healed":0.0,"max_hp_gain":5.0,"max_hp_loss":0.0,"gold_gain":0.0,"event_name":"Forgotten Altar","player_choice":"Shed Blood","floor":27.0,"gold_loss":0.0,"damage_taken":20.0},{"cards_removed":["Strike_R"],"damage_healed":0.0,"max_hp_gain":0.0,"max_hp_loss":0.0,"gold_gain":0.0,"event_name":"Back to Basics","player_choice":"Elegance","floor":29.0,"gold_loss":0.0,"damage_taken":0.0}],"is_beta":false,"boss_relics":[{"not_picked":["Coffee Dripper","Astrolabe"],"picked":"Runic Cube"}],"items_purged_floors":[20],"is_endless":false,"potions_floor_spawned":[5,10,12,16,18,19,22,24],"killed_by":"Automaton","ascension_level":0}}