{"host":"dntw6kil9p09eemm","time":1607622254,"event":{"mods":["BaseMod","StSLib","Minty Spire (QoL Compilation)","Shop Mod","Colored Powertips","2.2 Compatiblity","Downfall","The Alterego"],"gold_per_floor":[112,112,132,145,157,157,173,173,173,184,195,223,223,233,233,233,233],"floor_reached":16,"playtime":2847,"items_purged":[],"score":131,"play_id":"35a27060-f688-4116-bda5-4adcf2c05409","local_time":"20201211024414","is_ascension_mode":false,"campfire_choices":[{"data":"alterego_mod:1TonWallop","floor":6,"key":"SMITH"},{"floor":8,"key":"REST"},{"floor":15,"key":"REST"}],"circlet_count":0,"master_deck":["alterego_mod:Strike","alterego_mod:Strike","alterego_mod:Strike","alterego_mod:Strike","alterego_mod:Defend","alterego_mod:Defend","alterego_mod:Defend","alterego_mod:Defend","alterego_mod:Impale","alterego_mod:BigMeatyClaws","alterego_mod:BrynhildrsRune","alterego_mod:Bounce","alterego_mod:Stockings","alterego_mod:1TonWallop+1","alterego_mod:1TonWallop","alterego_mod:Birthday","alterego_mod:BoobPocket","alterego_mod:Birthday"],"relics":["alterego_mod:MasochisticConstitution","Gambling Chip","Eternal Feather","StoneCalendar"],"acts_visited":["Exordium"],"potions_floor_usage":[12,12,16],"damage_taken":[{"damage":11,"enemies":"Cultist","floor":1,"turns":4},{"damage":6,"enemies":"Small Slimes","floor":3,"turns":4},{"damage":5,"enemies":"2 Louse","floor":4,"turns":2},{"damage":10,"enemies":"2 Fungi Beasts","floor":5,"turns":5},{"damage":21,"enemies":"Red Slaver","floor":7,"turns":7},{"damage":6,"enemies":"Blue Slaver","floor":10,"turns":4},{"damage":26,"enemies":"Exordium Thugs","floor":11,"turns":4},{"damage":13,"enemies":"Gremlin Nob","floor":12,"turns":3},{"damage":13,"enemies":"Looter","floor":14,"turns":4},{"damage":57,"enemies":"The Guardian","floor":16,"turns":10}],"seed_played":"6566638952771915425","potions_obtained":[{"floor":3,"key":"EssenceOfSteel"},{"floor":4,"key":"AttackPotion"},{"floor":10,"key":"SkillPotion"},{"floor":12,"key":"sneckomod:MuddlingPotion"},{"floor":14,"key":"SneckoOil"}],"is_trial":false,"path_per_floor":["M","$","M","M","M","R","M","R","T","M","M","E","?","M","R","B"],"character_chosen":"The_Alterego","items_purchased":[],"campfire_rested":2,"item_purchase_floors":[],"current_hp_per_floor":[67,67,62,58,63,63,50,74,74,69,44,34,27,17,51,0,0],"gold":233,"neow_bonus":"TEN_PERCENT_HP_BONUS","is_daily":false,"chose_seed":false,"campfire_upgraded":1,"win_rate":0.0,"timestamp":1607622254,"path_taken":["M","?","M","M","M","R","M","R","T","M","M","E","?","M","R","BOSS"],"build_version":"2020-11-30","purchased_purges":0,"victory":false,"max_hp_per_floor":[78,78,79,80,81,81,82,82,82,83,84,85,85,86,86,86,86],"card_choices":[{"not_picked":["alterego_mod:DeftHands","alterego_mod:MagicResistance"],"picked":"alterego_mod:Bounce","floor":1},{"not_picked":["alterego_mod:DiscoLights","alterego_mod:GachaTicket"],"picked":"alterego_mod:Stockings","floor":3},{"not_picked":["alterego_mod:Undulate","alterego_mod:Bounce"],"picked":"alterego_mod:1TonWallop","floor":4},{"not_picked":["alterego_mod:Nekomimi","alterego_mod:Skirt","alterego_mod:DeftHands"],"picked":"SKIP","floor":5},{"not_picked":["alterego_mod:Maid","alterego_mod:Tantrum"],"picked":"alterego_mod:1TonWallop","floor":7},{"not_picked":["alterego_mod:Jiggle","alterego_mod:Skirt","alterego_mod:HighServant"],"picked":"SKIP","floor":10},{"not_picked":["alterego_mod:PerceptionDisorder","alterego_mod:STier"],"picked":"alterego_mod:Birthday","floor":11},{"not_picked":["alterego_mod:PurpleHair","alterego_mod:BreastValley"],"picked":"alterego_mod:BoobPocket","floor":12},{"not_picked":["alterego_mod:HighServant","alterego_mod:PurpleHair"],"picked":"alterego_mod:Birthday","floor":14}],"player_experience":261479,"relics_obtained":[{"floor":9,"key":"Gambling Chip"},{"floor":12,"key":"Eternal Feather"}],"event_choices":[{"damage_healed":0,"gold_gain":0,"player_choice":"Success","damage_taken":7,"relics_obtained":["StoneCalendar"],"max_hp_gain":0,"max_hp_loss":0,"event_name":"Scrap Ooze","floor":13,"gold_loss":0}],"is_beta":false,"boss_relics":[],"items_purged_floors":[],"is_endless":false,"potions_floor_spawned":[3,4,10,12,14],"killed_by":"The Guardian","ascension_level":0}}