{"host":"p7j7o00jacnw7qzt","time":1607628644,"event":{"mods":["BaseMod","Minty Spire (QoL Compilation)","Relic Stats","Colored Map","Colored Powertips","DeckTracker","Highlight Path"],"gold_per_floor":[111,111,111,124,137,137,137,137],"floor_reached":7,"playtime":174,"items_purged":[],"score":82,"play_id":"a7540100-c196-4930-ad7e-b98c3d9d5980","local_time":"20201210143044","is_ascension_mode":true,"campfire_choices":[{"data":"Phantasmal Killer","floor":6,"key":"SMITH"}],"circlet_count":0,"master_deck":["AscendersBane","Strike_G","Strike_G","Strike_G","Strike_G","Defend_G","Defend_G","Defend_G","Defend_G","Defend_G","Survivor","Neutralize","Catalyst","Phantasmal Killer+1","Dagger Spray"],"special_seed":0,"relics":["Ring of the Snake","NeowsBlessing","Eternal Feather"],"acts_visited":["Exordium"],"potions_floor_usage":[],"damage_taken":[{"damage":0.0,"enemies":"Jaw Worm","floor":1.0,"turns":1.0},{"damage":0,"enemies":"Small Slimes","floor":4,"turns":1},{"damage":0,"enemies":"2 Louse","floor":5,"turns":1},{"damage":62,"enemies":"3 Sentries","floor":7,"turns":13}],"seed_played":"1795930426949335408","potions_obtained":[{"floor":4,"key":"SpeedPotion"}],"is_trial":false,"path_per_floor":["M","?","?","M","M","R","E"],"character_chosen":"THE_SILENT","items_purchased":[],"campfire_rested":0,"item_purchase_floors":[],"current_hp_per_floor":[59,48,48,48,48,57,0,0],"gold":137,"neow_bonus":"THREE_ENEMY_KILL","is_daily":false,"chose_seed":false,"campfire_upgraded":1,"win_rate":0,"timestamp":1607628644,"path_taken":["M","?","?","M","M","R","E"],"build_version":"2020-11-30","purchased_purges":0,"victory":false,"max_hp_per_floor":[66,66,66,66,66,66,66,66],"relic_stats":{"counters":[4,16],"Eternal Feather":9,"obtain_stats":[{"NeowsBlessing":0,"Eternal Feather":2,"Ring of the Snake":0},{"NeowsBlessing":0,"Eternal Feather":1,"Ring of the Snake":0},{"NeowsBlessing":0,"Eternal Feather":1,"Ring of the Snake":0}],"Ring of the Snake":[8]},"card_choices":[{"not_picked":["Cloak And Dagger","Setup"],"picked":"Catalyst","floor":1.0},{"not_picked":["Dodge and Roll","Leg Sweep","Poisoned Stab"],"picked":"SKIP","floor":4},{"not_picked":["Outmaneuver","Prepared"],"picked":"Dagger Spray","floor":5}],"player_experience":744957,"relics_obtained":[],"event_choices":[{"damage_healed":0.0,"max_hp_gain":0.0,"max_hp_loss":0.0,"gold_gain":0.0,"event_name":"Scrap Ooze","player_choice":"Success","floor":2.0,"gold_loss":0.0,"damage_taken":11.0,"relics_obtained":["Eternal Feather"]},{"damage_healed":0,"gold_gain":0,"cards_transformed":["Strike_G"],"player_choice":"Change","damage_taken":0,"max_hp_gain":0,"max_hp_loss":0,"event_name":"Living Wall","floor":3,"gold_loss":0,"cards_obtained":["Phantasmal Killer"]}],"is_beta":false,"boss_relics":[],"items_purged_floors":[],"is_endless":false,"potions_floor_spawned":[4],"killed_by":"3 Sentries","ascension_level":20}}