{"host":"3o6vp6vwg41o825i","time":1607603483,"event":{"gold_per_floor":[117,132,142,161,161,161,181,212,286,321,321,341,266,293,293,418,418,431,431,431,447,466,466,466,466],"floor_reached":24,"playtime":1280,"items_purged":[],"score":229,"play_id":"9d9f7d03-5b33-4964-be0a-bed1837bd989","local_time":"20201210133123","is_ascension_mode":true,"campfire_choices":[{"data":"Bandage Up","floor":6,"key":"SMITH"},{"floor":11,"key":"REST"},{"floor":15,"key":"REST"},{"floor":23,"key":"REST"}],"neow_cost":"NONE","seed_source_timestamp":0,"circlet_count":0,"master_deck":["Strike_R","Strike_R","Strike_R","Strike_R","Strike_R","Defend_R","Defend_R","Defend_R","Defend_R","Bash","Bandage Up+1","Flex","Wild Strike","hubris:ReadiedAction","Hemogenesis+1","Pain","Thunderclap","Combust","Armaments","Replay:Undeath\u0027s Touch","Evolve","Demon Form","Cleave+1","Rampage+1"],"special_seed":0,"relics":["Burning Blood","WarpedTongs","aspiration:DSix","conspire:Flyswatter","HornCleat","CCEMRelics:JestersCrown","hubris:ScarierMask"],"potions_floor_usage":[8,8,16,16,16,24,24],"damage_taken":[{"damage":1.0,"enemies":"2 Louse","floor":1.0,"turns":4.0},{"damage":4,"enemies":"Cultist","floor":2,"turns":4},{"damage":6,"enemies":"Jaw Worm","floor":3,"turns":2},{"damage":22,"enemies":"Exordium Thugs","floor":4,"turns":6},{"damage":35,"enemies":"Gremlin Gang","floor":7,"turns":6},{"damage":21,"enemies":"Replay:BlueRogue","floor":8,"turns":3},{"damage":48,"enemies":"3 Sentries","floor":10,"turns":6},{"damage":15,"enemies":"conspire:2 RoseBushes","floor":12,"turns":4},{"damage":29,"enemies":"Lagavulin","floor":14,"turns":6},{"damage":51,"enemies":"Hexaghost","floor":16,"turns":9},{"damage":6,"enemies":"conspire:FuzzyDice","floor":18,"turns":5},{"damage":29,"enemies":"Chosen","floor":21,"turns":5},{"damage":32,"enemies":"Centurion and Healer","floor":22,"turns":5},{"damage":90,"enemies":"Book of Stabbing","floor":24,"turns":6}],"seed_played":"3474971756633876911","potions_obtained":[{"floor":2,"key":"Toxic Potion"},{"floor":4,"key":"Toxic Potion"},{"floor":10,"key":"ColorlessPotion"},{"floor":12,"key":"ColorlessPotion"},{"floor":14,"key":"SteroidPotion"},{"floor":18,"key":"SkillPotion"},{"floor":21,"key":"ColorlessPotion"}],"is_trial":false,"path_per_floor":["M","M","M","M","?","R","M","E","T","E","R","M","?","E","R","B",null,"M","?","?","M","M","R","E"],"character_chosen":"IRONCLAD","items_purchased":[],"campfire_rested":3,"item_purchase_floors":[],"current_hp_per_floor":[80,80,80,68,68,68,60,45,45,24,48,50,50,38,62,28,80,80,80,80,57,45,69,0,0],"gold":466,"neow_bonus":"RANDOM_COLORLESS","is_prod":false,"is_daily":false,"chose_seed":false,"campfire_upgraded":1,"win_rate":0,"timestamp":1607603483,"path_taken":["M","M","M","M","?","R","?","E","T","E","R","M","?","E","R","BOSS","M","?","?","M","M","R","E"],"build_version":"2020-11-30","purchased_purges":0,"victory":false,"max_hp_per_floor":[80,80,80,80,80,80,80,80,80,80,80,80,80,80,80,80,80,80,80,80,80,80,80,80,80],"card_choices":[{"not_picked":["Discovery","Replay:BasicMightCard"],"picked":"Bandage Up","floor":0.0},{"not_picked":["StuffTheSpire:BloodClot","Run Through"],"picked":"Flex","floor":1.0},{"not_picked":["Seeing Red","Warcry"],"picked":"Wild Strike","floor":2},{"not_picked":["ReplayTheSpireMod:LeadingStrike","Shrug It Off"],"picked":"hubris:ReadiedAction","floor":3},{"not_picked":["Twin Strike","Flex"],"picked":"Hemogenesis","floor":4},{"not_picked":["Pommel Strike","Run Through"],"picked":"Thunderclap","floor":7},{"not_picked":["Body Slam","Armaments"],"picked":"Combust","floor":8},{"not_picked":["Run Through","Body Slam"],"picked":"Armaments","floor":10},{"not_picked":["hubris:ReadiedAction","Twin Strike"],"picked":"Replay:Undeath\u0027s Touch","floor":12},{"not_picked":["Sword Boomerang","Impervious"],"picked":"Evolve","floor":14},{"not_picked":["Bludgeon","Juggernaut"],"picked":"Demon Form","floor":16},{"not_picked":["Hemokinesis","Shrug It Off","Havoc"],"picked":"SKIP","floor":18},{"not_picked":["True Grit","hubris:SharpeningStone"],"picked":"Cleave+1","floor":21},{"not_picked":["ReplayTheSpireMod:Limb From Limb","ReplayTheSpireMod:Strike From Hell"],"picked":"Rampage+1","floor":22}],"player_experience":214922,"relics_obtained":[{"floor":8,"key":"aspiration:DSix"},{"floor":9,"key":"conspire:Flyswatter"},{"floor":10,"key":"HornCleat"},{"floor":14,"key":"CCEMRelics:JestersCrown"}],"event_choices":[{"damage_healed":0,"gold_gain":0,"player_choice":"Rummage","damage_taken":0,"relics_obtained":["WarpedTongs"],"max_hp_gain":0,"max_hp_loss":0,"event_name":"Accursed Blacksmith","floor":5,"gold_loss":0,"cards_obtained":["Pain"]},{"damage_healed":0,"gold_gain":0,"player_choice":"3","damage_taken":0,"max_hp_gain":0,"max_hp_loss":0,"event_name":"betterMatch:BetterMatch","floor":13,"gold_loss":0,"cards_obtained":[]},{"cards_removed":["Defend_R"],"damage_healed":0,"gold_gain":0,"player_choice":"Give","damage_taken":0,"max_hp_gain":0,"max_hp_loss":0,"event_name":"betterNote:BetterNote","floor":19,"gold_loss":0,"cards_obtained":["Defend_R"]}],"is_beta":false,"boss_relics":[{"not_picked":["StuffTheSpire:ModemDavis","conspire:SpecialSausage"],"picked":"hubris:ScarierMask"}],"items_purged_floors":[],"is_endless":false,"potions_floor_spawned":[2,4,10,12,14,18,21],"killed_by":"Book of Stabbing","ascension_level":1}}