{"host":"p245q48pmopyklqs","time":1607576391,"event":{"gold_per_floor":[111,127,147,167,183,183,209,209,259,278,71,91,117,157,157,157,157],"floor_reached":16,"playtime":1194,"items_purged":[],"score":212,"play_id":"ffe1b9af-8f7e-41bb-b218-b99206aa3a36","local_time":"20201210135951","is_ascension_mode":true,"campfire_choices":[{"data":"Wild Strike","floor":6.0,"key":"SMITH"},{"data":"Intimidate","floor":8.0,"key":"SMITH"},{"data":"Carnage","floor":15,"key":"SMITH"}],"neow_cost":"NONE","seed_source_timestamp":5343749647900,"circlet_count":0,"master_deck":["AscendersBane","Strike_R","Strike_R","Strike_R","Strike_R","Strike_R","Defend_R","Defend_R","Defend_R","Defend_R","Bash","Sword Boomerang","Intimidate+1","Wild Strike+1","HandOfGreed","Carnage+1","Shrug It Off"],"special_seed":0,"relics":["Burning Blood","Omamori","Centennial Puzzle"],"potions_floor_usage":[14,16],"damage_taken":[{"damage":6.0,"enemies":"Cultist","floor":1.0,"turns":3.0},{"damage":8.0,"enemies":"2 Louse","floor":2.0,"turns":3.0},{"damage":4.0,"enemies":"Jaw Worm","floor":3.0,"turns":5.0},{"damage":18.0,"enemies":"Large Slime","floor":4.0,"turns":6.0},{"damage":6.0,"enemies":"2 Fungi Beasts","floor":5.0,"turns":4.0},{"damage":11.0,"enemies":"Exordium Thugs","floor":10.0,"turns":4.0},{"damage":14.0,"enemies":"Blue Slaver","floor":12.0,"turns":3.0},{"damage":30,"enemies":"Lagavulin","floor":13,"turns":4},{"damage":25,"enemies":"Gremlin Gang","floor":14,"turns":7},{"damage":19,"enemies":"Hexaghost","floor":16,"turns":7}],"seed_played":"-953902568378526281","potions_obtained":[{"floor":2.0,"key":"Weak Potion"},{"floor":3.0,"key":"BloodPotion"},{"floor":14,"key":"EssenceOfSteel"}],"is_trial":false,"path_per_floor":["M","M","M","M","M","R","T","R","T","M","$","M","E","M","R","B"],"character_chosen":"IRONCLAD","items_purchased":["HandOfGreed"],"campfire_rested":0,"item_purchase_floors":[11],"current_hp_per_floor":[68,66,68,56,56,56,56,56,56,51,51,43,19,15,15,0,0],"gold":157,"neow_bonus":"THREE_CARDS","is_prod":false,"is_daily":false,"chose_seed":false,"campfire_upgraded":3,"win_rate":0,"timestamp":1607576391,"path_taken":["M","M","M","M","M","R","?","R","T","M","$","M","E","M","R","BOSS"],"build_version":"2020-11-30","purchased_purges":0,"victory":false,"max_hp_per_floor":[75,75,75,75,75,75,75,75,75,75,75,75,75,75,75,75,75],"relic_stats":{"Centennial Puzzle":[6],"counters":[10,46],"obtain_stats":[{"Centennial Puzzle":13,"Omamori":9,"Burning Blood":0},{"Centennial Puzzle":8,"Omamori":5,"Burning Blood":0},{"Centennial Puzzle":32,"Omamori":21,"Burning Blood":0}],"Burning Blood":54},"card_choices":[{"not_picked":["Anger","Dual Wield"],"picked":"Sword Boomerang","floor":0.0},{"not_picked":["Havoc","Searing Blow"],"picked":"Intimidate","floor":1.0},{"not_picked":["Dual Wield","Sentinel","Burning Pact"],"picked":"SKIP","floor":2.0},{"not_picked":["Headbutt","Sword Boomerang","Rampage"],"picked":"SKIP","floor":3.0},{"not_picked":["Havoc","Seeing Red"],"picked":"Wild Strike","floor":4.0},{"not_picked":["True Grit","Body Slam","Sever Soul"],"picked":"SKIP","floor":5.0},{"not_picked":["Intimidate","Wild Strike","Sentinel"],"picked":"SKIP","floor":10.0},{"not_picked":["Sword Boomerang","Bloodletting"],"picked":"Carnage","floor":12},{"not_picked":["Clash","Warcry"],"picked":"Shrug It Off","floor":13},{"not_picked":["Perfected Strike","Anger","Clash"],"picked":"SKIP","floor":14}],"player_experience":2250506,"relics_obtained":[{"floor":9.0,"key":"Omamori"},{"floor":13,"key":"Centennial Puzzle"}],"event_choices":[],"is_beta":false,"boss_relics":[],"items_purged_floors":[],"is_endless":false,"potions_floor_spawned":[2,3,5,14],"killed_by":"Hexaghost","ascension_level":20}}