{"host":"jzzkeuxhtt2dt5zj","time":1607572259,"event":{"gold_per_floor":[112,37,47,47,47,75,154,154,154,189,209,239,239,264,264,390,390,390],"floor_reached":17,"playtime":537,"items_purged":["Strike_G"],"score":337,"play_id":"ece39fcd-5082-4c13-a38b-5cc4386366c8","local_time":"20201209225059","is_ascension_mode":true,"campfire_choices":[{"data":"Neutralize","floor":8.0,"key":"SMITH"},{"data":"A Thousand Cuts","floor":15.0,"key":"SMITH"}],"neow_cost":"TEN_PERCENT_HP_LOSS","seed_source_timestamp":0,"circlet_count":0,"master_deck":["infinitespire:OneForAll+1","Expertise","Dagger Throw","After Image","A Thousand Cuts+1","Leap","Beam Cell+1","Slice","Bullet Time","Quick Slash","Choke","Poisoned Stab","Poison Darts","Prepared","Eviscerate","Setup","Blur"],"special_seed":0,"relics":["Ring of the Snake","Unceasing Top","Tiny Chest","Garlic","infinitespire:Lucky Rock","Art of War","Dota2Spire:HandOfMidas","Pandora\u0027s Box"],"potions_floor_usage":[],"damage_taken":[{"damage":0.0,"enemies":"Small Slimes","floor":1.0,"turns":1.0},{"damage":0.0,"enemies":"Cultist","floor":3.0,"turns":1.0},{"damage":7.0,"enemies":"Gremlin Nob","floor":6.0,"turns":3.0},{"damage":0.0,"enemies":"3 Sentries","floor":10.0,"turns":11.0},{"damage":0.0,"enemies":"2 Louse","floor":11.0,"turns":2.0},{"damage":0.0,"enemies":"Gremlin Nob","floor":12.0,"turns":2.0},{"damage":0.0,"enemies":"Lagavulin","floor":14.0,"turns":2.0},{"damage":13.0,"enemies":"Hexaghost","floor":16.0,"turns":7.0}],"seed_played":"-3181412612583722594","potions_obtained":[{"floor":10.0,"key":"Milkshake"},{"floor":11.0,"key":"AttackPotion"}],"is_trial":false,"path_per_floor":["M","$","M","?","$","E","?","R","T","E","M","E","?","E","R","B",null],"character_chosen":"THE_SILENT","items_purchased":[],"campfire_rested":0,"item_purchase_floors":[],"current_hp_per_floor":[63,63,63,63,63,56,56,56,56,56,56,56,56,56,56,43,63,63],"gold":390,"neow_bonus":"ONE_RARE_RELIC","is_prod":false,"is_daily":false,"chose_seed":false,"campfire_upgraded":2,"win_rate":0,"timestamp":1607572259,"path_taken":["M","$","M","?","?","E","?","R","T","E","M","E","?","E","R","BOSS"],"build_version":"2020-11-30","purchased_purges":1,"victory":false,"max_hp_per_floor":[63,63,63,63,63,63,63,63,63,63,63,63,63,63,63,63,63,63],"card_choices":[{"not_picked":["Eviscerate","Quick Slash","Blade Dance"],"picked":"SKIP","floor":1.0},{"not_picked":["Hidden Blade","Bane","Skewer"],"picked":"SKIP","floor":3.0},{"not_picked":["Hidden Blade","Bane","Skewer"],"picked":"SKIP","floor":3.0},{"not_picked":["Blade Dance","Underhanded Strike"],"picked":"Expertise","floor":6.0},{"not_picked":["Deflect","Replay:Bag of Tricks"],"picked":"Dagger Throw","floor":10.0},{"not_picked":["ReplayTheSpireMod:Speed Training","hubris:SlightOfHand"],"picked":"After Image","floor":11.0},{"not_picked":["Deflect","ReplayTheSpireMod:Necrosis"],"picked":"A Thousand Cuts","floor":12.0},{"not_picked":["Infinite Blades","Finisher"],"picked":"Slice","floor":14.0},{"not_picked":["A Thousand Cuts","ReplayTheSpireMod:From All Sides"],"picked":"Bullet Time","floor":16.0}],"player_experience":421023,"relics_obtained":[{"floor":6.0,"key":"Tiny Chest"},{"floor":9.0,"key":"Garlic"},{"floor":10.0,"key":"infinitespire:Lucky Rock"},{"floor":12.0,"key":"Art of War"},{"floor":14.0,"key":"Dota2Spire:HandOfMidas"}],"event_choices":[{"cards_removed":["Strike_G"],"damage_healed":0.0,"max_hp_gain":0.0,"max_hp_loss":0.0,"gold_gain":0.0,"event_name":"Purifier","player_choice":"Purged","floor":4.0,"gold_loss":0.0,"damage_taken":0.0},{"damage_healed":0.0,"max_hp_gain":0.0,"max_hp_loss":0.0,"gold_gain":79.0,"event_name":"Golden Wing","player_choice":"Gained Gold","floor":7.0,"gold_loss":0.0,"damage_taken":0.0}],"is_beta":false,"boss_relics":[{"not_picked":["Fusion Hammer","hubris:Stopwatch"],"picked":"Pandora\u0027s Box"}],"items_purged_floors":[2],"is_endless":false,"potions_floor_spawned":[10,11],"ascension_level":4}}