{"host":"zkqorkqsr6o67e8b","time":1607591004,"event":{"gold_per_floor":[177,177,102,129,109,109,138,138,165,178,203,223,99,114,114,191,191,205,219,233,233],"floor_reached":20,"playtime":806,"items_purged":["Strike_Remiria"],"score":368,"play_id":"f3d69fe3-2a37-492b-94f3-42063e77f1af","local_time":"20201210170324","is_ascension_mode":true,"campfire_choices":[{"data":"Coercion","floor":6,"key":"SMITH"},{"data":"DemonsDinnerFork_Remiria","floor":8,"key":"SMITH"},{"data":"MillenniumVampire","floor":15,"key":"SMITH"}],"neow_cost":"NONE","seed_source_timestamp":29994866013100,"circlet_count":0,"master_deck":["AscendersBane","Strike_Remiria","Strike_Remiria","Defend_Remirira","Defend_Remirira","Defend_Remirira","Absorbed","Scratch","Blind","Coercion+1","DemonsDinnerFork_Remiria+1","StigmaNizer","MillenniumVampire+1","Warpath","PartStrengthen","MiserableFate_Remiria","YoungDemonLord","BloodCleaner"],"relics":["UnsealingCross","REME_ComplimentaryCards","Strawberry","Smiling Mask","Happy Flower","REME_HourglassOfDeath"],"potions_floor_usage":[16],"damage_taken":[{"damage":0,"enemies":"2 Louse","floor":1,"turns":3},{"damage":40,"enemies":"Lagavulin","floor":7,"turns":9},{"damage":3,"enemies":"Jaw Worm","floor":10,"turns":3},{"damage":30,"enemies":"Gremlin Nob","floor":11,"turns":4},{"damage":7,"enemies":"Small Slimes","floor":12,"turns":3},{"damage":0,"enemies":"Gremlin Gang","floor":14,"turns":1},{"damage":4,"enemies":"Hexaghost","floor":16,"turns":7},{"damage":0,"enemies":"3 Byrds","floor":18,"turns":2},{"damage":18,"enemies":"Shell Parasite","floor":19,"turns":5},{"damage":63,"enemies":"Snake Plant","floor":20,"turns":6}],"seed_played":"-3076973603730297651","potions_obtained":[{"floor":1,"key":"ColorlessPotion"},{"floor":5,"key":"EssenceOfSteel"},{"floor":7,"key":"Fire Potion"},{"floor":14,"key":"Swift Potion"}],"is_trial":false,"path_per_floor":["M","?","?","T","?","R","E","R","T","M","E","M","$","M","R","B",null,"M","M","M"],"character_chosen":"RemiriaScarlet","items_purchased":["PartStrengthen"],"campfire_rested":0,"item_purchase_floors":[13],"current_hp_per_floor":[90,92,92,92,92,92,52,52,52,49,19,12,12,12,12,12,83,83,69,10,10],"gold":233,"neow_bonus":"TRANSFORM_CARD","is_prod":false,"is_daily":false,"chose_seed":false,"campfire_upgraded":3,"win_rate":0,"timestamp":1607591004,"path_taken":["M","?","?","?","?","R","E","R","T","?","E","M","$","M","R","BOSS","M","M","M"],"build_version":"2020-11-30","purchased_purges":1,"victory":false,"max_hp_per_floor":[100,107,107,107,107,107,107,107,107,107,107,107,107,107,107,107,107,107,107,107,107],"card_choices":[{"not_picked":["Rewrite","ServantFlier"],"picked":"DemonsDinnerFork_Remiria","floor":1},{"not_picked":["BloodySuit","ServantFlier"],"picked":"StigmaNizer","floor":7},{"not_picked":["DamonLordCradle_Remiria","BloodySuit","TricksterDevil"],"picked":"SKIP","floor":10},{"not_picked":["BloodySuit","TricksterDevil"],"picked":"MillenniumVampire","floor":11},{"not_picked":["BloodCollect","DamonLordCradle_Remiria"],"picked":"Warpath","floor":12},{"not_picked":["VampireClaw","FastHealing","FateEnsemble"],"picked":"SKIP","floor":14},{"not_picked":["FateConcerto","FateSonata"],"picked":"MiserableFate_Remiria","floor":16},{"not_picked":["ServantFlier","DemonLordWalk"],"picked":"YoungDemonLord","floor":18},{"not_picked":["ChainGang","Cripple"],"picked":"BloodCleaner","floor":19},{"not_picked":["BloodCollect+1","Feint","CombatMeter"],"picked":"SKIP","floor":20}],"player_experience":663478,"relics_obtained":[{"floor":7,"key":"Smiling Mask"},{"floor":9,"key":"Happy Flower"},{"floor":11,"key":"REME_HourglassOfDeath"}],"event_choices":[{"damage_healed":0,"gold_gain":0,"player_choice":"Success","damage_taken":5,"relics_obtained":["Strawberry"],"max_hp_gain":0,"max_hp_loss":0,"event_name":"Scrap Ooze","floor":2,"gold_loss":0},{"cards_removed":["Defend_Remirira"],"damage_healed":0,"gold_gain":0,"player_choice":"Card Removal","damage_taken":0,"max_hp_gain":0,"max_hp_loss":0,"event_name":"The Cleric","floor":3,"gold_loss":75},{"damage_healed":0,"gold_gain":0,"player_choice":"Bought 1 Potion","damage_taken":0,"max_hp_gain":0,"max_hp_loss":0,"event_name":"The Woman in Blue","floor":5,"gold_loss":0}],"is_beta":false,"boss_relics":[{"not_picked":["SlaversCollar","Calling Bell"],"picked":"UnsealingCross"}],"items_purged_floors":[13],"is_endless":false,"potions_floor_spawned":[1,7,14],"killed_by":"Snake Plant","ascension_level":20}}