{"host":"woah5shdh5xsovm3","time":1607631730,"event":{"mods":["BaseMod","StSLib","Downfall","Hubris","Infinite Spire","Marisa????????","Minty Spire (QoL Compilation)","Remilia??????","Replay The Spire","Shop Mod","SuperFastMode","The Animator","The Bug Knight","The Construct","The Cursed","The Disciple","The Hierophant","The Necromancer","The Runesmith","The Servant 0.9.4"],"gold_per_floor":[110,123,123,123,154,154,170,170,170,212,212,177,24,34,34,132,132,148,190,201,274,286,286,316,316,396,311,160,160,6,33,33,144,144,174,174,205,230,230,264,264,311,311,337,337],"floor_reached":44,"playtime":2914,"items_purged":["animator:Defend"],"score":456,"play_id":"e3c03a7e-b371-404b-8496-fe139e7b0a33","local_time":"20201210142210","is_ascension_mode":false,"campfire_choices":[{"data":"animator:Chung","floor":6,"key":"SMITH"},{"data":"animator:Aisha","floor":8,"key":"SMITH"},{"floor":15,"key":"REST"},{"data":"animator:Laby","floor":23,"key":"SMITH"},{"floor":29,"key":"REST"},{"floor":32,"key":"REST"},{"floor":41,"key":"REST"}],"circlet_count":0,"master_deck":["Replay:Fractal Strike+1","animator:Strike_Elsword","animator:Defend_Elsword","animator:Strike","animator:Defend+1","animator:Defend","animator:Chung+1","animator:Raven","animator:Add","animator:Aisha+1","animator:Laby+1","animator:Eve","animator:Rena","Pride","animator:Rena","AbeCurse","animator:Eve","animator:Ain"],"relics":["animator:LivingPicture","animator:TheMissingPiece","hubris:Icosahedron","Ornamental Fan","Tiny Chest","Oddly Smooth Stone","Sozu","Bottled Flame","animator:WizardHat","GreatHeart","infinitespire:FocusingShard","infinitespire:Midas Blood","Vajra","Regal Pillow","infinitespire:EvilPickle","Black Star","Sling","PreservedInsect","Ginger","Lantern","infinitespire:ShieldingShard"],"acts_visited":["Exordium","TheCity","TheBeyond"],"potions_floor_usage":[24],"damage_taken":[{"damage":0,"enemies":"Small Slimes","floor":1,"turns":4},{"damage":0,"enemies":"Jaw Worm","floor":2,"turns":3},{"damage":0,"enemies":"2 Louse","floor":5,"turns":2},{"damage":12,"enemies":"Large Slime","floor":7,"turns":6},{"damage":30,"enemies":"3 Sentries","floor":10,"turns":12},{"damage":0,"enemies":"Looter","floor":14,"turns":4},{"damage":12,"enemies":"Hexaghost","floor":16,"turns":11},{"damage":12,"enemies":"Chosen","floor":18,"turns":10},{"damage":0,"enemies":"3 Byrds","floor":19,"turns":6},{"damage":5,"enemies":"Centurion and Healer","floor":20,"turns":10},{"damage":0,"enemies":"Snake Plant","floor":22,"turns":8},{"damage":21,"enemies":"Slavers","floor":24,"turns":8},{"damage":21,"enemies":"Chosen and Byrds","floor":31,"turns":9},{"damage":13,"enemies":"Pondfish","floor":33,"turns":15},{"damage":6,"enemies":"3 Shapes","floor":35,"turns":7},{"damage":2,"enemies":"3 Darklings","floor":37,"turns":9},{"damage":31,"enemies":"Jaw Worm Horde","floor":40,"turns":6},{"damage":2,"enemies":"Nightmare","floor":42,"turns":7},{"damage":67,"enemies":"2 Orb Walkers","floor":44,"turns":7}],"seed_played":"6803835388386480729","potions_obtained":[{"floor":2,"key":"LifebloodPotion"},{"floor":5,"key":"ColorlessPotion"}],"is_trial":false,"path_per_floor":["M","M","?","?","M","R","M","R","T","E","?","?","$","M","R","B",null,"M","M","M","T","M","R","E","?","T","?","$","R","$","M","R","B",null,"M","AVR","M","T","?","M","R","NM","T","?"],"character_chosen":"THE_ANIMATOR","items_purchased":["Oddly Smooth Stone","Vajra","Regal Pillow"],"campfire_rested":4,"item_purchase_floors":[13,28,30],"current_hp_per_floor":[66,66,66,66,66,66,55,55,55,25,18,34,34,34,54,43,68,56,56,51,51,51,51,30,30,30,30,30,50,50,29,64,51,68,62,62,60,60,60,29,64,64,64,0,0],"gold":337,"neow_bonus":"RANDOM_EVENT","is_daily":false,"chose_seed":false,"campfire_upgraded":3,"win_rate":0,"timestamp":1607631730,"path_taken":["M","M","?","?","M","R","M","R","T","E","?","?","$","?","R","BOSS","M","M","M","?","M","R","E","?","T","?","?","R","$","M","R","BOSS","M","AVR","M","?","?","M","R","NM","T","?"],"build_version":"2020-11-30","purchased_purges":1,"victory":false,"max_hp_per_floor":[66,66,66,66,66,66,67,67,67,67,67,67,67,67,67,68,68,68,68,68,68,68,68,68,68,68,68,68,68,68,68,68,68,68,68,68,68,68,68,68,68,70,70,70,70],"card_choices":[{"not_picked":["animator:Yoichi","animator:Shigure","animator:Fredrika"],"picked":"SKIP","floor":1},{"not_picked":["animator:GazelDwargon","animator:Shalltear","animator:Mitsuba"],"picked":"SKIP","floor":2},{"not_picked":["animator:Shuna","animator:Sebas"],"picked":"animator:Add","floor":5},{"not_picked":["animator:Chung","animator:Rena"],"picked":"animator:Aisha","floor":7},{"not_picked":["animator:NarberalGamma","animator:ChaikaTrabant"],"picked":"animator:Laby","floor":10},{"not_picked":["animator:Chung","animator:Entoma","animator:Tyuule"],"picked":"SKIP","floor":14},{"not_picked":["animator:PinaCoLada","animator:Boros"],"picked":"animator:Eve","floor":16},{"not_picked":["animator:Viivi+1","animator:Geryuganshoop","animator:Benimaru+1"],"picked":"SKIP","floor":18},{"not_picked":["animator:Add","animator:Raven"],"picked":"animator:Rena","floor":19},{"not_picked":["animator:Kaijin+1","animator:MumenRider","animator:Tatsumaki"],"picked":"SKIP","floor":20},{"not_picked":["animator:Millim","animator:ItamiYouji","animator:PandorasActor"],"picked":"SKIP","floor":22},{"not_picked":["animator:Genos+1","animator:Lu","animator:MumenRider"],"picked":"SKIP","floor":24},{"not_picked":["animator:Elsword","animator:Ain"],"picked":"animator:Rena","floor":31},{"not_picked":["animator:Rimuru","animator:ChaikaTrabant"],"picked":"animator:Eve","floor":33},{"not_picked":["animator:Mikaela+1","animator:Sebas+1","animator:Lu+1"],"picked":"SKIP","floor":35},{"not_picked":["animator:KrulTepes+1","animator:Shinoa+1","animator:Shion"],"picked":"SKIP","floor":37},{"not_picked":["animator:TukaLunaMarceau+1","animator:Shalltear","animator:Shigure"],"picked":"SKIP","floor":40},{"not_picked":["animator:Add","animator:Ciel"],"picked":"animator:Ain","floor":42}],"player_experience":372524,"relics_obtained":[{"floor":9,"key":"Ornamental Fan"},{"floor":10,"key":"Tiny Chest"},{"floor":21,"key":"Bottled Flame"},{"floor":24,"key":"animator:WizardHat"},{"floor":26,"key":"infinitespire:FocusingShard"},{"floor":38,"key":"PreservedInsect"},{"floor":42,"key":"Ginger"},{"floor":42,"key":"Lantern"},{"floor":43,"key":"infinitespire:ShieldingShard"}],"event_choices":[{"cards_removed":["animator:Strike"],"damage_healed":0,"gold_gain":0,"player_choice":"Forget","damage_taken":0,"max_hp_gain":0,"max_hp_loss":0,"event_name":"Living Wall","floor":0,"gold_loss":0},{"cards_removed":["animator:Strike"],"damage_healed":0,"gold_gain":0,"player_choice":"Card Removal","damage_taken":7,"max_hp_gain":0,"max_hp_loss":0,"event_name":"Golden Wing","floor":11,"gold_loss":0},{"damage_healed":16,"gold_gain":0,"player_choice":"Healed","damage_taken":0,"max_hp_gain":0,"max_hp_loss":0,"event_name":"The Cleric","floor":12,"gold_loss":35},{"damage_healed":0,"gold_gain":0,"player_choice":"Obtained Relic","damage_taken":0,"relics_obtained":["infinitespire:Midas Blood"],"max_hp_gain":0,"max_hp_loss":0,"event_name":"Addict","floor":27,"gold_loss":85},{"damage_healed":0,"gold_gain":0,"player_choice":"Ignored","damage_taken":0,"max_hp_gain":0,"max_hp_loss":0,"event_name":"Tomb of Lord Red Mask","floor":39,"gold_loss":0},{"damage_healed":0,"gold_gain":0,"player_choice":"Fight","damage_taken":0,"max_hp_gain":0,"max_hp_loss":0,"event_name":"Mysterious Sphere","floor":44,"gold_loss":0}],"is_beta":false,"boss_relics":[{"not_picked":["Runic Dome","Busted Crown"],"picked":"Sozu"},{"not_picked":[]}],"items_purged_floors":[36],"is_endless":true,"potions_floor_spawned":[2,5,14,20,31,33,35],"killed_by":"2 Orb Walkers","ascension_level":0}}