{"host":"d43m95u7l79th215","time":1607611360,"event":{"gold_per_floor":[109,126,126,22,42,69,69,84,131,175,175,206,4,18,18,119,119,138,78,6,106,126,126,153,90,90,90,113,123,135,154,154,154,154],"floor_reached":33,"playtime":6404,"items_purged":[],"score":300,"play_id":"2e9aa15d-1314-4347-8ec4-fa2d9b7034e2","local_time":"20201210154240","is_ascension_mode":false,"campfire_choices":[{"floor":7,"key":"REST"},{"floor":11,"key":"REST"},{"floor":15,"key":"REST"},{"floor":23,"key":"REST"},{"floor":28,"key":"REST"},{"floor":32,"key":"REST"}],"neow_cost":"NONE","seed_source_timestamp":694808582904200,"circlet_count":0,"master_deck":["stsjorbsmod:ForbiddenGrimoire+1","stsjorbsmod:Strike_Wanderer","stsjorbsmod:Strike_Wanderer","stsjorbsmod:Strike_Wanderer","stsjorbsmod:Strike_Wanderer","stsjorbsmod:Defend_Wanderer","stsjorbsmod:Defend_Wanderer","stsjorbsmod:Defend_Wanderer","stsjorbsmod:Defend_Wanderer","stsjorbsmod:FreshAdventure","stsjorbsmod:EyeOfTheStorm","EpicFetus","stsjorbsmod:Aid","stsjorbsmod:BlackTentacles","stsjorbsmod:ColorSpray","stsjorbsmod:TollTheDead","stsjorbsmod:MagicMirror","stsjorbsmod:BookOfTongues+1","stsjorbsmod:RayOfFrost","stsjorbsmod:LocateObject","stsjorbsmod:MagicMissiles","stsjorbsmod:FaerieFire","stsjorbsmod:ChainLightning+1","ReplayTheSpireMod:Private Reserves","stsjorbsmod:DisguiseSelf","stsjorbsmod:Pyromancy","stsjorbsmod:MirrorImage","stsjorbsmod:ScorchingRay","stsjorbsmod:BurningFlask+1","stsjorbsmod:FracturedMind","expansioncontent:DashGenerateEvil","ReplayTheSpireMod:Private Reserves","Metamorphosis","stsjorbsmod:ScorchingRay","stsjorbsmod:Inferno","stsjorbsmod:RefuseToForget","stsjorbsmod:UnseenServant+1","stsjorbsmod:Prestidigitation+1","stsjorbsmod:Firebolt","stsjorbsmod:Index","stsjorbsmod:ChainLightning","stsjorbsmod:BlackTentacles","stsjorbsmod:FaerieFire+1"],"relics":["stsjorbsmod:GrimoireRelic","HushsDoor","Centennial Puzzle","MealTicket","Toy Ornithopter","Odd Mushroom","SteamSale","vexMod:PaidLearning","hubris:Backtick","Prayer Wheel","ReplayTheSpireMod:ShopPack","hubris:TinFlute","DemoMod:Metronome","BloodDonationBag"],"potions_floor_usage":[16,16,16,24,33,33,33],"damage_taken":[{"damage":6,"enemies":"Cultist","floor":1,"turns":4},{"damage":3,"enemies":"Small Slimes","floor":2,"turns":3},{"damage":16,"enemies":"Jaw Worm","floor":5,"turns":3},{"damage":16,"enemies":"3 Sentries","floor":6,"turns":6},{"damage":0,"enemies":"Exordium Thugs","floor":8,"turns":3},{"damage":20,"enemies":"The Mushroom Lair","floor":10,"turns":5},{"damage":22,"enemies":"Gremlin Nob","floor":12,"turns":4},{"damage":0,"enemies":"3 Louse","floor":14,"turns":2},{"damage":21,"enemies":"Hexaghost","floor":16,"turns":8},{"damage":5,"enemies":"Chosen","floor":18,"turns":5},{"damage":19,"enemies":"Spheric Guardian","floor":22,"turns":4},{"damage":24,"enemies":"Gremlin Leader","floor":24,"turns":5},{"damage":25,"enemies":"Centurion and Healer","floor":29,"turns":7},{"damage":5,"enemies":"Snake Plant","floor":30,"turns":4},{"damage":21,"enemies":"Cultist and Chosen","floor":31,"turns":6},{"damage":65,"enemies":"Automaton","floor":33,"turns":8}],"seed_played":"-7965153233808886368","potions_obtained":[{"floor":6,"key":"Block Potion"},{"floor":10,"key":"Guardian:BlockOnCardUsePotion"},{"floor":12,"key":"Block Potion"},{"floor":16,"key":"hexamod:EctoCoolerPotion"},{"floor":29,"key":"Venom Potion"},{"floor":30,"key":"stsjorbsmod:BurningPotion"},{"floor":31,"key":"Swift Potion"}],"is_trial":false,"path_per_floor":["M","M","?","$","M","E","R","M","T","?","R","E","$","M","R","B",null,"M","?","$","?","M","R","E","?","T","$","R","M","M","M","R","B"],"character_chosen":"WANDERER","items_purchased":["stsjorbsmod:TollTheDead","stsjorbsmod:MagicMirror","stsjorbsmod:Patron","vexMod:PaidLearning","stsjorbsmod:ChainLightning+1","ReplayTheSpireMod:Private Reserves","stsjorbsmod:DisguiseSelf","ReplayTheSpireMod:ShopPack","stsjorbsmod:FracturedMind"],"campfire_rested":6,"item_purchase_floors":[4,4,13,13,13,13,13,20,20],"current_hp_per_floor":[63,60,60,60,44,30,50,51,51,32,52,30,45,45,65,47,68,64,64,68,68,49,68,44,39,39,54,68,51,46,25,45,0,0],"gold":154,"neow_bonus":"RANDOM_COMMON_RELIC","is_prod":false,"is_daily":false,"chose_seed":false,"campfire_upgraded":0,"win_rate":0.0,"timestamp":1607611360,"path_taken":["M","?","?","?","M","E","R","M","T","?","R","E","$","M","R","BOSS","M","?","?","?","M","R","E","?","T","?","R","M","?","M","R","BOSS"],"build_version":"2020-11-30","purchased_purges":0,"victory":false,"max_hp_per_floor":[68,68,68,68,68,68,68,68,68,68,68,68,68,68,68,68,68,68,68,68,68,68,68,68,68,68,68,68,68,68,68,68,68,68],"card_choices":[{"not_picked":[],"picked":"EpicFetus","floor":0},{"not_picked":["stsjorbsmod:Prestidigitation","stsjorbsmod:ChatteringStrike"],"picked":"stsjorbsmod:Aid","floor":1},{"not_picked":["Bomb","stsjorbsmod:DisguiseSelf"],"picked":"stsjorbsmod:BlackTentacles","floor":2},{"not_picked":["stsjorbsmod:Hurt","stsjorbsmod:Hibernate"],"picked":"stsjorbsmod:BookOfTongues","floor":5},{"not_picked":["stsjorbsmod:RefuseToForget","stsjorbsmod:Hurt"],"picked":"stsjorbsmod:RayOfFrost","floor":6},{"not_picked":["stsjorbsmod:WeightOfMemory","stsjorbsmod:DoubleCheck"],"picked":"stsjorbsmod:LocateObject","floor":8},{"not_picked":["stsjorbsmod:FracturedMind","stsjorbsmod:Mindworm"],"picked":"stsjorbsmod:MagicMissiles","floor":10},{"not_picked":["stsjorbsmod:Rest","stsjorbsmod:WanderingMind"],"picked":"stsjorbsmod:FaerieFire","floor":12},{"not_picked":["stsjorbsmod:DisguiseSelf","stsjorbsmod:UnseenServant"],"picked":"stsjorbsmod:Pyromancy","floor":14},{"not_picked":["stsjorbsmod:HoldMonster","stsjorbsmod:Determination"],"picked":"stsjorbsmod:MirrorImage","floor":16},{"not_picked":["stsjorbsmod:Mindworm","stsjorbsmod:FracturedMind"],"picked":"stsjorbsmod:ScorchingRay","floor":18},{"not_picked":["stsjorbsmod:WanderingMind","stsjorbsmod:FindFamiliar"],"picked":"stsjorbsmod:BurningFlask+1","floor":18},{"not_picked":["HandOfGreed","DemoMod:Deposit"],"picked":"expansioncontent:DashGenerateEvil","floor":20},{"not_picked":["expansioncontent:DecasProtection","expansioncontent:Corrupt"],"picked":"ReplayTheSpireMod:Private Reserves","floor":20},{"not_picked":["expansioncontent:YouAreMine","Midas Touch"],"picked":"Metamorphosis","floor":20},{"not_picked":["stsjorbsmod:Aid","stsjorbsmod:LocateObject"],"picked":"stsjorbsmod:ScorchingRay","floor":21},{"not_picked":["stsjorbsmod:WanderingMind","stsjorbsmod:TollTheDead"],"picked":"stsjorbsmod:Inferno","floor":22},{"not_picked":["stsjorbsmod:Will+1","stsjorbsmod:TrueStrike"],"picked":"stsjorbsmod:RefuseToForget","floor":22},{"not_picked":["stsjorbsmod:Index","stsjorbsmod:Thorns"],"picked":"stsjorbsmod:UnseenServant+1","floor":24},{"not_picked":["stsjorbsmod:BurningFlask","stsjorbsmod:Prepare"],"picked":"stsjorbsmod:Prestidigitation+1","floor":29},{"not_picked":["stsjorbsmod:Determination","stsjorbsmod:BurningFlask"],"picked":"stsjorbsmod:Firebolt","floor":29},{"not_picked":["stsjorbsmod:ParryingBlow","stsjorbsmod:Mania+1"],"picked":"stsjorbsmod:Index","floor":30},{"not_picked":["stsjorbsmod:Message","stsjorbsmod:Inferno"],"picked":"stsjorbsmod:ChainLightning","floor":30},{"not_picked":["stsjorbsmod:Firebolt","stsjorbsmod:ChatteringStrike"],"picked":"stsjorbsmod:BlackTentacles","floor":31},{"not_picked":["stsjorbsmod:SmithingStrike","stsjorbsmod:Index+1"],"picked":"stsjorbsmod:FaerieFire+1","floor":31}],"player_experience":392254,"relics_obtained":[{"floor":6,"key":"MealTicket"},{"floor":9,"key":"Toy Ornithopter"},{"floor":10,"key":"Odd Mushroom"},{"floor":24,"key":"hubris:TinFlute"},{"floor":26,"key":"DemoMod:Metronome"}],"event_choices":[{"damage_healed":0,"gold_gain":0,"player_choice":"Fought Mushrooms","damage_taken":0,"max_hp_gain":0,"max_hp_loss":0,"event_name":"Mushrooms","floor":10,"gold_loss":0},{"damage_healed":0,"gold_gain":0,"player_choice":"Obtained Relic","damage_taken":0,"relics_obtained":["BloodDonationMachine"],"max_hp_gain":0,"max_hp_loss":0,"event_name":"Addict","floor":25,"gold_loss":85}],"is_beta":false,"boss_relics":[{"not_picked":["hubris:Stopwatch","vexMod:NewClearReactor"],"picked":"hubris:Backtick"},{"not_picked":[]}],"items_purged_floors":[],"is_endless":false,"potions_floor_spawned":[6,10,12,16,29,30,31],"killed_by":"Automaton","ascension_level":0}}