{"host":"8yg5xi2a6w9qkgsw","time":1607618992,"event":{"mods":["BaseMod","Block Reminder","Colored Powertips","Minty Spire (QoL Compilation)","MonsterHotkey","Relic Stats","AchievementEnabler","Random Character Button"],"gold_per_floor":[115,128,128,145,162,193,205,232,232,232,257,268,268,294,294,396,396,415,426,444,460,477,477,477,510,536,546,559,559,592,610,610,715,715,730,399,419,438,438,467,467,492,515,525,542,557,590,601,601,601,601,601,36,65,65],"floor_reached":56,"playtime":12159,"items_purged":["Strike_P"],"score":1938,"play_id":"3553ed8b-78de-446e-a797-1c1bd738a361","local_time":"20201210174952","is_ascension_mode":true,"campfire_choices":[{"floor":10.0,"key":"REST"},{"data":"Wallop","floor":15.0,"key":"SMITH"},{"floor":23.0,"key":"REST"},{"data":"Collect","floor":29.0,"key":"SMITH"},{"data":"Tantrum","floor":32.0,"key":"SMITH"},{"data":"Ragnarok","floor":41.0,"key":"SMITH"},{"floor":49.0,"key":"RECALL"},{"floor":52,"key":"REST"}],"circlet_count":0,"master_deck":["AscendersBane","Strike_P","Strike_P","Strike_P","Defend_P","Defend_P","Defend_P","Defend_P","Eruption","Vigilance","FlurryOfBlows","BowlingBash","EmptyMind","Wireheading","LikeWater","Wallop+1","FearNoEvil","Tantrum+1","FlurryOfBlows","Collect+1","Writhe","WaveOfTheHand","ClearTheMind+1","ForeignInfluence+1","Ragnarok+1","Halt","FearNoEvil+1","Perseverance+1","Shame","Collect+1","Fasting2+1","ClearTheMind","Nirvana+1"],"special_seed":0,"relics":["SacredBark","Regal Pillow","Anchor","Bag of Preparation","Toy Ornithopter","Singing Bowl","Dead Branch","Busted Crown","Blue Candle","Question Card","Nunchaku","Kunai","Cursed Key","Frozen Egg 2","Turnip","Darkstone Periapt","Juzu Bracelet","OrangePellets","Bronze Scales","Ornamental Fan"],"acts_visited":["TheEnding"],"potions_floor_usage":[50,54,55,55,55],"damage_taken":[{"damage":1.0,"enemies":"Small Slimes","floor":1.0,"turns":4.0},{"damage":7.0,"enemies":"2 Louse","floor":2.0,"turns":4.0},{"damage":1.0,"enemies":"Cultist","floor":4.0,"turns":3.0},{"damage":0.0,"enemies":"2 Fungi Beasts","floor":5.0,"turns":2.0},{"damage":7.0,"enemies":"3 Sentries","floor":6.0,"turns":6.0},{"damage":0.0,"enemies":"Red Slaver","floor":7.0,"turns":4.0},{"damage":22.0,"enemies":"Gremlin Nob","floor":8.0,"turns":5.0},{"damage":12.0,"enemies":"3 Sentries","floor":11.0,"turns":13.0},{"damage":0.0,"enemies":"3 Louse","floor":12.0,"turns":5.0},{"damage":0.0,"enemies":"Gremlin Nob","floor":14.0,"turns":4.0},{"damage":12.0,"enemies":"Slime Boss","floor":16.0,"turns":8.0},{"damage":14.0,"enemies":"Spheric Guardian","floor":18.0,"turns":4.0},{"damage":0.0,"enemies":"Chosen","floor":19.0,"turns":4.0},{"damage":44.0,"enemies":"Centurion and Healer","floor":20.0,"turns":8.0},{"damage":0.0,"enemies":"Snecko","floor":21.0,"turns":3.0},{"damage":5.0,"enemies":"Shelled Parasite and Fungi","floor":22.0,"turns":3.0},{"damage":7.0,"enemies":"Slavers","floor":25.0,"turns":4.0},{"damage":1.0,"enemies":"Chosen and Byrds","floor":27.0,"turns":4.0},{"damage":2.0,"enemies":"Snake Plant","floor":28.0,"turns":3.0},{"damage":13.0,"enemies":"Gremlin Leader","floor":30.0,"turns":5.0},{"damage":1.0,"enemies":"3 Cultists","floor":31.0,"turns":5.0},{"damage":30.0,"enemies":"Champ","floor":33.0,"turns":22.0},{"damage":21.0,"enemies":"3 Darklings","floor":35.0,"turns":5.0},{"damage":7.0,"enemies":"Orb Walker","floor":37.0,"turns":2.0},{"damage":2.0,"enemies":"4 Shapes","floor":38.0,"turns":3.0},{"damage":10.0,"enemies":"Giant Head","floor":40.0,"turns":8.0},{"damage":1.0,"enemies":"Reptomancer","floor":42.0,"turns":4.0},{"damage":21.0,"enemies":"Spire Growth","floor":44.0,"turns":4.0},{"damage":4.0,"enemies":"3 Darklings","floor":45.0,"turns":3.0},{"damage":14.0,"enemies":"Maw","floor":46.0,"turns":5.0},{"damage":2.0,"enemies":"Giant Head","floor":47.0,"turns":7.0},{"damage":2.0,"enemies":"Transient","floor":48.0,"turns":5.0},{"damage":56,"enemies":"Time Eater","floor":50,"turns":6},{"damage":53,"enemies":"Shield and Spear","floor":54,"turns":6},{"damage":77,"enemies":"The Heart","floor":55,"turns":9}],"seed_played":"4866434595030521921","potions_obtained":[{"floor":2.0,"key":"DuplicationPotion"},{"floor":4.0,"key":"StancePotion"},{"floor":8.0,"key":"PowerPotion"},{"floor":11.0,"key":"Weak Potion"},{"floor":13.0,"key":"Dexterity Potion"},{"floor":13.0,"key":"BottledMiracle"},{"floor":14.0,"key":"FearPotion"},{"floor":20.0,"key":"Fire Potion"},{"floor":21.0,"key":"SpeedPotion"},{"floor":25.0,"key":"Block Potion"},{"floor":31.0,"key":"Strength Potion"},{"floor":33.0,"key":"PowerPotion"},{"floor":35.0,"key":"Explosive Potion"},{"floor":37.0,"key":"Block Potion"},{"floor":38.0,"key":"Fire Potion"},{"floor":54,"key":"Energy Potion"}],"is_trial":false,"path_per_floor":["M","M","?","M","M","E","M","E","T","R","E","M","?","E","R","B",null,"M","M","M","M","M","R","?","E","T","M","M","R","E","M","R","B",null,"M","$","M","M","?","E","R","E","T","M","M","M","E","M","R","B",null,"R","$","E","B",null],"character_chosen":"WATCHER","items_purchased":["Frozen Egg 2","OrangePellets","Fasting2+1","Bronze Scales","DuplicationPotion","GamblersBrew","ClearTheMind"],"campfire_rested":3,"item_purchase_floors":[36,53,53,53,53,53,53],"current_hp_per_floor":[64,57,32,31,31,24,24,2,2,38,28,28,28,33,33,31,63,51,53,11,16,11,50,50,43,43,49,54,54,41,40,40,15,67,46,46,41,44,96,86,86,87,93,74,72,60,58,63,63,12,87,112,112,63,1],"gold":65,"neow_bonus":"BOSS_RELIC","is_daily":false,"chose_seed":false,"campfire_upgraded":4,"win_rate":0,"timestamp":1607618992,"path_taken":["M","M","?","M","M","E","M","E","T","R","E","M","?","E","R","BOSS","M","?","M","M","M","R","?","E","T","M","M","R","E","M","R","BOSS","M","$","M","M","?","E","R","E","T","M","?","M","E","M","R","BOSS","R","$","E","BOSS"],"build_version":"2020-11-30","purchased_purges":1,"victory":true,"max_hp_per_floor":[72,72,72,72,72,72,72,72,72,72,74,74,74,74,74,74,74,76,78,80,80,80,80,80,80,80,82,84,84,84,84,84,84,84,84,84,86,86,96,96,96,98,104,106,108,110,110,112,112,112,112,112,112,112,112],"relic_stats":{"Darkstone Periapt":6,"Regal Pillow":30,"Singing Bowl":24,"counters":[35,190],"Dead Branch":[131],"Blue Candle":[27],"Bag of Preparation":[56],"Juzu Bracelet":0,"Question Card":16,"Cursed Key":1,"OrangePellets":[4],"Nunchaku":[39],"Busted Crown":44,"Ornamental Fan":[32],"Bronze Scales":[156],"Turnip":[5],"Kunai":[88],"obtain_stats":[{"Darkstone Periapt":42,"Regal Pillow":3,"Singing Bowl":11,"SacredBark":0,"Dead Branch":14,"Blue Candle":24,"Bag of Preparation":8,"Juzu Bracelet":47,"Frozen Egg 2":36,"Question Card":25,"Cursed Key":34,"OrangePellets":53,"Anchor":6,"Nunchaku":26,"Busted Crown":17,"Ornamental Fan":54,"Bronze Scales":53,"Turnip":40,"Kunai":30,"PureWater":0,"Toy Ornithopter":9},{"Darkstone Periapt":27,"Regal Pillow":2,"Singing Bowl":8,"SacredBark":0,"Dead Branch":10,"Blue Candle":16,"Bag of Preparation":7,"Juzu Bracelet":31,"Frozen Egg 2":23,"Question Card":17,"Cursed Key":22,"OrangePellets":33,"Anchor":5,"Nunchaku":17,"Busted Crown":11,"Ornamental Fan":34,"Bronze Scales":33,"Turnip":26,"Kunai":20,"PureWater":0,"Toy Ornithopter":7},{"Darkstone Periapt":145,"Regal Pillow":8,"Singing Bowl":41,"SacredBark":0,"Dead Branch":50,"Blue Candle":80,"Bag of Preparation":28,"Juzu Bracelet":164,"Frozen Egg 2":128,"Question Card":84,"Cursed Key":123,"OrangePellets":175,"Anchor":19,"Nunchaku":84,"Busted Crown":58,"Ornamental Fan":181,"Bronze Scales":175,"Turnip":141,"Kunai":96,"PureWater":0,"Toy Ornithopter":28}],"Toy Ornithopter":69},"card_choices":[{"not_picked":["Prostrate","PathToVictory"],"picked":"FlurryOfBlows","floor":1.0},{"not_picked":["FollowUp","Halt"],"picked":"BowlingBash","floor":2.0},{"not_picked":["Nirvana","EmptyFist"],"picked":"EmptyMind","floor":4.0},{"not_picked":["Halt","Prostrate"],"picked":"Wireheading","floor":5.0},{"not_picked":["Crescendo","FlyingSleeves"],"picked":"LikeWater","floor":6.0},{"not_picked":["WheelKick","BowlingBash"],"picked":"Wallop","floor":7.0},{"not_picked":["ForeignInfluence","SignatureMove"],"picked":"Blasphemy","floor":8.0},{"not_picked":["Prostrate","BowlingBash","EmptyBody"],"picked":"Singing Bowl","floor":11.0},{"not_picked":["EmptyFist","WindmillStrike"],"picked":"FearNoEvil","floor":12.0},{"not_picked":["FearNoEvil","Conclude"],"picked":"Tantrum","floor":14.0},{"not_picked":["Consecrate"],"picked":"Singing Bowl","floor":18.0},{"not_picked":["BattleHymn"],"picked":"Singing Bowl","floor":19.0},{"not_picked":["FlyingSleeves"],"picked":"Singing Bowl","floor":20.0},{"not_picked":[],"picked":"FlurryOfBlows","floor":21.0},{"not_picked":[],"picked":"Collect","floor":22.0},{"not_picked":[],"picked":"WaveOfTheHand","floor":25.0},{"not_picked":["Consecrate","ReachHeaven"],"picked":"Singing Bowl","floor":27.0},{"not_picked":["Conclude","Tantrum"],"picked":"Singing Bowl","floor":28.0},{"not_picked":["Consecrate"],"picked":"ClearTheMind+1","floor":30.0},{"not_picked":["EmptyBody"],"picked":"ForeignInfluence+1","floor":31.0},{"not_picked":["Devotion"],"picked":"Ragnarok","floor":33.0},{"not_picked":["CarveReality"],"picked":"Halt","floor":35.0},{"not_picked":["Crescendo","Weave"],"picked":"Singing Bowl","floor":37.0},{"not_picked":["Evaluate+1"],"picked":"FearNoEvil+1","floor":38.0},{"not_picked":["Evaluate"],"picked":"Perseverance+1","floor":40.0},{"not_picked":["FlurryOfBlows","FollowUp+1"],"picked":"Singing Bowl","floor":42.0},{"not_picked":["Crescendo+1","Indignation"],"picked":"Singing Bowl","floor":44.0},{"not_picked":["Consecrate+1","FlurryOfBlows"],"picked":"Singing Bowl","floor":45.0},{"not_picked":["PathToVictory+1","SashWhip"],"picked":"Singing Bowl","floor":46.0},{"not_picked":["CrushJoints"],"picked":"Collect+1","floor":47.0},{"not_picked":["Crescendo","Scrawl"],"picked":"Singing Bowl","floor":48.0},{"not_picked":["CrushJoints"],"picked":"Nirvana+1","floor":54}],"player_experience":1395995,"relics_obtained":[{"floor":6.0,"key":"Anchor"},{"floor":8.0,"key":"Bag of Preparation"},{"floor":9.0,"key":"Toy Ornithopter"},{"floor":11.0,"key":"Singing Bowl"},{"floor":14.0,"key":"Dead Branch"},{"floor":25.0,"key":"Question Card"},{"floor":26.0,"key":"Nunchaku"},{"floor":30.0,"key":"Kunai"},{"floor":40.0,"key":"Turnip"},{"floor":42.0,"key":"Darkstone Periapt"},{"floor":47.0,"key":"Juzu Bracelet"},{"floor":54,"key":"Ornamental Fan"}],"event_choices":[{"damage_healed":0.0,"max_hp_gain":0.0,"max_hp_loss":0.0,"gold_gain":0.0,"event_name":"Scrap Ooze","player_choice":"Success","floor":3.0,"gold_loss":0.0,"damage_taken":25.0,"relics_obtained":["Regal Pillow"]},{"damage_healed":0.0,"max_hp_gain":0.0,"max_hp_loss":0.0,"gold_gain":0.0,"event_name":"Lab","player_choice":"Got Potions","floor":13.0,"gold_loss":0.0,"damage_taken":0.0},{"damage_healed":0.0,"max_hp_gain":0.0,"max_hp_loss":0.0,"gold_gain":0.0,"event_name":"The Mausoleum","player_choice":"Opened","floor":24.0,"gold_loss":0.0,"damage_taken":0.0,"relics_obtained":["Blue Candle"],"cards_obtained":["Writhe"]},{"cards_removed":["Blasphemy"],"damage_healed":42.0,"max_hp_gain":10.0,"max_hp_loss":0.0,"gold_gain":0.0,"event_name":"Bonfire Elementals","player_choice":"Offered Rare","floor":39.0,"gold_loss":0.0,"damage_taken":0.0}],"is_beta":false,"boss_relics":[{"not_picked":["Ectoplasm","Coffee Dripper"],"picked":"Busted Crown"},{"not_picked":["Velvet Choker","SlaversCollar"],"picked":"Cursed Key"}],"items_purged_floors":[36],"is_endless":false,"potions_floor_spawned":[2,4,8,11,14,20,21,25,31,33,35,37,38,42,46,54],"ascension_level":10}}