{"host":"u5hfrceatticevdm","time":1607629003,"event":{"mods":["BaseMod","StSLib","Conspire","Hubris","Minty Spire (QoL Compilation)","Act Like it!","Halation","Useless Jewels Mod","Aspiration","Energized Spire","vexMod","GifTheSpireLib","HexUI Lib","Replay The Spire","Stuff the Spire","Unceasing Turn Reminder","2.2 Compatiblity","Better Synergies","Magineer Mod","Spikes Relics","Waifu the Spire","Alarm Clock","Downfall","Spicy Shops","Humility","Small Relic Pack","Hyrulean Relics","The Construct","Friendly Minions"],"gold_per_floor":[118,118,130,130,130,130,142,159,159,42,42,42],"floor_reached":11,"playtime":397,"items_purged":[],"score":63,"play_id":"182cd18f-fbc8-4c82-a92d-de5a7e46a65a","local_time":"20201210143643","is_ascension_mode":false,"campfire_choices":[{"floor":6,"key":"REST"}],"circlet_count":0,"master_deck":["Strike_B","Strike_B+1","Strike_B","Defend_B","Defend_B","Defend_B","Defend_B","Zap+1","Dualcast+1","StuffTheSpire:SnapShoot","Lockon","Chill","Loop","Panic Button"],"relics":["Cracked Core","StuffTheSpire:TintedRock","Question Card"],"acts_visited":["Exordium"],"potions_floor_usage":[11],"damage_taken":[{"damage":1,"enemies":"Cultist","floor":1,"turns":4},{"damage":0,"enemies":"Jaw Worm","floor":3,"turns":4},{"damage":7,"enemies":"2 Louse","floor":7,"turns":3},{"damage":6,"enemies":"Red Slaver","floor":8,"turns":3},{"damage":67,"enemies":"3 Sentries","floor":11,"turns":6}],"seed_played":"-8699341577208888008","potions_obtained":[{"floor":7,"key":"Block Potion"},{"floor":8,"key":"Weak Potion"}],"is_trial":false,"path_per_floor":["M","?","M","?","?","R","M","M","T","$","E"],"character_chosen":"DEFECT","items_purchased":["Loop","Panic Button"],"campfire_rested":1,"item_purchase_floors":[10,10],"current_hp_per_floor":[74,74,74,59,59,75,68,62,62,62,0,0],"gold":42,"neow_bonus":"RANDOM_COMMON_RELIC","is_daily":false,"chose_seed":false,"campfire_upgraded":0,"win_rate":0,"timestamp":1607629003,"path_taken":["M","?","?","?","?","R","?","M","T","$","E"],"build_version":"2020-11-30","purchased_purges":0,"victory":false,"max_hp_per_floor":[75,75,75,75,75,75,75,75,75,75,75,75],"card_choices":[{"not_picked":["BasicCrystalCard","Compile Driver","conspire:Rain"],"picked":"SKIP","floor":1},{"not_picked":["Undo","BasicCrystalCard"],"picked":"StuffTheSpire:SnapShoot","floor":3},{"not_picked":["ReplayTheSpireMod:Reroute Power","Rebound"],"picked":"Lockon","floor":7},{"not_picked":["Panic Button","Compile Driver"],"picked":"Chill","floor":8}],"player_experience":751902,"relics_obtained":[{"floor":9,"key":"Question Card"}],"event_choices":[{"cards_removed":["Strike_B"],"damage_healed":0,"gold_gain":0,"player_choice":"Offered Basic","damage_taken":0,"max_hp_gain":0,"max_hp_loss":0,"event_name":"Bonfire Elementals","floor":2,"gold_loss":0},{"damage_healed":0,"gold_gain":0,"player_choice":"Entered Light","damage_taken":15,"max_hp_gain":0,"max_hp_loss":0,"event_name":"Shining Light","floor":4,"gold_loss":0,"cards_upgraded":["Strike_B","Dualcast"]},{"damage_healed":0,"gold_gain":0,"player_choice":"Forge","damage_taken":0,"max_hp_gain":0,"max_hp_loss":0,"event_name":"Accursed Blacksmith","floor":5,"gold_loss":0,"cards_upgraded":["Zap"]}],"is_beta":false,"boss_relics":[],"items_purged_floors":[],"is_endless":false,"potions_floor_spawned":[7,8],"killed_by":"3 Sentries","ascension_level":0}}