{"host":"qtjyrnym4cekytpy","time":1607560357,"event":{"gold_per_floor":[109,109,86,86,100,100,111,124,176,187,201,201,219,193,193,292,292,307,327,327,327,327,362,86,97,97,97,97,116,130,0,0,95,95,108,108,108,128,139,0,0,18,18,18,36,55,55,70,70,70,70],"floor_reached":50,"playtime":2564,"items_purged":[],"score":583,"play_id":"0637e5c5-57c1-499e-9c24-8e6e33e9ff0b","local_time":"20201209223237","is_ascension_mode":false,"campfire_choices":[{"data":"hermit:Glare","floor":6,"key":"SMITH"},{"data":"hermit:Desperado","floor":12,"key":"SMITH"},{"data":"hermit:Headshot","floor":15,"key":"SMITH"},{"floor":27,"key":"REST"},{"data":"hermit:Deadeye","floor":32,"key":"SMITH"},{"floor":41,"key":"REST"},{"floor":44,"key":"REST"},{"floor":49,"key":"REST"}],"neow_cost":"NONE","seed_source_timestamp":4451845760200,"circlet_count":0,"master_deck":["hermit:Strike_Hermit+1","hermit:Strike_Hermit+1","hermit:Strike_Hermit+1","hermit:Strike_Hermit+1","hermit:Defend_Hermit+1","hermit:Defend_Hermit+1","hermit:Defend_Hermit+1","hermit:Snapshot","hermit:Covet","hermit:Quickdraw","Regret","hermit:Headshot+1","hermit:Glare+1","hermit:ItchyTrigger","hermit:Desperado+1","hermit:Dive","hermit:Vantage","hermit:Deadeye+1","hermit:Vantage","hermit:Magnum","hermit:FullyLoaded+1","hermit:Snipe+1","hermit:Glare+1","hermit:TrackingShot","hermit:CursedWeapon","hermit:Quickdraw+1","hermit:BlackWind","hermit:Midnight+1","hermit:BlackWind","hermit:Spite+1","hermit:Glare","hermit:Snipe","hermit:Manifest+1","hermit:Malice+1","hermit:Gestalt","hermit:HighNoon","hermit:WideOpen+1"],"relics":["hermit:Momento","Bag of Marbles","Blood Vial","Busted Crown","Mercury Hourglass","Pear","HornCleat","hermit:DentedPlate","Red Mask","Pantograph"],"potions_floor_usage":[16,23,23,33,33,42,45,46,50],"damage_taken":[{"damage":1,"enemies":"Jaw Worm","floor":1,"turns":4},{"damage":8,"enemies":"Small Slimes","floor":5,"turns":2},{"damage":0,"enemies":"Cultist","floor":7,"turns":3},{"damage":4,"enemies":"Red Slaver","floor":8,"turns":2},{"damage":6,"enemies":"2 Fungi Beasts","floor":10,"turns":2},{"damage":0,"enemies":"Large Slime","floor":11,"turns":3},{"damage":0,"enemies":"3 Louse","floor":13,"turns":2},{"damage":25,"enemies":"Hexaghost","floor":16,"turns":9},{"damage":0,"enemies":"Chosen","floor":18,"turns":3},{"damage":0,"enemies":"Spheric Guardian","floor":19,"turns":3},{"damage":15,"enemies":"Book of Stabbing","floor":23,"turns":3},{"damage":19,"enemies":"Centurion and Healer","floor":25,"turns":5},{"damage":16,"enemies":"Sentry and Sphere","floor":29,"turns":5},{"damage":2,"enemies":"Snecko","floor":30,"turns":3},{"damage":63,"enemies":"Automaton","floor":33,"turns":10},{"damage":0,"enemies":"Orb Walker","floor":35,"turns":3},{"damage":0,"enemies":"3 Shapes","floor":38,"turns":3},{"damage":24,"enemies":"Spire Growth","floor":39,"turns":4},{"damage":12,"enemies":"Transient","floor":42,"turns":5},{"damage":17,"enemies":"Writhing Mass","floor":45,"turns":2},{"damage":5,"enemies":"3 Darklings","floor":46,"turns":5},{"damage":14,"enemies":"Spire Growth","floor":48,"turns":3},{"damage":191,"enemies":"Donu and Deca","floor":50,"turns":10}],"seed_played":"2054433497689161454","potions_obtained":[{"floor":5,"key":"FairyPotion"},{"floor":11,"key":"LiquidMemories"},{"floor":16,"key":"DistilledChaos"},{"floor":18,"key":"Strength Potion"},{"floor":25,"key":"Fire Potion"},{"floor":30,"key":"hermit:Tonic"},{"floor":38,"key":"Ancient Potion"},{"floor":39,"key":"ColorlessPotion"},{"floor":42,"key":"Fire Potion"},{"floor":46,"key":"Fruit Juice"}],"is_trial":false,"path_per_floor":["M","?","$","?","M","R","M","M","T","M","M","R","M","$","R","B",null,"M","M","?","?","?","E","$","M","T","R","?","M","M","?","R","B",null,"M","?","$","M","M","?","R","M","T","R","M","M","?","M","R","B"],"character_chosen":"HERMIT","items_purchased":["hermit:Headshot","hermit:Vantage","Pear","hermit:TrackingShot"],"campfire_rested":4,"item_purchase_floors":[3,14,24,24],"current_hp_per_floor":[81,81,81,81,73,73,73,69,69,65,67,67,69,69,69,46,82,82,82,82,66,87,72,82,65,65,94,94,80,80,80,80,19,51,53,53,53,55,33,33,71,61,61,99,84,86,86,74,114,0,0],"gold":70,"neow_bonus":"TEN_PERCENT_HP_BONUS","is_prod":false,"is_daily":false,"chose_seed":false,"campfire_upgraded":4,"win_rate":0.0,"timestamp":1607560357,"path_taken":["M","?","?","?","?","R","M","M","T","M","M","R","M","?","R","BOSS","M","M","?","?","?","E","$","M","T","R","?","?","?","?","R","BOSS","M","?","$","M","?","?","R","M","T","R","M","M","?","M","R","BOSS"],"build_version":"2020-11-30","purchased_purges":0,"victory":false,"max_hp_per_floor":[82,82,82,82,82,82,82,82,82,82,82,82,82,82,82,82,82,82,82,82,87,87,87,97,97,97,97,97,97,97,97,97,97,129,129,129,129,129,129,129,129,129,129,129,129,134,134,134,134,134,134],"card_choices":[{"not_picked":["hermit:CursedWeapon","hermit:HighCaliber"],"picked":"hermit:Quickdraw","floor":1},{"not_picked":["hermit:Feint","hermit:BodyArmor"],"picked":"hermit:Glare","floor":5},{"not_picked":["hermit:DeadMansHand","hermit:Virtue"],"picked":"hermit:ItchyTrigger","floor":7},{"not_picked":["hermit:CalledShot","hermit:Horror"],"picked":"hermit:Desperado","floor":8},{"not_picked":["hermit:Spite","hermit:Snipe"],"picked":"hermit:Dive","floor":10},{"not_picked":["hermit:Scavenge","hermit:WideOpen"],"picked":"hermit:Vantage","floor":11},{"not_picked":["hermit:LuckOfTheDraw","hermit:Midnight"],"picked":"hermit:Deadeye","floor":13},{"not_picked":["hermit:OverwhelmingPower","hermit:FatalDesire"],"picked":"hermit:Magnum","floor":16},{"not_picked":[],"picked":"hermit:FullyLoaded+1","floor":18},{"not_picked":[],"picked":"hermit:Snipe+1","floor":19},{"not_picked":[],"picked":"hermit:Glare+1","floor":23},{"not_picked":[],"picked":"hermit:CursedWeapon","floor":25},{"not_picked":["hermit:Brawl"],"picked":"SKIP","floor":29},{"not_picked":[],"picked":"hermit:Quickdraw+1","floor":30},{"not_picked":[],"picked":"hermit:BlackWind","floor":33},{"not_picked":[],"picked":"hermit:Midnight+1","floor":35},{"not_picked":[],"picked":"hermit:Spite+1","floor":38},{"not_picked":[],"picked":"hermit:Glare","floor":39},{"not_picked":[],"picked":"hermit:Snipe","floor":42},{"not_picked":[],"picked":"hermit:Manifest+1","floor":45},{"not_picked":[],"picked":"hermit:Malice+1","floor":46},{"not_picked":[],"picked":"hermit:WideOpen+1","floor":48}],"player_experience":161966,"relics_obtained":[{"floor":9,"key":"Blood Vial"},{"floor":23,"key":"Mercury Hourglass"},{"floor":26,"key":"HornCleat"},{"floor":43,"key":"Pantograph"}],"event_choices":[{"damage_healed":0,"gold_gain":0,"player_choice":"Box","damage_taken":0,"relics_obtained":["Bag of Marbles"],"max_hp_gain":0,"max_hp_loss":0,"event_name":"Big Fish","floor":2,"gold_loss":0,"cards_obtained":["Regret"]},{"cards_removed":["hermit:Defend_Hermit"],"damage_healed":0,"gold_gain":0,"player_choice":"Offered Basic","damage_taken":0,"max_hp_gain":0,"max_hp_loss":0,"event_name":"Bonfire Elementals","floor":4,"gold_loss":0},{"damage_healed":0,"gold_gain":0,"player_choice":"Ignored","damage_taken":0,"max_hp_gain":0,"max_hp_loss":0,"event_name":"Beggar","floor":20,"gold_loss":0},{"damage_healed":0,"gold_gain":0,"player_choice":"Shed Blood","damage_taken":21,"max_hp_gain":5,"max_hp_loss":0,"event_name":"Forgotten Altar","floor":21,"gold_loss":0},{"damage_healed":29,"gold_gain":0,"player_choice":"Heal","damage_taken":0,"max_hp_gain":0,"max_hp_loss":0,"event_name":"The Library","floor":22,"gold_loss":0},{"damage_healed":0,"gold_gain":0,"player_choice":"Simplicity","damage_taken":0,"max_hp_gain":0,"max_hp_loss":0,"event_name":"Back to Basics","floor":28,"gold_loss":0,"cards_upgraded":["hermit:Strike_Hermit","hermit:Strike_Hermit","hermit:Strike_Hermit","hermit:Strike_Hermit","hermit:Defend_Hermit","hermit:Defend_Hermit","hermit:Defend_Hermit"]},{"damage_healed":0,"gold_gain":0,"player_choice":"Paid Fearfully","damage_taken":0,"max_hp_gain":0,"max_hp_loss":0,"event_name":"Masked Bandits","floor":31,"gold_loss":130},{"damage_healed":0,"gold_gain":0,"player_choice":"Copied","damage_taken":0,"max_hp_gain":0,"max_hp_loss":0,"event_name":"Duplicator","floor":36,"gold_loss":0,"cards_obtained":["hermit:BlackWind"]},{"damage_healed":0,"gold_gain":0,"player_choice":"Paid","damage_taken":0,"relics_obtained":["Red Mask"],"max_hp_gain":0,"max_hp_loss":0,"event_name":"Tomb of Lord Red Mask","floor":40,"gold_loss":139},{"damage_healed":0,"gold_gain":0,"player_choice":"2 cards matched","damage_taken":0,"max_hp_gain":0,"max_hp_loss":0,"event_name":"Match and Keep!","floor":47,"gold_loss":0,"cards_obtained":["hermit:Gestalt","hermit:HighNoon"]}],"is_beta":false,"boss_relics":[{"not_picked":["Pandora\u0027s Box","Philosopher\u0027s Stone"],"picked":"Busted Crown"},{"not_picked":["Velvet Choker","Runic Dome"],"picked":"hermit:DentedPlate"}],"items_purged_floors":[],"is_endless":false,"potions_floor_spawned":[5,11,16,18,19,25,30,38,39,42,46],"killed_by":"Donu and Deca","ascension_level":0}}