{"host":"nptej036rrbiurf5","time":1607577504,"event":{"gold_per_floor":[110,110,35,47,21,21,56,56,56,56,72,86,34,46,46,123,123,139,64,64,64,64,80,80,80],"floor_reached":24,"playtime":481,"items_purged":["Defend_B"],"score":416,"play_id":"606b35f8-07d0-449a-88ac-062b0bff0100","local_time":"20201210141824","is_ascension_mode":true,"campfire_choices":[{"data":"Zap","floor":6.0,"key":"SMITH"},{"data":"Reinforced Body","floor":8.0,"key":"SMITH"},{"data":"Dualcast","floor":10.0,"key":"SMITH"},{"data":"Scrape","floor":15.0,"key":"SMITH"}],"neow_cost":"NONE","seed_source_timestamp":1299312506936200,"circlet_count":0,"master_deck":["AscendersBane","Strike_B","Strike_B+1","Defend_B","Defend_B","Defend_B","Zap+1","Dualcast+1","Gash+1","Steam","Leap","Reinforced Body+1","Hologram","Beam Cell","Turbo","Scrape+1","Buffer","Hologram+1","Gash"],"special_seed":0,"relics":["FrozenCore","NeowsBlessing","Whetstone","Darkstone Periapt"],"potions_floor_usage":[24],"damage_taken":[{"damage":0.0,"enemies":"Jaw Worm","floor":1.0,"turns":1.0},{"damage":0.0,"enemies":"Cultist","floor":4.0,"turns":1.0},{"damage":0.0,"enemies":"3 Sentries","floor":7.0,"turns":1.0},{"damage":0.0,"enemies":"Small Slimes","floor":11.0,"turns":2.0},{"damage":0.0,"enemies":"3 Louse","floor":12.0,"turns":2.0},{"damage":4.0,"enemies":"Large Slime","floor":14.0,"turns":6.0},{"damage":47.0,"enemies":"The Guardian","floor":16.0,"turns":10.0},{"damage":14.0,"enemies":"Chosen","floor":18.0,"turns":7.0},{"damage":11.0,"enemies":"Spheric Guardian","floor":23.0,"turns":6.0},{"damage":10,"enemies":"Chosen and Byrds","floor":24,"turns":5}],"seed_played":"-8809457307337884842","potions_obtained":[{"floor":1.0,"key":"CultistPotion"},{"floor":12.0,"key":"FocusPotion"},{"floor":16.0,"key":"Energy Potion"}],"is_trial":false,"path_per_floor":["M","?","$","M","$","R","E","R","T","R","M","M","$","M","R","B",null,"M","?","?","?","?","M","M"],"character_chosen":"DEFECT","items_purchased":["Leap","Turbo"],"campfire_rested":0,"item_purchase_floors":[5,13],"current_hp_per_floor":[64,64,64,64,64,64,64,64,64,64,64,64,64,60,60,13,57,43,43,23,23,17,6,0,0],"gold":80,"neow_bonus":"THREE_ENEMY_KILL","is_prod":false,"is_daily":false,"chose_seed":false,"campfire_upgraded":4,"win_rate":0,"timestamp":1607577504,"path_taken":["M","?","$","?","$","R","E","R","T","R","M","M","?","M","R","BOSS","M","?","?","?","?","M","M"],"build_version":"2020-11-30","purchased_purges":1,"victory":false,"max_hp_per_floor":[71,71,71,71,71,71,71,71,71,71,71,71,71,71,71,71,71,71,71,76,76,76,76,76,76],"card_choices":[{"not_picked":["Auto Shields","Compile Driver"],"picked":"Gash","floor":1.0},{"not_picked":["Leap","Sweeping Beam"],"picked":"Steam","floor":4.0},{"not_picked":["Storm","Leap"],"picked":"Reinforced Body","floor":7.0},{"not_picked":["Melter","Sweeping Beam"],"picked":"Hologram","floor":11.0},{"not_picked":["Steam","Aggregate"],"picked":"Beam Cell","floor":12.0},{"not_picked":["Redo","Leap"],"picked":"Scrape","floor":14.0},{"not_picked":["Creative AI","Biased Cognition"],"picked":"Buffer","floor":16.0},{"not_picked":["Beam Cell","Chill"],"picked":"Hologram+1","floor":18.0},{"not_picked":["Sweeping Beam","Go for the Eyes"],"picked":"Gash","floor":23.0}],"player_experience":824133,"relics_obtained":[{"floor":7.0,"key":"Whetstone"},{"floor":9.0,"key":"Darkstone Periapt"}],"event_choices":[{"cards_removed":["Strike_B"],"damage_healed":0.0,"max_hp_gain":0.0,"max_hp_loss":0.0,"gold_gain":0.0,"event_name":"Bonfire Elementals","player_choice":"Offered Basic","floor":2.0,"gold_loss":0.0,"damage_taken":0.0},{"cards_removed":["Strike_B"],"damage_healed":0.0,"max_hp_gain":0.0,"max_hp_loss":0.0,"gold_gain":0.0,"event_name":"Beggar","player_choice":"Gave Gold","floor":19.0,"gold_loss":75.0,"damage_taken":0.0},{"damage_healed":0.0,"max_hp_gain":5.0,"max_hp_loss":0.0,"gold_gain":0.0,"event_name":"Forgotten Altar","player_choice":"Shed Blood","floor":20.0,"gold_loss":0.0,"damage_taken":25.0},{"damage_healed":0.0,"max_hp_gain":0.0,"max_hp_loss":0.0,"gold_gain":0.0,"event_name":"Cursed Tome","player_choice":"Ignored","floor":21.0,"gold_loss":0.0,"damage_taken":0.0},{"damage_healed":0.0,"max_hp_gain":0.0,"max_hp_loss":0.0,"gold_gain":0.0,"event_name":"Knowing Skull","player_choice":"","floor":22.0,"potions_obtained":[],"gold_loss":0.0,"damage_taken":6.0,"cards_obtained":[]}],"is_beta":false,"boss_relics":[{"not_picked":["Inserter","Busted Crown"],"picked":"FrozenCore"}],"items_purged_floors":[3],"is_endless":false,"potions_floor_spawned":[1,12,16,23],"killed_by":"Chosen and Byrds","ascension_level":18}}