{"host":"hrqqt8m0zf5zoikh","time":1607639242,"event":{"mods":["2.2 Compatiblity","BaseMod","AchievementEnabler","StSLib","Card Forge","DeckTracker","Downfall","Minty Spire (QoL Compilation)","Replay The Spire","Spicy Shops"],"gold_per_floor":[110,110,110,124,64,64,91,91,91,421,421,435,451,451,451,577,3577,3517,3194,3134,3134,3134,3134,3134,3134,3134,3134,3134,2208,2208,2208,2208,2208,2208,2208,857,857,857,857,857,857,101,101,101,101,101,101,101,101,101,101,101,2,2,2,2],"floor_reached":55,"playtime":5936,"items_purged":[],"score":1392,"play_id":"d2a2c0df-94df-4872-84a3-5b6e139c49db","local_time":"20201210232722","is_ascension_mode":true,"campfire_choices":[{"data":"Creative AI","floor":6.0,"key":"SMITH"},{"floor":11.0,"key":"RECALL"},{"floor":15.0,"key":"REST"},{"data":"Eruption","floor":24.0,"key":"SMITH"},{"floor":30.0,"key":"REST"},{"data":"Prostrate","floor":32.0,"key":"SMITH"},{"floor":44.0,"key":"REST"},{"data":"Wireheading","floor":47.0,"key":"SMITH"},{"floor":49.0,"key":"REST"},{"data":"Replay:AllIn+1","floor":52.0,"key":"PURGE"}],"circlet_count":0,"master_deck":["Defend_P+1","Defend_P+1","Defend_P+1","Eruption+1","Vigilance+1","Creative AI+1","Prostrate+1","ForeignInfluence+1","WreathOfFlame+1","BattleHymn+1","ConjureBlade+1","Omniscience+1","expansioncontent:StudyTheSpire+1","Tantrum+1","Collect+1","Replay:AtTheReady+1","Consecrate+1","Prostrate+1","expansioncontent:ManipulateTime+1","Devotion+1","Replay:ManipulateFuture+1","Conclude+1","CrushJoints+1","ReplayTheSpireMod:Brewmster+1","Prostrate+1","Collect+1","Creative AI+1","Wireheading+1","EmptyFist+1","Prostrate+1"],"special_seed":0,"relics":["PureWater","Hammer of Thor","Seething Fire","Anvil of the Gods","Guardian:GemstoneGun","Bronze Scales","MealTicket","Quantum Egg","Potion Belt","Old Coin","Golden Idol","Ectoplasm","Frozen Eye","Thread and Needle","Blue Doll","War Paint","White Beast Statue","ClockworkSouvenir","Boot","Gremlin Food","Replay:Accelerometer","Astrolabe","Bird Faced Urn","Sling","Toy Ornithopter","Matryoshka","BargainBundle","Peace Pipe","Pet Ghost","Durian","Torii","DollysMirror","Ornamental Fan","ReplayTheSpireMod:Lightbulb","Orichalcum","Divine Protection"],"acts_visited":[],"potions_floor_usage":[],"damage_taken":[{"damage":7.0,"enemies":"2 Louse","floor":1.0,"turns":3.0},{"damage":6.0,"enemies":"Cultist","floor":4.0,"turns":3.0},{"damage":28.0,"enemies":"3 Sentries","floor":7.0,"turns":5.0},{"damage":1.0,"enemies":"Replay:BlueRogue","floor":10.0,"turns":3.0},{"damage":3.0,"enemies":"Small Slimes","floor":12.0,"turns":2.0},{"damage":6.0,"enemies":"Looter","floor":13.0,"turns":3.0},{"damage":43.0,"enemies":"The Guardian","floor":16.0,"turns":8.0},{"damage":35.0,"enemies":"2 Thieves","floor":18.0,"turns":4.0},{"damage":16.0,"enemies":"Shell Parasite","floor":21.0,"turns":3.0},{"damage":58.0,"enemies":"Gremlin Leader","floor":23.0,"turns":8.0},{"damage":4.0,"enemies":"Replay:Snechameleon","floor":25.0,"turns":3.0},{"damage":8.0,"enemies":"Chosen and Byrds","floor":28.0,"turns":4.0},{"damage":34.0,"enemies":"Pondfish","floor":33.0,"turns":8.0},{"damage":27.0,"enemies":"3 Darklings","floor":35.0,"turns":3.0},{"damage":26.0,"enemies":"Mind Bloom Boss Battle","floor":37.0,"turns":4.0},{"damage":25.0,"enemies":"Orb Walker","floor":39.0,"turns":4.0},{"damage":12.0,"enemies":"Giant Head","floor":40.0,"turns":6.0},{"damage":41.0,"enemies":"4 Shapes","floor":41.0,"turns":4.0},{"damage":13.0,"enemies":"Maw","floor":45.0,"turns":5.0},{"damage":97.0,"enemies":"Awakened One","floor":50.0,"turns":6.0},{"damage":85.0,"enemies":"Shield and Spear","floor":54.0,"turns":4.0},{"damage":0,"enemies":"The Heart","floor":55,"turns":1}],"seed_played":"-5552756840436367602","potions_obtained":[{"floor":7.0,"key":"SteroidPotion"},{"floor":10.0,"key":"DuplicationPotion"},{"floor":13.0,"key":"Death Potion"},{"floor":23.0,"key":"PowerPotion"},{"floor":28.0,"key":"Elixir"},{"floor":33.0,"key":"Energy Potion"},{"floor":40.0,"key":"Strength Potion"},{"floor":54.0,"key":"DuplicationPotion"}],"is_trial":false,"path_per_floor":["M","?","?","M","$","R","E","?","T","E","R","M","M","?","R","B",null,"M","$","?","M","?","E","R","E","T","?","M","$","R","T","R","B",null,"M","$","?","?","M","E","M","$","T","R","M","?","R","?","R","B",null,"R","$","E","B"],"character_chosen":"WATCHER","items_purchased":["Bronze Scales","Frozen Eye","expansioncontent:StudyTheSpire","Prostrate","BlessingOfTheForge","White Beast Statue","ClockworkSouvenir","Boot","Gremlin Food","expansioncontent:ManipulateTime+1","Bird Faced Urn","Sling","Toy Ornithopter","Matryoshka","BargainBundle","ReplayTheSpireMod:Brewmster","Durian","Torii","DollysMirror","PowerPotion","BottledMiracle"],"campfire_rested":4,"item_purchase_floors":[5,19,19,29,29,29,29,29,29,29,36,36,36,36,36,36,42,42,42,53,53],"current_hp_per_floor":[58,58,58,52,52,52,44,44,44,43,43,40,34,16,37,24,60,25,40,40,24,24,20,20,16,16,16,8,23,44,44,44,10,57,30,45,32,32,13,43,8,28,28,51,72,53,53,53,76,34,66,66,77,16,16,16],"gold":2,"neow_bonus":"ONE_RANDOM_RARE_CARD","is_daily":false,"chose_seed":false,"campfire_upgraded":4,"win_rate":0,"timestamp":1607639242,"path_taken":["M","?","?","?","$","R","E","?","T","E","R","M","M","?","R","BOSS","M","$","?","M","?","E","R","E","T","?","M","$","R","?","R","BOSS","M","$","?","?","M","E","?","$","T","R","M","?","R","?","R","BOSS","R","$","E","BOSS"],"build_version":"2020-11-30","purchased_purges":0,"victory":false,"max_hp_per_floor":[72,72,72,72,72,72,72,72,72,72,72,72,72,72,72,72,72,72,72,72,72,72,72,72,72,72,72,72,72,72,72,72,72,72,72,72,72,72,72,72,72,77,77,77,77,77,77,77,77,77,77,77,77,77,77,77],"card_choices":[{"not_picked":["Replay:ManipulateFuture","Wallop"],"picked":"Prostrate","floor":1.0},{"not_picked":["Sanctity","Worship"],"picked":"WreathOfFlame","floor":4.0},{"not_picked":["CutThroughFate","Evaluate"],"picked":"BattleHymn","floor":7.0},{"not_picked":["FlyingSleeves","SignatureMove","Replay:BluntJabs"],"picked":"SKIP","floor":10.0},{"not_picked":["FlurryOfBlows","ForeignInfluence"],"picked":"ConjureBlade","floor":12.0},{"not_picked":["SashWhip","TalkToTheHand","CutThroughFate"],"picked":"SKIP","floor":13.0},{"not_picked":["Alpha","MasterReality"],"picked":"Omniscience","floor":16.0},{"not_picked":["EmptyFist+1","Pray","SashWhip+1"],"picked":"SKIP","floor":18.0},{"not_picked":["ThirdEye","FollowUp+1"],"picked":"Tantrum+1","floor":21.0},{"not_picked":["LikeWater+1","Prostrate"],"picked":"Collect","floor":23.0},{"not_picked":["ThirdEye","PathToVictory"],"picked":"Replay:AtTheReady","floor":25.0},{"not_picked":["BowlingBash+1","Indignation"],"picked":"Consecrate","floor":28.0},{"not_picked":["Scrawl","SpiritShield"],"picked":"Devotion","floor":33.0},{"not_picked":["Halt","EmptyFist"],"picked":"CrushJoints+1","floor":35.0},{"not_picked":["Prostrate+1","ReachHeaven","MentalFortress"],"picked":"SKIP","floor":39.0},{"not_picked":["CutThroughFate","ClearTheMind+1"],"picked":"Prostrate+1","floor":40.0},{"not_picked":["Prostrate+1","CrushJoints+1"],"picked":"Collect","floor":41.0},{"not_picked":["BattleHymn+1","CutThroughFate"],"picked":"Wireheading","floor":45.0},{"not_picked":["WheelKick","Study+1"],"picked":"EmptyFist+1","floor":46.0},{"not_picked":["FlyingSleeves","Evaluate"],"picked":"Prostrate+1","floor":54.0}],"player_experience":424788,"relics_obtained":[{"floor":7.0,"key":"MealTicket"},{"floor":10.0,"key":"Old Coin"},{"floor":23.0,"key":"Thread and Needle"},{"floor":25.0,"key":"Blue Doll"},{"floor":26.0,"key":"War Paint"},{"floor":31.0,"key":"Replay:Accelerometer"},{"floor":37.0,"key":"Peace Pipe"},{"floor":40.0,"key":"Pet Ghost"},{"floor":43.0,"key":"Ornamental Fan"},{"floor":43.0,"key":"ReplayTheSpireMod:Lightbulb"},{"floor":46.0,"key":"Orichalcum"},{"floor":54.0,"key":"Divine Protection"}],"event_choices":[{"cards_removed":["Steam"],"damage_healed":0.0,"max_hp_gain":0.0,"max_hp_loss":0.0,"gold_gain":0.0,"event_name":"WeMeetAgain","player_choice":"Gave Card","floor":3.0,"gold_loss":0.0,"damage_taken":0.0,"relics_obtained":["Guardian:GemstoneGun"]},{"damage_healed":0.0,"max_hp_gain":0.0,"max_hp_loss":0.0,"gold_gain":0.0,"event_name":"Big Fish","player_choice":"Box","floor":8.0,"gold_loss":0.0,"damage_taken":0.0,"relics_obtained":["Potion Belt"],"cards_obtained":["Regret"]},{"damage_healed":0.0,"max_hp_gain":0.0,"max_hp_loss":0.0,"gold_gain":0.0,"event_name":"Golden Idol","player_choice":"Take Damage","floor":14.0,"gold_loss":0.0,"damage_taken":18.0,"relics_obtained":["Golden Idol"]},{"damage_healed":0.0,"max_hp_gain":0.0,"max_hp_loss":0.0,"gold_gain":0.0,"event_name":"Vampires","player_choice":"Ignored","floor":22.0,"gold_loss":0.0,"damage_taken":0.0},{"damage_healed":0.0,"max_hp_gain":0.0,"max_hp_loss":0.0,"gold_gain":0.0,"event_name":"Ghosts","player_choice":"Ignored","floor":27.0,"gold_loss":0.0,"damage_taken":0.0},{"damage_healed":0.0,"max_hp_gain":0.0,"max_hp_loss":0.0,"gold_gain":0.0,"event_name":"MindBloom","player_choice":"Fight","floor":37.0,"gold_loss":0.0,"damage_taken":0.0},{"damage_healed":0.0,"max_hp_gain":0.0,"max_hp_loss":0.0,"gold_gain":0.0,"event_name":"Wheel of Change","player_choice":"Cursed","floor":38.0,"gold_loss":0.0,"damage_taken":0.0,"cards_obtained":["Decay"]},{"cards_removed":["EmptyMind"],"damage_healed":0.0,"max_hp_gain":0.0,"max_hp_loss":0.0,"gold_gain":0.0,"event_name":"Falling","player_choice":"Removed Skill","floor":48.0,"gold_loss":0.0,"damage_taken":0.0}],"is_beta":false,"boss_relics":[{"not_picked":["SacredBark","Fusion Hammer"],"picked":"Ectoplasm"},{"not_picked":["Cursed Key","Replay:Bronze Core"],"picked":"Astrolabe"}],"items_purged_floors":[],"is_endless":false,"potions_floor_spawned":[7,10,13,23,28,33,35,37,39,40,41,45,54],"killed_by":"The Heart","ascension_level":8}}