{"host":"r96gpt22bjdw55rp","time":1607590779,"event":{"gold_per_floor":[112,132,144,162,180,180,180,180,180,194,269,269,194,212,212,331,331,355,355,368,368,233,233,249,249,304,320,339,146,162,185,185,314,314,337,357,372,386,185,185,226,226,226,245,266,266,287,386,386,386],"floor_reached":51,"playtime":3198,"items_purged":["DTMod:TargetDefense","DTMod:Strike"],"score":777,"play_id":"a9b99ffc-9999-4e77-bed0-a2a3facbe7de","local_time":"20201210175939","is_ascension_mode":true,"metric_token":799,"campfire_choices":[{"data":"DTMod:QuickFly","floor":6.0,"key":"SMITH"},{"floor":8.0,"key":"REST"},{"data":"DTMod:CrossStep","floor":12.0,"key":"SMITH"},{"data":"DTMod:SealedStrike","floor":15.0,"key":"SMITH"},{"data":"DTMod:SealedStrike+1","floor":23.0,"key":"SMITH"},{"data":"DTMod:SealedStrike+2","floor":25.0,"key":"SMITH"},{"floor":32.0,"key":"REST"},{"floor":40,"key":"REST"},{"data":"DTMod:SealedStrike+3","floor":42,"key":"SMITH"},{"data":"DTMod:SealedStrike+4","floor":46,"key":"SMITH"},{"floor":49,"key":"REST"}],"neow_cost":"NONE","dtmod_dragon_data":[29,64,0,0,8,2],"seed_source_timestamp":1314264442910100,"circlet_count":0,"master_deck":["DTMod:DoubleHit+1","DTMod:TargetDefense+1","DTMod:TargetDefense+1","DTMod:TargetDefense+1","DTMod:SwitchingTactic+1","DTMod:CleansingStrike+1","DTMod:Adaptation+1","DTMod:QuickFly+1","DTMod:CrossStep+1","DTMod:SealedStrike+5","DTMod:Safeguard+1","DTMod:Threaten+1","DTMod:CleansingStrike+1","DTMod:WarmUp+1","DTMod:Threaten+1","DTMod:BuildUp+1","DTMod:DragonDance+1","DTMod:DragonDance+1","DTMod:Threaten+1","DTMod:QuickFly+1","DTMod:FlameSlash+1","DTMod:BalancedStrike+1","Parasite","ReplayTheSpireMod:Splinters","DTMod:CrossStep+1","DTMod:BreakAttack+1"],"special_seed":0,"relics":["DTMod:PactStone","NeowsBlessing","Golden Idol","Replay:Ringing Soul","Replay:Bronze Core","Ninja Scroll","Pet Ghost","Orichalcum","Replay:Drink Me","Replay:Wax Seal","Ancient Tea Set","Pear","Pantograph","Boot"],"potions_floor_usage":[50,50],"damage_taken":[{"damage":0.0,"enemies":"Small Slimes","floor":1.0,"turns":1.0},{"damage":0.0,"enemies":"Jaw Worm","floor":2.0,"turns":1.0},{"damage":0.0,"enemies":"Cultist","floor":3.0,"turns":1.0},{"damage":2.0,"enemies":"Exordium Thugs","floor":4.0,"turns":6.0},{"damage":4.0,"enemies":"Exordium Wildlife","floor":5.0,"turns":4.0},{"damage":6.0,"enemies":"Blue Slaver","floor":10.0,"turns":3.0},{"damage":3.0,"enemies":"Red Slaver","floor":14.0,"turns":3.0},{"damage":15.0,"enemies":"The Guardian","floor":16.0,"turns":13.0},{"damage":0.0,"enemies":"theJungle:MUSHROOMGANG","floor":18.0,"turns":5.0},{"damage":15.0,"enemies":"JungleHuntersEvent","floor":19.0,"turns":8.0},{"damage":27.0,"enemies":"Shell Parasite","floor":20.0,"turns":5.0},{"damage":2.0,"enemies":"theJungle:2_Snecko_Cultists","floor":24.0,"turns":4.0},{"damage":5.0,"enemies":"theJungle:JungleHuntersEncounter","floor":27.0,"turns":5.0},{"damage":0.0,"enemies":"theJungle:Lyon","floor":28.0,"turns":4.0},{"damage":2.0,"enemies":"theJungle:2_Snecko_Cultists","floor":30.0,"turns":4.0},{"damage":0.0,"enemies":"theJungle:SlimyTreeVines","floor":31.0,"turns":5.0},{"damage":0,"enemies":"theJungle:QueenSpyder","floor":33,"turns":7},{"damage":0,"enemies":"3 Shapes","floor":35,"turns":5},{"damage":0,"enemies":"Orb Walker","floor":36,"turns":4},{"damage":0,"enemies":"Jaw Worm Horde","floor":37,"turns":5},{"damage":0,"enemies":"4 Shapes","floor":38,"turns":5},{"damage":0,"enemies":"Nemesis","floor":41,"turns":9},{"damage":0,"enemies":"Maw","floor":44,"turns":7},{"damage":0,"enemies":"Writhing Mass","floor":45,"turns":6},{"damage":0,"enemies":"4 Shapes","floor":47,"turns":4},{"damage":24,"enemies":"Awakened One","floor":50,"turns":8}],"seed_played":"7732047156631882182","potions_obtained":[{"floor":2.0,"key":"PowerPotion"},{"floor":10.0,"key":"DuplicationPotion"},{"floor":18.0,"key":"Strength Potion"},{"floor":20.0,"key":"LifebloodPotion"},{"floor":27.0,"key":"Strength Potion"},{"floor":31.0,"key":"Weak Potion"}],"is_trial":false,"path_per_floor":["M","M","M","M","M","R","?","R","T","M","?","R","$","M","R","B",null,"M","?","M","?","$","R","M","R","T","M","M","$","M","M","R","B",null,"M","M","M","M","$","R","E","R","T","M","M","R","M","?","R","B",null],"character_chosen":"THE_DT","items_purchased":["DTMod:WarmUp","Orichalcum","DTMod:DragonDance","Replay:Wax Seal","Ancient Tea Set"],"campfire_rested":4,"item_purchase_floors":[22,29,29,39,39],"current_hp_per_floor":[45,45,45,43,39,39,39,42,42,39,28,28,28,28,28,16,51,51,39,15,15,18,18,19,19,19,17,17,20,21,24,46,46,57,57,60,63,66,66,66,76,76,76,76,79,79,79,82,82,58],"gold":386,"neow_bonus":"THREE_ENEMY_KILL","is_prod":false,"is_daily":false,"chose_seed":false,"campfire_upgraded":7,"win_rate":0,"timestamp":1607590779,"path_taken":["M","M","M","M","M","R","?","R","T","M","?","R","$","M","R","BOSS","M","?","M","?","$","R","M","R","T","M","?","$","M","M","R","BOSS","M","M","M","M","$","R","E","R","T","M","M","R","M","?","R","BOSS"],"build_version":"2020-11-30","purchased_purges":2,"victory":true,"max_hp_per_floor":[45,45,45,45,45,45,42,42,42,45,45,45,45,48,48,51,51,51,54,57,57,60,60,63,63,63,66,66,69,72,75,75,75,57,57,60,63,66,66,66,76,76,76,76,79,79,79,82,82,82],"card_choices":[{"not_picked":["DTMod:Hide","DTMod:GhostSkin"],"picked":"DTMod:CleansingStrike","floor":1.0},{"not_picked":["DTMod:MasterPlan","DTMod:Cover","DTMod:GhostSkin"],"picked":"SKIP","floor":2.0},{"not_picked":["DTMod:Punisher","DTMod:ComboAttack"],"picked":"DTMod:Adaptation","floor":3.0},{"not_picked":["DTMod:Haste","DTMod:HeatWave"],"picked":"DTMod:QuickFly","floor":4.0},{"not_picked":["DTMod:CleansingStrike","DTMod:BlazingStrike","DTMod:Weaken"],"picked":"SKIP","floor":5.0},{"not_picked":["DTMod:Weaken","DTMod:DeepFocus"],"picked":"DTMod:CrossStep","floor":10.0},{"not_picked":["DTMod:TauntingStrike","DTMod:DeepFocus"],"picked":"DTMod:SealedStrike","floor":14.0},{"not_picked":["DTMod:StunTrap","DTMod:Prediction"],"picked":"DTMod:Safeguard","floor":16.0},{"not_picked":["DTMod:MasterPlan","DTMod:BizarreTactic+1","DTMod:Cover"],"picked":"SKIP","floor":18.0},{"not_picked":["DTMod:MasterPlan","DTMod:Punisher+1"],"picked":"DTMod:Threaten+1","floor":19.0},{"not_picked":["DTMod:BuildUp","DTMod:GearUp"],"picked":"DTMod:CleansingStrike+1","floor":20.0},{"not_picked":["DTMod:Cover","DTMod:HeatWave"],"picked":"DTMod:Threaten+1","floor":24.0},{"not_picked":["DTMod:Punisher","DTMod:Multitask"],"picked":"DTMod:BuildUp+1","floor":27.0},{"not_picked":["DTMod:Overwhelm+1","DTMod:LowKick+1","DTMod:MasterPlan"],"picked":"SKIP","floor":28.0},{"not_picked":["DTMod:BalancedStrike","DTMod:HeatWave"],"picked":"DTMod:DragonDance","floor":30.0},{"not_picked":["DTMod:BurningEnergy+1","DTMod:HeatWave+1"],"picked":"DTMod:Threaten+1","floor":31.0},{"not_picked":["DTMod:LastStand+1","DTMod:CrossStep+1","DTMod:Shift"],"picked":"SKIP","floor":35},{"not_picked":["DTMod:CleansingStrike+1","DTMod:Haste+1"],"picked":"DTMod:QuickFly+1","floor":36},{"not_picked":["DTMod:BizarreTactic+1","DTMod:LastStand+1"],"picked":"DTMod:FlameSlash+1","floor":37},{"not_picked":["DTMod:FlameSlash+1","DTMod:MaximumCharge"],"picked":"DTMod:BalancedStrike+1","floor":38},{"not_picked":["DTMod:HeadStart","DTMod:MagicField+1","DTMod:Haste"],"picked":"SKIP","floor":41},{"not_picked":["DTMod:BalancedStrike+1","DTMod:Weaken","DTMod:Astonish+1"],"picked":"SKIP","floor":44},{"not_picked":["DTMod:FlameSlash","DTMod:BizarreTactic","DTMod:BuildUp+1"],"picked":"SKIP","floor":45},{"not_picked":["DTMod:Shift","DTMod:ForkedFire+1","DTMod:RecklessFlurry+1"],"picked":"SKIP","floor":47},{"not_picked":["DTMod:LastStand+1","DTMod:BuildUp+1"],"picked":"DTMod:CrossStep+1","floor":48},{"not_picked":["DTMod:BurningEnergy","DTMod:BizarreTactic+1"],"picked":"DTMod:BreakAttack+1","floor":48}],"player_experience":1805462,"relics_obtained":[{"floor":9.0,"key":"Replay:Ringing Soul"},{"floor":19.0,"key":"Ninja Scroll"},{"floor":26.0,"key":"Pet Ghost"},{"floor":41,"key":"Pear"},{"floor":43,"key":"Pantograph"},{"floor":48,"key":"Boot"}],"event_choices":[{"damage_healed":0.0,"max_hp_gain":0.0,"max_hp_loss":3.0,"gold_gain":0.0,"event_name":"Golden Idol","player_choice":"Lose Max HP","floor":7.0,"gold_loss":0.0,"damage_taken":0.0,"relics_obtained":["Golden Idol"]},{"damage_healed":0.0,"max_hp_gain":0.0,"max_hp_loss":0.0,"gold_gain":75.0,"event_name":"World of Goop","player_choice":"Gather Gold","floor":11.0,"gold_loss":0.0,"damage_taken":11.0},{"damage_healed":0.0,"max_hp_gain":0.0,"max_hp_loss":0.0,"gold_gain":0.0,"event_name":"NoteForYourself","player_choice":"Ignored","floor":21.0,"gold_loss":0.0,"damage_taken":0.0}],"is_beta":false,"boss_relics":[{"not_picked":["Velvet Choker","Calling Bell"],"picked":"Replay:Bronze Core"},{"not_picked":["ReplayTheSpireMod:DimensionalGlitch","SlaversCollar"],"picked":"Replay:Drink Me"}],"items_purged_floors":[13,22],"is_endless":false,"potions_floor_spawned":[2,3,10,18,20,27,31,35,38,47],"ascension_level":0}}