{"host":"74rphcgmhz43g39u","time":1607628980,"event":{"mods":["BaseMod","StSLib","Minty Spire (QoL Compilation)","Colored Powertips","Quick Restart","Act Like it!","Gensokyo","Marisa£®ÏF”Í°°ƒß¿Ì…≥£©","Remilia£®¿Ÿ√◊¿Ú—«£©"],"gold_per_floor":[118,129,140,140,140,140,172,206,230,142,166,232,157,175,175,269,269,283,318,40,54,54,107,107,133,133,144,144,44,294,329,329,329,329],"floor_reached":33,"playtime":2263,"items_purged":["Strike_RM","Strike_RM"],"score":624,"play_id":"8cbdfe59-038f-430b-a20a-0e5492994fb4","local_time":"20201211033620","is_ascension_mode":true,"campfire_choices":[{"data":"RedMoon","floor":6.0,"key":"SMITH"},{"data":"CurseOfVladTepes","floor":15.0,"key":"SMITH"},{"floor":24.0,"key":"REST"},{"floor":32,"key":"RECALL"}],"circlet_count":0,"master_deck":["AscendersBane","Defend_RM","Defend_RM","RedMoon+1","ScarletShoot","NightDance","FavorOfDestiny+1","ScarletNetherworld","MillenniumVampire","CurseOfVladTepes+1","ScarletMeister","Ultimatum+1","ScarletDream+1","UltimateOffering","QueenOfMidnight","CurseOfVladTepes+1"],"special_seed":0,"relics":["ScarletHat","Pen Nib","Centennial Puzzle","Fusion Hammer","Toxic Egg 2","Gensokyo:RedStar","Lantern","Mummified Hand","Frozen Egg 2"],"acts_visited":["Exordium","Gensokyo:Gensokyo"],"potions_floor_usage":[31,33],"damage_taken":[{"damage":0.0,"enemies":"Gensokyo:3_Fairies","floor":1.0,"turns":10.0},{"damage":0.0,"enemies":"Gensokyo:Python","floor":2.0,"turns":4.0},{"damage":11.0,"enemies":"Gensokyo:Gryphon","floor":3.0,"turns":5.0},{"damage":10.0,"enemies":"Gensokyo:VengefulSpirit","floor":7.0,"turns":4.0},{"damage":12.0,"enemies":"Gensokyo:CorruptedTreant","floor":8.0,"turns":7.0},{"damage":36.0,"enemies":"Gensokyo:Cirno","floor":12.0,"turns":11.0},{"damage":5.0,"enemies":"Gensokyo:3_Kodama","floor":14.0,"turns":2.0},{"damage":17.0,"enemies":"Gensokyo:Yukari","floor":16.0,"turns":12.0},{"damage":22.0,"enemies":"Gensokyo:3_Dogs","floor":18.0,"turns":8.0},{"damage":24.0,"enemies":"Gensokyo:CosmicMonolith","floor":19.0,"turns":5.0},{"damage":17.0,"enemies":"Gensokyo:3_Gloops","floor":21.0,"turns":4.0},{"damage":12.0,"enemies":"Gensokyo:Koishi","floor":23.0,"turns":6.0},{"damage":48,"enemies":"Gensokyo:Tenshi","floor":25,"turns":7},{"damage":12,"enemies":"Gensokyo:Slime_Group","floor":27,"turns":2},{"damage":23,"enemies":"Gensokyo:Swordslinger","floor":31,"turns":4},{"damage":66,"enemies":"Gensokyo:Eternal_Rivals","floor":33,"turns":5}],"seed_played":"4985109581246060328","potions_obtained":[{"floor":3.0,"key":"DuplicationPotion"},{"floor":7.0,"key":"Swift Potion"},{"floor":19.0,"key":"DuplicationPotion"},{"floor":27,"key":"Weak Potion"},{"floor":31,"key":"PowerPotion"}],"is_trial":false,"path_per_floor":["M","M","M","?","?","R","M","M","T","?","T","E","$","M","R","B",null,"M","M","$","M","?","E","R","E","T","M","?","$","?","M","R","B"],"character_chosen":"REMILIA","items_purchased":["Toxic Egg 2"],"campfire_rested":1,"item_purchase_floors":[20],"current_hp_per_floor":[63,63,52,52,37,37,28,19,19,63,63,34,34,35,35,31,55,48,32,32,30,30,27,45,38,38,43,43,43,43,29,29,0,0],"gold":329,"neow_bonus":"REMOVE_TWO","is_daily":false,"chose_seed":false,"campfire_upgraded":2,"win_rate":0,"timestamp":1607628980,"path_taken":["M","M","M","?","?","R","M","M","T","?","?","E","$","?","R","BOSS","M","M","$","M","?","E","R","E","T","M","?","?","?","M","R","BOSS"],"build_version":"2020-11-30","purchased_purges":2,"victory":false,"max_hp_per_floor":[63,63,63,63,63,63,63,63,63,63,63,63,63,63,63,63,63,63,63,63,63,63,63,63,63,63,63,63,63,58,58,58,29,29],"card_choices":[{"not_picked":["BloodHunter","ScarletDevil"],"picked":"NightDance","floor":1.0},{"not_picked":["VampireClaw","BloodyTrap","NightLord"],"picked":"SKIP","floor":2.0},{"not_picked":["Maim","MastersStateliness"],"picked":"ForbiddenFruit","floor":3.0},{"not_picked":["VampireKiss","BadLadyScramble"],"picked":"ScarletNetherworld","floor":7.0},{"not_picked":["FavorOfDestiny","ChainGang"],"picked":"MillenniumVampire","floor":8.0},{"not_picked":["Stigmanizer","BlasphemousPunishment"],"picked":"CurseOfVladTepes","floor":12.0},{"not_picked":["StarOfDavid","UnderTheZenith","Stigmanizer"],"picked":"SKIP","floor":14.0},{"not_picked":["CeilingFear","KillingBlow"],"picked":"ScarletMeister","floor":16.0},{"not_picked":["FavorOfDestiny","ScarletDevil"],"picked":"Ultimatum+1","floor":18.0},{"not_picked":["TwelveNightmare","RedRainbow","NightDance"],"picked":"SKIP","floor":19.0},{"not_picked":["ChainGang+1","NightLord"],"picked":"ScarletDream+1","floor":21.0},{"not_picked":["UltimateOffering","ScarletDevil","RedRainbow+1"],"picked":"SKIP","floor":21.0},{"not_picked":["UltimateOffering","ScarletDevil","RedRainbow+1"],"picked":"SKIP","floor":21.0},{"not_picked":["ScarletDevil","RedRainbow+1"],"picked":"UltimateOffering","floor":21.0},{"not_picked":["EquivalentExchange","BloodHunter+1"],"picked":"QueenOfMidnight","floor":23.0},{"not_picked":["Stigmanizer","HunterOfTheNight","UnderTheZenith+1"],"picked":"SKIP","floor":25},{"not_picked":["BloodySeventeenLaser","StarOfDavid","Stigmanizer+1"],"picked":"SKIP","floor":25},{"not_picked":["StarOfDavid","DiffusionOfMisfortune","BombardNight"],"picked":"SKIP","floor":27},{"not_picked":["BlasphemousPunishment+1","AfternoonTea+1","EndlessAdversity"],"picked":"SKIP","floor":27},{"not_picked":["DiffusionOfMisfortune","ScarletImprint","BombardNight"],"picked":"SKIP","floor":31}],"player_experience":954085,"relics_obtained":[{"floor":11.0,"key":"Pen Nib"},{"floor":12.0,"key":"Centennial Puzzle"},{"floor":23.0,"key":"Lantern"},{"floor":25,"key":"Mummified Hand"},{"floor":26,"key":"Frozen Egg 2"}],"event_choices":[],"is_beta":false,"boss_relics":[{"not_picked":["Velvet Choker","Black Star"],"picked":"Fusion Hammer"}],"items_purged_floors":[13,29],"is_endless":false,"potions_floor_spawned":[3,7,8,14,16,18,19,27,31],"killed_by":"Gensokyo:Eternal_Rivals","ascension_level":20}}