{"host":"onmzcmq5a68cxj3d","time":1607626859,"event":{"mods":["BaseMod","Colored Map","Minty Spire (QoL Compilation)","Remove Card Discount Mod"],"gold_per_floor":[119,294,294,120,120,120,136,136,136,136,136,56,70,70,70,166,216,234,234,154,154,167,167,167,192,244,244,244,115,37,52,52,149,149,161,10,10,10,10,10,10,10,10,10,10,45,45,61,61,61],"floor_reached":51,"playtime":2365,"items_purged":["Defend_G","Strike_G","Wraith Form v2","Defend_G","Defend_G","Defend_G","Strike_G","Strike_G"],"score":696,"play_id":"79b3d77d-d673-42cf-8b9c-0cc2a4a28c41","local_time":"20201210120059","daily_mods":["Heirloom","Time Dilation","Flight"],"is_ascension_mode":false,"campfire_choices":[{"data":"DevaForm","floor":6,"key":"SMITH"},{"data":"Echo Form","floor":8,"key":"SMITH"},{"data":"Demon Form","floor":10,"key":"SMITH"},{"data":"Cloak And Dagger","floor":15,"key":"SMITH"},{"data":"RitualDagger","floor":23,"key":"SMITH"},{"floor":24,"key":"REST"},{"floor":27,"key":"REST"},{"floor":32,"key":"REST"},{"data":"After Image","floor":40,"key":"SMITH"},{"data":"A Thousand Cuts","floor":41,"key":"SMITH"},{"data":"Cloak And Dagger","floor":42,"key":"SMITH"},{"data":"Accuracy","floor":45,"key":"SMITH"},{"floor":47,"key":"REST"},{"floor":49,"key":"REST"}],"circlet_count":0,"master_deck":["Demon Form+1","Echo Form+1","DevaForm+1","Strike_G","Strike_G","Survivor","Neutralize","Caltrops","Accuracy+1","Cloak And Dagger+1","After Image+1","Corpse Explosion+1","Cloak And Dagger+1","RitualDagger+1","Bouncing Flask+1","A Thousand Cuts+1","Blade Dance+1"],"relics":["Unceasing Top","Tough Bandages","Membership Card","Paper Crane","TwistedFunnel","Tiny House","Ancient Tea Set","InkBottle","PreservedInsect","White Beast Statue","Lantern","ClockworkSouvenir","Blood Vial","Juzu Bracelet","The Courier","Darkstone Periapt"],"acts_visited":["Exordium","TheCity","TheBeyond"],"potions_floor_usage":[16,16,22,25,31,33,46,50,50,50,50,50,50],"damage_taken":[{"damage":0,"enemies":"Small Slimes","floor":1,"turns":4},{"damage":3,"enemies":"Jaw Worm","floor":7,"turns":6},{"damage":6,"enemies":"2 Louse","floor":13,"turns":2},{"damage":18,"enemies":"Hexaghost","floor":16,"turns":5},{"damage":20,"enemies":"Shell Parasite","floor":18,"turns":5},{"damage":20,"enemies":"Spheric Guardian","floor":22,"turns":6},{"damage":36,"enemies":"Book of Stabbing","floor":25,"turns":5},{"damage":13,"enemies":"Snake Plant","floor":31,"turns":5},{"damage":12,"enemies":"Champ","floor":33,"turns":7},{"damage":10,"enemies":"3 Darklings","floor":35,"turns":3},{"damage":35,"enemies":"Nemesis","floor":46,"turns":5},{"damage":7,"enemies":"3 Shapes","floor":48,"turns":2},{"damage":83,"enemies":"Time Eater","floor":50,"turns":7}],"seed_played":"1931660545445906588","potions_obtained":[{"floor":1,"key":"PowerPotion"},{"floor":13,"key":"ColorlessPotion"},{"floor":17,"key":"GamblersBrew"},{"floor":18,"key":"AttackPotion"},{"floor":25,"key":"Block Potion"},{"floor":31,"key":"Dexterity Potion"},{"floor":33,"key":"SpeedPotion"},{"floor":35,"key":"SkillPotion"},{"floor":38,"key":"Regen Potion"},{"floor":38,"key":"EntropicBrew"},{"floor":46,"key":"DistilledChaos"},{"floor":48,"key":"Regen Potion"}],"is_trial":true,"path_per_floor":["M","?","?","$","?","R","M","R","T","R","?","$","M","$","R","B",null,"M","?","$","?","M","R","R","E","T","R","?","$","$","M","R","B",null,"M","$","T","?","?","R","R","R","T","?","R","E","R","M","R","B",null],"character_chosen":"THE_SILENT","items_purchased":["Membership Card","Accuracy","TwistedFunnel","Ancient Tea Set","White Beast Statue","Lantern","ClockworkSouvenir","Blood Vial"],"campfire_rested":5,"item_purchase_floors":[4,4,12,20,29,30,36,36],"current_hp_per_floor":[70,70,70,70,75,75,72,72,72,72,72,72,66,66,66,48,80,60,60,60,54,34,34,58,22,22,46,46,46,46,33,57,45,80,70,70,70,70,70,70,70,70,70,70,70,37,59,54,76,3],"gold":61,"neow_bonus":"","is_daily":false,"chose_seed":false,"campfire_upgraded":9,"win_rate":0,"timestamp":1607626859,"path_taken":["M","?","?","$","?","R","M","R","T","R","?","$","?","$","R","BOSS","M","?","$","?","M","R","R","E","T","R","?","$","$","?","R","BOSS","M","$","?","?","?","R","R","R","T","?","R","E","R","M","R","BOSS"],"build_version":"2020-11-30","purchased_purges":8,"victory":true,"max_hp_per_floor":[70,70,70,70,75,75,75,75,75,75,75,75,75,75,75,75,80,80,80,80,80,80,80,80,80,80,80,80,80,80,80,80,80,80,80,80,80,80,76,76,76,76,76,76,76,76,76,76,76,76],"card_choices":[{"not_picked":["Acrobatics","Setup"],"picked":"Caltrops","floor":1},{"not_picked":["Prepared","PiercingWail"],"picked":"Cloak And Dagger","floor":7},{"not_picked":["Sucker Punch","Flying Knee"],"picked":"After Image","floor":13},{"not_picked":["Wraith Form v2","Die Die Die"],"picked":"Corpse Explosion","floor":16},{"not_picked":["Deflect","Quick Slash"],"picked":"Cloak And Dagger","floor":18},{"not_picked":["Dagger Spray","Backflip"],"picked":"Bouncing Flask+1","floor":22},{"not_picked":["Bane+1","Eviscerate","Backstab+1"],"picked":"SKIP","floor":25},{"not_picked":["Riddle With Holes","Acrobatics","Choke"],"picked":"SKIP","floor":31},{"not_picked":["Wraith Form v2","Glass Knife"],"picked":"A Thousand Cuts","floor":33},{"not_picked":["Outmaneuver+1","Bouncing Flask","Well Laid Plans"],"picked":"SKIP","floor":35},{"not_picked":["Dagger Throw+1","Endless Agony","Outmaneuver"],"picked":"SKIP","floor":46},{"not_picked":["Bane","Finisher"],"picked":"Blade Dance+1","floor":48}],"player_experience":415214,"relics_obtained":[{"floor":9,"key":"Paper Crane"},{"floor":25,"key":"InkBottle"},{"floor":26,"key":"PreservedInsect"},{"floor":37,"key":"Juzu Bracelet"},{"floor":43,"key":"The Courier"},{"floor":46,"key":"Darkstone Periapt"}],"event_choices":[{"damage_healed":0,"gold_gain":175,"player_choice":"AGREE","damage_taken":0,"max_hp_gain":0,"max_hp_loss":0,"event_name":"Liars Game","floor":2,"gold_loss":0,"cards_obtained":["Doubt"]},{"cards_removed":["Doubt"],"damage_healed":0,"gold_gain":0,"player_choice":"Forget","damage_taken":0,"max_hp_gain":0,"max_hp_loss":0,"event_name":"Living Wall","floor":3,"gold_loss":0},{"damage_healed":0,"gold_gain":0,"player_choice":"Donut","damage_taken":0,"max_hp_gain":5,"max_hp_loss":0,"event_name":"Big Fish","floor":5,"gold_loss":0},{"damage_healed":0,"gold_gain":0,"player_choice":"0 cards matched","damage_taken":0,"max_hp_gain":0,"max_hp_loss":0,"event_name":"Match and Keep!","floor":11,"gold_loss":0,"cards_obtained":[]},{"cards_removed":["Defend_G"],"damage_healed":0,"gold_gain":0,"player_choice":"Elegance","damage_taken":0,"max_hp_gain":0,"max_hp_loss":0,"event_name":"Back to Basics","floor":19,"gold_loss":0},{"damage_healed":0,"gold_gain":0,"player_choice":"Joined the Cult","damage_taken":6,"max_hp_gain":0,"max_hp_loss":0,"event_name":"Nest","floor":21,"gold_loss":0,"cards_obtained":["RitualDagger"]},{"damage_healed":0,"gold_gain":0,"player_choice":"Ignored","damage_taken":0,"max_hp_gain":0,"max_hp_loss":0,"event_name":"Transmorgrifier","floor":28,"gold_loss":0},{"damage_healed":0,"gold_gain":0,"player_choice":"Got Potions","damage_taken":0,"max_hp_gain":0,"max_hp_loss":0,"event_name":"Lab","floor":38,"gold_loss":0},{"damage_healed":0,"gold_gain":0,"player_choice":"Max HP","damage_taken":0,"max_hp_gain":0,"max_hp_loss":4,"event_name":"Winding Halls","floor":39,"gold_loss":0},{"damage_healed":0,"gold_gain":0,"player_choice":"Ignored","damage_taken":0,"max_hp_gain":0,"max_hp_loss":0,"event_name":"Mysterious Sphere","floor":44,"gold_loss":0}],"is_beta":false,"boss_relics":[{"not_picked":["Philosopher\u0027s Stone","Fusion Hammer"],"picked":"Tiny House"},{"not_picked":["Cursed Key","Snecko Eye","Runic Dome"]}],"items_purged_floors":[4,4,4,12,12,20,29,29],"is_endless":false,"potions_floor_spawned":[1,13,18,25,31,33,35,46,48],"ascension_level":0}}