{"host":"eav5i5w47nlnv2l1","time":1607644652,"event":{"mods":["BaseMod","Minty Spire (QoL Compilation)"],"gold_per_floor":[117,117,78,97,47,47,66,83,133,144,144,161,122,150,150,245,245,260,275,124,124,141,141,152,152,152,178,194,194,194,194,194,194,194],"floor_reached":33,"playtime":3821,"items_purged":[],"score":267,"play_id":"d6b2d7fc-65ca-4e09-b242-ec1587bb272e","local_time":"20201210185732","is_ascension_mode":false,"campfire_choices":[{"data":"Consecrate","floor":6,"key":"SMITH"},{"data":"LessonLearned","floor":11,"key":"SMITH"},{"data":"Defend_P","floor":15,"key":"SMITH"},{"floor":23,"key":"REST"},{"floor":25,"key":"REST"},{"floor":32,"key":"REST"}],"circlet_count":0,"master_deck":["Defend_P+1","Defend_P+1","Defend_P+1","Defend_P+1","Eruption","Vigilance+1","Consecrate+1","Adaptation+1","FlurryOfBlows+1","FlurryOfBlows","LessonLearned+1","FlurryOfBlows+1","Study","Establishment+1","DeusExMachina","EmptyBody","EmptyBody+1","Crescendo+1","ThirdEye+1"],"relics":["PureWater","Bag of Marbles","Anchor","VioletLotus","Damaru","The Courier","Sundial","MutagenicStrength"],"acts_visited":["Exordium","TheCity"],"potions_floor_usage":[14,14,16,18,27,27,28],"damage_taken":[{"damage":5,"enemies":"Small Slimes","floor":1,"turns":6},{"damage":1,"enemies":"Jaw Worm","floor":4,"turns":5},{"damage":0,"enemies":"2 Louse","floor":7,"turns":2},{"damage":0,"enemies":"Looter","floor":8,"turns":2},{"damage":0,"enemies":"3 Louse","floor":10,"turns":2},{"damage":0,"enemies":"Exordium Thugs","floor":12,"turns":2},{"damage":18,"enemies":"Lagavulin","floor":14,"turns":7},{"damage":31,"enemies":"The Guardian","floor":16,"turns":16},{"damage":15,"enemies":"Shell Parasite","floor":18,"turns":6},{"damage":20,"enemies":"3 Byrds","floor":19,"turns":6},{"damage":18,"enemies":"Shelled Parasite and Fungi","floor":22,"turns":8},{"damage":2,"enemies":"Centurion and Healer","floor":24,"turns":6},{"damage":24,"enemies":"Book of Stabbing","floor":27,"turns":6},{"damage":11,"enemies":"Snecko","floor":28,"turns":6},{"damage":33,"enemies":"Automaton","floor":33,"turns":8}],"seed_played":"-3551039241912695548","potions_obtained":[{"floor":7,"key":"LiquidMemories"},{"floor":8,"key":"Weak Potion"},{"floor":10,"key":"StancePotion"},{"floor":16,"key":"Fire Potion"},{"floor":18,"key":"Fruit Juice"},{"floor":24,"key":"EssenceOfSteel"},{"floor":27,"key":"PowerPotion"}],"is_trial":false,"path_per_floor":["M","?","$","M","?","R","M","M","T","M","R","M","$","E","R","B",null,"M","M","$","?","M","R","M","R","T","E","M","?","?","?","R","B"],"character_chosen":"WATCHER","items_purchased":["Adaptation","Study","Damaru"],"campfire_rested":3,"item_purchase_floors":[3,13,20],"current_hp_per_floor":[60,60,60,59,59,59,59,59,59,59,59,59,59,41,41,10,65,55,35,35,35,17,38,36,57,57,33,22,9,9,9,31,0,0],"gold":194,"neow_bonus":"REMOVE_TWO","is_daily":false,"chose_seed":false,"campfire_upgraded":3,"win_rate":0.0,"timestamp":1607644652,"path_taken":["M","?","$","M","?","R","M","M","T","M","R","M","$","E","R","BOSS","M","M","$","?","M","R","M","R","T","E","M","?","?","?","R","BOSS"],"items_purchased_type":["Card","Card","Relic"],"build_version":"2020-11-30","purchased_purges":0,"victory":false,"max_hp_per_floor":[65,65,65,65,65,65,65,65,65,65,65,65,65,65,65,65,65,70,70,70,70,70,70,70,70,70,70,70,75,75,75,75,75,75],"card_choices":[{"not_picked":["PathToVictory","BowlingBash"],"picked":"Consecrate","floor":1},{"not_picked":["FollowUp","Wallop"],"picked":"FlurryOfBlows","floor":4},{"not_picked":["FollowUp","Meditate"],"picked":"FlurryOfBlows","floor":7},{"not_picked":["CarveReality","ClearTheMind"],"picked":"LessonLearned","floor":8},{"not_picked":["ThirdEye","Swivel"],"picked":"FlurryOfBlows","floor":10},{"not_picked":["FlurryOfBlows","ThirdEye","PathToVictory"],"picked":"SKIP","floor":12},{"not_picked":["Indignation","Nirvana"],"picked":"Establishment","floor":14},{"not_picked":["Ragnarok","Establishment"],"picked":"DeusExMachina","floor":16},{"not_picked":["SashWhip+1","FollowUp"],"picked":"EmptyBody","floor":18},{"not_picked":["Nirvana","Conclude","Pray+1"],"picked":"SKIP","floor":19},{"not_picked":["Vengeance","SashWhip+1"],"picked":"EmptyBody","floor":22},{"not_picked":["CarveReality","Nirvana+1"],"picked":"Crescendo+1","floor":24},{"not_picked":["FlyingSleeves+1","EmptyMind","Swivel+1"],"picked":"SKIP","floor":27},{"not_picked":["EmptyMind+1","Tantrum"],"picked":"ThirdEye+1","floor":28}],"player_experience":1359120,"relics_obtained":[{"floor":9,"key":"Bag of Marbles"},{"floor":14,"key":"Anchor"},{"floor":26,"key":"The Courier"},{"floor":27,"key":"Sundial"}],"event_choices":[{"cards_removed":["Strike_P"],"damage_healed":0,"gold_gain":0,"player_choice":"Forget","damage_taken":0,"max_hp_gain":0,"max_hp_loss":0,"event_name":"Living Wall","floor":2,"gold_loss":0},{"cards_removed":["Strike_P"],"damage_healed":0,"gold_gain":0,"player_choice":"Card Removal","damage_taken":0,"max_hp_gain":0,"max_hp_loss":0,"event_name":"The Cleric","floor":5,"gold_loss":50},{"damage_healed":0,"gold_gain":0,"player_choice":"Ignored","damage_taken":0,"max_hp_gain":0,"max_hp_loss":0,"event_name":"Vampires","floor":21,"gold_loss":0},{"damage_healed":0,"gold_gain":0,"player_choice":"Shed Blood","damage_taken":18,"max_hp_gain":5,"max_hp_loss":0,"event_name":"Forgotten Altar","floor":29,"gold_loss":0},{"damage_healed":0,"gold_gain":0,"player_choice":"Simplicity","damage_taken":0,"max_hp_gain":0,"max_hp_loss":0,"event_name":"Back to Basics","floor":30,"gold_loss":0,"cards_upgraded":["Defend_P"]},{"damage_healed":0,"gold_gain":0,"player_choice":"Inject Mutagens","damage_taken":0,"relics_obtained":["MutagenicStrength"],"max_hp_gain":0,"max_hp_loss":0,"event_name":"Drug Dealer","floor":31,"gold_loss":0}],"is_beta":false,"boss_relics":[{"not_picked":["Calling Bell","Runic Pyramid"],"picked":"VioletLotus"}],"items_purged_floors":[],"is_endless":false,"potions_floor_spawned":[7,8,10,16,18,24,27],"killed_by":"Automaton","ascension_level":0}}