{"host":"6706kntd0vtj8hnw","time":1607612861,"event":{"gold_per_floor":[117,136,136,155,230,230,230,230,230,250,276,276,289,306,306,411,411,427,439,439,458,478,513,528,546,573,573,590,590,609,708,708,812,812,825,875,947,397,357,383,395,425,425,425,444,457,485,485,485,590,590,592,27,31,39,44,53,53,53,53,80,78,84,84,80,80,150,150,151,151,205,200,205,205,180,180,180,180,180,172,172,172,172,220,220,219,119,115,115,116,116,122,134,184,32,16,39,39,44,44,120,120,126,126,134,213,213,240,249,249,325,325,344,344,367,379,379,533,533,533,136,243,256,257,436,107,125,205,225,306,306,380,380,380,509,509,571,575,575,575,626,626,693,693,767,767,1110,1143,1154,1188,1188,1149,1149],"floor_reached":152,"playtime":8905,"items_purged":["Defend_W"],"score":3760,"play_id":"6cb6735c-beda-4365-b5c4-a49c3f373b74","local_time":"20201210070741","daily_mods":["Heirloom"],"is_ascension_mode":false,"campfire_choices":[{"data":"Summon_Lich","floor":6,"key":"SMITH"},{"data":"Negative_Energy_Arrows","floor":8,"key":"SMITH"},{"data":"Life_Drain","floor":12,"key":"SMITH"},{"data":"Summon_Undead_Army","floor":15,"key":"SMITH"},{"floor":27,"key":"REST"},{"floor":29,"key":"REST"},{"data":"Summon_Death_Knight","floor":32,"key":"SMITH"},{"data":"infinitespire:NeuralNetwork","floor":44,"key":"SMITH"},{"floor":49,"key":"REST"},{"data":"Reap_The_Weak","floor":58,"key":"SMITH"},{"floor":66,"key":"REST"},{"data":"Skeleton_Dragon","floor":74,"key":"SMITH"},{"floor":76,"key":"REST"},{"floor":78,"key":"REST"},{"data":"Summon_Undead_Army","floor":83,"key":"SMITH"},{"data":"Skeleton_Dragon","floor":91,"key":"SMITH"},{"data":"Siphon_Strength","floor":100,"key":"SMITH"},{"data":"Bone_Armory","floor":110,"key":"SMITH"},{"data":"Vampiric_Strike","floor":117,"key":"SMITH"},{"data":"Summon_Lich","floor":134,"key":"SMITH"},{"data":"Scare","floor":142,"key":"SMITH"},{"data":"Strike_W","floor":144,"key":"SMITH"},{"data":"Strike_W","floor":146,"key":"SMITH"},{"data":"Bone_Armory","floor":151,"key":"SMITH"}],"neow_cost":"","seed_source_timestamp":0,"circlet_count":0,"master_deck":["Strike_W","Strike_W","Strike_W+1","Strike_W+1","Defend_W","Defend_W","Negative_Energy_Arrows+1","Bone_Wall","Summon_Lich+1","Shade_Step+1","Scare+1","Life_Drain+1","Bone_Armory+1","Blood_Whip","Summon_Undead_Army+1","Skeleton_Dragon+1","Stop_Heart","Summon_Undead_Army+1","infinitespire:NeuralNetwork+1","Negative_Energy_Shield","Bone_Armory+1","Bone_Armor+1","Summon_Death_Knight+1","Vampiric_Strike+1","Bone_Armor+1","Summon_Vampire_Lady+1","Blood_for_Blood+1","Summon_Undead_Army+1","Toxic_Smoke_Screen+1","Life_Tap","Jack Of All Trades","Life_Drain","Bone_Bullets+1","Bone_Spikes","Skeleton_Dragon+1","Exploit","Shackles_Of_Pain","Reap_The_Weak+1","Shackles_Of_Pain","Life_Drain","Summon_Lich+1","Bone_Armor","Shackles_Of_Pain","Toxic_Smoke_Screen","Bone_Armor","Corrupt","Negative_Energy_Mist","Exploit","Siphon_Strength+1","Spectral_Walk","Plague_Bolt","Reap_The_Weak","Spectral_Walk","Shackles_Of_Pain","Plague_Bolt","Corrupt","Reap_The_Weak","Toxic_Smoke_Screen+1","Scare+1","Negative_Energy_Mist+1","Summon_Undead_Army","Toxic_Smoke_Screen+1","Strike_from_Beyond","Summon_Death_Knight","infinitespire:Punishment","Cloudkill","Strike_from_Beyond+1","Slay_Living+1","Finger_Of_Death+1","expansioncontent:DarkVoid","expansioncontent:Collect","expansioncontent:DashGenerateEvil","Vampiric_Strike","Blood_Is_Power+1","Scare","Reap_The_Weak","Acid_Javelin+1","Toxic_Smoke_Screen+1","Finger_Of_Death+1","Vampiric_Strike+1","Acid_Javelin","Hellfire","Toxic_Smoke_Screen","Toxic_Smoke_Screen+1","Thousand_Bone_Knives","Shade_Step","theForsaken:PlagueCurse","Chill_Blood","Bone_Armor","Death_Coil","Strike_from_Beyond","Negative_Energy_Sphere","infinitespire:Punishment","Detonate_Bones","Bone_Shift+1","Bone_Shift+1","Cloudkill","Uncharnel+1","Toxic_Smoke_Screen+1","Jack Of All Trades","Negative_Energy_Mist+1","Bone_Prison","Epidemic","Negative_Energy_Javelin+1","Epidemic","Bone_Armor+1","Necrotic_Claws","Sadistic Nature","Blood_Is_Power","Chill_Blood+1","Whirlwind_of_Bones","Toxic_Smoke_Screen+1","Siphon_Strength+1","Consume_Illness+1","Toxic_Smoke_Screen+1","Blood_Wake+1","Summon_Undead_Army","Cloudkill","CurseOfTheBell","Hololive_LuckPotion+1","Hololive_Rebound+1","Hololive_CallFriendA","Hololive_CallTsunomakiWatame","Consume_Illness+1","Summon_Undead+1","Hololive_Yoholoon+1","Cloudkill","Flesh_Made_Foul+1"],"relics":["Vampire_Amulet","Thread and Needle","hubris:OldNail","Tiny Chest","Runic Dome","Bird Faced Urn","hubris:TenFootPole","Boot","Philosopher\u0027s Stone","Guardian:GemstoneGun","infinitespire:BottledMercury","infinitespire:Lucky Rock","Mercury Hourglass","Centennial Puzzle","Unceasing Top","White Beast Statue","theForsaken:PaleLantern","Lantern","Prayer Wheel","infinitespire:Beetle Shell","Bronze Scales","Anchor","Smiling Mask","Busted Crown","MutagenicStrength","sneckomod:BlankCard","infinitespire:EmpoweringShard","CaptainsWheel","infinitespire:Joker Card","Turnip","Black Star","MealTicket","Ancient Tea Set","Hololive_LightStick","Bag of Marbles","Happy Flower","PreservedInsect","infinitespire:PuzzleCube","Hololive_Finger","Bottled Lightning","theForsaken:PlagueMask","Potion Belt","hubris:Spice","Question Card","Golden Idol","hubris:MobiusCoin","Bag of Preparation","theForsaken:HumbleEgg","Runesmith:UraniumAnvil","hubris:EmptyBottle","theForsaken:Gavel","Nunchaku","Guardian:PocketSentry","Orrery","Molten Egg 2","Pen Nib","infinitespire:CheckeredPen","Cauldron","Dream Catcher","Calling Bell","hubris:DisguiseKit","hubris:Icosahedron","War Paint","Orichalcum","Old Coin","Incense Burner"],"potions_floor_usage":[11,14,16,16,22,22,28,33,42,45,50,50,50,54,55,57,57,62,67,67,67,69,72,73,75,75,75,80,84,88,88,90,93,96,97,101,101,101,118,118,120,122,122,124,125,132,152,152,152,152,152,152,152,152,152,152,152,152,152,152,152,152,152,152,152,152,152,152,152,152,152,152,152,152,152],"damage_taken":[{"damage":0,"enemies":"Jaw Worm","floor":1,"turns":3},{"damage":0,"enemies":"2 Louse","floor":2,"turns":3},{"damage":10,"enemies":"infinitespire:Voidling","floor":4,"turns":4},{"damage":3,"enemies":"3 Louse","floor":10,"turns":2},{"damage":6,"enemies":"3 Sentries","floor":11,"turns":5},{"damage":5,"enemies":"Blue Slaver","floor":13,"turns":3},{"damage":8,"enemies":"Gremlin Gang","floor":14,"turns":4},{"damage":4,"enemies":"Slime Boss","floor":16,"turns":6},{"damage":8,"enemies":"Spheric Guardian","floor":18,"turns":3},{"damage":17,"enemies":"Shell Parasite","floor":19,"turns":5},{"damage":23,"enemies":"Sentry and Sphere","floor":21,"turns":4},{"damage":12,"enemies":"Centurion and Healer","floor":22,"turns":5},{"damage":54,"enemies":"Slavers","floor":23,"turns":5},{"damage":43,"enemies":"Cultist and Chosen","floor":24,"turns":6},{"damage":17,"enemies":"Chosen and Byrds","floor":25,"turns":5},{"damage":17,"enemies":"Sentry and Sphere","floor":28,"turns":6},{"damage":13,"enemies":"Centurion and Healer","floor":30,"turns":6},{"damage":69,"enemies":"Collector","floor":33,"turns":8},{"damage":36,"enemies":"3 Darklings","floor":35,"turns":5},{"damage":2,"enemies":"Mind Bloom Boss Battle","floor":36,"turns":5},{"damage":80,"enemies":"Giant Head","floor":40,"turns":9},{"damage":2,"enemies":"Orb Walker","floor":41,"turns":3},{"damage":49,"enemies":"Nightmare","floor":42,"turns":6},{"damage":16,"enemies":"Sphere and 2 Shapes","floor":45,"turns":4},{"damage":2,"enemies":"Transient","floor":46,"turns":5},{"damage":28,"enemies":"Giant Head","floor":47,"turns":7},{"damage":61,"enemies":"Donu and Deca","floor":50,"turns":8},{"damage":0,"enemies":"Jaw Worm","floor":52,"turns":3},{"damage":6,"enemies":"Small Slimes","floor":54,"turns":2},{"damage":0,"enemies":"2 Louse","floor":55,"turns":1},{"damage":11,"enemies":"Looter","floor":56,"turns":2},{"damage":7,"enemies":"Gremlin Nob","floor":57,"turns":4},{"damage":22,"enemies":"Lots of Slimes","floor":59,"turns":3},{"damage":12,"enemies":"2 Fungi Beasts","floor":62,"turns":3},{"damage":1,"enemies":"3 Louse","floor":63,"turns":2},{"damage":26,"enemies":"Exordium Thugs","floor":65,"turns":3},{"damage":36,"enemies":"Hexaghost","floor":67,"turns":4},{"damage":2,"enemies":"Spheric Guardian","floor":69,"turns":3},{"damage":8,"enemies":"Shell Parasite","floor":72,"turns":3},{"damage":0,"enemies":"Snake Plant","floor":73,"turns":2},{"damage":88,"enemies":"Nightmare","floor":75,"turns":7},{"damage":4,"enemies":"Snecko","floor":80,"turns":3},{"damage":41,"enemies":"Champ","floor":84,"turns":8},{"damage":5,"enemies":"3 Shapes","floor":86,"turns":3},{"damage":2,"enemies":"3 Darklings","floor":88,"turns":2},{"damage":3,"enemies":"Writhing Mass","floor":90,"turns":2},{"damage":0,"enemies":"Sphere and 2 Shapes","floor":92,"turns":2},{"damage":2,"enemies":"Giant Head","floor":93,"turns":3},{"damage":12,"enemies":"Transient","floor":96,"turns":5},{"damage":0,"enemies":"Reptomancer","floor":97,"turns":1},{"damage":0,"enemies":"4 Shapes","floor":99,"turns":2},{"damage":6,"enemies":"Donu and Deca","floor":101,"turns":5},{"damage":0,"enemies":"Small Slimes","floor":103,"turns":1},{"damage":0,"enemies":"Cultist","floor":105,"turns":1},{"damage":0,"enemies":"Gremlin Nob","floor":108,"turns":1},{"damage":0,"enemies":"2 Louse","floor":109,"turns":1},{"damage":0,"enemies":"Red Slaver","floor":113,"turns":1},{"damage":0,"enemies":"Lagavulin","floor":115,"turns":1},{"damage":0,"enemies":"2 Fungi Beasts","floor":116,"turns":1},{"damage":0,"enemies":"The Guardian","floor":118,"turns":2},{"damage":0,"enemies":"3 Byrds","floor":120,"turns":2},{"damage":0,"enemies":"Chosen","floor":122,"turns":2},{"damage":0,"enemies":"Snecko","floor":123,"turns":1},{"damage":0,"enemies":"Centurion and Healer","floor":124,"turns":2},{"damage":17,"enemies":"Gremlin Leader","floor":125,"turns":1},{"damage":0,"enemies":"Snake Plant","floor":127,"turns":1},{"damage":0,"enemies":"Slavers","floor":129,"turns":2},{"damage":0,"enemies":"Gremlin Leader","floor":132,"turns":1},{"damage":0,"enemies":"hubris:MusketHawk","floor":135,"turns":1},{"damage":0,"enemies":"Orb Walker","floor":137,"turns":2},{"damage":0,"enemies":"3 Darklings","floor":138,"turns":1},{"damage":2,"enemies":"Nemesis","floor":143,"turns":2},{"damage":0,"enemies":"2 Orb Walkers","floor":147,"turns":1},{"damage":0,"enemies":"Reptomancer","floor":148,"turns":1},{"damage":0,"enemies":"Jaw Worm Horde","floor":149,"turns":1},{"damage":0,"enemies":"Sphere and 2 Shapes","floor":150,"turns":1},{"damage":238,"enemies":"infinitespire:LordOfFortification","floor":152,"turns":7}],"seed_played":"-7852712989565889010","potions_obtained":[{"floor":2,"key":"Swift Potion"},{"floor":11,"key":"hexamod:EctoCoolerPotion"},{"floor":13,"key":"Fire Potion"},{"floor":14,"key":"Energy Potion"},{"floor":18,"key":"Block Potion"},{"floor":21,"key":"sneckomod:MuddlingPotion"},{"floor":24,"key":"SpeedPotion"},{"floor":25,"key":"hexamod:EctoCoolerPotion"},{"floor":33,"key":"BlessingOfTheForge"},{"floor":36,"key":"PowerPotion"},{"floor":42,"key":"Block Potion"},{"floor":46,"key":"LiquidBronze"},{"floor":47,"key":"Weak Potion"},{"floor":50,"key":"AttackPotion"},{"floor":52,"key":"PowerPotion"},{"floor":54,"key":"LiquidMemories"},{"floor":55,"key":"Fruit Juice"},{"floor":56,"key":"EssenceOfSteel"},{"floor":57,"key":"DistilledChaos"},{"floor":59,"key":"Dexterity Potion"},{"floor":62,"key":"SteroidPotion"},{"floor":63,"key":"DuplicationPotion"},{"floor":65,"key":"SkillPotion"},{"floor":67,"key":"LiquidMemories"},{"floor":69,"key":"EntropicBrew"},{"floor":72,"key":"Energy Potion"},{"floor":73,"key":"DistilledChaos"},{"floor":75,"key":"Energy Potion"},{"floor":80,"key":"sneckomod:MuddlingPotion"},{"floor":84,"key":"Swift Potion"},{"floor":86,"key":"SkillPotion"},{"floor":88,"key":"AttackPotion"},{"floor":90,"key":"EssenceOfSteel"},{"floor":92,"key":"SneckoOil"},{"floor":93,"key":"Fire Potion"},{"floor":96,"key":"ColorlessPotion"},{"floor":97,"key":"Swift Potion"},{"floor":99,"key":"SteroidPotion"},{"floor":101,"key":"Regen Potion"},{"floor":103,"key":"infinitespire:BlackPotion"},{"floor":105,"key":"Energy Potion"},{"floor":108,"key":"Energy Potion"},{"floor":109,"key":"GamblersBrew"},{"floor":118,"key":"EntropicBrew"},{"floor":120,"key":"SkillPotion"},{"floor":122,"key":"ColorlessPotion"},{"floor":123,"key":"SteroidPotion"},{"floor":125,"key":"EntropicBrew"},{"floor":129,"key":"Swift Potion"},{"floor":131,"key":"FairyPotion"},{"floor":131,"key":"Energy Potion"}],"is_trial":true,"path_per_floor":["M","M","?","M","?","R","?","R","T","M","E","R","M","M","R","B",null,"M","M","AVR","M","M","E","M","M","T","R","M","R","M","?","R","B",null,"M","?","T","$","?","E","M","NM","T","R","M","M","E","?","R","B",null,"M","$","M","M","M","E","R","M","T","T","M","M","?","M","R","B",null,"M","?","T","M","M","R","NM","R","T","R","T","M","?","AVR","R","B",null,"M","NS","M","?","M","R","M","E","T","$","M","E","T","M","R","B",null,"M","T","M","?","?","E","M","R","T","?","M","AVR","E","M","R","B",null,"M","$","M","M","M","E","$","M","T","E","T","AVR","E","?","R","B",null,"M","M","?","?","T","R","E","R","T","R","?","E","M","M","R","B"],"character_chosen":"NECROMANCER","items_purchased":["Summon_Undead_Army","infinitespire:Lucky Rock","Toxic_Smoke_Screen","Life_Tap","Jack Of All Trades","Life_Drain","Lantern","Prayer Wheel","Life_Drain","Summon_Lich","Bag of Marbles","hubris:EmptyBottle","Jack Of All Trades","theForsaken:Gavel","Sadistic Nature","Orrery"],"campfire_rested":6,"item_purchase_floors":[38,38,38,38,38,38,53,53,53,53,95,121,121,121,126,126],"current_hp_per_floor":[75,75,75,74,63,63,63,63,63,66,75,75,72,71,71,75,75,75,66,66,58,68,38,17,26,26,48,57,75,75,75,75,34,75,74,75,75,75,75,33,52,71,71,71,75,75,63,63,75,62,75,75,75,75,80,73,80,80,74,74,74,70,80,80,68,80,58,80,80,80,80,76,80,80,23,47,47,71,71,80,80,80,80,61,80,80,80,80,75,80,80,80,80,80,80,70,80,80,80,80,76,80,80,80,80,80,80,88,88,88,88,77,81,81,88,88,88,88,88,88,88,88,88,88,73,88,88,88,96,96,96,88,88,88,88,72,72,72,72,72,72,72,64,64,56,56,48,40,40,32,32,0,0],"gold":1149,"neow_bonus":"","is_prod":false,"is_daily":false,"chose_seed":false,"campfire_upgraded":18,"win_rate":0.0,"timestamp":1607612861,"path_taken":["M","M","?","M","?","R","?","R","T","M","E","R","M","M","R","BOSS","M","M","AVR","M","?","E","M","M","T","R","M","R","M","?","R","BOSS","M","?","?","$","?","E","?","NM","T","R","M","M","E","?","R","BOSS","M","$","M","M","M","E","R","M","T","?","M","M","?","M","R","BOSS","M","?","?","M","M","R","NM","R","T","R","?","M","?","AVR","R","BOSS","M","NS","M","?","M","R","M","E","T","$","M","E","?","M","R","BOSS","M","?","M","?","?","E","M","R","T","?","M","AVR","E","M","R","BOSS","M","$","M","M","M","E","$","M","T","E","?","AVR","E","?","R","BOSS","M","M","?","?","?","R","E","R","T","R","?","E","M","M","R","BOSS"],"build_version":"2020-11-30","purchased_purges":1,"victory":false,"max_hp_per_floor":[75,75,75,75,75,75,75,75,75,75,75,75,75,75,75,75,75,75,75,75,75,75,75,75,75,75,75,75,75,75,75,75,75,75,75,75,75,75,75,75,75,75,75,75,75,75,75,75,75,75,75,75,75,75,80,80,80,80,80,80,80,80,80,80,80,80,80,80,80,80,80,80,80,80,80,80,80,80,80,80,80,80,80,80,80,80,80,80,80,80,80,80,80,80,80,80,80,80,80,80,80,80,80,80,80,80,80,88,88,88,88,88,88,88,88,88,88,88,88,88,88,88,88,88,88,88,88,88,96,96,96,88,88,88,88,72,72,72,72,72,72,72,64,64,56,56,48,40,40,32,32,32,32],"card_choices":[{"not_picked":["Bone_Prison","Shackles_Of_Pain"],"picked":"Summon_Lich","floor":1},{"not_picked":["Negative_Energy_Javelin","Shackles_Of_Pain"],"picked":"Shade_Step","floor":2},{"not_picked":["Vampiric_Strike","Bone_Shift"],"picked":"Scare","floor":4},{"not_picked":["Blood_Is_Power","Blood_for_Blood"],"picked":"Life_Drain","floor":10},{"not_picked":["Exploit","Plague_Bolt"],"picked":"Bone_Armory","floor":11},{"not_picked":["Chill_Blood","Violent_Necrosis"],"picked":"Blood_Whip","floor":13},{"not_picked":["Spectral_Armor","Plague_Bolt"],"picked":"Summon_Undead_Army","floor":14},{"not_picked":["Reap_The_Weak","Summon_Vampire_Lady"],"picked":"Skeleton_Dragon","floor":16},{"not_picked":["Negative_Energy_Burst","Consume_Illness"],"picked":"Stop_Heart","floor":18},{"not_picked":["Scare+1","Epidemic+1"],"picked":"Summon_Undead_Army+1","floor":19},{"not_picked":["Strike_from_Beyond","Bone_Prison+1"],"picked":"Negative_Energy_Shield","floor":21},{"not_picked":["Chill_Blood","Shackles_Of_Pain"],"picked":"Bone_Armory","floor":22},{"not_picked":["Acid_Javelin","Consume_Illness"],"picked":"Bone_Armor+1","floor":23},{"not_picked":["Negative_Energy_Shield","Life_Tap"],"picked":"Summon_Death_Knight","floor":24},{"not_picked":["Bone_Spikes","Flesh_Made_Foul","Blood_Whip"],"picked":"SKIP","floor":25},{"not_picked":["Necromantic_Selection+1","Siphon_Strength"],"picked":"Vampiric_Strike","floor":28},{"not_picked":["Strike_from_Beyond","Negative_Energy_Mist"],"picked":"Bone_Armor+1","floor":30},{"not_picked":["Detonate_Bones","Blood_Magic"],"picked":"Summon_Vampire_Lady","floor":33},{"not_picked":["Bone_Shift","Bones_to_Steel"],"picked":"Blood_for_Blood+1","floor":35},{"not_picked":["Blood_Whip+1","Blood_Is_Power"],"picked":"Bone_Spikes","floor":36},{"not_picked":["Bone_Shift","Deaths_Shadow+1"],"picked":"Bone_Bullets+1","floor":40},{"not_picked":["Strike_from_Beyond+1","Negative_Energy_Shield+1"],"picked":"Bone_Spikes","floor":41},{"not_picked":["Death_March_Dance","Negative_Energy_Shield"],"picked":"Skeleton_Dragon","floor":42},{"not_picked":["Uncharnel","Negative_Energy_Javelin"],"picked":"Exploit","floor":45},{"not_picked":["Siphon_Strength+1","Chill_Blood+1"],"picked":"Bones_to_Steel+1","floor":46},{"not_picked":["Negative_Energy_Bomb","Whirlwind_of_Bones"],"picked":"Shackles_Of_Pain","floor":47},{"not_picked":["Grasp_Heart","Detonate_Bones"],"picked":"Reap_The_Weak","floor":50},{"not_picked":["Blood_Whip","Blood_Curse"],"picked":"Shackles_Of_Pain","floor":52},{"not_picked":["Slay_Living","Bone_Spikes"],"picked":"Bone_Armor","floor":54},{"not_picked":["Whirlwind_of_Bones","Bone_Spikes"],"picked":"Shackles_Of_Pain","floor":54},{"not_picked":["Life_Drain","Negative_Energy_Javelin"],"picked":"Toxic_Smoke_Screen","floor":55},{"not_picked":["Chill_Blood","Life_Drain"],"picked":"Bone_Armor","floor":55},{"not_picked":["Bone_Armory","Uncharnel"],"picked":"Corrupt","floor":56},{"not_picked":["Blood_Curse","Consume_Illness"],"picked":"Negative_Energy_Mist","floor":56},{"not_picked":["Bone_Spikes","Shade_Step"],"picked":"Exploit","floor":57},{"not_picked":["Hellfire","Blood_Whip"],"picked":"Siphon_Strength","floor":59},{"not_picked":["Scare","Spectral_Armor"],"picked":"Spectral_Walk","floor":59},{"not_picked":["Shackles_Of_Pain","Finger_Of_Death"],"picked":"Plague_Bolt","floor":62},{"not_picked":["Blood_Curse","Consume_Illness"],"picked":"Reap_The_Weak","floor":62},{"not_picked":["Bone_Spikes","Bone_Shift"],"picked":"Spectral_Walk","floor":63},{"not_picked":["Slay_Living","Bone_Shift"],"picked":"Shackles_Of_Pain","floor":63},{"not_picked":["Bone_Bullets","Toxic_Smoke_Screen"],"picked":"Plague_Bolt","floor":65},{"not_picked":["Bone_Prison","Scare"],"picked":"Corrupt","floor":65},{"not_picked":["Grasp_Heart","Summon_Vampire_Lady"],"picked":"Reap_The_Weak","floor":67},{"not_picked":[],"picked":"Toxic_Smoke_Screen+1","floor":69},{"not_picked":[],"picked":"Scare+1","floor":69},{"not_picked":[],"picked":"Negative_Energy_Mist+1","floor":72},{"not_picked":[],"picked":"Summon_Undead_Army","floor":72},{"not_picked":[],"picked":"Toxic_Smoke_Screen+1","floor":73},{"not_picked":[],"picked":"Strike_from_Beyond","floor":73},{"not_picked":["Death_Coil+1"],"picked":"SKIP","floor":75},{"not_picked":[],"picked":"Summon_Death_Knight","floor":80},{"not_picked":["Bone_Bullets+1"],"picked":"SKIP","floor":80},{"not_picked":["infinitespire:Starlight","hubris:Rewind"],"picked":"infinitespire:Punishment","floor":84},{"not_picked":[],"picked":"Cloudkill","floor":84},{"not_picked":[],"picked":"Negative_Energy_Shield+1","floor":86},{"not_picked":[],"picked":"Strike_from_Beyond+1","floor":86},{"not_picked":[],"picked":"Slay_Living+1","floor":88},{"not_picked":[],"picked":"Finger_Of_Death+1","floor":88},{"not_picked":[],"picked":"expansioncontent:DarkVoid","floor":89},{"not_picked":[],"picked":"expansioncontent:Collect","floor":89},{"not_picked":[],"picked":"expansioncontent:DashGenerateEvil","floor":89},{"not_picked":[],"picked":"Vampiric_Strike","floor":90},{"not_picked":[],"picked":"Blood_Is_Power+1","floor":90},{"not_picked":[],"picked":"Scare","floor":92},{"not_picked":["Chill_Blood"],"picked":"SKIP","floor":92},{"not_picked":[],"picked":"Reap_The_Weak","floor":93},{"not_picked":[],"picked":"Acid_Javelin+1","floor":96},{"not_picked":[],"picked":"Toxic_Smoke_Screen+1","floor":96},{"not_picked":[],"picked":"Finger_Of_Death+1","floor":97},{"not_picked":[],"picked":"Vampiric_Strike+1","floor":99},{"not_picked":[],"picked":"Acid_Javelin","floor":99},{"not_picked":[],"picked":"Hellfire","floor":101},{"not_picked":[],"picked":"Toxic_Smoke_Screen","floor":103},{"not_picked":[],"picked":"Toxic_Smoke_Screen","floor":103},{"not_picked":[],"picked":"Thousand_Bone_Knives","floor":105},{"not_picked":[],"picked":"Shade_Step","floor":105},{"not_picked":[],"picked":"Chill_Blood","floor":108},{"not_picked":[],"picked":"Bone_Armor","floor":109},{"not_picked":[],"picked":"Death_Coil","floor":109},{"not_picked":["Life_Drain"],"picked":"Strike_from_Beyond","floor":113},{"not_picked":["Bone_Shift"],"picked":"Negative_Energy_Sphere","floor":113},{"not_picked":["Strike_from_Beyond"],"picked":"Detonate_Bones","floor":115},{"not_picked":["Slay_Living"],"picked":"Bone_Shift+1","floor":116},{"not_picked":["Necromantic_Selection"],"picked":"Bone_Shift+1","floor":116},{"not_picked":["Reap_The_Weak"],"picked":"Cloudkill","floor":118},{"not_picked":["Bone_Bullets+1"],"picked":"Uncharnel+1","floor":120},{"not_picked":["Blood_Is_Power+1"],"picked":"Toxic_Smoke_Screen+1","floor":120},{"not_picked":["Bones_to_Steel+1"],"picked":"Negative_Energy_Mist+1","floor":122},{"not_picked":["Blood_Whip+1"],"picked":"Bone_Prison","floor":122},{"not_picked":["Thousand_Bone_Knives+1"],"picked":"Epidemic","floor":123},{"not_picked":["Necromantic_Selection"],"picked":"Negative_Energy_Javelin+1","floor":123},{"not_picked":["Death_Coil+1"],"picked":"Epidemic","floor":124},{"not_picked":["Bones_to_Steel+1"],"picked":"Bone_Armor+1","floor":124},{"not_picked":["Blood_Wake"],"picked":"Necrotic_Claws","floor":125},{"not_picked":["Stop_Heart"],"picked":"Blood_Is_Power","floor":126},{"not_picked":["Bone_Spikes+1"],"picked":"Chill_Blood+1","floor":126},{"not_picked":["Vampiric_Strike+1"],"picked":"Whirlwind_of_Bones","floor":126},{"not_picked":["Negative_Energy_Mist+1"],"picked":"Toxic_Smoke_Screen+1","floor":126},{"not_picked":["Slay_Living"],"picked":"Siphon_Strength+1","floor":126},{"not_picked":["Death_March_Dance+1"],"picked":"Consume_Illness+1","floor":127},{"not_picked":["Negative_Energy_Sphere+1"],"picked":"Toxic_Smoke_Screen+1","floor":127},{"not_picked":["Negative_Energy_Shield+1"],"picked":"Blood_Wake+1","floor":129},{"not_picked":["Negative_Energy_Javelin+1"],"picked":"Summon_Undead_Army","floor":132},{"not_picked":["Hellfire+1"],"picked":"Cloudkill","floor":135},{"not_picked":["Shackles_Of_Pain+1","Spectral_Walk+1"],"picked":"Hololive_LuckPotion","floor":137},{"not_picked":["Death_March_Dance+1","Negative_Energy_Sphere+1"],"picked":"Hololive_Rebound","floor":137},{"not_picked":["Bones_to_Steel+1","Spectral_Armor+1"],"picked":"Hololive_CallFriendA","floor":138},{"not_picked":["hubris:SpiceAddiction","Chill_Blood+1"],"picked":"Hololive_CallTsunomakiWatame","floor":138},{"not_picked":["Death_March_Dance+1","Hololive_HuntDinosaur"],"picked":"Consume_Illness+1","floor":143},{"not_picked":["Blood_Is_Power","Hololive_OvertimeWork"],"picked":"hubris:SpiceAddiction","floor":147},{"not_picked":["Blood_Shield+1","Hololive_CandyCastle"],"picked":"Summon_Undead+1","floor":148},{"not_picked":["hubris:SpiceAddiction","hubris:SpiceAddiction"],"picked":"Hololive_Yoholoon","floor":149},{"not_picked":["Death_Coil+1","Hololive_LuckPotion"],"picked":"Cloudkill","floor":149},{"not_picked":["Negative_Energy_Mist+1","Hololive_OvertimeWork"],"picked":"hubris:SpiceAddiction","floor":150},{"not_picked":["Necromantic_Selection+1","Hololive_Rebound"],"picked":"Flesh_Made_Foul+1","floor":150}],"player_experience":244029,"relics_obtained":[{"floor":9,"key":"hubris:OldNail"},{"floor":11,"key":"Tiny Chest"},{"floor":23,"key":"hubris:TenFootPole"},{"floor":26,"key":"Boot"},{"floor":36,"key":"Guardian:GemstoneGun"},{"floor":37,"key":"infinitespire:BottledMercury"},{"floor":40,"key":"Mercury Hourglass"},{"floor":42,"key":"Centennial Puzzle"},{"floor":43,"key":"Unceasing Top"},{"floor":47,"key":"White Beast Statue"},{"floor":57,"key":"infinitespire:Beetle Shell"},{"floor":60,"key":"Bronze Scales"},{"floor":61,"key":"Anchor"},{"floor":64,"key":"Smiling Mask"},{"floor":71,"key":"sneckomod:BlankCard"},{"floor":75,"key":"infinitespire:EmpoweringShard"},{"floor":77,"key":"CaptainsWheel"},{"floor":79,"key":"infinitespire:Joker Card"},{"floor":93,"key":"MealTicket"},{"floor":93,"key":"Ancient Tea Set"},{"floor":94,"key":"Hololive_LightStick"},{"floor":97,"key":"Happy Flower"},{"floor":97,"key":"PreservedInsect"},{"floor":98,"key":"infinitespire:PuzzleCube"},{"floor":104,"key":"Bottled Lightning"},{"floor":108,"key":"Potion Belt"},{"floor":108,"key":"hubris:Spice"},{"floor":111,"key":"Question Card"},{"floor":115,"key":"Bag of Preparation"},{"floor":115,"key":"theForsaken:HumbleEgg"},{"floor":125,"key":"Nunchaku"},{"floor":125,"key":"Guardian:PocketSentry"},{"floor":128,"key":"Molten Egg 2"},{"floor":129,"key":"hubris:Spice"},{"floor":129,"key":"Pen Nib"},{"floor":130,"key":"infinitespire:CheckeredPen"},{"floor":132,"key":"hubris:Spice"},{"floor":132,"key":"Dream Catcher"},{"floor":136,"key":"hubris:DisguiseKit"},{"floor":136,"key":"hubris:Spice"},{"floor":136,"key":"hubris:Spice"},{"floor":141,"key":"War Paint"},{"floor":143,"key":"Orichalcum"},{"floor":143,"key":"hubris:Spice"},{"floor":145,"key":"hubris:Spice"},{"floor":147,"key":"Old Coin"},{"floor":148,"key":"hubris:Spice"},{"floor":148,"key":"Incense Burner"}],"event_choices":[{"damage_healed":0,"gold_gain":0,"player_choice":"Grow","damage_taken":0,"max_hp_gain":0,"max_hp_loss":0,"event_name":"Living Wall","floor":3,"gold_loss":0,"cards_upgraded":["Shade_Step"]},{"damage_healed":0,"gold_gain":75,"player_choice":"Gather Gold","damage_taken":11,"max_hp_gain":0,"max_hp_loss":0,"event_name":"World of Goop","floor":5,"gold_loss":0},{"cards_removed":["Defend_W"],"damage_healed":0,"gold_gain":0,"player_choice":"Offered Basic","damage_taken":0,"max_hp_gain":0,"max_hp_loss":0,"event_name":"Bonfire Elementals","floor":7,"gold_loss":0},{"damage_healed":0,"gold_gain":99,"player_choice":"Stole From Cult","damage_taken":0,"max_hp_gain":0,"max_hp_loss":0,"event_name":"Nest","floor":31,"gold_loss":0},{"damage_healed":0,"gold_gain":0,"player_choice":"Fight","damage_taken":0,"max_hp_gain":0,"max_hp_loss":0,"event_name":"MindBloom","floor":36,"gold_loss":0},{"damage_healed":0,"gold_gain":0,"player_choice":"Upgrade","damage_taken":0,"max_hp_gain":0,"max_hp_loss":0,"event_name":"Designer","floor":39,"gold_loss":40,"cards_upgraded":["Summon_Vampire_Lady"]},{"cards_removed":["Bone_Spikes"],"damage_healed":0,"gold_gain":0,"player_choice":"Removed Attack","damage_taken":0,"max_hp_gain":0,"max_hp_loss":0,"event_name":"Falling","floor":48,"gold_loss":0},{"damage_healed":0,"gold_gain":0,"player_choice":"Inject Mutagens","damage_taken":0,"relics_obtained":["MutagenicStrength"],"max_hp_gain":0,"max_hp_loss":0,"event_name":"Drug Dealer","floor":70,"gold_loss":0},{"damage_healed":0,"gold_gain":0,"player_choice":"Memory 3","damage_taken":10,"max_hp_gain":0,"max_hp_loss":0,"event_name":"SensoryStone","floor":89,"gold_loss":0},{"damage_healed":0,"gold_gain":79,"player_choice":"Gained Gold","damage_taken":0,"max_hp_gain":0,"max_hp_loss":0,"event_name":"Golden Wing","floor":106,"gold_loss":0},{"damage_healed":0,"gold_gain":0,"player_choice":"Obtain Plague Curse","damage_taken":0,"max_hp_gain":0,"max_hp_loss":0,"event_name":"Plague Doctor","floor":107,"gold_loss":0,"cards_obtained":["theForsaken:PlagueCurse"]},{"damage_healed":0,"gold_gain":0,"player_choice":"Take Damage","damage_taken":22,"relics_obtained":["Golden Idol"],"max_hp_gain":0,"max_hp_loss":0,"event_name":"Golden Idol","floor":112,"gold_loss":0},{"damage_healed":0,"gold_gain":0,"player_choice":"Ignored","damage_taken":0,"max_hp_gain":0,"max_hp_loss":0,"event_name":"Vampires","floor":133,"gold_loss":0},{"damage_healed":0,"gold_gain":0,"player_choice":"Fight","damage_taken":0,"max_hp_gain":0,"max_hp_loss":0,"event_name":"Mysterious Sphere","floor":147,"gold_loss":0}],"is_beta":false,"boss_relics":[{"not_picked":["Sozu","hubris:BlackHole"],"picked":"Runic Dome"},{"not_picked":["Hololive_TopUpMoneyS","Velvet Choker"],"picked":"Philosopher\u0027s Stone"},{"not_picked":["Coffee Dripper","Hololive_ChaosS"],"picked":"theForsaken:PaleLantern"},{"not_picked":["Coffee Dripper","theSenshi:MoonKaleidoScopeRelic"],"picked":"Busted Crown"},{"not_picked":["infinitespire:Cupcake","hubris:RunicObelisk"],"picked":"Black Star"},{"not_picked":["hubris:CrackedHourglass","Hololive_ChaosS"],"picked":"Hololive_Finger"},{"not_picked":["hubris:Spice","Tiny House"],"picked":"Runesmith:UraniumAnvil"},{"not_picked":["hubris:Spice","hubris:Spice"],"picked":"Calling Bell"}],"items_purged_floors":[38],"is_endless":true,"potions_floor_spawned":[2,11,13,14,18,21,24,25,33,36,42,46,47,50,52,54,55,56,57,59,62,63,65,67,69,72,73,75,80,84,86,88,90,92,93,96,97,99,101,103,105,108,109,113,115,116,118,120,122,123,124,125,127,129,132,135,137,138,143,147,148,149,150],"killed_by":"infinitespire:LordOfFortification","ascension_level":0}}