{"host":"xxi53rn2ndafw16n","time":1607580031,"event":{"gold_per_floor":[1991,1991,2011,2024,2039,1249,1291,923,923,665,718,761,784,826,704,842,842,873,902,927,951,951,994,994,1034,1034,1059,1097,1021,1057,1089,1089,1221,1221,1244,1268,1295,1270,1279,1279,1327,1356,1379,1425,1498,1314,1337,1358,1358,1358],"floor_reached":51,"playtime":2572,"items_purged":["Hololive_Strike","Hololive_Strike","Hololive_CallFriendA","Hololive_CallNekomataOkayu","Hololive_Defend","Hololive_OvertimeWork","Hololive_Defend","Hololive_CallShiroganeNoel","Hololive_Breathe","Hololive_CandyCastle+1","Hololive_Breathe+1","Hololive_Breathe+1","Hololive_Breathe+1","Hololive_CallYuzukiChoco+1","Hololive_CallOzoraSubaru+1","Hololive_CallDoris+1","Hololive_CallSpadeEcho+1"],"score":1544,"play_id":"db975074-11d3-48a7-8742-e062666280ee","local_time":"20201210140031","is_ascension_mode":true,"campfire_choices":[{"data":"Hololive_CallDoris","floor":32,"key":"SMITH"},{"data":"Hololive_IdolExercise","floor":40,"key":"SMITH"},{"data":"Hololive_StrengthChampion+2","floor":49,"key":"SMITH"}],"neow_cost":"NONE","seed_source_timestamp":2199400071600,"circlet_count":0,"master_deck":["Hololive_CallHoshimachiSuisei+1","Hololive_FlyingPonyTail+1","Hololive_StrengthChampion+1","MostiFishMod:KingOfFree+1","Hololive_Yoholoon+1","Hololive_CallMomosuzuNene+21","Hololive_CallManoAloe+1","Hololive_Yoholoon+1","Hololive_MaximGun+1","Hololive_StrengthChampion+1","Hololive_MaximGun+1","Hololive_Psychosis+1","Hololive_Thief+1","Hololive_StrengthChampion+3","Hololive_IdolExercise+1","Hololive_CallMomosuzuNene+6"],"relics":["Hololive_TheStar","DaveBox","OneHitWonderSystem","NeowsBlessing","Question Card","Golden Idol","Shuriken","MagicDraw2","vexMod:MemoryStick","Membership Card","Pet Ghost","ArrowTower","Lantern","Oddly Smooth Stone","TungstenRod","Replay:Bottled Flurry","Letter Opener","Technique","ImportantClient","BloodWine","Ginger","vexMod:ScavengeHelm","Dota2Spire:PowerTreads","HollowMod:QueensCombRelic","vexMod:InvisibilityCloak","Bag of Preparation","Nunchaku","vexMod:TanglingVine","Replay:Accelerometer","MawBank","Dota2Spire:BlackKingBar","RuthlessExorcism:ReiMu","Dota2Spire:AssaultCuirass"],"potions_floor_usage":[],"damage_taken":[{"damage":0,"enemies":"Cultist","floor":1,"turns":1},{"damage":0,"enemies":"Small Slimes","floor":3,"turns":2},{"damage":0,"enemies":"Jaw Worm","floor":4,"turns":1},{"damage":0,"enemies":"Large Slime","floor":5,"turns":4},{"damage":0,"enemies":"3 Sentries","floor":7,"turns":4},{"damage":0,"enemies":"HollowMod:MossKnight","floor":12,"turns":3},{"damage":0,"enemies":"Looter","floor":13,"turns":2},{"damage":0,"enemies":"Lagavulin","floor":14,"turns":3},{"damage":0,"enemies":"The Guardian","floor":16,"turns":4},{"damage":0,"enemies":"Spheric Guardian","floor":18,"turns":1},{"damage":0,"enemies":"2 Thieves","floor":19,"turns":2},{"damage":0,"enemies":"Chosen and Byrds","floor":20,"turns":2},{"damage":0,"enemies":"Snecko","floor":21,"turns":2},{"damage":0,"enemies":"Replay:Snechameleon","floor":23,"turns":2},{"damage":0,"enemies":"Gremlin Leader","floor":25,"turns":3},{"damage":0,"enemies":"Centurion and Healer","floor":27,"turns":3},{"damage":0,"enemies":"Slavers","floor":28,"turns":2},{"damage":0,"enemies":"Replay:Snechameleon","floor":30,"turns":2},{"damage":0,"enemies":"Cultist and Chosen","floor":31,"turns":3},{"damage":0,"enemies":"Automaton","floor":33,"turns":3},{"damage":0,"enemies":"3 Darklings","floor":35,"turns":2},{"damage":0,"enemies":"Orb Walker","floor":36,"turns":1},{"damage":0,"enemies":"Writhing Mass","floor":37,"turns":2},{"damage":0,"enemies":"Writhing Mass","floor":39,"turns":4},{"damage":0,"enemies":"Nemesis","floor":41,"turns":1},{"damage":0,"enemies":"Maw","floor":42,"turns":2},{"damage":0,"enemies":"Reptomancer","floor":44,"turns":2},{"damage":0,"enemies":"2 Orb Walkers","floor":45,"turns":2},{"damage":0,"enemies":"Spire Growth","floor":47,"turns":1},{"damage":0,"enemies":"3 Darklings","floor":48,"turns":1},{"damage":0,"enemies":"Time Eater","floor":50,"turns":2}],"seed_played":"1958860320427306738","potions_obtained":[{"floor":13,"key":"Dota2Spire:HealingSalve"},{"floor":21,"key":"PowerPotion"}],"is_trial":false,"path_per_floor":["M","?","M","M","M","R","E","R","T","$","?","E","M","E","R","B",null,"M","M","M","M","?","E","?","E","T","M","E","R","E","M","R","B",null,"M","M","M","?","?","R","E","M","T","E","?","$","M","M","R","B",null],"character_chosen":"Hololive_HololiveCharacter","items_purchased":["Shuriken","MagicDraw2","MostiFishMod:KingOfFree","Hololive_CandyCastle","Membership Card","Pet Ghost","ArrowTower","Lantern","Oddly Smooth Stone","Hololive_CallYuzukiChoco","Hololive_Yoholoon","Hololive_Breathe","Technique","Hololive_Yoholoon","Bag of Preparation","RuthlessExorcism:ReiMu","Dota2Spire:AssaultCuirass"],"campfire_rested":0,"item_purchase_floors":[6,6,6,6,8,8,8,10,10,10,10,10,15,15,29,46,46],"current_hp_per_floor":[1,1,1,1,1,1,1,1,1,1,1,1,1,1,1,1,1,1,1,1,1,1,1,1,1,0,1,1,1,1,1,1,1,1,1,1,1,1,1,1,1,1,1,1,1,1,1,1,1,1],"gold":1358,"neow_bonus":"THREE_ENEMY_KILL","is_prod":false,"is_daily":false,"chose_seed":false,"campfire_upgraded":3,"win_rate":0,"timestamp":1607580031,"path_taken":["M","?","M","M","M","R","E","R","T","$","?","E","?","E","R","BOSS","M","M","M","M","?","E","?","E","T","M","E","R","E","M","R","BOSS","M","M","M","?","?","R","E","M","T","E","?","$","M","M","R","BOSS"],"build_version":"2020-11-30","purchased_purges":17,"victory":true,"max_hp_per_floor":[1,1,1,1,1,1,1,1,1,1,1,1,1,1,1,1,1,1,1,1,1,1,1,1,1,0,1,1,1,1,1,1,1,1,1,1,1,1,1,1,1,1,1,1,1,1,1,1,1,1],"card_choices":[{"not_picked":["Hololive_CallMurasakiShion","Hololive_CallRoboco","Hololive_Drill"],"picked":"Hololive_FlyingPonyTail","floor":1},{"not_picked":["Hololive_CallYozoraMel","Hololive_Sequa","Hololive_CocoNews","Hololive_CallOkamiMio"],"picked":"Hololive_Breathe","floor":3},{"not_picked":["Hololive_BeCareful","Hololive_CocoNews","Hololive_CallNekomataOkayu","Hololive_FlyingPonyTail"],"picked":"Hololive_StrengthChampion","floor":4},{"not_picked":["Hololive_StrengthChampion","Hololive_HuntDinosaur","Hololive_CallUsadaPekora","Hololive_Breathe"],"picked":"Hololive_CallSpadeEcho","floor":5},{"not_picked":["Hololive_CallHimemoriLuna","Hololive_Rebound","Hololive_HighAtkLowDef","Hololive_CallMinatoAqua"],"picked":"Hololive_Breathe","floor":7},{"not_picked":["Hololive_CallShiranuiFlare","Hololive_RevenueBasedLive","Hololive_CallFriendA","Hololive_SoulCatcher"],"picked":"Hololive_Breathe","floor":11},{"not_picked":["Hololive_StrengthChampion","Hololive_Rebound","Hololive_LuckPotion","Hololive_Breathe","Hololive_Yoholoon"],"picked":"SKIP","floor":12},{"not_picked":["Hololive_CallManoAloe","Hololive_ScarfAndHalo","Hololive_Sequa","Hololive_SummonFox"],"picked":"Hololive_CallMomosuzuNene","floor":13},{"not_picked":["Hololive_CallNekomataOkayu","Hololive_Psychosis","Hololive_SummonFox","Hololive_Breathe"],"picked":"Hololive_CallManoAloe","floor":14},{"not_picked":["Hololive_Nanodesu","Hololive_OpenUp","Hololive_ASMR","Hololive_AWSL"],"picked":"Hololive_MaximGun","floor":16},{"not_picked":["Hololive_Trident","Hololive_OvertimeWork","Hololive_FlyingPonyTail","Hololive_Psychosis"],"picked":"Hololive_StrengthChampion","floor":18},{"not_picked":["Hololive_OvertimeWork+1","Hololive_CallDoris","Hololive_FlyingPonyTail","Hololive_Drill"],"picked":"Hololive_MaximGun","floor":19},{"not_picked":["Hololive_StrengthChampion","Hololive_RevenueBasedLive","Hololive_CallNakiriAyame","Hololive_Breathe+1"],"picked":"Hololive_CallDoris","floor":20},{"not_picked":["Hololive_HuntDinosaur","Hololive_CallRoboco","Hololive_Rebound+1","Hololive_LuckPotion","Hololive_Trident"],"picked":"SKIP","floor":21},{"not_picked":["Hololive_BeCareful","Hololive_HuntDinosaur","Hololive_CallAyundaRisu","Hololive_Rebound"],"picked":"Hololive_Psychosis+1","floor":23},{"not_picked":["Hololive_CallMurasakiShion","Hololive_Psychosis","Hololive_HuntDinosaur","Hololive_Breathe","Hololive_Rebirth"],"picked":"SKIP","floor":25},{"not_picked":["Hololive_LuckPotion+1","Hololive_Yoholoon","Hololive_RevenueBasedLive","Hololive_CallUsadaPekora","Hololive_Trident"],"picked":"SKIP","floor":27},{"not_picked":["Hololive_Trident","Hololive_Breathe","Hololive_FlyingPonyTail","Hololive_StrengthChampion","Hololive_Drill+1"],"picked":"SKIP","floor":28},{"not_picked":["Hololive_CallFriendA","Hololive_RevenueBasedLive","Hololive_CallSpadeEcho","Hololive_FlyingPonyTail","Hololive_CallAiraniIofifteen"],"picked":"SKIP","floor":30},{"not_picked":["Hololive_OvertimeWork","Hololive_RevenueBasedLive","Hololive_Sequa","Hololive_Recruit","Hololive_SummonFox"],"picked":"SKIP","floor":31},{"not_picked":["Hololive_OpenUp","Hololive_Nanodesu","Hololive_ASMR","Hololive_Rebirth"],"picked":"Hololive_Thief","floor":33},{"not_picked":["Hololive_Breathe","Hololive_OvertimeWork+1","Hololive_CallMinatoAqua","Hololive_CallArtia+1","Hololive_CocoNews+1"],"picked":"SKIP","floor":35},{"not_picked":["Hololive_CallYozoraMel","Hololive_CallFriendA+1","Hololive_LuckPotion+1","Hololive_Rebound+1"],"picked":"Hololive_StrengthChampion+1","floor":36},{"not_picked":["Hololive_HuntDinosaur+1","Hololive_CallInugamiKorone+1","Hololive_CallManoAloe","Hololive_CallArtia+1","Hololive_CallUruhaRushia"],"picked":"SKIP","floor":37},{"not_picked":["Hololive_Sequa+1","Hololive_HuntDinosaur+1","Hololive_BringToTrial+1","Hololive_CallMinatoAqua"],"picked":"Hololive_IdolExercise","floor":39},{"not_picked":["Hololive_HuntDinosaur","Hololive_CallTokoyamiTowa","Hololive_Psychosis+1","Hololive_CallYozoraMel+1","Hololive_CallOmaruPolka+1"],"picked":"SKIP","floor":41},{"not_picked":["Hololive_OvertimeWork","Hololive_RevenueBasedLive","Hololive_CocoNews","Hololive_FlyingPonyTail+1"],"picked":"Hololive_CallMomosuzuNene+1","floor":42},{"not_picked":["Hololive_Drill+1","Hololive_CallOkamiMio","Hololive_CocoNews+1","Hololive_CallShiranuiFlare+1","Hololive_CallOmaruPolka+1"],"picked":"SKIP","floor":44},{"not_picked":["Hololive_Teleport+1","Hololive_Yoholoon","Hololive_StrengthChampion+1","Hololive_CallKiryuuCoco+1","Hololive_CocoNews"],"picked":"SKIP","floor":47},{"not_picked":["Hololive_CallMinatoAqua+1","Hololive_RevenueBasedLive","Hololive_CallCivia","Hololive_HuntDinosaur+1","Hololive_CallOzoraSubaru"],"picked":"SKIP","floor":48}],"player_experience":441899,"relics_obtained":[{"floor":1,"key":"Question Card"},{"floor":7,"key":"vexMod:MemoryStick"},{"floor":11,"key":"TungstenRod"},{"floor":12,"key":"Replay:Bottled Flurry"},{"floor":14,"key":"Letter Opener"},{"floor":16,"key":"ImportantClient"},{"floor":23,"key":"vexMod:ScavengeHelm"},{"floor":25,"key":"Dota2Spire:PowerTreads"},{"floor":26,"key":"HollowMod:QueensCombRelic"},{"floor":28,"key":"vexMod:InvisibilityCloak"},{"floor":30,"key":"Nunchaku"},{"floor":41,"key":"Replay:Accelerometer"},{"floor":43,"key":"MawBank"},{"floor":44,"key":"Dota2Spire:BlackKingBar"}],"event_choices":[{"damage_healed":0,"gold_gain":0,"player_choice":"Take Damage","damage_taken":0,"relics_obtained":["Golden Idol"],"max_hp_gain":0,"max_hp_loss":0,"event_name":"Golden Idol","floor":2,"gold_loss":0},{"damage_healed":0,"gold_gain":0,"player_choice":"Fight","damage_taken":0,"max_hp_gain":0,"max_hp_loss":0,"event_name":"Mysterious Sphere","floor":45,"gold_loss":0}],"is_beta":false,"boss_relics":[{"not_picked":["Ectoplasm","Abe\u0027s Treasure"],"picked":"BloodWine"},{"not_picked":["RhineFirstAidKit","Replay:Grab Bag"],"picked":"vexMod:TanglingVine"}],"items_purged_floors":[6,6,6,6,15,15,15,29,29,46,46,46,46,46,46,46,46],"is_endless":false,"potions_floor_spawned":[3,13,14,16,21,23,25,33,36,42,44,45,48],"ascension_level":3}}