{"host":"dl5mjdlimopbuch5","time":1607567973,"event":{"gold_per_floor":[109,109,28,43,43,43,43,43,43,43,43,43,86,102,102,223,223,243,243,258,271,286,286,286,309,309,224,224,224,247,261,261,261,261],"floor_reached":33,"playtime":733,"items_purged":[],"score":311,"play_id":"7b305c12-31e7-4b37-9d0b-a50575fe63b2","local_time":"20201210023933","is_ascension_mode":true,"campfire_choices":[{"data":"Whirlwind","floor":6,"key":"SMITH"},{"data":"Bash","floor":8,"key":"SMITH"},{"data":"Strike_R","floor":10,"key":"SMITH"},{"floor":15,"key":"REST"},{"floor":23,"key":"REST"},{"floor":28,"key":"REST"},{"floor":32,"key":"REST"}],"neow_cost":"NONE","seed_source_timestamp":108497249295900,"circlet_count":0,"master_deck":["Strike_R+1","Strike_R+1","Strike_R+1","Strike_R+1","Strike_R+1","Defend_R+1","Defend_R+1","Defend_R+1","Defend_R+1","Bash+1","Whirlwind+1","Inflame+1","Flex","Flex+1","Thunderclap+1","Whirlwind+1"],"relics":["Black Blood","NeowsBlessing","Golden Idol","Lantern","Ornamental Fan","White Beast Statue","Kunai"],"potions_floor_usage":[16,16,33,33,33],"damage_taken":[{"damage":0,"enemies":"Cultist","floor":1,"turns":1},{"damage":0,"enemies":"Small Slimes","floor":4,"turns":1},{"damage":0,"enemies":"3 Sentries","floor":13,"turns":1},{"damage":3,"enemies":"2 Louse","floor":14,"turns":2},{"damage":73,"enemies":"The Guardian","floor":16,"turns":9},{"damage":25,"enemies":"Spheric Guardian","floor":18,"turns":4},{"damage":22,"enemies":"2 Thieves","floor":20,"turns":3},{"damage":48,"enemies":"Snake Plant","floor":21,"turns":4},{"damage":34,"enemies":"Chosen and Byrds","floor":22,"turns":6},{"damage":26,"enemies":"Snecko","floor":25,"turns":6},{"damage":23,"enemies":"Centurion and Healer","floor":30,"turns":3},{"damage":28,"enemies":"Shelled Parasite and Fungi","floor":31,"turns":3},{"damage":35,"enemies":"Collector","floor":33,"turns":5}],"seed_played":"6892982284977176657","potions_obtained":[{"floor":13,"key":"LiquidBronze"},{"floor":14,"key":"SteroidPotion"},{"floor":16,"key":"CultistPotion"},{"floor":18,"key":"BlessingOfTheForge"},{"floor":30,"key":"EntropicBrew"},{"floor":31,"key":"Dexterity Potion"}],"is_trial":false,"path_per_floor":["M","$","$","M","?","R","?","R","T","R","$","?","E","M","R","B",null,"M","$","M","M","M","R","?","M","T","?","R","?","M","M","R","B"],"character_chosen":"IRONCLAD","items_purchased":["Inflame"],"campfire_rested":4,"item_purchase_floors":[3],"current_hp_per_floor":[80,80,80,80,60,60,60,60,60,60,60,44,50,53,77,10,80,67,67,59,29,23,47,47,33,33,33,57,57,46,30,54,19,19],"gold":261,"neow_bonus":"THREE_ENEMY_KILL","is_prod":false,"is_daily":false,"chose_seed":false,"campfire_upgraded":3,"win_rate":0,"timestamp":1607567973,"path_taken":["M","?","$","?","?","R","?","R","T","R","$","?","E","M","R","BOSS","M","$","M","M","M","R","?","M","T","?","R","?","?","M","R","BOSS"],"build_version":"2020-11-30","purchased_purges":0,"victory":false,"max_hp_per_floor":[80,80,80,80,80,80,80,80,80,80,80,80,80,80,80,80,80,80,80,80,80,80,80,80,80,80,80,80,80,80,80,80,80,80],"card_choices":[{"not_picked":["Flex","Spot Weakness"],"picked":"Whirlwind","floor":1},{"not_picked":["True Grit","Havoc","Burning Pact"],"picked":"SKIP","floor":4},{"not_picked":["Shrug It Off","Anger","Rage"],"picked":"SKIP","floor":13},{"not_picked":["Dark Embrace","Anger"],"picked":"Flex","floor":14},{"not_picked":["Brutality","Barricade"],"picked":"Reaper","floor":16},{"not_picked":["Wild Strike","Body Slam+1","Clothesline"],"picked":"SKIP","floor":18},{"not_picked":["Second Wind+1","Wild Strike"],"picked":"Flex+1","floor":20},{"not_picked":["Clash","Pommel Strike","Corruption"],"picked":"SKIP","floor":21},{"not_picked":["Shrug It Off","Twin Strike+1"],"picked":"Thunderclap+1","floor":22},{"not_picked":["True Grit","Body Slam"],"picked":"Whirlwind+1","floor":25},{"not_picked":["Iron Wave","Whirlwind","Headbutt"],"picked":"SKIP","floor":30},{"not_picked":["Anger","Dark Embrace","Burning Pact+1"],"picked":"SKIP","floor":31}],"player_experience":191400,"relics_obtained":[{"floor":9,"key":"Lantern"},{"floor":13,"key":"Ornamental Fan"},{"floor":26,"key":"White Beast Statue"}],"event_choices":[{"damage_healed":0,"gold_gain":0,"player_choice":"Take Damage","damage_taken":20,"relics_obtained":["Golden Idol"],"max_hp_gain":0,"max_hp_loss":0,"event_name":"Golden Idol","floor":5,"gold_loss":0},{"damage_healed":0,"gold_gain":0,"player_choice":"Grow","damage_taken":0,"max_hp_gain":0,"max_hp_loss":0,"event_name":"Living Wall","floor":7,"gold_loss":0,"cards_upgraded":["Inflame"]},{"damage_healed":0,"gold_gain":0,"player_choice":"Entered Light","damage_taken":16,"max_hp_gain":0,"max_hp_loss":0,"event_name":"Shining Light","floor":12,"gold_loss":0,"cards_upgraded":["Strike_R","Defend_R"]},{"damage_healed":0,"gold_gain":0,"player_choice":"Simplicity","damage_taken":0,"max_hp_gain":0,"max_hp_loss":0,"event_name":"Back to Basics","floor":24,"gold_loss":0,"cards_upgraded":["Strike_R","Strike_R","Strike_R","Defend_R","Defend_R","Defend_R"]},{"damage_healed":0,"gold_gain":0,"player_choice":"Obtained Relic","damage_taken":0,"relics_obtained":["Kunai"],"max_hp_gain":0,"max_hp_loss":0,"event_name":"Addict","floor":27,"gold_loss":85},{"cards_removed":["Reaper"],"damage_healed":0,"gold_gain":0,"player_choice":"Purged","damage_taken":0,"max_hp_gain":0,"max_hp_loss":0,"event_name":"Purifier","floor":29,"gold_loss":0}],"is_beta":false,"boss_relics":[{"not_picked":["Fusion Hammer","Empty Cage"],"picked":"Black Blood"}],"items_purged_floors":[],"is_endless":false,"potions_floor_spawned":[13,14,16,18,30,31],"killed_by":"Collector","ascension_level":3}}