{"host":"6dq5cacqmvs00yuc","time":1607578683,"event":{"gold_per_floor":[110,110,110,130,149,149,149,129,129,169,185,210,210,210],"floor_reached":13,"playtime":397,"items_purged":[],"score":119,"play_id":"afb5e28a-18dc-44fa-9976-554cbe6ff299","local_time":"20201209233803","is_ascension_mode":true,"campfire_choices":[{"data":"Gash","floor":6,"key":"SMITH"}],"neow_cost":"TEN_PERCENT_HP_LOSS","seed_source_timestamp":469527914204100,"circlet_count":0,"master_deck":["Strike_B","Strike_B","Strike_B","Strike_B","Defend_B","Defend_B","Defend_B","Zap","Dualcast","ReplayTheSpireMod:Repulse","Scrape+1","Go for the Eyes","Gash+1","Regret","Fusion","Chill","Beam Cell"],"special_seed":0,"relics":["Cracked Core","StoneCalendar","Golden Idol","Pet Ghost","Replay:Arrowhead","Mirror"],"potions_floor_usage":[5,10,13],"damage_taken":[{"damage":7,"enemies":"Jaw Worm","floor":1,"turns":3},{"damage":6,"enemies":"2 Louse","floor":4,"turns":2},{"damage":5,"enemies":"Small Slimes","floor":5,"turns":3},{"damage":32,"enemies":"3 Sentries","floor":10,"turns":7},{"damage":1,"enemies":"2 Fungi Beasts","floor":11,"turns":2},{"damage":10,"enemies":"Red Slaver","floor":12,"turns":2},{"damage":15,"enemies":"Gremlin Nob","floor":13,"turns":2}],"seed_played":"540831923565832276","potions_obtained":[{"floor":1,"key":"Block Potion"},{"floor":8,"key":"EssenceOfSteel"},{"floor":11,"key":"Weak Potion"}],"is_trial":false,"path_per_floor":["M","?","?","M","M","R","?","?","T","E","M","M","E"],"character_chosen":"DEFECT","items_purchased":[],"campfire_rested":0,"item_purchase_floors":[],"current_hp_per_floor":[61,61,61,55,50,50,50,50,50,18,17,7,0,0],"gold":210,"neow_bonus":"ONE_RARE_RELIC","is_prod":false,"is_daily":false,"chose_seed":false,"campfire_upgraded":1,"win_rate":0,"timestamp":1607578683,"path_taken":["M","?","?","M","M","R","?","?","T","E","?","M","E"],"build_version":"2020-11-30","purchased_purges":0,"victory":false,"max_hp_per_floor":[68,68,63,63,63,63,63,63,63,63,63,63,63,63],"card_choices":[{"not_picked":["ReplayTheSpireMod:Reroute Power","Turbo"],"picked":"ReplayTheSpireMod:Repulse","floor":1},{"not_picked":["ReplayTheSpireMod:Reroute Power","Scrape"],"picked":"Go for the Eyes","floor":4},{"not_picked":["Redo","Steam"],"picked":"Gash","floor":5},{"not_picked":["Stack","Panic Button"],"picked":"Fusion","floor":10},{"not_picked":["Barrage","BasicCrystalCard"],"picked":"Chill","floor":11},{"not_picked":["Stack","Capacitor"],"picked":"Beam Cell","floor":12}],"player_experience":717557,"relics_obtained":[{"floor":9,"key":"Replay:Arrowhead"},{"floor":10,"key":"Mirror"}],"event_choices":[{"damage_healed":0,"gold_gain":0,"player_choice":"Lose Max HP","damage_taken":0,"relics_obtained":["Golden Idol"],"max_hp_gain":0,"max_hp_loss":5,"event_name":"Golden Idol","floor":3,"gold_loss":0},{"damage_healed":0,"gold_gain":0,"player_choice":"Box","damage_taken":0,"relics_obtained":["Pet Ghost"],"max_hp_gain":0,"max_hp_loss":0,"event_name":"Big Fish","floor":7,"gold_loss":0,"cards_obtained":["Regret"]},{"damage_healed":0,"gold_gain":0,"player_choice":"Bought 1 Potion","damage_taken":0,"max_hp_gain":0,"max_hp_loss":0,"event_name":"The Woman in Blue","floor":8,"gold_loss":0}],"is_beta":false,"boss_relics":[],"items_purged_floors":[],"is_endless":false,"potions_floor_spawned":[1,11],"killed_by":"Gremlin Nob","ascension_level":8}}