{"host":"csxyw8kq0by31otn","time":1607600790,"event":{"gold_per_floor":[114,114,114,114,125,153,165,19,19,32,32,64,78,92,92,194,194,213,228,228,228,153,153,36,36,59,59,77,77,77,104,104,206,206,223,72,121,137,92,92,0,0,0,15,15,15,15,15],"floor_reached":47,"playtime":1543,"items_purged":[],"score":479,"play_id":"4bc4239f-dae1-4cc9-a510-eb5b09648a33","local_time":"20201210204630","is_ascension_mode":false,"campfire_choices":[{"floor":15.0,"key":"REST"},{"floor":23.0,"key":"REST"},{"floor":27.0,"key":"REST"},{"data":"Seeing Red","floor":30.0,"key":"SMITH"},{"floor":32.0,"key":"REST"},{"data":"Armaments","floor":40.0,"key":"SMITH"},{"data":"Battle Trance","floor":42.0,"key":"SMITH"}],"neow_cost":"NONE","seed_source_timestamp":0,"circlet_count":0,"master_deck":["Strike_R","Strike_R","Strike_R","Strike_R","Defend_R","Defend_R","Defend_R","Defend_R","Bash","Inflame","Clothesline","Shrug It Off","True Grit","Inflame","Armaments+1","Wild Strike","Power Through","Immolate","CurseOfTheBell","Twin Strike","Seeing Red+1","Necronomicurse","Metallicize","Shrug It Off","Inflame","Thunderclap+1","Battle Trance+1","Impervious","Searing Blow+1","Rampage+1","Shrug It Off","Sword Boomerang+1","Doubt"],"special_seed":0,"relics":["Burning Blood","NeowsBlessing","Meat on the Bone","NlothsMask","Gambling Chip","Strange Spoon","Centennial Puzzle","Calling Bell","Strawberry","HornCleat","Champion Belt","Necronomicon","Bronze Scales","Dream Catcher","Runic Cube","Sling","StoneCalendar","Red Mask","Frozen Egg 2"],"potions_floor_usage":[47],"damage_taken":[{"damage":0.0,"enemies":"Jaw Worm","floor":1.0,"turns":1.0},{"damage":0.0,"enemies":"Small Slimes","floor":5.0,"turns":1.0},{"damage":0.0,"enemies":"Gremlin Nob","floor":6.0,"turns":1.0},{"damage":7.0,"enemies":"2 Louse","floor":7.0,"turns":3.0},{"damage":19.0,"enemies":"Exordium Thugs","floor":10.0,"turns":5.0},{"damage":21.0,"enemies":"Lagavulin","floor":12.0,"turns":5.0},{"damage":30.0,"enemies":"Lots of Slimes","floor":13.0,"turns":6.0},{"damage":27.0,"enemies":"Gremlin Gang","floor":14.0,"turns":6.0},{"damage":56.0,"enemies":"Hexaghost","floor":16.0,"turns":14.0},{"damage":51.0,"enemies":"3 Byrds","floor":18.0,"turns":7.0},{"damage":24.0,"enemies":"Chosen","floor":19.0,"turns":7.0},{"damage":7.0,"enemies":"Snake Plant","floor":28.0,"turns":3.0},{"damage":43.0,"enemies":"Champ","floor":33.0,"turns":11.0},{"damage":20.0,"enemies":"3 Darklings","floor":35.0,"turns":4.0},{"damage":57.0,"enemies":"2 Orb Walkers","floor":37.0,"turns":5.0},{"damage":2.0,"enemies":"Orb Walker","floor":38.0,"turns":3.0},{"damage":17.0,"enemies":"Jaw Worm Horde","floor":44.0,"turns":4.0},{"damage":92,"enemies":"Awakened One","floor":47,"turns":8}],"seed_played":"-3988049354188246258","potions_obtained":[{"floor":6.0,"key":"SkillPotion"},{"floor":12.0,"key":"BlessingOfTheForge"},{"floor":14.0,"key":"SteroidPotion"},{"floor":35.0,"key":"Weak Potion"},{"floor":44.0,"key":"Ancient Potion"}],"is_trial":false,"path_per_floor":["M","?","?","?","M","E","M","$","T","M","?","E","M","M","R","B",null,"M","M","?","?","?","R","$","?","T","R","M","$","R","T","R","B",null,"M","$","?","M","$","R","?","R","T","M","?","?","B"],"character_chosen":"IRONCLAD","items_purchased":["Strange Spoon","Metallicize","Shrug It Off","Sling","Shrug It Off"],"campfire_rested":4,"item_purchase_floors":[8,24,24,36,39],"current_hp_per_floor":[80,80,62,62,68,74,73,73,73,60,60,57,45,36,60,22,87,54,48,32,32,32,58,58,58,58,84,83,83,83,83,87,50,87,73,73,34,50,50,50,50,50,50,51,87,87,0,0],"gold":15,"neow_bonus":"THREE_ENEMY_KILL","is_prod":false,"is_daily":false,"chose_seed":false,"campfire_upgraded":3,"win_rate":0,"timestamp":1607600790,"path_taken":["M","?","?","?","M","E","?","?","T","?","?","E","M","M","R","BOSS","M","?","?","?","?","R","$","?","T","R","?","$","R","?","R","BOSS","M","?","?","M","$","R","?","R","T","M","?","?","BOSS"],"build_version":"2020-11-30","purchased_purges":0,"victory":false,"max_hp_per_floor":[80,80,80,80,80,80,80,80,80,80,80,80,80,80,80,80,87,87,87,87,87,87,87,87,87,87,87,87,87,87,87,87,87,87,87,87,87,87,87,87,87,87,87,87,87,87,87,87],"card_choices":[{"not_picked":["Perfected Strike","Hemokinesis"],"picked":"Inflame","floor":1.0},{"not_picked":["Flex","Entrench"],"picked":"Clothesline","floor":5.0},{"not_picked":["Body Slam","Clash"],"picked":"Shrug It Off","floor":6.0},{"not_picked":["Body Slam","Fiend Fire"],"picked":"True Grit","floor":7.0},{"not_picked":["Headbutt","Sword Boomerang"],"picked":"Inflame","floor":10.0},{"not_picked":["True Grit","Brutality"],"picked":"Armaments","floor":12.0},{"not_picked":["Anger","Havoc"],"picked":"Wild Strike","floor":13.0},{"not_picked":["Infernal Blade","Clothesline"],"picked":"Power Through","floor":14.0},{"not_picked":["Exhume","Brutality"],"picked":"Immolate","floor":16.0},{"not_picked":["Clothesline+1","True Grit+1"],"picked":"Twin Strike","floor":18.0},{"not_picked":["Feel No Pain","Wild Strike"],"picked":"Seeing Red","floor":19.0},{"not_picked":["Headbutt+1","Sever Soul"],"picked":"Thunderclap+1","floor":28.0},{"not_picked":["Hemokinesis","Cleave"],"picked":"Battle Trance","floor":32.0},{"not_picked":["Immolate","Juggernaut"],"picked":"Impervious","floor":33.0},{"not_picked":["Havoc+1","Battle Trance"],"picked":"Searing Blow+1","floor":35.0},{"not_picked":["Warcry+1","Burning Pact"],"picked":"Rampage+1","floor":38.0},{"not_picked":["Whirlwind+1","Thunderclap"],"picked":"Sword Boomerang+1","floor":44.0}],"player_experience":169124,"relics_obtained":[{"floor":6.0,"key":"Gambling Chip"},{"floor":12.0,"key":"Centennial Puzzle"},{"floor":17.0,"key":"Strawberry"},{"floor":17.0,"key":"HornCleat"},{"floor":17.0,"key":"Champion Belt"},{"floor":20.0,"key":"Necronomicon"},{"floor":26.0,"key":"Bronze Scales"},{"floor":31.0,"key":"Dream Catcher"},{"floor":37.0,"key":"StoneCalendar"},{"floor":43.0,"key":"Frozen Egg 2"}],"event_choices":[{"damage_healed":0.0,"max_hp_gain":0.0,"max_hp_loss":0.0,"gold_gain":0.0,"cards_transformed":["Strike_R"],"event_name":"Living Wall","player_choice":"Change","floor":2.0,"gold_loss":0.0,"damage_taken":0.0,"cards_obtained":["Corruption"]},{"damage_healed":0.0,"max_hp_gain":0.0,"max_hp_loss":0.0,"gold_gain":0.0,"event_name":"Scrap Ooze","player_choice":"Success","floor":3.0,"gold_loss":0.0,"damage_taken":18.0,"relics_obtained":["Meat on the Bone"]},{"damage_healed":0.0,"max_hp_gain":0.0,"max_hp_loss":0.0,"gold_gain":0.0,"event_name":"FaceTrader","player_choice":"Trade","floor":4.0,"gold_loss":0.0,"damage_taken":0.0,"relics_obtained":["NlothsMask"]},{"damage_healed":0.0,"max_hp_gain":0.0,"max_hp_loss":0.0,"gold_gain":0.0,"event_name":"Upgrade Shrine","player_choice":"Upgraded","floor":11.0,"gold_loss":0.0,"damage_taken":0.0,"cards_upgraded":["Corruption"]},{"damage_healed":0.0,"max_hp_gain":0.0,"max_hp_loss":0.0,"gold_gain":0.0,"event_name":"Cursed Tome","player_choice":"Obtained Book","floor":20.0,"gold_loss":0.0,"damage_taken":16.0},{"damage_healed":0.0,"max_hp_gain":0.0,"max_hp_loss":0.0,"gold_gain":0.0,"event_name":"Ghosts","player_choice":"Ignored","floor":21.0,"gold_loss":0.0,"damage_taken":0.0},{"cards_removed":["Corruption"],"damage_healed":0.0,"max_hp_gain":0.0,"max_hp_loss":0.0,"gold_gain":0.0,"event_name":"Beggar","player_choice":"Gave Gold","floor":22.0,"gold_loss":75.0,"damage_taken":0.0},{"damage_healed":0.0,"max_hp_gain":0.0,"max_hp_loss":0.0,"gold_gain":0.0,"event_name":"Duplicator","player_choice":"Copied","floor":25.0,"gold_loss":0.0,"damage_taken":0.0,"cards_obtained":["Inflame"]},{"damage_healed":0.0,"max_hp_gain":0.0,"max_hp_loss":0.0,"gold_gain":0.0,"event_name":"Mysterious Sphere","player_choice":"Fight","floor":37.0,"gold_loss":0.0,"damage_taken":0.0},{"damage_healed":0.0,"max_hp_gain":0.0,"max_hp_loss":0.0,"gold_gain":0.0,"event_name":"Tomb of Lord Red Mask","player_choice":"Paid","floor":41.0,"gold_loss":92.0,"damage_taken":0.0,"relics_obtained":["Red Mask"]},{"damage_healed":36.0,"max_hp_gain":0.0,"max_hp_loss":0.0,"gold_gain":0.0,"event_name":"MindBloom","player_choice":"Heal","floor":45.0,"gold_loss":0.0,"damage_taken":0.0,"cards_obtained":["Doubt"]},{"damage_healed":0.0,"max_hp_gain":0.0,"max_hp_loss":0.0,"gold_gain":0.0,"event_name":"SecretPortal","player_choice":"Took Portal","floor":46.0,"gold_loss":0.0,"damage_taken":0.0}],"is_beta":false,"boss_relics":[{"not_picked":["Runic Pyramid","Runic Dome"],"picked":"Calling Bell"},{"not_picked":["Tiny House","Empty Cage"],"picked":"Runic Cube"}],"items_purged_floors":[],"is_endless":false,"potions_floor_spawned":[6,12,14,35,44],"killed_by":"Awakened One","ascension_level":0}}