{"host":"nptej036rrbiurf5","time":1607564402,"event":{"gold_per_floor":[113,113,8,35,35,35,65,140,140,140,167,186,201,221,221,295,295,315,331,351,351,351],"floor_reached":21,"playtime":463,"items_purged":["Strike_B"],"score":454,"play_id":"9c4b4eed-d3a0-4944-86b9-abe425718412","local_time":"20201210104002","is_ascension_mode":true,"campfire_choices":[{"data":"Dualcast","floor":6.0,"key":"SMITH"},{"data":"Redo","floor":15.0,"key":"SMITH"}],"neow_cost":"NONE","seed_source_timestamp":1286199258673500,"circlet_count":0,"master_deck":["AscendersBane","Strike_B","Strike_B","Defend_B","Defend_B+1","Defend_B","Defend_B","Zap","Dualcast+1","Darkness+1","Leap+1","Redo+1","Sweeping Beam","Echo Form","Compile Driver","Chill"],"special_seed":0,"relics":["Cracked Core","NeowsBlessing","War Paint","Bottled Lightning","StrikeDummy","Matryoshka","SlaversCollar"],"potions_floor_usage":[],"damage_taken":[{"damage":0.0,"enemies":"Jaw Worm","floor":1.0,"turns":1.0},{"damage":0.0,"enemies":"Lagavulin","floor":7.0,"turns":1.0},{"damage":0.0,"enemies":"Gremlin Nob","floor":11.0,"turns":1.0},{"damage":0.0,"enemies":"Cultist","floor":12.0,"turns":3.0},{"damage":0.0,"enemies":"2 Louse","floor":13.0,"turns":2.0},{"damage":1.0,"enemies":"2 Fungi Beasts","floor":14.0,"turns":3.0},{"damage":28.0,"enemies":"The Guardian","floor":16.0,"turns":9.0},{"damage":26.0,"enemies":"3 Byrds","floor":18.0,"turns":4.0},{"damage":19.0,"enemies":"Spheric Guardian","floor":19.0,"turns":5.0},{"damage":18,"enemies":"Snake Plant","floor":20,"turns":4},{"damage":6,"enemies":"Sentry and Sphere","floor":21,"turns":3}],"seed_played":"-2502734459787068289","potions_obtained":[{"floor":7.0,"key":"ColorlessPotion"},{"floor":13.0,"key":"Fruit Juice"},{"floor":14.0,"key":"FearPotion"},{"floor":16.0,"key":"SpeedPotion"},{"floor":20,"key":"Dexterity Potion"}],"is_trial":false,"path_per_floor":["M","?","$","T","$","R","E","?","T","?","E","M","M","M","R","B",null,"M","M","M","M"],"character_chosen":"DEFECT","items_purchased":["Leap"],"campfire_rested":0,"item_purchase_floors":[3],"current_hp_per_floor":[64,64,64,64,64,64,64,53,53,53,53,53,58,57,57,29,64,38,19,1,0,0],"gold":351,"neow_bonus":"THREE_ENEMY_KILL","is_prod":false,"is_daily":false,"chose_seed":false,"campfire_upgraded":2,"win_rate":0,"timestamp":1607564402,"path_taken":["M","?","$","?","$","R","E","?","T","?","E","M","M","M","R","BOSS","M","M","M","M"],"build_version":"2020-11-30","purchased_purges":1,"victory":false,"max_hp_per_floor":[71,71,71,71,71,71,71,71,71,71,71,71,76,76,76,76,76,76,76,76,76,76],"card_choices":[{"not_picked":["Redo","Force Field"],"picked":"Darkness","floor":1.0},{"not_picked":["Ball Lightning","White Noise"],"picked":"Redo","floor":7.0},{"not_picked":["Turbo","Stack"],"picked":"Sweeping Beam","floor":11.0},{"not_picked":["Gash","Streamline","Sweeping Beam"],"picked":"SKIP","floor":12.0},{"not_picked":["Turbo","Steam","Go for the Eyes"],"picked":"SKIP","floor":13.0},{"not_picked":["Leap","Beam Cell","Amplify"],"picked":"SKIP","floor":14.0},{"not_picked":["Rainbow","Electrodynamics"],"picked":"Echo Form","floor":16.0},{"not_picked":["Go for the Eyes","Leap","Hello World"],"picked":"SKIP","floor":18.0},{"not_picked":["Static Discharge","Sweeping Beam"],"picked":"Compile Driver","floor":19},{"not_picked":["FTL","Lockon"],"picked":"Chill","floor":20}],"player_experience":814820,"relics_obtained":[{"floor":4.0,"key":"War Paint"},{"floor":7.0,"key":"Bottled Lightning"},{"floor":9.0,"key":"StrikeDummy"},{"floor":11.0,"key":"Matryoshka"}],"event_choices":[{"damage_healed":0.0,"max_hp_gain":0.0,"max_hp_loss":0.0,"gold_gain":0.0,"event_name":"Accursed Blacksmith","player_choice":"Forge","floor":2.0,"gold_loss":0.0,"damage_taken":0.0,"cards_upgraded":["Darkness"]},{"damage_healed":0.0,"max_hp_gain":0.0,"max_hp_loss":0.0,"gold_gain":75.0,"event_name":"World of Goop","player_choice":"Gather Gold","floor":8.0,"gold_loss":0.0,"damage_taken":11.0},{"cards_removed":["Strike_B"],"damage_healed":0.0,"max_hp_gain":0.0,"max_hp_loss":0.0,"gold_gain":0.0,"event_name":"Living Wall","player_choice":"Forget","floor":10.0,"gold_loss":0.0,"damage_taken":0.0}],"is_beta":false,"boss_relics":[{"not_picked":["Fusion Hammer","Coffee Dripper"],"picked":"SlaversCollar"}],"items_purged_floors":[3],"is_endless":false,"potions_floor_spawned":[7,13,14,16,20],"killed_by":"Sentry and Sphere","ascension_level":18}}