{"host":"8qb550oiisecbnz6","time":1607639820,"event":{"mods":["BaseMod","AchievementEnabler","Colored Powertips","Minty Spire (QoL Compilation)","Colored Map","Quick Restart","Slay-I","StSLib"],"gold_per_floor":[111,111,111,111,122,122,47,59,59,59,74,93,123,143,143,242,242,260,115,125,125,0,33,33,53,80,132,132,146,172,187,187,289,289,308,308,308,327,340,370,370,76,76,95,106,106,125,145,145,145,145,145,18,44,44,44],"floor_reached":55,"playtime":3685,"items_purged":["Strike_R","Defend_R","Strike_R","Parasite"],"score":829,"play_id":"745ec8b3-8f0a-45c7-b463-ec7aac5b3d0e","local_time":"20201210233700","is_ascension_mode":true,"campfire_choices":[{"data":"Flame Barrier","floor":6,"key":"SMITH"},{"data":"Flex","floor":10,"key":"SMITH"},{"data":"Demon Form","floor":15,"key":"SMITH"},{"data":"Reaper","floor":24,"key":"SMITH"},{"data":"Iron Wave","floor":32,"key":"SMITH"},{"floor":41,"key":"RECALL"},{"data":"Sword Boomerang","floor":49,"key":"SMITH"},{"data":"Flame Barrier","floor":52,"key":"SMITH"}],"circlet_count":0,"master_deck":["Strike_R","Strike_R","Strike_R+1","Defend_R","Defend_R","Defend_R","Bash","Flex+1","Flame Barrier+1","Clash+1","Demon Form+1","Reaper+1","Rampage+1","Iron Wave","Battle Trance","Flame Barrier+1","Iron Wave+1","Sword Boomerang+1","Parasite","Metallicize"],"relics":["Burning Blood","NeowsBlessing","Ancient Tea Set","Incense Burner","Singing Bowl","Ginger","Coffee Dripper","MutagenicStrength","Self Forming Clay","Bronze Scales","Toy Ornithopter","Whetstone","Busted Crown","Art of War","Medical Kit"],"acts_visited":["Exordium","TheCity","TheBeyond","TheEnding"],"potions_floor_usage":[12,18,23,30,30,39,40,44,50,50,54,54,55],"damage_taken":[{"damage":0,"enemies":"2 Louse","floor":1,"turns":1},{"damage":0,"enemies":"Small Slimes","floor":5,"turns":1},{"damage":0,"enemies":"Jaw Worm","floor":8,"turns":1},{"damage":15,"enemies":"Lots of Slimes","floor":11,"turns":3},{"damage":0,"enemies":"Large Slime","floor":12,"turns":11},{"damage":27,"enemies":"3 Sentries","floor":13,"turns":9},{"damage":4,"enemies":"Exordium Wildlife","floor":14,"turns":4},{"damage":16,"enemies":"Hexaghost","floor":16,"turns":8},{"damage":12,"enemies":"2 Thieves","floor":18,"turns":4},{"damage":13,"enemies":"Chosen","floor":20,"turns":5},{"damage":64,"enemies":"Slavers","floor":23,"turns":6},{"damage":10,"enemies":"Centurion and Healer","floor":25,"turns":4},{"damage":18,"enemies":"3 Cultists","floor":29,"turns":4},{"damage":21,"enemies":"Book of Stabbing","floor":30,"turns":7},{"damage":20,"enemies":"Cultist and Chosen","floor":31,"turns":5},{"damage":19,"enemies":"Automaton","floor":33,"turns":8},{"damage":23,"enemies":"3 Darklings","floor":35,"turns":6},{"damage":6,"enemies":"Orb Walker","floor":38,"turns":3},{"damage":22,"enemies":"Writhing Mass","floor":39,"turns":5},{"damage":70,"enemies":"Giant Head","floor":40,"turns":9},{"damage":23,"enemies":"Jaw Worm Horde","floor":44,"turns":5},{"damage":14,"enemies":"3 Darklings","floor":45,"turns":5},{"damage":44,"enemies":"Writhing Mass","floor":47,"turns":6},{"damage":18,"enemies":"Sphere and 2 Shapes","floor":48,"turns":5},{"damage":39,"enemies":"Time Eater","floor":50,"turns":9},{"damage":39,"enemies":"Shield and Spear","floor":54,"turns":6},{"damage":96,"enemies":"The Heart","floor":55,"turns":3}],"seed_played":"5224985228893953819","potions_obtained":[{"floor":8,"key":"Strength Potion"},{"floor":11,"key":"EssenceOfSteel"},{"floor":13,"key":"Energy Potion"},{"floor":14,"key":"Ancient Potion"},{"floor":23,"key":"EssenceOfSteel"},{"floor":25,"key":"ElixirPotion"},{"floor":29,"key":"Strength Potion"},{"floor":37,"key":"Block Potion"},{"floor":37,"key":"Block Potion"},{"floor":38,"key":"BlessingOfTheForge"},{"floor":40,"key":"Block Potion"},{"floor":47,"key":"Fire Potion"},{"floor":48,"key":"SpeedPotion"},{"floor":54,"key":"Swift Potion"}],"is_trial":false,"path_per_floor":["M","?","?","?","M","R","$","M","T","R","M","M","E","M","R","B",null,"M","$","M","?","$","E","R","M","T","T","$","M","E","M","R","B",null,"M","?","?","M","M","E","R","$","T","M","M","?","M","M","R","B",null,"R","$","E","B"],"character_chosen":"IRONCLAD","items_purchased":["Iron Wave","Medical Kit","Metallicize","SteroidPotion"],"campfire_rested":0,"item_purchase_floors":[19,42,53,53],"current_hp_per_floor":[80,80,73,66,72,72,72,78,78,78,71,77,58,62,62,52,86,80,80,81,81,81,25,25,35,35,35,35,65,60,72,72,89,94,94,94,94,96,98,37,37,37,37,36,39,88,63,86,86,92,92,92,92,94,0,0],"gold":44,"neow_bonus":"THREE_ENEMY_KILL","is_daily":false,"chose_seed":false,"campfire_upgraded":7,"win_rate":0,"timestamp":1607639820,"path_taken":["M","?","?","?","?","R","$","M","T","R","M","?","E","M","R","BOSS","M","$","M","?","$","E","R","M","T","?","?","M","E","M","R","BOSS","M","?","?","?","M","E","R","$","T","M","M","?","M","M","R","BOSS","R","$","E","BOSS"],"build_version":"2020-11-30","purchased_purges":4,"victory":false,"max_hp_per_floor":[80,80,80,80,80,80,80,80,80,80,82,82,84,86,86,86,86,86,86,86,86,86,88,88,88,88,88,88,90,90,92,92,94,94,94,94,94,96,98,100,100,97,97,99,101,88,90,92,92,92,92,92,92,94,94,94],"card_choices":[{"not_picked":["Perfected Strike","True Grit"],"picked":"Flex","floor":1},{"not_picked":["Infernal Blade","Clash"],"picked":"Flame Barrier","floor":5},{"not_picked":["Wild Strike","Thunderclap"],"picked":"Clash","floor":8},{"not_picked":["Power Through","Body Slam","Seeing Red"],"picked":"Singing Bowl","floor":11},{"not_picked":["Pommel Strike","Infernal Blade"],"picked":"Demon Form","floor":12},{"not_picked":["Wild Strike","Heavy Blade","Body Slam"],"picked":"Singing Bowl","floor":13},{"not_picked":["Wild Strike","Clothesline","Havoc"],"picked":"Singing Bowl","floor":14},{"not_picked":["Brutality","Impervious"],"picked":"Reaper","floor":16},{"not_picked":["Rage","Perfected Strike"],"picked":"Rampage+1","floor":18},{"not_picked":["True Grit","Twin Strike"],"picked":"Battle Trance","floor":20},{"not_picked":["Reckless Charge","Spot Weakness","Heavy Blade"],"picked":"Singing Bowl","floor":23},{"not_picked":["Second Wind","Heavy Blade"],"picked":"Flame Barrier","floor":25},{"not_picked":["Anger+1","Flex","Entrench"],"picked":"Singing Bowl","floor":29},{"not_picked":["True Grit","Evolve"],"picked":"Iron Wave","floor":30},{"not_picked":["Dual Wield","Shrug It Off","Entrench+1"],"picked":"Singing Bowl","floor":31},{"not_picked":["Feed","Juggernaut","Limit Break"],"picked":"Singing Bowl","floor":33},{"not_picked":[],"picked":"Sword Boomerang","floor":35},{"not_picked":["Havoc"],"picked":"Singing Bowl","floor":38},{"not_picked":["Intimidate"],"picked":"Singing Bowl","floor":39},{"not_picked":["Anger+1"],"picked":"Singing Bowl","floor":40},{"not_picked":["Cleave"],"picked":"Singing Bowl","floor":44},{"not_picked":["True Grit+1"],"picked":"Singing Bowl","floor":45},{"not_picked":["Reckless Charge+1"],"picked":"Singing Bowl","floor":47},{"not_picked":["Pummel"],"picked":"Singing Bowl","floor":48},{"not_picked":["Wild Strike+1"],"picked":"Singing Bowl","floor":54}],"player_experience":312369,"relics_obtained":[{"floor":9,"key":"Singing Bowl"},{"floor":13,"key":"Ginger"},{"floor":23,"key":"Self Forming Clay"},{"floor":26,"key":"Bronze Scales"},{"floor":27,"key":"Toy Ornithopter"},{"floor":30,"key":"Whetstone"},{"floor":40,"key":"Art of War"}],"event_choices":[{"damage_healed":0,"gold_gain":0,"player_choice":"Box","damage_taken":0,"relics_obtained":["Ancient Tea Set"],"max_hp_gain":0,"max_hp_loss":0,"event_name":"Big Fish","floor":2,"gold_loss":0,"cards_obtained":["Regret"]},{"cards_removed":["Regret"],"damage_healed":0,"gold_gain":0,"player_choice":"Card Removal","damage_taken":7,"max_hp_gain":0,"max_hp_loss":0,"event_name":"Golden Wing","floor":3,"gold_loss":0},{"damage_healed":0,"gold_gain":0,"player_choice":"Success","damage_taken":7,"relics_obtained":["Incense Burner"],"max_hp_gain":0,"max_hp_loss":0,"event_name":"Scrap Ooze","floor":4,"gold_loss":0},{"damage_healed":0,"gold_gain":0,"player_choice":"Inject Mutagens","damage_taken":0,"relics_obtained":["MutagenicStrength"],"max_hp_gain":0,"max_hp_loss":0,"event_name":"Drug Dealer","floor":21,"gold_loss":0},{"damage_healed":0,"gold_gain":0,"player_choice":"Ignored","damage_taken":0,"max_hp_gain":0,"max_hp_loss":0,"event_name":"Tomb of Lord Red Mask","floor":36,"gold_loss":0},{"damage_healed":0,"gold_gain":0,"player_choice":"Got Potions","damage_taken":0,"max_hp_gain":0,"max_hp_loss":0,"event_name":"Lab","floor":37,"gold_loss":0},{"damage_healed":88,"gold_gain":0,"player_choice":"Heal","damage_taken":0,"max_hp_gain":0,"max_hp_loss":13,"event_name":"The Moai Head","floor":46,"gold_loss":0}],"is_beta":false,"boss_relics":[{"not_picked":["Fusion Hammer","Snecko Eye"],"picked":"Coffee Dripper"},{"not_picked":["Mark of Pain","Velvet Choker"],"picked":"Busted Crown"}],"items_purged_floors":[7,19,22,42],"is_endless":false,"potions_floor_spawned":[8,11,13,14,23,25,29,38,40,47,48,54],"killed_by":"The Heart","ascension_level":4}}