{"host":"kpyf5rnb72uwap8k","time":1607564590,"event":{"gold_per_floor":[115,290,61,78,93,93,113,138,138,8,28,28,28,28,28,133,133,121,138,138,138],"floor_reached":20,"playtime":591,"items_purged":["Doubt"],"score":191,"play_id":"a0ba1661-0f45-46ce-8fd2-4a8f097b47ce","local_time":"20201210104310","is_ascension_mode":true,"campfire_choices":[{"data":"True Grit","floor":6,"key":"SMITH"},{"floor":12,"key":"REST"},{"data":"Armaments","floor":15,"key":"SMITH"}],"neow_cost":"NONE","seed_source_timestamp":231518484342400,"circlet_count":0,"master_deck":["Strike_R","Strike_R","Strike_R","Strike_R","Strike_R","Defend_R","Defend_R","Defend_R","Defend_R","Bash+1","Burning Pact","Flex","True Grit+1","Second Wind","Dark Embrace","Armaments+1","Immolate","Body Slam"],"relics":["Burning Blood","Red Skull","Nunchaku","Orichalcum","Mark of Pain"],"potions_floor_usage":[16,16],"damage_taken":[{"damage":4,"enemies":"Small Slimes","floor":1,"turns":5},{"damage":4,"enemies":"2 Louse","floor":4,"turns":4},{"damage":11,"enemies":"Cultist","floor":5,"turns":4},{"damage":15,"enemies":"Looter","floor":7,"turns":4},{"damage":37,"enemies":"Gremlin Nob","floor":8,"turns":5},{"damage":3,"enemies":"Exordium Wildlife","floor":11,"turns":4},{"damage":53,"enemies":"Slime Boss","floor":16,"turns":10},{"damage":13,"enemies":"2 Thieves","floor":18,"turns":4},{"damage":57,"enemies":"Spheric Guardian","floor":19,"turns":9},{"damage":30,"enemies":"Snake Plant","floor":20,"turns":3}],"seed_played":"7352211939551709255","potions_obtained":[{"floor":1,"key":"SneckoOil"},{"floor":7,"key":"Energy Potion"},{"floor":11,"key":"SkillPotion"},{"floor":18,"key":"BloodPotion"},{"floor":19,"key":"EntropicBrew"}],"is_trial":false,"path_per_floor":["M","?","$","M","M","R","M","E","T","$","M","R","?","?","R","B",null,"M","M","M"],"character_chosen":"IRONCLAD","items_purchased":["Red Skull","Dark Embrace","Armaments"],"campfire_rested":1,"item_purchase_floors":[3,10,10],"current_hp_per_floor":[80,80,80,80,75,75,66,35,35,35,38,62,67,67,67,20,85,78,27,0,0],"gold":138,"neow_bonus":"UPGRADE_CARD","is_prod":false,"is_daily":false,"chose_seed":false,"campfire_upgraded":2,"win_rate":0,"timestamp":1607564590,"path_taken":["M","?","$","M","M","R","M","E","T","$","M","R","?","?","R","BOSS","M","M","M"],"build_version":"2020-11-30","purchased_purges":1,"victory":false,"max_hp_per_floor":[80,80,80,80,80,80,80,80,80,80,80,80,85,85,85,85,85,85,85,85,85],"card_choices":[{"not_picked":["Flame Barrier","Heavy Blade"],"picked":"Burning Pact","floor":1},{"not_picked":["Pummel","Clash"],"picked":"Flex","floor":4},{"not_picked":["Clash","Inflame"],"picked":"True Grit","floor":5},{"not_picked":["Fire Breathing","Uppercut","Sword Boomerang"],"picked":"SKIP","floor":7},{"not_picked":["Clothesline","Dropkick"],"picked":"Second Wind","floor":8},{"not_picked":["Shrug It Off","Uppercut","Brutality"],"picked":"SKIP","floor":11},{"not_picked":["Limit Break","Exhume"],"picked":"Immolate","floor":16},{"not_picked":["Anger","Clothesline+1","Hemokinesis"],"picked":"SKIP","floor":18},{"not_picked":["Clothesline+1","Cleave"],"picked":"Body Slam","floor":19}],"player_experience":195282,"relics_obtained":[{"floor":8,"key":"Nunchaku"},{"floor":9,"key":"Orichalcum"}],"event_choices":[{"damage_healed":0,"gold_gain":175,"player_choice":"AGREE","damage_taken":0,"max_hp_gain":0,"max_hp_loss":0,"event_name":"Liars Game","floor":2,"gold_loss":0,"cards_obtained":["Doubt"]},{"damage_healed":0,"gold_gain":0,"player_choice":"Donut","damage_taken":0,"max_hp_gain":5,"max_hp_loss":0,"event_name":"Big Fish","floor":13,"gold_loss":0},{"damage_healed":0,"gold_gain":0,"player_choice":"Searched \u00270\u0027 times","damage_taken":0,"max_hp_gain":0,"max_hp_loss":0,"event_name":"Dead Adventurer","floor":14,"gold_loss":0}],"is_beta":false,"boss_relics":[{"not_picked":["Ectoplasm","Fusion Hammer"],"picked":"Mark of Pain"}],"items_purged_floors":[3],"is_endless":false,"potions_floor_spawned":[1,7,11,18,19],"killed_by":"Snake Plant","ascension_level":2}}