{"host":"y76clbnovzmw9ubx","time":1607605706,"event":{"gold_per_floor":[110,120,134,134,144,144,175,187,187,220,220,220,220],"floor_reached":12,"playtime":477,"items_purged":[],"score":180,"play_id":"4857b9fe-2f7b-46bf-b68e-0507d3b4c1ac","local_time":"20201210080826","is_ascension_mode":true,"campfire_choices":[{"data":"Melter","floor":6,"key":"SMITH"},{"floor":11,"key":"REST"}],"neow_cost":"TEN_PERCENT_HP_LOSS","seed_source_timestamp":1886032611268,"circlet_count":0,"master_deck":["AscendersBane","Strike_B","Strike_B","Strike_B","Defend_B+1","Defend_B","Defend_B","Zap","Dualcast","Stack+1","Doom and Gloom","Leap","Melter+1","Undo","Go for the Eyes","Defragment","Capacitor","Defragment"],"relics":["Cracked Core","Blood Vial","InkBottle","War Paint"],"potions_floor_usage":[7,8],"damage_taken":[{"damage":5,"enemies":"Jaw Worm","floor":1,"turns":3},{"damage":0,"enemies":"Cultist","floor":2,"turns":3},{"damage":0,"enemies":"2 Louse","floor":3,"turns":2},{"damage":6,"enemies":"Red Slaver","floor":5,"turns":4},{"damage":20,"enemies":"3 Sentries","floor":7,"turns":5},{"damage":2,"enemies":"Lots of Slimes","floor":8,"turns":4},{"damage":30,"enemies":"Gremlin Nob","floor":10,"turns":4},{"damage":30,"enemies":"3 Sentries","floor":12,"turns":5}],"seed_played":"1158352030237650649","potions_obtained":[{"floor":1,"key":"SneckoOil"},{"floor":3,"key":"Fire Potion"}],"is_trial":false,"path_per_floor":["M","M","M","?","M","R","E","M","T","E","R","E"],"character_chosen":"DEFECT","items_purchased":[],"campfire_rested":1,"item_purchase_floors":[],"current_hp_per_floor":[59,59,59,59,53,53,33,33,33,5,24,0,0],"gold":220,"neow_bonus":"TRANSFORM_TWO_CARDS","is_prod":false,"is_daily":false,"chose_seed":false,"campfire_upgraded":1,"win_rate":0,"timestamp":1607605706,"path_taken":["M","M","M","?","M","R","E","M","T","E","R","E"],"build_version":"2020-11-30","purchased_purges":0,"victory":false,"max_hp_per_floor":[64,64,64,64,64,64,64,64,64,64,64,64,64],"relic_stats":{"Blood Vial":6,"counters":[8,30],"War Paint":["Stack","Defend_B"],"obtain_stats":[{"Blood Vial":7,"War Paint":10,"Cracked Core":0,"InkBottle":9},{"Blood Vial":5,"War Paint":7,"Cracked Core":0,"InkBottle":6},{"Blood Vial":17,"War Paint":25,"Cracked Core":0,"InkBottle":21}],"InkBottle":[2]},"card_choices":[{"not_picked":["Barrage","Steam"],"picked":"Leap","floor":1},{"not_picked":["Rebound","Skim"],"picked":"Melter","floor":2},{"not_picked":["Consume","Conserve Battery"],"picked":"Undo","floor":3},{"not_picked":["Ball Lightning","Gash"],"picked":"Go for the Eyes","floor":5},{"not_picked":["Force Field","Buffer"],"picked":"Defragment","floor":7},{"not_picked":["Stack","Barrage"],"picked":"Capacitor","floor":8},{"not_picked":["Fusion","Redo"],"picked":"Defragment","floor":10}],"player_experience":2797681,"relics_obtained":[{"floor":7,"key":"Blood Vial"},{"floor":9,"key":"InkBottle"},{"floor":10,"key":"War Paint"}],"event_choices":[{"damage_healed":0,"gold_gain":0,"player_choice":"Leave","damage_taken":0,"max_hp_gain":0,"max_hp_loss":0,"event_name":"FaceTrader","floor":4,"gold_loss":0}],"is_beta":false,"boss_relics":[],"items_purged_floors":[],"is_endless":false,"potions_floor_spawned":[1,3],"killed_by":"3 Sentries","ascension_level":20}}