{"host":"wvaiab5ya9pyia0u","time":1607627450,"event":{"mods":["BaseMod","StSLib","Hermit","Bestiary","Colored Powertips","Highlight Path","Infinite Spire","Replay The Spire","SacredBarkPlus","Shop Mod","Spicy Shops","The Cursed","The Disciple","The Hierophant","BetterRewards","Conspire","Mimic Mod","Minty Spire (QoL Compilation)","Rare Cards Sparkle","Reworked Bosses","The Runesmith","The Servant 0.9.4","Wandering Minibosses","Ascension Reborn","Aspiration","Hubris","HumanHunterMod(????mod)","Humility","The Construct","The Mystic","everything is the same but u backflip on backflip","slay the spire mod where everything is the same but ironclad has a cowboy hat","Act Like it!","Elementarium","Menagerie"],"gold_per_floor":[111,111,123,123,123,123,123],"floor_reached":6,"playtime":421,"items_purged":[],"score":34,"play_id":"00f3d1f8-2bbc-4434-a261-e3d0ab90d5ef","local_time":"20201210201050","is_ascension_mode":true,"campfire_choices":[],"circlet_count":0,"master_deck":["Strike_S","Strike_S","Strike_S","Strike_S","Defend_S","Defend_S","Defend_S","Defend_S","KidneyShot","Exchange","ShiftingGears","StarChef+1","ReplayTheSpireMod:Doomed","hubris:Despair","ReplayTheSpireMod:Chaos Vortex"],"relics":["Uniform","Molten Egg 2"],"acts_visited":["Exordium"],"potions_floor_usage":[],"damage_taken":[{"damage":1,"enemies":"conspire:RoseBush","floor":1,"turns":4},{"damage":6,"enemies":"2 Louse","floor":3,"turns":5},{"damage":60,"enemies":"3 Sentries","floor":6,"turns":6}],"seed_played":"4659092838010517418","potions_obtained":[{"floor":3,"key":"Strength Potion"}],"is_trial":false,"path_per_floor":["M","?","M","?","?","E"],"character_chosen":"THE_SERVANT","items_purchased":[],"campfire_rested":0,"item_purchase_floors":[],"current_hp_per_floor":[70,58,52,52,52,0,0],"gold":123,"neow_bonus":"TEN_PERCENT_HP_BONUS","is_daily":false,"chose_seed":false,"campfire_upgraded":0,"win_rate":0.0,"timestamp":1607627450,"path_taken":["M","?","M","?","?","E"],"build_version":"2020-11-30","purchased_purges":0,"victory":false,"max_hp_per_floor":[71,71,71,71,71,71,71],"card_choices":[{"not_picked":["Collapse","Unruled"],"picked":"ShiftingGears","floor":1},{"not_picked":["DoubleEdge+1","Misdirection"],"picked":"StarChef","floor":3},{"not_picked":["infinitespire:FutureSight","ReplayTheSpireMod:??????????????????????"],"picked":"ReplayTheSpireMod:Chaos Vortex","floor":5}],"player_experience":159471,"relics_obtained":[],"event_choices":[{"damage_healed":0,"gold_gain":0,"player_choice":"Success","damage_taken":12,"relics_obtained":["Molten Egg 2"],"max_hp_gain":0,"max_hp_loss":0,"event_name":"Scrap Ooze","floor":2,"gold_loss":0},{"damage_healed":0,"gold_gain":0,"player_choice":"Grow","damage_taken":0,"max_hp_gain":0,"max_hp_loss":0,"event_name":"Living Wall","floor":4,"gold_loss":0,"cards_upgraded":["StarChef"]}],"is_beta":false,"boss_relics":[],"items_purged_floors":[],"is_endless":false,"potions_floor_spawned":[3],"killed_by":"3 Sentries","ascension_level":0}}