{"host":"xodzlm10r37577ou","time":1607573331,"event":{"gold_per_floor":[117,117,128,128,8,8,43,43,43,72,149,163,182,197,197,276,276,286,336,348,348,348],"floor_reached":21,"playtime":1205,"items_purged":[],"score":350,"play_id":"904a994b-9ead-49c6-855c-8a73858fe5fa","local_time":"20201210120851","is_ascension_mode":true,"campfire_choices":[{"data":"Havoc","floor":6.0,"key":"SMITH"},{"data":"Replay:Many Hands","floor":8.0,"key":"SMITH"},{"floor":15.0,"key":"REST"}],"neow_cost":"NONE","seed_source_timestamp":418222107562100,"circlet_count":0,"master_deck":["AscendersBane","Strike_R","Strike_R","Defend_R","Defend_R+1","Defend_R","Offering+1","Seeing Red+1","Whirlwind+1","Havoc+1","Spot Weakness","Twin Strike","Replay:Many Hands+1","Replay:Many Hands","Spot Weakness","Battle Trance","Pommel Strike","Heavy Blade","Limit Break+1","CurseOfTheBell","Power Through+1","Rage"],"special_seed":0,"relics":["Astrolabe","Bag of Marbles","Replay:Bottled Snecko","Bird Faced Urn","Paper Frog","Calling Bell","Frozen Egg 2","Replay:PocketPolymizer","War Paint","Mummified Hand"],"potions_floor_usage":[],"damage_taken":[{"damage":6.0,"enemies":"Jaw Worm","floor":1.0,"turns":1.0},{"damage":6.0,"enemies":"Small Slimes","floor":3.0,"turns":2.0},{"damage":18.0,"enemies":"Gremlin Nob","floor":7.0,"turns":3.0},{"damage":21.0,"enemies":"Lagavulin","floor":10.0,"turns":4.0},{"damage":0.0,"enemies":"2 Louse","floor":12.0,"turns":1.0},{"damage":0.0,"enemies":"Blue Slaver","floor":13.0,"turns":1.0},{"damage":0.0,"enemies":"Exordium Thugs","floor":14.0,"turns":1.0},{"damage":31.0,"enemies":"The Guardian","floor":16.0,"turns":8.0},{"damage":14.0,"enemies":"Chosen","floor":18.0,"turns":5.0},{"damage":0.0,"enemies":"2 Thieves","floor":20.0,"turns":2.0},{"damage":26,"enemies":"Shelled Parasite and Fungi","floor":21,"turns":3}],"seed_played":"7663359658408954271","potions_obtained":[{"floor":10.0,"key":"Fire Potion"},{"floor":12.0,"key":"Reflective Coating"},{"floor":16.0,"key":"Block Potion"},{"floor":18.0,"key":"DuplicationPotion"},{"floor":19.0,"key":"FairyPotion"}],"is_trial":false,"path_per_floor":["M","?","M","?","$","R","E","R","T","E","T","M","M","M","R","B",null,"M","?","M","M"],"character_chosen":"IRONCLAD","items_purchased":["Replay:Many Hands"],"campfire_rested":1,"item_purchase_floors":[5],"current_hp_per_floor":[62,62,56,49,49,49,31,31,31,10,10,10,10,10,32,1,57,43,19,19,22,22],"gold":348,"neow_bonus":"BOSS_RELIC","is_prod":false,"is_daily":false,"chose_seed":false,"campfire_upgraded":2,"win_rate":0,"timestamp":1607573331,"path_taken":["M","?","M","?","$","R","E","R","T","E","?","M","?","M","R","BOSS","M","?","M","M"],"build_version":"2020-11-30","purchased_purges":0,"victory":false,"max_hp_per_floor":[75,75,75,75,75,75,75,75,75,75,75,75,75,75,75,75,75,75,75,75,75,75],"card_choices":[{"not_picked":["Dual Wield","Body Slam"],"picked":"Havoc","floor":1.0},{"not_picked":["Sentinel","Defy Death"],"picked":"Twin Strike","floor":3.0},{"not_picked":["Havoc","Heavy Blade"],"picked":"Spot Weakness","floor":7.0},{"not_picked":["Warcry","Seeing Red"],"picked":"Battle Trance","floor":10.0},{"not_picked":["Thunderclap","Shrug It Off"],"picked":"Pommel Strike","floor":12.0},{"not_picked":["Intimidate","ReplayTheSpireMod:Strike From Hell","Pommel Strike"],"picked":"SKIP","floor":13.0},{"not_picked":["Flex","Shrug It Off"],"picked":"Heavy Blade","floor":14.0},{"not_picked":["Reaper","Feed"],"picked":"Limit Break","floor":16.0},{"not_picked":["ReplayTheSpireMod:Strike From Hell","Iron Wave"],"picked":"Power Through+1","floor":18.0},{"not_picked":["Cleave","True Grit"],"picked":"Rage","floor":20.0}],"player_experience":411222,"relics_obtained":[{"floor":7.0,"key":"Bag of Marbles"},{"floor":9.0,"key":"Replay:Bottled Snecko"},{"floor":10.0,"key":"Bird Faced Urn"},{"floor":11.0,"key":"Paper Frog"},{"floor":17.0,"key":"Frozen Egg 2"},{"floor":17.0,"key":"Replay:PocketPolymizer"},{"floor":17.0,"key":"War Paint"},{"floor":19.0,"key":"Mummified Hand"}],"event_choices":[{"damage_healed":0.0,"max_hp_gain":0.0,"max_hp_loss":0.0,"gold_gain":0.0,"cards_transformed":["Strike_R"],"event_name":"Living Wall","player_choice":"Change","floor":2.0,"gold_loss":0.0,"damage_taken":0.0,"cards_obtained":["Spot Weakness"]},{"cards_removed":["Defend_R"],"damage_healed":0.0,"max_hp_gain":0.0,"max_hp_loss":0.0,"gold_gain":0.0,"event_name":"Golden Wing","player_choice":"Card Removal","floor":4.0,"gold_loss":0.0,"damage_taken":7.0}],"is_beta":false,"boss_relics":[{"not_picked":["Empty Cage","Replay:Ancient Bell"],"picked":"Calling Bell"}],"items_purged_floors":[],"is_endless":false,"potions_floor_spawned":[10,12,13,16,18],"killed_by":"Shelled Parasite and Fungi","ascension_level":17}}