{"host":"wsi8noc0n5jxahbu","time":1607614548,"event":{"mods":["BaseMod","StSLib","Better Altar","Better Match","Better Note","Better Sensory Stone","Better Skull","Better Third Choice","BetterRewards","Colored Map","Highlight Path","Minty Spire (QoL Compilation)","Permanent Neow","Custom Start","Relic Filter"],"gold_per_floor":[118,129,129,129,148,148,165,178,178,198,209,209,229,256,256,361,361,377,396,396,60,60,90,100,100,151,151,1,19,30,44,44,142,142,162,87,137,137,150,150,50,83,83,83,83,83,97,97,97,97],"floor_reached":51,"playtime":5709,"items_purged":["Strike_P","Defend_P"],"score":674,"play_id":"09961b6f-1da7-4cfe-997c-a3a5c77c8328","local_time":"20201210103548","is_ascension_mode":false,"campfire_choices":[{"data":"LessonLearned","floor":6,"key":"SMITH"},{"data":"FlurryOfBlows","floor":12,"key":"SMITH"},{"data":"Vigilance","floor":15,"key":"SMITH"},{"data":"FollowUp","floor":25,"key":"SMITH"},{"floor":32,"key":"REST"},{"data":"EmptyBody","floor":40,"key":"SMITH"},{"floor":46,"key":"REST"},{"data":"FollowUp","floor":49,"key":"SMITH"}],"circlet_count":0,"master_deck":["Defend_P+1","Defend_P+1","Eruption+1","Vigilance+1","FearNoEvil+1","FollowUp+1","LessonLearned+1","Blind+1","Crescendo","EmptyBody+1","FlurryOfBlows+1","FollowUp+1","FollowUp","Protect+1","FearNoEvil+1","FearNoEvil+1","Crescendo+1","InnerPeace+1","Wireheading+1","Finesse","Finesse","Flash of Steel","ClearTheMind+1","FollowUp+1","FlurryOfBlows+1","ClearTheMind+1","Collect","FlurryOfBlows+1"],"relics":["PureWater","Mummified Hand","Letter Opener","Astrolabe","Shuriken","Strawberry","Meat on the Bone","Boot","Bag of Preparation","Busted Crown","StoneCalendar","Darkstone Periapt","Thread and Needle"],"acts_visited":["Exordium","TheCity","TheBeyond"],"potions_floor_usage":[16,42],"damage_taken":[{"damage":0,"enemies":"2 Louse","floor":1,"turns":2},{"damage":0,"enemies":"Small Slimes","floor":2,"turns":3},{"damage":3,"enemies":"Cultist","floor":5,"turns":4},{"damage":0,"enemies":"Exordium Wildlife","floor":7,"turns":2},{"damage":0,"enemies":"2 Fungi Beasts","floor":8,"turns":3},{"damage":4,"enemies":"Lots of Slimes","floor":10,"turns":5},{"damage":0,"enemies":"Looter","floor":11,"turns":2},{"damage":4,"enemies":"Gremlin Gang","floor":13,"turns":3},{"damage":4,"enemies":"Gremlin Nob","floor":14,"turns":3},{"damage":37,"enemies":"The Guardian","floor":16,"turns":11},{"damage":3,"enemies":"Shell Parasite","floor":18,"turns":4},{"damage":9,"enemies":"2 Thieves","floor":19,"turns":4},{"damage":2,"enemies":"Gremlin Leader","floor":23,"turns":6},{"damage":0,"enemies":"3 Cultists","floor":24,"turns":4},{"damage":0,"enemies":"Snecko","floor":29,"turns":3},{"damage":0,"enemies":"Centurion and Healer","floor":30,"turns":3},{"damage":10,"enemies":"Chosen and Byrds","floor":31,"turns":2},{"damage":15,"enemies":"Champ","floor":33,"turns":6},{"damage":0,"enemies":"Orb Walker","floor":35,"turns":2},{"damage":0,"enemies":"Mind Bloom Boss Battle","floor":37,"turns":3},{"damage":4,"enemies":"3 Darklings","floor":39,"turns":3},{"damage":46,"enemies":"Reptomancer","floor":42,"turns":5},{"damage":5,"enemies":"Writhing Mass","floor":47,"turns":5},{"damage":39,"enemies":"Awakened One","floor":50,"turns":6}],"seed_played":"-938556506977156948","potions_obtained":[{"floor":1,"key":"Regen Potion"},{"floor":8,"key":"Regen Potion"},{"floor":10,"key":"Block Potion"},{"floor":14,"key":"BottledMiracle"},{"floor":24,"key":"LiquidBronze"},{"floor":37,"key":"SpeedPotion"}],"is_trial":false,"path_per_floor":["M","M","?","?","M","R","M","M","T","M","M","R","M","E","R","B",null,"M","M","?","$","?","E","M","R","T","?","$","M","M","M","R","B",null,"M","$","?","?","M","R","$","E","T","?","?","R","M","?","R","B",null],"character_chosen":"WATCHER","items_purchased":["Wireheading","Strawberry","Finesse","Bag of Preparation"],"campfire_rested":2,"item_purchase_floors":[21,21,21,28],"current_hp_per_floor":[72,72,72,72,69,69,69,69,69,65,65,65,61,57,57,35,72,69,60,60,67,67,65,65,65,65,65,65,65,65,55,78,63,79,79,79,79,79,75,75,75,50,50,50,50,73,68,68,68,41],"gold":97,"neow_bonus":"UPGRADE_CARD","is_daily":false,"chose_seed":false,"campfire_upgraded":6,"win_rate":0.0,"timestamp":1607614548,"path_taken":["M","M","?","?","M","R","M","M","T","?","M","R","M","E","R","BOSS","M","M","?","$","?","E","M","R","T","?","$","M","M","M","R","BOSS","M","$","?","?","?","R","$","E","T","?","?","R","?","?","R","BOSS"],"build_version":"2020-11-30","purchased_purges":2,"victory":true,"max_hp_per_floor":[72,72,72,72,72,72,72,72,72,72,72,72,72,72,72,72,72,72,72,72,79,79,79,79,79,79,79,79,79,79,79,79,79,79,79,79,79,79,79,79,79,79,79,79,79,79,79,79,79,79],"card_choices":[{"not_picked":["MentalFortress","JustLucky"],"picked":"FearNoEvil","floor":1},{"not_picked":["Consecrate","CrushJoints"],"picked":"FollowUp","floor":2},{"not_picked":["ClearTheMind","SignatureMove"],"picked":"Crescendo","floor":5},{"not_picked":["Pray","SignatureMove","CutThroughFate"],"picked":"SKIP","floor":7},{"not_picked":["ClearTheMind","Consecrate"],"picked":"EmptyBody","floor":8},{"not_picked":["Consecrate","CutThroughFate"],"picked":"FlurryOfBlows","floor":10},{"not_picked":["Consecrate","ThirdEye"],"picked":"FollowUp","floor":11},{"not_picked":["BowlingBash","Crescendo","Consecrate"],"picked":"SKIP","floor":13},{"not_picked":["Pray","Consecrate"],"picked":"FollowUp","floor":14},{"not_picked":["FollowUp","Collect+1"],"picked":"Crescendo+1","floor":18},{"not_picked":["Consecrate","Conclude"],"picked":"InnerPeace+1","floor":19},{"not_picked":["Transmutation","Forethought"],"picked":"Finesse","floor":22},{"not_picked":["Purity","Dramatic Entrance"],"picked":"Flash of Steel","floor":22},{"not_picked":["Fasting2","EmptyBody","WaveOfTheHand"],"picked":"SKIP","floor":23},{"not_picked":["Crescendo","EmptyBody","Swivel"],"picked":"SKIP","floor":24},{"not_picked":["WreathOfFlame","Wireheading"],"picked":"FollowUp","floor":29},{"not_picked":["Evaluate","CutThroughFate"],"picked":"FlurryOfBlows+1","floor":30},{"not_picked":["SashWhip","Crescendo","Consecrate+1"],"picked":"SKIP","floor":31},{"not_picked":["FearNoEvil"],"picked":"SKIP","floor":35},{"not_picked":[],"picked":"ClearTheMind+1","floor":37},{"not_picked":["Evaluate"],"picked":"SKIP","floor":39},{"not_picked":[],"picked":"Collect","floor":42},{"not_picked":["WindmillStrike+1"],"picked":"SKIP","floor":47}],"player_experience":377224,"relics_obtained":[{"floor":9,"key":"Mummified Hand"},{"floor":14,"key":"Letter Opener"},{"floor":23,"key":"Meat on the Bone"},{"floor":26,"key":"Boot"},{"floor":37,"key":"StoneCalendar"},{"floor":42,"key":"Darkstone Periapt"},{"floor":43,"key":"Thread and Needle"}],"event_choices":[{"damage_healed":0,"gold_gain":0,"cards_transformed":["Strike_P"],"player_choice":"Change","damage_taken":0,"max_hp_gain":0,"max_hp_loss":0,"event_name":"Living Wall","floor":3,"gold_loss":0,"cards_obtained":["LessonLearned"]},{"cards_removed":["LessonLearned"],"damage_healed":0,"gold_gain":0,"player_choice":"Take \u0026 Give","damage_taken":0,"max_hp_gain":0,"max_hp_loss":0,"event_name":"betterNote:BetterNote","floor":4,"gold_loss":0,"cards_obtained":["Blind"]},{"damage_healed":0,"gold_gain":0,"player_choice":"Opened","damage_taken":0,"relics_obtained":["Shuriken"],"max_hp_gain":0,"max_hp_loss":0,"event_name":"The Mausoleum","floor":20,"gold_loss":0},{"damage_healed":0,"gold_gain":2,"player_choice":"1","damage_taken":0,"max_hp_gain":0,"max_hp_loss":0,"event_name":"betterStone:BetterStone","floor":22,"gold_loss":0},{"damage_healed":0,"gold_gain":0,"player_choice":"Read","damage_taken":0,"max_hp_gain":0,"max_hp_loss":0,"event_name":"The Library","floor":27,"gold_loss":0,"cards_obtained":["ClearTheMind"]},{"damage_healed":0,"gold_gain":0,"player_choice":"Fight","damage_taken":0,"max_hp_gain":0,"max_hp_loss":0,"event_name":"MindBloom","floor":37,"gold_loss":0},{"damage_healed":0,"gold_gain":0,"player_choice":"Ignored","damage_taken":0,"max_hp_gain":0,"max_hp_loss":0,"event_name":"Tomb of Lord Red Mask","floor":38,"gold_loss":0},{"damage_healed":0,"gold_gain":0,"player_choice":"Ignored","damage_taken":0,"max_hp_gain":0,"max_hp_loss":0,"event_name":"Mysterious Sphere","floor":44,"gold_loss":0},{"damage_healed":0,"gold_gain":0,"player_choice":"Copied","damage_taken":0,"max_hp_gain":0,"max_hp_loss":0,"event_name":"Duplicator","floor":45,"gold_loss":0,"cards_obtained":["FlurryOfBlows"]},{"damage_healed":0,"gold_gain":0,"player_choice":"Upgraded","damage_taken":0,"max_hp_gain":0,"max_hp_loss":0,"event_name":"Upgrade Shrine","floor":48,"gold_loss":0,"cards_upgraded":["FollowUp"]}],"is_beta":false,"boss_relics":[{"not_picked":["Velvet Choker","SacredBark"],"picked":"Astrolabe"},{"not_picked":["SlaversCollar","Runic Dome"],"picked":"Busted Crown"}],"items_purged_floors":[36,41],"is_endless":false,"potions_floor_spawned":[1,8,10,11,14,24,29,31,33,37,39],"ascension_level":0}}