{"host":"1z4hbl9vfqrhg136","time":1607642295,"event":{"mods":["BaseMod","Minty Spire (QoL Compilation)"],"gold_per_floor":[209,209,78,98,59,88,106,106,106,106,136,136,162,178,178,252,252,264,264,278,296,36,36,36],"floor_reached":23,"playtime":1945,"items_purged":["Strike_P"],"score":618,"play_id":"73bcb235-3a15-46d1-aac2-7859fc66630c","local_time":"20201210231815","is_ascension_mode":true,"campfire_choices":[{"floor":8.0,"key":"REST"},{"data":"WheelKick","floor":10.0,"key":"SMITH"},{"data":"CutThroughFate","floor":12.0,"key":"SMITH"},{"data":"Consecrate","floor":15.0,"key":"SMITH"}],"circlet_count":0,"master_deck":["AscendersBane","Strike_P","Strike_P+1","Defend_P","Defend_P+1","Defend_P","Defend_P","Eruption","Vigilance","CutThroughFate+1","Wireheading","WheelKick+1","ThirdEye","LikeWater","Consecrate+1","ClearTheMind","Weave","Establishment","Wireheading","CutThroughFate+1","SandsOfTime","BattleHymn"],"special_seed":0,"relics":["PureWater","CloakClasp","Thread and Needle","Kunai","Singing Bowl","Velvet Choker","Membership Card"],"acts_visited":["Exordium","TheCity"],"potions_floor_usage":[],"damage_taken":[{"damage":0.0,"enemies":"Small Slimes","floor":1.0,"turns":2.0},{"damage":0.0,"enemies":"Cultist","floor":4.0,"turns":2.0},{"damage":32.0,"enemies":"Gremlin Nob","floor":6.0,"turns":4.0},{"damage":0.0,"enemies":"2 Louse","floor":7.0,"turns":4.0},{"damage":0.0,"enemies":"Lagavulin","floor":11.0,"turns":6.0},{"damage":0.0,"enemies":"3 Sentries","floor":13.0,"turns":8.0},{"damage":0.0,"enemies":"2 Fungi Beasts","floor":14.0,"turns":3.0},{"damage":0.0,"enemies":"Slime Boss","floor":16.0,"turns":4.0},{"damage":5.0,"enemies":"Shell Parasite","floor":18.0,"turns":5.0},{"damage":1.0,"enemies":"3 Byrds","floor":20.0,"turns":5.0},{"damage":13.0,"enemies":"Snake Plant","floor":21.0,"turns":3.0},{"damage":47,"enemies":"Book of Stabbing","floor":23,"turns":5}],"seed_played":"7229977013115654959","potions_obtained":[{"floor":4.0,"key":"SteroidPotion"},{"floor":11.0,"key":"ColorlessPotion"},{"floor":13.0,"key":"FearPotion"},{"floor":14.0,"key":"DuplicationPotion"},{"floor":18.0,"key":"Ancient Potion"}],"is_trial":false,"path_per_floor":["M","?","$","M","$","E","M","R","T","R","E","R","E","M","R","B",null,"M","?","M","M","$","E"],"character_chosen":"WATCHER","items_purchased":["Wireheading","WheelKick","LikeWater","Membership Card","SandsOfTime","BattleHymn"],"campfire_rested":1,"item_purchase_floors":[3,3,5,22,22,22],"current_hp_per_floor":[61,41,41,41,41,9,9,29,29,29,29,29,29,31,31,31,60,57,57,56,43,43,0,0],"gold":36,"neow_bonus":"HUNDRED_GOLD","is_daily":false,"chose_seed":false,"campfire_upgraded":3,"win_rate":0,"timestamp":1607642295,"path_taken":["M","?","$","M","$","E","M","R","T","R","E","R","E","M","R","BOSS","M","?","M","M","?","E"],"build_version":"2020-11-30","purchased_purges":1,"victory":false,"max_hp_per_floor":[68,68,68,68,68,68,68,68,68,68,68,68,68,70,70,70,70,72,72,72,72,72,72,72],"card_choices":[{"not_picked":["Crescendo","EmptyFist"],"picked":"CutThroughFate","floor":1.0},{"not_picked":["Pray","CrushJoints"],"picked":"ThirdEye","floor":4.0},{"not_picked":["ThirdEye","EmptyFist","Fasting2"],"picked":"SKIP","floor":6.0},{"not_picked":["ThirdEye","FollowUp"],"picked":"Consecrate","floor":7.0},{"not_picked":["JustLucky","FlurryOfBlows"],"picked":"ClearTheMind","floor":11.0},{"not_picked":["BowlingBash","MasterReality"],"picked":"Weave","floor":13.0},{"not_picked":["Evaluate","Crescendo","Indignation"],"picked":"Singing Bowl","floor":14.0},{"not_picked":["Vault","SpiritShield"],"picked":"Establishment","floor":16.0},{"not_picked":["EmptyFist","FollowUp","EmptyBody"],"picked":"Singing Bowl","floor":18.0},{"not_picked":["Adaptation","BowlingBash"],"picked":"Wireheading","floor":20.0},{"not_picked":["ClearTheMind","FlyingSleeves"],"picked":"CutThroughFate+1","floor":21.0}],"player_experience":1817665,"relics_obtained":[{"floor":6.0,"key":"CloakClasp"},{"floor":9.0,"key":"Thread and Needle"},{"floor":11.0,"key":"Kunai"},{"floor":13.0,"key":"Singing Bowl"}],"event_choices":[{"damage_healed":0.0,"max_hp_gain":0.0,"max_hp_loss":0.0,"gold_gain":0.0,"event_name":"Shining Light","player_choice":"Entered Light","floor":2.0,"gold_loss":0.0,"damage_taken":20.0,"cards_upgraded":["Defend_P","Strike_P"]},{"cards_removed":["Strike_P"],"damage_healed":0.0,"max_hp_gain":0.0,"max_hp_loss":0.0,"gold_gain":0.0,"event_name":"Purifier","player_choice":"Purged","floor":19.0,"gold_loss":0.0,"damage_taken":0.0}],"is_beta":false,"boss_relics":[{"not_picked":["Coffee Dripper","VioletLotus"],"picked":"Velvet Choker"}],"items_purged_floors":[22],"is_endless":false,"potions_floor_spawned":[4,11,13,14,18],"killed_by":"Book of Stabbing","ascension_level":20}}