{"host":"cjhtzh7tp54jdfyv","time":1607591207,"event":{"gold_per_floor":[118,130,140,155,173,173,202,202,202,33,47,47,79,96,96,169,169,187,206,222,147,158,188,199,232,232,251,278,278,278,313,313,390,390,409,409,429,443,456,484,503,534,534,565,193,219,231,249,249,249,249,249,249,53,86,86],"floor_reached":57,"playtime":6319,"items_purged":["Strike_R","Strike_R+1"],"score":2890,"play_id":"01c54146-d315-43d6-a653-7fe78ee676d0","local_time":"20201210040647","is_ascension_mode":true,"campfire_choices":[{"data":"Hemokinesis","floor":6.0,"key":"SMITH"},{"data":"Evolve","floor":8.0,"key":"SMITH"},{"data":"Limit Break","floor":12.0,"key":"SMITH"},{"data":"Feel No Pain","floor":15.0,"key":"SMITH"},{"data":"Battle Trance","floor":32.0,"key":"SMITH"},{"floor":49.0,"key":"RECALL"},{"data":"Limit Break","floor":53.0,"key":"SMITH"}],"neow_cost":"PERCENT_DAMAGE","seed_source_timestamp":735547517314800,"circlet_count":0,"master_deck":["AscendersBane","Strike_R+1","Strike_R+1","Strike_R+1","Defend_R+1","Defend_R+1","Defend_R+1","Defend_R+1","Bash","Pummel","Evolve+1","Hemokinesis+1","Feel No Pain+1","Limit Break+1","Battle Trance+1","Anger","Reaper","Spot Weakness+1","Pummel","Shrug It Off+1","True Grit+1","Corruption","Disarm","Necronomicurse","Limit Break+1","Clothesline+1","Barricade","Whirlwind","Dual Wield","Feel No Pain","Dropkick","Shrug It Off","Limit Break"],"special_seed":0,"relics":["Burning Blood","Thread and Needle","Matryoshka","Vajra","Akabeko","Medical Kit","InkBottle","Coffee Dripper","Toy Ornithopter","Art of War","White Beast Statue","Paper Frog","Orichalcum","Necronomicon","The Courier","Mark of Pain","Self Forming Clay","Juzu Bracelet","Bronze Scales","Shuriken","Centennial Puzzle","Membership Card","Mummified Hand"],"potions_floor_usage":[56,56],"damage_taken":[{"damage":2.0,"enemies":"Cultist","floor":1.0,"turns":4.0},{"damage":0.0,"enemies":"Small Slimes","floor":2.0,"turns":4.0},{"damage":0.0,"enemies":"Jaw Worm","floor":3.0,"turns":5.0},{"damage":6.0,"enemies":"Blue Slaver","floor":4.0,"turns":5.0},{"damage":10.0,"enemies":"Looter","floor":5.0,"turns":4.0},{"damage":8.0,"enemies":"Gremlin Nob","floor":7.0,"turns":3.0},{"damage":2.0,"enemies":"Exordium Wildlife","floor":11.0,"turns":6.0},{"damage":22.0,"enemies":"3 Sentries","floor":13.0,"turns":8.0},{"damage":0.0,"enemies":"3 Louse","floor":14.0,"turns":4.0},{"damage":41.0,"enemies":"Hexaghost","floor":16.0,"turns":8.0},{"damage":10.0,"enemies":"2 Thieves","floor":18.0,"turns":5.0},{"damage":18.0,"enemies":"Shell Parasite","floor":19.0,"turns":4.0},{"damage":17.0,"enemies":"Cultist and Chosen","floor":20.0,"turns":6.0},{"damage":14.0,"enemies":"Snake Plant","floor":22.0,"turns":3.0},{"damage":24.0,"enemies":"Book of Stabbing","floor":23.0,"turns":5.0},{"damage":2.0,"enemies":"Centurion and Healer","floor":24.0,"turns":5.0},{"damage":43.0,"enemies":"Gremlin Leader","floor":25.0,"turns":7.0},{"damage":11.0,"enemies":"Cultist and Chosen","floor":27.0,"turns":11.0},{"damage":7.0,"enemies":"Slavers","floor":28.0,"turns":5.0},{"damage":10.0,"enemies":"Gremlin Leader","floor":31.0,"turns":5.0},{"damage":15.0,"enemies":"Champ","floor":33.0,"turns":10.0},{"damage":64.0,"enemies":"3 Darklings","floor":35.0,"turns":10.0},{"damage":2.0,"enemies":"3 Shapes","floor":37.0,"turns":7.0},{"damage":5.0,"enemies":"Jaw Worm Horde","floor":38.0,"turns":3.0},{"damage":11.0,"enemies":"Writhing Mass","floor":39.0,"turns":5.0},{"damage":41.0,"enemies":"Giant Head","floor":40.0,"turns":7.0},{"damage":21.0,"enemies":"3 Darklings","floor":41.0,"turns":5.0},{"damage":74.0,"enemies":"Reptomancer","floor":42.0,"turns":6.0},{"damage":15.0,"enemies":"Giant Head","floor":44.0,"turns":7.0},{"damage":47.0,"enemies":"Nemesis","floor":46.0,"turns":7.0},{"damage":30.0,"enemies":"Jaw Worm Horde","floor":47.0,"turns":5.0},{"damage":6.0,"enemies":"4 Shapes","floor":48.0,"turns":6.0},{"damage":51.0,"enemies":"Awakened One","floor":50.0,"turns":7.0},{"damage":51.0,"enemies":"Donu and Deca","floor":51.0,"turns":6.0},{"damage":61.0,"enemies":"Shield and Spear","floor":55.0,"turns":9.0},{"damage":57,"enemies":"The Heart","floor":56,"turns":7}],"seed_played":"-3487059302898374567","potions_obtained":[{"floor":3.0,"key":"Regen Potion"},{"floor":5.0,"key":"LiquidMemories"},{"floor":7.0,"key":"Explosive Potion"},{"floor":14.0,"key":"Strength Potion"},{"floor":16.0,"key":"DuplicationPotion"},{"floor":22.0,"key":"SteroidPotion"},{"floor":27.0,"key":"DuplicationPotion"}],"is_trial":false,"path_per_floor":["M","M","M","M","M","R","E","R","T","$","M","R","E","M","R","B",null,"M","M","M","$","M","E","M","E","T","M","E","?","?","E","R","B",null,"M","?","M","M","M","E","M","E","T","E","$","E","M","M","R","B","B",null,"R","$","E","B",null],"character_chosen":"IRONCLAD","items_purchased":["Medical Kit","Feel No Pain","Shuriken","Membership Card","Limit Break"],"campfire_rested":0,"item_purchase_floors":[10,45,45,54,54],"current_hp_per_floor":[54,60,66,66,62,62,60,60,60,60,64,64,63,69,69,34,65,67,60,64,64,63,61,75,43,43,75,74,53,53,49,49,75,75,75,75,75,75,70,62,75,73,73,75,75,75,75,75,75,75,75,75,75,75,69,60],"gold":86,"neow_bonus":"ONE_RARE_RELIC","is_prod":false,"is_daily":false,"chose_seed":false,"campfire_upgraded":6,"win_rate":0,"timestamp":1607591207,"path_taken":["M","M","?","M","M","R","E","R","T","$","M","R","E","M","R","BOSS","M","M","M","$","M","E","M","E","T","M","E","?","?","E","R","BOSS","M","?","M","M","M","E","M","E","T","E","$","E","M","M","R","BOSS","BOSS","R","$","E","BOSS"],"build_version":"2020-11-30","purchased_purges":2,"victory":true,"max_hp_per_floor":[75,75,75,75,75,75,75,75,75,75,75,75,75,75,75,75,75,75,75,75,75,75,75,75,75,75,75,75,75,75,75,75,75,75,75,75,75,75,75,75,75,75,75,75,75,75,75,75,75,75,75,75,75,75,75,75],"card_choices":[{"not_picked":["Heavy Blade","Bloodletting"],"picked":"Pummel","floor":1.0},{"not_picked":["Rupture","Iron Wave"],"picked":"Evolve","floor":2.0},{"not_picked":["Dark Embrace","Shrug It Off"],"picked":"Hemokinesis","floor":3.0},{"not_picked":["Wild Strike","Headbutt","Perfected Strike"],"picked":"SKIP","floor":4.0},{"not_picked":["Fire Breathing","Cleave"],"picked":"Feel No Pain","floor":5.0},{"not_picked":["Headbutt","Sword Boomerang"],"picked":"Limit Break","floor":7.0},{"not_picked":["Heavy Blade","Wild Strike","Cleave"],"picked":"SKIP","floor":11.0},{"not_picked":["True Grit","Rampage"],"picked":"Battle Trance","floor":13.0},{"not_picked":["Havoc","Headbutt"],"picked":"Anger","floor":14.0},{"not_picked":["Berserk","Immolate"],"picked":"Reaper","floor":16.0},{"not_picked":["Armaments","Shrug It Off"],"picked":"Spot Weakness+1","floor":18.0},{"not_picked":["Second Wind+1","Anger+1"],"picked":"Pummel","floor":19.0},{"not_picked":["Searing Blow+1","Combust","Clash+1"],"picked":"SKIP","floor":20.0},{"not_picked":["Anger","Searing Blow"],"picked":"Shrug It Off+1","floor":22.0},{"not_picked":["Clash","Pommel Strike","Fire Breathing"],"picked":"SKIP","floor":23.0},{"not_picked":["Cleave","Shrug It Off"],"picked":"True Grit+1","floor":24.0},{"not_picked":["Infernal Blade","Anger+1"],"picked":"Corruption","floor":25.0},{"not_picked":["Fire Breathing+1","Metallicize"],"picked":"Disarm","floor":27.0},{"not_picked":["Seeing Red","Warcry","Cleave+1"],"picked":"SKIP","floor":28.0},{"not_picked":["Sword Boomerang","Berserk","Clash"],"picked":"SKIP","floor":31.0},{"not_picked":["Corruption","Bludgeon"],"picked":"Limit Break","floor":33.0},{"not_picked":["Sword Boomerang","Perfected Strike","Twin Strike"],"picked":"SKIP","floor":35.0},{"not_picked":["Armaments","Clash"],"picked":"Clothesline+1","floor":37.0},{"not_picked":["Wild Strike","Infernal Blade+1","Bloodletting"],"picked":"SKIP","floor":38.0},{"not_picked":["Bloodletting","Armaments+1","Anger"],"picked":"SKIP","floor":39.0},{"not_picked":["Bloodletting","Armaments+1","Anger"],"picked":"SKIP","floor":39.0},{"not_picked":["Burning Pact+1","Exhume"],"picked":"Barricade","floor":40.0},{"not_picked":["Cleave+1","Anger"],"picked":"Whirlwind","floor":41.0},{"not_picked":["Havoc","Thunderclap+1","Immolate"],"picked":"SKIP","floor":42.0},{"not_picked":["Havoc","Rampage+1"],"picked":"Dual Wield","floor":44.0},{"not_picked":["Heavy Blade+1","Armaments"],"picked":"Dropkick","floor":46.0},{"not_picked":["Clash","Rupture","Anger+1"],"picked":"SKIP","floor":47.0},{"not_picked":["Headbutt","Sword Boomerang"],"picked":"Shrug It Off","floor":48.0},{"not_picked":["True Grit","Juggernaut","Rampage"],"picked":"SKIP","floor":55.0}],"player_experience":4083158,"relics_obtained":[{"floor":7.0,"key":"Matryoshka"},{"floor":9.0,"key":"Vajra"},{"floor":9.0,"key":"Akabeko"},{"floor":13.0,"key":"InkBottle"},{"floor":23.0,"key":"Toy Ornithopter"},{"floor":25.0,"key":"Art of War"},{"floor":26.0,"key":"White Beast Statue"},{"floor":26.0,"key":"Paper Frog"},{"floor":28.0,"key":"Orichalcum"},{"floor":29.0,"key":"Necronomicon"},{"floor":31.0,"key":"The Courier"},{"floor":40.0,"key":"Self Forming Clay"},{"floor":42.0,"key":"Juzu Bracelet"},{"floor":44.0,"key":"Bronze Scales"},{"floor":46.0,"key":"Centennial Puzzle"},{"floor":55.0,"key":"Mummified Hand"}],"event_choices":[{"damage_healed":0.0,"max_hp_gain":0.0,"max_hp_loss":0.0,"gold_gain":0.0,"event_name":"Cursed Tome","player_choice":"Obtained Book","floor":29.0,"gold_loss":0.0,"damage_taken":21.0},{"damage_healed":0.0,"max_hp_gain":0.0,"max_hp_loss":0.0,"gold_gain":0.0,"event_name":"Back to Basics","player_choice":"Simplicity","floor":30.0,"gold_loss":0.0,"damage_taken":0.0,"cards_upgraded":["Strike_R","Strike_R","Strike_R","Strike_R","Defend_R","Defend_R","Defend_R","Defend_R"]},{"damage_healed":0.0,"max_hp_gain":0.0,"max_hp_loss":0.0,"gold_gain":0.0,"event_name":"Tomb of Lord Red Mask","player_choice":"Ignored","floor":36.0,"gold_loss":0.0,"damage_taken":0.0}],"is_beta":false,"boss_relics":[{"not_picked":["SlaversCollar","Ectoplasm"],"picked":"Coffee Dripper"},{"not_picked":["SacredBark","Tiny House"],"picked":"Mark of Pain"}],"items_purged_floors":[21,45],"is_endless":false,"potions_floor_spawned":[3,5,7,11,14,16,19,22,27,28,31,33,35,37,38,39,40,41,42,44,46,47,48,55],"ascension_level":20}}