{"host":"p084pgp93u1tv48k","time":1607643622,"event":{"mods":["BaseMod","StSLib","AchievementEnabler","Hermit","Quick Restart","Minty Spire (QoL Compilation)","A Magickal Journey","The Mystic"],"gold_per_floor":[369,383,383,308,308,308,324,324,324,340,360,380,419,439,439,562,562,576,576,576,594,53,92,53,125,125,150,186,186,110,125,125,250,250,265,265,265,284,284,284],"floor_reached":39,"playtime":1864,"items_purged":["hermit:Strike_Hermit","hermit:Defend_Hermit"],"score":421,"play_id":"35e8eeae-2f83-4c00-9c3d-4585c4a21598","local_time":"20201210191022","is_ascension_mode":false,"campfire_choices":[{"data":"hermit:Covet","floor":6,"key":"SMITH"},{"data":"hermit:ShadowCloak","floor":15,"key":"SMITH"},{"data":"hermit:Brawl","floor":29,"key":"SMITH"},{"floor":32,"key":"REST"}],"circlet_count":0,"master_deck":["hermit:Strike_Hermit+1","hermit:Strike_Hermit","hermit:Defend_Hermit","hermit:Defend_Hermit","hermit:Defend_Hermit","hermit:Snapshot","hermit:Covet+1","Writhe","hermit:Brawl+1","hermit:LuckOfTheDraw","Regret","Injury","hermit:Malice","hermit:Midnight","hermit:ShadowCloak+1","hermit:FinalCanter+1","hermit:Misfire","hermit:Brawl+1","hermit:Brawl","hermit:ShadowCloak","hermit:SprayPray","hermit:FromBeyond","hermit:ShadowCloak","hermit:Dissolve","hermit:Grudge","hermit:DeadMansHand+1"],"relics":["hermit:Momento","Blood Vial","Golden Idol","Happy Flower","Boot","Philosopher\u0027s Stone","Mercury Hourglass","hermit:PetGhost","Shuriken","hermit:RedScarf","Gremlin Horn","Letter Opener","Whetstone","Cursed Key"],"acts_visited":["Exordium","TheCity","TheBeyond"],"potions_floor_usage":[11,12,13,18,28],"damage_taken":[{"damage":1,"enemies":"Cultist","floor":1,"turns":3},{"damage":6,"enemies":"Jaw Worm","floor":2,"turns":4},{"damage":2,"enemies":"2 Louse","floor":7,"turns":3},{"damage":5,"enemies":"2 Fungi Beasts","floor":10,"turns":4},{"damage":12,"enemies":"Large Slime","floor":11,"turns":5},{"damage":16,"enemies":"Exordium Wildlife","floor":12,"turns":5},{"damage":8,"enemies":"3 Sentries","floor":13,"turns":6},{"damage":2,"enemies":"Blue Slaver","floor":14,"turns":4},{"damage":21,"enemies":"The Guardian","floor":16,"turns":9},{"damage":6,"enemies":"Shell Parasite","floor":18,"turns":3},{"damage":7,"enemies":"Chosen","floor":21,"turns":3},{"damage":26,"enemies":"Gremlin Leader","floor":23,"turns":6},{"damage":1,"enemies":"Centurion and Healer","floor":27,"turns":5},{"damage":50,"enemies":"Book of Stabbing","floor":28,"turns":7},{"damage":27,"enemies":"Shelled Parasite and Fungi","floor":31,"turns":5},{"damage":25,"enemies":"Automaton","floor":33,"turns":8},{"damage":16,"enemies":"Orb Walker","floor":35,"turns":4},{"damage":32,"enemies":"3 Darklings","floor":38,"turns":4},{"damage":100062,"enemies":"2 Orb Walkers","floor":39,"turns":3}],"seed_played":"5099774788938801008","potions_obtained":[{"floor":2,"key":"Swift Potion"},{"floor":10,"key":"Regen Potion"},{"floor":12,"key":"DuplicationPotion"},{"floor":16,"key":"Explosive Potion"},{"floor":28,"key":"FairyPotion"},{"floor":33,"key":"ColorlessPotion"},{"floor":38,"key":"hermit:BlackBile"}],"is_trial":false,"path_per_floor":["M","M","?","$","?","R","M","?","T","M","M","M","E","M","R","B",null,"M","?","?","M","$","E","$","T","T","M","E","R","$","M","R","B",null,"M","?","?","M","?"],"character_chosen":"HERMIT","items_purchased":["hermit:PetGhost","Shuriken","hermit:Tonic","hermit:ShadowCloak","hermit:ShadowCloak"],"campfire_rested":1,"item_purchase_floors":[22,22,22,24,30],"current_hp_per_floor":[74,68,68,68,53,53,53,53,53,50,40,38,32,32,32,13,75,69,69,69,64,64,40,40,40,40,41,1,1,1,4,26,3,75,59,59,59,29,0,0],"gold":284,"neow_bonus":"TWO_FIFTY_GOLD","is_daily":false,"chose_seed":false,"campfire_upgraded":3,"win_rate":0.0,"timestamp":1607643622,"path_taken":["M","M","?","$","?","R","M","?","T","M","M","M","E","M","R","BOSS","M","?","?","M","$","E","?","?","T","?","E","R","$","M","R","BOSS","M","?","?","M","?"],"build_version":"2020-11-30","purchased_purges":2,"victory":false,"max_hp_per_floor":[75,75,75,75,75,75,75,75,75,75,75,75,75,75,75,75,75,75,75,75,75,75,75,75,75,75,75,75,75,75,75,75,75,75,75,71,71,71,71,71],"card_choices":[{"not_picked":["hermit:Combo","hermit:Shortfuse"],"picked":"hermit:Brawl","floor":1},{"not_picked":["hermit:Misfire","hermit:Feint"],"picked":"hermit:LuckOfTheDraw","floor":2},{"not_picked":["hermit:BodyArmor","hermit:LuckOfTheDraw","hermit:TrackingShot"],"picked":"SKIP","floor":7},{"not_picked":["hermit:Snipe","hermit:Dive"],"picked":"hermit:Malice","floor":10},{"not_picked":["hermit:ItchyTrigger","hermit:Glare"],"picked":"hermit:Midnight","floor":11},{"not_picked":["hermit:Enervate","hermit:TrackingShot"],"picked":"hermit:ShadowCloak","floor":12},{"not_picked":["hermit:Headshot","hermit:LowProfile"],"picked":"hermit:FinalCanter","floor":13},{"not_picked":["hermit:GhostlyPresence","hermit:CalledShot"],"picked":"hermit:Misfire","floor":14},{"not_picked":["hermit:Vantage+1","hermit:Headshot","hermit:Coalescence"],"picked":"SKIP","floor":18},{"not_picked":["hermit:Dive","hermit:TrackingShot"],"picked":"hermit:Brawl","floor":21},{"not_picked":["hermit:BigShot","hermit:WideOpen"],"picked":"hermit:Brawl","floor":23},{"not_picked":["hermit:Determination","hermit:Headshot"],"picked":"hermit:SprayPray","floor":27},{"not_picked":["hermit:LowProfile","hermit:ItchyTrigger+1"],"picked":"hermit:FromBeyond","floor":28},{"not_picked":["hermit:Headshot","hermit:Brawl","hermit:CalledShot+1"],"picked":"SKIP","floor":31},{"not_picked":["hermit:Adapt","hermit:Purgatory"],"picked":"hermit:Dissolve","floor":33},{"not_picked":["hermit:Headshot+1","hermit:NoHoldsBarred"],"picked":"hermit:Grudge","floor":35},{"not_picked":["hermit:Quickdraw","hermit:Midnight+1"],"picked":"hermit:DeadMansHand+1","floor":38}],"player_experience":83532,"relics_obtained":[{"floor":9,"key":"Happy Flower"},{"floor":13,"key":"Boot"},{"floor":23,"key":"hermit:RedScarf"},{"floor":25,"key":"Gremlin Horn"},{"floor":26,"key":"Letter Opener"},{"floor":28,"key":"Whetstone"}],"event_choices":[{"damage_healed":0,"gold_gain":0,"player_choice":"Box","damage_taken":0,"relics_obtained":["Blood Vial"],"max_hp_gain":0,"max_hp_loss":0,"event_name":"Big Fish","floor":3,"gold_loss":0,"cards_obtained":["Regret"]},{"damage_healed":0,"gold_gain":0,"player_choice":"Entered Light","damage_taken":15,"max_hp_gain":0,"max_hp_loss":0,"event_name":"Shining Light","floor":5,"gold_loss":0,"cards_upgraded":["hermit:Brawl","hermit:Strike_Hermit"]},{"damage_healed":0,"gold_gain":0,"player_choice":"Take Wound","damage_taken":0,"relics_obtained":["Golden Idol"],"max_hp_gain":0,"max_hp_loss":0,"event_name":"Golden Idol","floor":8,"gold_loss":0,"cards_obtained":["Injury"]},{"damage_healed":0,"gold_gain":0,"player_choice":"Opened","damage_taken":0,"relics_obtained":["Mercury Hourglass"],"max_hp_gain":0,"max_hp_loss":0,"event_name":"The Mausoleum","floor":19,"gold_loss":0},{"damage_healed":0,"gold_gain":0,"player_choice":"Ignored","damage_taken":0,"max_hp_gain":0,"max_hp_loss":0,"event_name":"Ghosts","floor":20,"gold_loss":0},{"damage_healed":0,"gold_gain":0,"player_choice":"Max HP","damage_taken":0,"max_hp_gain":0,"max_hp_loss":4,"event_name":"Winding Halls","floor":36,"gold_loss":0},{"cards_removed":["hermit:Strike_Hermit"],"damage_healed":0,"gold_gain":0,"player_choice":"Removed Attack","damage_taken":0,"max_hp_gain":0,"max_hp_loss":0,"event_name":"Falling","floor":37,"gold_loss":0},{"damage_healed":0,"gold_gain":0,"player_choice":"Fight","damage_taken":0,"max_hp_gain":0,"max_hp_loss":0,"event_name":"Mysterious Sphere","floor":39,"gold_loss":0}],"is_beta":false,"boss_relics":[{"not_picked":["Runic Pyramid","hermit:BartenderGlass"],"picked":"Philosopher\u0027s Stone"},{"not_picked":["Black Star","Snecko Eye"],"picked":"Cursed Key"}],"items_purged_floors":[4,22],"is_endless":false,"potions_floor_spawned":[2,10,12,16,28,33,38],"killed_by":"2 Orb Walkers","ascension_level":0}}