{"host":"leem2xi7qlpn2ezy","time":1607591462,"event":{"gold_per_floor":[113,113,113,124,138,138,88,88,138,169,169,41,68,84,84,180,230,244,159,68,68,85,85,115,115,142,154,154,169,201,201,201,306,306,306],"floor_reached":34,"playtime":958,"items_purged":[],"score":601,"play_id":"ad12760d-b487-4e4c-839b-32c274e5bd2e","local_time":"20201210011102","daily_mods":["Heirloom","Flight"],"is_ascension_mode":false,"campfire_choices":[{"data":"Perfected Strike","floor":6,"key":"SMITH"},{"data":"Flex","floor":8,"key":"SMITH"},{"data":"Flex","floor":11,"key":"SMITH"},{"floor":15,"key":"REST"},{"floor":23,"key":"REST"},{"floor":28,"key":"REST"},{"floor":32,"key":"REST"}],"neow_cost":"","seed_source_timestamp":2508931788783800,"circlet_count":0,"master_deck":["Strike_R+1","Strike_R+1","Strike_R","Strike_R","Defend_R","Defend_R","Defend_R","Bash","Flex+1","Perfected Strike+1","Flex+1","Flex+1","Limit Break","Flex","Pommel Strike","Dramatic Entrance+1","Shockwave+1","Rampage+1","Feed","Thunderclap","Writhe"],"relics":["Burning Blood","Thread and Needle","Ancient Tea Set","Whetstone","Potion Belt","Letter Opener","Tiny House","Sundial","Pear","PreservedInsect","Lantern","Red Mask","Girya","Black Star"],"potions_floor_usage":[16,29,33,33,33,33,33],"damage_taken":[{"damage":1,"enemies":"Jaw Worm","floor":1,"turns":4},{"damage":0,"enemies":"Small Slimes","floor":4,"turns":3},{"damage":0,"enemies":"Cultist","floor":5,"turns":4},{"damage":0,"enemies":"Gremlin Nob","floor":10,"turns":2},{"damage":17,"enemies":"3 Sentries","floor":13,"turns":7},{"damage":8,"enemies":"Blue Slaver","floor":14,"turns":2},{"damage":57,"enemies":"Hexaghost","floor":16,"turns":7},{"damage":16,"enemies":"2 Thieves","floor":18,"turns":3},{"damage":30,"enemies":"Shell Parasite","floor":22,"turns":4},{"damage":17,"enemies":"Slavers","floor":24,"turns":3},{"damage":32,"enemies":"Centurion and Healer","floor":27,"turns":4},{"damage":0,"enemies":"Snake Plant","floor":29,"turns":2},{"damage":23,"enemies":"Masked Bandits","floor":30,"turns":4},{"damage":112,"enemies":"Automaton","floor":33,"turns":10}],"seed_played":"-7432094827681399464","potions_obtained":[{"floor":4,"key":"SpeedPotion"},{"floor":16,"key":"GamblersBrew"},{"floor":17,"key":"Explosive Potion"},{"floor":22,"key":"LiquidBronze"},{"floor":29,"key":"Fire Potion"},{"floor":33,"key":"ElixirPotion"}],"is_trial":true,"path_per_floor":["M","?","?","M","M","R","?","R","T","E","R","$","E","M","R","B",null,"M","?","$","?","M","R","E","T","T","M","R","M","?","?","R","B",null],"character_chosen":"IRONCLAD","items_purchased":["BloodPotion","Regen Potion","Dramatic Entrance"],"campfire_rested":4,"item_purchase_floors":[12,12,20],"current_hp_per_floor":[80,77,70,76,80,80,80,80,80,80,80,80,69,67,80,45,85,75,75,75,75,51,76,75,75,75,49,77,83,69,69,98,7,98,98],"gold":306,"neow_bonus":"","is_prod":false,"is_daily":false,"chose_seed":false,"campfire_upgraded":3,"win_rate":0,"timestamp":1607591462,"path_taken":["M","?","?","M","M","R","?","R","T","E","R","?","E","?","R","BOSS","M","?","$","?","?","R","E","?","T","M","R","M","?","?","R","BOSS"],"build_version":"2020-11-30","purchased_purges":0,"victory":false,"max_hp_per_floor":[80,80,80,80,80,80,80,80,80,80,80,80,80,80,80,80,85,85,85,85,85,85,85,95,95,95,95,95,95,98,98,98,98,98,98],"card_choices":[{"not_picked":["Sword Boomerang","Evolve","Power Through"],"picked":"SKIP","floor":1},{"not_picked":["Reckless Charge","Clash"],"picked":"Flex","floor":4},{"not_picked":["Battle Trance","Dark Embrace"],"picked":"Perfected Strike","floor":5},{"not_picked":["Intimidate","Havoc"],"picked":"Flex","floor":10},{"not_picked":["Power Through","Twin Strike"],"picked":"Flex","floor":13},{"not_picked":["Pummel","Rampage","Intimidate"],"picked":"SKIP","floor":14},{"not_picked":["Brutality","Fiend Fire"],"picked":"Limit Break","floor":16},{"not_picked":["Twin Strike","Clothesline"],"picked":"Flex","floor":17},{"not_picked":["Spot Weakness","Sword Boomerang"],"picked":"Pommel Strike","floor":18},{"not_picked":["Heavy Blade","Twin Strike"],"picked":"Shockwave+1","floor":22},{"not_picked":["Power Through","Pummel","Iron Wave"],"picked":"SKIP","floor":24},{"not_picked":["Whirlwind","Shrug It Off"],"picked":"Rampage+1","floor":27},{"not_picked":["Anger","Fire Breathing+1"],"picked":"Feed","floor":29},{"not_picked":["Dual Wield","Sword Boomerang+1"],"picked":"Thunderclap","floor":30}],"player_experience":81029,"relics_obtained":[{"floor":9,"key":"Whetstone"},{"floor":10,"key":"Potion Belt"},{"floor":13,"key":"Letter Opener"},{"floor":24,"key":"Pear"},{"floor":25,"key":"PreservedInsect"},{"floor":26,"key":"Lantern"},{"floor":30,"key":"Red Mask"}],"event_choices":[{"damage_healed":0,"gold_gain":0,"player_choice":"Success","damage_taken":3,"relics_obtained":["Ancient Tea Set"],"max_hp_gain":0,"max_hp_loss":0,"event_name":"Scrap Ooze","floor":2,"gold_loss":0},{"cards_removed":["Strike_R"],"damage_healed":0,"gold_gain":0,"player_choice":"Card Removal","damage_taken":7,"max_hp_gain":0,"max_hp_loss":0,"event_name":"Golden Wing","floor":3,"gold_loss":0},{"cards_removed":["Defend_R"],"damage_healed":0,"gold_gain":0,"player_choice":"Card Removal","damage_taken":0,"max_hp_gain":0,"max_hp_loss":0,"event_name":"The Cleric","floor":7,"gold_loss":50},{"damage_healed":0,"gold_gain":0,"player_choice":"Obtained Relic","damage_taken":0,"relics_obtained":["Sundial"],"max_hp_gain":0,"max_hp_loss":0,"event_name":"Addict","floor":19,"gold_loss":85},{"damage_healed":0,"gold_gain":0,"player_choice":"Upgraded","damage_taken":0,"max_hp_gain":0,"max_hp_loss":0,"event_name":"Upgrade Shrine","floor":21,"gold_loss":0,"cards_upgraded":["Dramatic Entrance"]},{"damage_healed":0,"gold_gain":0,"player_choice":"Fought Bandits","damage_taken":0,"max_hp_gain":0,"max_hp_loss":0,"event_name":"Masked Bandits","floor":30,"gold_loss":0},{"damage_healed":0,"gold_gain":0,"player_choice":"Opened","damage_taken":0,"relics_obtained":["Girya"],"max_hp_gain":0,"max_hp_loss":0,"event_name":"The Mausoleum","floor":31,"gold_loss":0,"cards_obtained":["Writhe"]}],"is_beta":false,"boss_relics":[{"not_picked":["Runic Dome","SlaversCollar"],"picked":"Tiny House"},{"not_picked":["Snecko Eye","Astrolabe"],"picked":"Black Star"}],"items_purged_floors":[],"is_endless":true,"potions_floor_spawned":[4,16,22,29,33],"ascension_level":0}}