{"host":"1c52r9kaxdyo25eq","time":1607572424,"event":{"gold_per_floor":[109,127,202,218,143,143,143,143,143,71,99,24,58,18,18,92,92,102,2,2,2,15,15,46,46,100,115,30,64,84,34,34,111,111,121,121,167,117,142,172,172,197,197,224,224,224,239,259,259,259,259,259,16,45,45],"floor_reached":56,"playtime":1623,"items_purged":["Defend_P","Defend_P","Strike_P","JustLucky"],"score":2750,"play_id":"6b1327a2-af8d-4658-9134-760642a1cd2d","local_time":"20201210125344","is_ascension_mode":true,"campfire_choices":[{"data":"Eruption","floor":6.0,"key":"SMITH"},{"data":"Adaptation","floor":8.0,"key":"SMITH"},{"data":"Tantrum","floor":15.0,"key":"SMITH"},{"data":"MentalFortress","floor":23.0,"key":"SMITH"},{"data":"InnerPeace","floor":25.0,"key":"SMITH"},{"floor":32.0,"key":"RECALL"},{"floor":41.0,"key":"DIG"},{"floor":46.0,"key":"DIG"},{"floor":49.0,"key":"DIG"},{"floor":52.0,"key":"DIG"}],"neow_cost":"NONE","seed_source_timestamp":31459214925800,"circlet_count":0,"master_deck":["AscendersBane","Vigilance+1","Adaptation+1","MentalFortress+1","InnerPeace+1","Tantrum+1"],"special_seed":0,"relics":["PureWater","NeowsBlessing","Nunchaku","Pen Nib","Anchor","Empty Cage","White Beast Statue","Smiling Mask","Centennial Puzzle","Toy Ornithopter","VioletLotus","Shovel","Calipers","Frozen Egg 2","Lantern","Bottled Lightning","War Paint","Blue Candle","Happy Flower","HornCleat","Ornamental Fan","Mango"],"potions_floor_usage":[55],"damage_taken":[{"damage":0.0,"enemies":"Small Slimes","floor":1.0,"turns":1.0},{"damage":0.0,"enemies":"Jaw Worm","floor":2.0,"turns":1.0},{"damage":0.0,"enemies":"2 Louse","floor":4.0,"turns":2.0},{"damage":25.0,"enemies":"Lagavulin","floor":11.0,"turns":6.0},{"damage":12.0,"enemies":"3 Sentries","floor":13.0,"turns":7.0},{"damage":9.0,"enemies":"Hexaghost","floor":16.0,"turns":6.0},{"damage":0.0,"enemies":"Chosen","floor":18.0,"turns":3.0},{"damage":0.0,"enemies":"2 Thieves","floor":22.0,"turns":2.0},{"damage":0.0,"enemies":"Book of Stabbing","floor":24.0,"turns":3.0},{"damage":0.0,"enemies":"Sentry and Sphere","floor":27.0,"turns":2.0},{"damage":26.0,"enemies":"Gremlin Leader","floor":29.0,"turns":2.0},{"damage":14.0,"enemies":"Snake Plant","floor":30.0,"turns":2.0},{"damage":0.0,"enemies":"Collector","floor":33.0,"turns":3.0},{"damage":0.0,"enemies":"3 Darklings","floor":35.0,"turns":2.0},{"damage":9.0,"enemies":"2 Orb Walkers","floor":37.0,"turns":2.0},{"damage":0.0,"enemies":"Mind Bloom Boss Battle","floor":39.0,"turns":2.0},{"damage":0.0,"enemies":"Nemesis","floor":40.0,"turns":1.0},{"damage":0.0,"enemies":"Reptomancer","floor":42.0,"turns":1.0},{"damage":0.0,"enemies":"Giant Head","floor":44.0,"turns":1.0},{"damage":0.0,"enemies":"Orb Walker","floor":47.0,"turns":1.0},{"damage":0.0,"enemies":"Transient","floor":48.0,"turns":5.0},{"damage":0.0,"enemies":"Time Eater","floor":50.0,"turns":9.0},{"damage":0.0,"enemies":"Shield and Spear","floor":54.0,"turns":1.0},{"damage":0,"enemies":"The Heart","floor":55,"turns":4}],"seed_played":"524877638001860476","potions_obtained":[{"floor":1.0,"key":"Fruit Juice"},{"floor":2.0,"key":"LiquidBronze"},{"floor":18.0,"key":"Energy Potion"},{"floor":30.0,"key":"Regen Potion"},{"floor":47.0,"key":"Explosive Potion"},{"floor":48.0,"key":"Ancient Potion"}],"is_trial":false,"path_per_floor":["M","M","?","M","?","R","?","R","T","$","E","$","E","$","R","B",null,"M","$","?","?","M","R","E","R","T","M","?","E","M","$","R","B",null,"M","?","?","$","?","E","R","E","T","E","?","R","M","M","R","B",null,"R","$","E","B",null],"character_chosen":"WATCHER","items_purchased":["MentalFortress","Tantrum","Ornamental Fan"],"campfire_rested":0,"item_purchase_floors":[10,14,53],"current_hp_per_floor":[61,61,50,50,50,50,50,50,50,50,25,25,13,13,13,4,52,52,52,52,52,52,52,52,52,52,52,52,26,12,12,12,12,54,54,54,45,45,45,45,45,45,45,55,55,55,55,55,55,55,69,69,69,83,87],"gold":45,"neow_bonus":"THREE_ENEMY_KILL","is_prod":false,"is_daily":false,"chose_seed":false,"campfire_upgraded":5,"win_rate":0,"timestamp":1607572424,"path_taken":["M","M","?","M","?","R","?","R","T","$","E","$","E","?","R","BOSS","M","$","?","?","?","R","E","R","T","?","?","E","M","$","R","BOSS","M","?","?","$","?","E","R","E","T","E","?","R","M","M","R","BOSS","R","$","E","BOSS"],"build_version":"2020-11-30","purchased_purges":4,"victory":true,"max_hp_per_floor":[68,68,68,68,68,68,68,68,68,68,68,68,68,68,68,68,68,68,68,68,68,68,68,68,68,68,68,68,68,68,68,68,68,68,68,68,68,68,68,68,68,68,68,73,73,73,73,73,73,73,73,73,73,87,87],"card_choices":[{"not_picked":["Conclude","WaveOfTheHand","Evaluate"],"picked":"SKIP","floor":1.0},{"not_picked":["Wallop","EmptyFist"],"picked":"Adaptation","floor":2.0},{"not_picked":["LikeWater","Halt","Sanctity"],"picked":"SKIP","floor":4.0},{"not_picked":["Wish","LikeWater","ForeignInfluence"],"picked":"SKIP","floor":11.0},{"not_picked":["Vengeance","Prostrate"],"picked":"InnerPeace","floor":13.0},{"not_picked":["Perseverance+1","EmptyBody","ClearTheMind"],"picked":"SKIP","floor":18.0},{"not_picked":["Conclude","SashWhip","JustLucky"],"picked":"SKIP","floor":22.0},{"not_picked":["DevaForm","Crescendo+1","FearNoEvil"],"picked":"SKIP","floor":24.0},{"not_picked":["Protect","Wallop","Consecrate"],"picked":"SKIP","floor":27.0},{"not_picked":["JustLucky","SashWhip","WheelKick"],"picked":"SKIP","floor":29.0},{"not_picked":["ThirdEye","FlyingSleeves","FollowUp+1"],"picked":"SKIP","floor":30.0},{"not_picked":["Collect","CarveReality","ThirdEye+1"],"picked":"SKIP","floor":35.0},{"not_picked":["Wallop","Weave","WindmillStrike+1"],"picked":"SKIP","floor":40.0},{"not_picked":["FollowUp","CarveReality","BowlingBash+1"],"picked":"SKIP","floor":42.0},{"not_picked":["Collect","TalkToTheHand","Prostrate"],"picked":"SKIP","floor":44.0},{"not_picked":["TalkToTheHand","Protect","ClearTheMind"],"picked":"SKIP","floor":47.0},{"not_picked":["Scrawl","WreathOfFlame","TalkToTheHand"],"picked":"SKIP","floor":48.0},{"not_picked":["Pray+1","Perseverance","ReachHeaven"],"picked":"SKIP","floor":54.0}],"player_experience":448370,"relics_obtained":[{"floor":9.0,"key":"Nunchaku"},{"floor":11.0,"key":"Pen Nib"},{"floor":13.0,"key":"Anchor"},{"floor":24.0,"key":"White Beast Statue"},{"floor":26.0,"key":"Smiling Mask"},{"floor":29.0,"key":"Toy Ornithopter"},{"floor":37.0,"key":"Shovel"},{"floor":39.0,"key":"Calipers"},{"floor":40.0,"key":"Frozen Egg 2"},{"floor":41.0,"key":"Lantern"},{"floor":42.0,"key":"Bottled Lightning"},{"floor":44.0,"key":"War Paint"},{"floor":46.0,"key":"Blue Candle"},{"floor":49.0,"key":"Happy Flower"},{"floor":52.0,"key":"HornCleat"},{"floor":54.0,"key":"Mango"}],"event_choices":[{"damage_healed":0.0,"max_hp_gain":0.0,"max_hp_loss":0.0,"gold_gain":75.0,"event_name":"World of Goop","player_choice":"Gather Gold","floor":3.0,"gold_loss":0.0,"damage_taken":11.0},{"cards_removed":["Defend_P"],"damage_healed":0.0,"max_hp_gain":0.0,"max_hp_loss":0.0,"gold_gain":0.0,"event_name":"The Cleric","player_choice":"Card Removal","floor":5.0,"gold_loss":75.0,"damage_taken":0.0},{"cards_removed":["Strike_P"],"damage_healed":0.0,"max_hp_gain":0.0,"max_hp_loss":0.0,"gold_gain":0.0,"event_name":"Living Wall","player_choice":"Forget","floor":7.0,"gold_loss":0.0,"damage_taken":0.0},{"damage_healed":0.0,"max_hp_gain":0.0,"max_hp_loss":0.0,"gold_gain":0.0,"event_name":"The Mausoleum","player_choice":"Ignored","floor":20.0,"gold_loss":0.0,"damage_taken":0.0},{"damage_healed":0.0,"max_hp_gain":0.0,"max_hp_loss":0.0,"gold_gain":0.0,"cards_transformed":["Strike_P"],"event_name":"Transmorgrifier","player_choice":"Transformed","floor":21.0,"gold_loss":0.0,"damage_taken":0.0,"cards_obtained":["JustLucky"]},{"damage_healed":0.0,"max_hp_gain":0.0,"max_hp_loss":0.0,"gold_gain":0.0,"event_name":"Addict","player_choice":"Obtained Relic","floor":28.0,"gold_loss":85.0,"damage_taken":0.0,"relics_obtained":["Centennial Puzzle"]},{"cards_removed":["Eruption"],"damage_healed":0.0,"max_hp_gain":0.0,"max_hp_loss":0.0,"gold_gain":0.0,"event_name":"Falling","player_choice":"Removed Attack","floor":36.0,"gold_loss":0.0,"damage_taken":0.0},{"damage_healed":0.0,"max_hp_gain":0.0,"max_hp_loss":0.0,"gold_gain":0.0,"event_name":"Mysterious Sphere","player_choice":"Fight","floor":37.0,"gold_loss":0.0,"damage_taken":0.0},{"damage_healed":0.0,"max_hp_gain":0.0,"max_hp_loss":0.0,"gold_gain":0.0,"event_name":"MindBloom","player_choice":"Fight","floor":39.0,"gold_loss":0.0,"damage_taken":0.0},{"damage_healed":0.0,"max_hp_gain":0.0,"max_hp_loss":0.0,"gold_gain":0.0,"event_name":"Match and Keep!","player_choice":"0 cards matched","floor":45.0,"gold_loss":0.0,"damage_taken":0.0,"cards_obtained":[]}],"is_beta":false,"boss_relics":[{"not_picked":["Sozu","Philosopher\u0027s Stone"],"picked":"Empty Cage"},{"not_picked":["Pandora\u0027s Box","Runic Pyramid"],"picked":"VioletLotus"}],"items_purged_floors":[12,19,31,38],"is_endless":false,"potions_floor_spawned":[1,2,13,18,24,27,29,30,33,35,37,39,40,42,44,47,48,54],"ascension_level":15}}