{"host":"6csbbk4539itd1k2","time":1607612762,"event":{"mods":["BaseMod","StSLib","Colored Powertips","Hermit","Minty Spire (QoL Compilation)","The Cursed","The Servant 0.9.4","Googly Eyes","Replay The Spire","SuperFastMode","The Bug Knight","The Hierophant","The Necromancer"],"gold_per_floor":[111,286,299,299,24,24,58,72,98,98,117,117,117,134,134,134,134,233,233,251,251,166,181,201,201,226,244,244,255,255,284,318,318,318,420,420,439,439,439,62,78,112,124,124,124,2,14,14,0,20,20,20],"floor_reached":53,"playtime":4448,"items_purged":["Languid"],"score":725,"play_id":"6ec673ce-956f-4bb4-85ef-2560c15c5d9d","local_time":"20201210160602","is_ascension_mode":false,"campfire_choices":[{"data":"HollowMod:BlackTendrils","floor":6,"key":"SMITH"},{"floor":13,"key":"REST"},{"data":"HollowMod:SlysStrikes","floor":17,"key":"SMITH"},{"data":"HollowMod:SiblingsSouls","floor":25,"key":"SMITH"},{"data":"HollowMod:WraithStrike","floor":30,"key":"SMITH"},{"data":"HollowMod:SiblingsShadow","floor":34,"key":"SMITH"},{"data":"HollowMod:SiblingsSouls","floor":44,"key":"SMITH"},{"data":"HollowMod:SiblingsShadow","floor":48,"key":"SMITH"},{"floor":51,"key":"REST"}],"circlet_count":0,"master_deck":["HollowMod:NailStrikeStart","HollowMod:NailStrikeStart","HollowMod:NailStrikeStart","HollowMod:NailStrikeStart","HollowMod:QuickDashStart","HollowMod:QuickDashStart","HollowMod:QuickDashStart","HollowMod:FocusHealStart","HollowMod:PogoStrike","HollowMod:DescendingDark","HollowMod:DescendingDark","HollowMod:BlackTendrils+1","HollowMod:PerfectDash","HollowMod:SlysStrikes+1","HollowMod:SoulStrike+1","HollowMod:WraithStrike+1","HollowMod:CloakDash","HollowMod:BlackTendrils+1","HollowMod:SiblingsSouls+1","HollowMod:DashSlash+1","HollowMod:BlackTendrils","HollowMod:SiblingsShadow+1","HollowMod:DescendingDark","HollowMod:DescendingDark","Amnesia","HollowMod:SiblingsSouls+1","HollowMod:CloakDash+1","Sickly","HollowMod:SiblingsShadow+1","HollowMod:DescendingDark","HollowMod:PerfectDash+1"],"relics":["HollowMod:VesselMask","Nunchaku","Juzu Bracelet","Blood Vial","Centennial Puzzle","Cursed Key","Calipers","Anchor","White Beast Statue","HollowMod:GreatKnightMask","Happy Flower","Replay:Bronze Core","ReplayTheSpireMod:Ring of Collecting","ReplayTheSpireMod:Ring of Addiction","Potion Belt","Toy Ornithopter","Bottled Flame","Ginger","Turnip","ReplayTheSpireMod:Ring of Exchange","Red Mask"],"acts_visited":["Exordium","TheCity","TheBeyond"],"potions_floor_usage":[7,18,42,52,52,52],"damage_taken":[{"damage":2,"enemies":"2 Louse","floor":1,"turns":3},{"damage":5,"enemies":"Jaw Worm","floor":3,"turns":4},{"damage":23,"enemies":"Gremlin Nob","floor":7,"turns":4},{"damage":0,"enemies":"Small Slimes","floor":8,"turns":2},{"damage":8,"enemies":"Exordium Thugs","floor":11,"turns":3},{"damage":0,"enemies":"Large Slime","floor":14,"turns":4},{"damage":50,"enemies":"The Guardian","floor":18,"turns":9},{"damage":3,"enemies":"HollowMod:HuskSentry","floor":20,"turns":4},{"damage":5,"enemies":"3 Byrds","floor":23,"turns":4},{"damage":21,"enemies":"Snake Plant","floor":24,"turns":3},{"damage":16,"enemies":"Replay:Snechameleon","floor":26,"turns":4},{"damage":35,"enemies":"Shelled Parasite and Fungi","floor":27,"turns":5},{"damage":0,"enemies":"3 Cultists","floor":29,"turns":3},{"damage":0,"enemies":"HollowMod:Zote","floor":31,"turns":2},{"damage":20,"enemies":"Book of Stabbing","floor":32,"turns":3},{"damage":51,"enemies":"Collector","floor":35,"turns":7},{"damage":0,"enemies":"3 Shapes","floor":37,"turns":2},{"damage":0,"enemies":"Orb Walker","floor":41,"turns":2},{"damage":84,"enemies":"Nemesis","floor":42,"turns":9},{"damage":6,"enemies":"Sphere and 2 Shapes","floor":43,"turns":2},{"damage":59,"enemies":"HollowMod:SlobberingHusk","floor":47,"turns":4},{"damage":25,"enemies":"Spire Growth","floor":50,"turns":3},{"damage":119,"enemies":"Time Eater","floor":52,"turns":9}],"seed_played":"233789278183274354","potions_obtained":[{"floor":3,"key":"EntropicBrew"},{"floor":8,"key":"Dexterity Potion"},{"floor":18,"key":"SmokeBomb"},{"floor":23,"key":"Milkshake"},{"floor":37,"key":"FairyPotion"},{"floor":39,"key":"Regen Potion"},{"floor":39,"key":"Reflective Coating"},{"floor":39,"key":"SpeedPotion"},{"floor":42,"key":"BlessingOfTheForge"},{"floor":47,"key":"Block Potion"},{"floor":50,"key":"Toxic Potion"}],"is_trial":false,"path_per_floor":["M","?","M","?","$","R","E","M","T","?","M","?","R","M","PTL","PTL","R","B",null,"M","?","?","M","M","R","E","M","T","M","R","?","E","?","R","B",null,"M","?","?","$","M","E","M","R","T","$","M","R","?","M","R","B",null],"character_chosen":"THE_BUGKNIGHT","items_purchased":["HollowMod:DescendingDark","HollowMod:BlackTendrils","Nunchaku","HollowMod:SiblingsSouls","Bottled Flame","HollowMod:SiblingsShadow","HollowMod:DescendingDark"],"campfire_rested":2,"item_purchase_floors":[5,5,5,40,40,46,46],"current_hp_per_floor":[82,82,77,70,70,70,50,54,54,54,52,19,43,55,55,55,55,13,82,82,82,82,82,79,79,72,48,48,61,61,65,82,82,82,43,82,82,82,82,82,82,21,66,66,66,66,48,48,48,47,70,29],"gold":20,"neow_bonus":"TEN_PERCENT_HP_BONUS","is_daily":false,"chose_seed":false,"campfire_upgraded":7,"win_rate":0.0,"timestamp":1607612762,"path_taken":["M","?","M","?","$","R","E","M","T","?","M","?","R","M","PTL","PTL","R","BOSS","M","?","?","M","M","R","E","M","T","M","R","?","E","?","R","BOSS","M","?","?","$","M","E","M","R","T","$","M","R","?","M","R","BOSS"],"build_version":"2020-11-30","purchased_purges":1,"victory":true,"max_hp_per_floor":[82,82,82,82,82,82,82,82,82,82,82,82,82,82,82,82,82,82,82,82,82,82,82,82,82,82,82,82,82,82,82,82,82,82,82,82,82,82,82,82,82,82,82,82,82,80,80,80,78,78,78,76],"card_choices":[{"not_picked":["HollowMod:ChannelNail","HollowMod:RecoilStrike"],"picked":"HollowMod:DescendingDark","floor":1},{"not_picked":["HollowMod:LifebloodCocoon","HollowMod:GoodIntentions","HollowMod:SharpenedNail"],"picked":"SKIP","floor":3},{"not_picked":["HollowMod:InfectedCysts","HollowMod:ShapeofUnn"],"picked":"HollowMod:PerfectDash","floor":7},{"not_picked":["HollowMod:ChannelNail","HollowMod:GoodIntentions"],"picked":"HollowMod:SlysStrikes","floor":8},{"not_picked":["HollowMod:ChannelNail","HollowMod:InfectionAssault","HollowMod:CrystalDash"],"picked":"SKIP","floor":11},{"not_picked":["HollowMod:MawleksShell","HollowMod:Grubsong"],"picked":"HollowMod:WraithStrike","floor":14},{"not_picked":["HollowMod:HeavyBlow","HollowMod:ChannelNail+1"],"picked":"HollowMod:CloakDash","floor":20},{"not_picked":["HollowMod:SoulEater","HollowMod:InfectedAttack"],"picked":"HollowMod:SiblingsSouls","floor":23},{"not_picked":["HollowMod:SoulStrike","HollowMod:MawleksShell"],"picked":"HollowMod:DashSlash+1","floor":24},{"not_picked":["HollowMod:BaldurShell","HollowMod:CrystalDash+1","HollowMod:InfectedAttack+1"],"picked":"SKIP","floor":26},{"not_picked":["HollowMod:BaldurShell","HollowMod:CrystalDash+1","HollowMod:InfectedAttack+1"],"picked":"SKIP","floor":26},{"not_picked":["HollowMod:BaldurShell","HollowMod:CrystalDash+1","HollowMod:InfectedAttack+1"],"picked":"SKIP","floor":26},{"not_picked":["HollowMod:SharpenedNail","HollowMod:DreamGate+1"],"picked":"HollowMod:BlackTendrils","floor":27},{"not_picked":["HollowMod:NewJinnsSoul+1","HollowMod:SoulStrike","HollowMod:SoulShaman"],"picked":"SKIP","floor":29},{"not_picked":["HollowMod:InfectedCysts","HollowMod:TaintedHusks+1"],"picked":"HollowMod:SiblingsShadow","floor":31},{"not_picked":["HollowMod:SoulShaman","HollowMod:CornifersMapStart","HollowMod:GoodIntentions"],"picked":"SKIP","floor":32},{"not_picked":["HollowMod:ChannelNail","HollowMod:VengefulSpirit+1"],"picked":"HollowMod:DescendingDark","floor":37},{"not_picked":["HollowMod:CycloneSlash+1","HollowMod:InfectionAssault","HollowMod:theNailsmith"],"picked":"SKIP","floor":41},{"not_picked":["HollowMod:PureNailStrike","HollowMod:HeavyBlow+1","HollowMod:MothsMistake"],"picked":"SKIP","floor":42},{"not_picked":["HollowMod:RecoilStrike+1","HollowMod:NewLittleFool"],"picked":"HollowMod:CloakDash+1","floor":43},{"not_picked":["HollowMod:MonarchWings+1","HollowMod:GoodIntentions+1"],"picked":"HollowMod:PerfectDash+1","floor":47},{"not_picked":["HollowMod:MantisMark","HollowMod:Grubsong","HollowMod:GreatSlash"],"picked":"SKIP","floor":50}],"player_experience":102356,"relics_obtained":[{"floor":7,"key":"Juzu Bracelet"},{"floor":9,"key":"Blood Vial"},{"floor":26,"key":"Anchor"},{"floor":28,"key":"White Beast Statue"},{"floor":31,"key":"HollowMod:GreatKnightMask"},{"floor":32,"key":"Happy Flower"},{"floor":39,"key":"ReplayTheSpireMod:Ring of Collecting"},{"floor":39,"key":"ReplayTheSpireMod:Ring of Addiction"},{"floor":39,"key":"Potion Belt"},{"floor":39,"key":"Toy Ornithopter"},{"floor":42,"key":"Ginger"},{"floor":45,"key":"Turnip"},{"floor":45,"key":"ReplayTheSpireMod:Ring of Exchange"}],"event_choices":[{"damage_healed":0,"gold_gain":175,"player_choice":"AGREE","damage_taken":0,"max_hp_gain":0,"max_hp_loss":0,"event_name":"Liars Game","floor":2,"gold_loss":0,"cards_obtained":["Doubt"]},{"cards_removed":["Doubt"],"damage_healed":0,"gold_gain":0,"player_choice":"Card Removal","damage_taken":7,"max_hp_gain":0,"max_hp_loss":0,"event_name":"Golden Wing","floor":4,"gold_loss":0},{"damage_healed":0,"gold_gain":0,"player_choice":"Success","damage_taken":33,"relics_obtained":["Centennial Puzzle"],"max_hp_gain":0,"max_hp_loss":0,"event_name":"Scrap Ooze","floor":12,"gold_loss":0},{"damage_healed":0,"gold_gain":0,"player_choice":"Copied","damage_taken":0,"max_hp_gain":0,"max_hp_loss":0,"event_name":"Duplicator","floor":21,"gold_loss":0,"cards_obtained":["HollowMod:BlackTendrils"]},{"damage_healed":0,"gold_gain":0,"player_choice":"Obtained Relic","damage_taken":0,"relics_obtained":["Calipers"],"max_hp_gain":0,"max_hp_loss":0,"event_name":"Addict","floor":22,"gold_loss":85},{"damage_healed":0,"gold_gain":0,"player_choice":"Ignored","damage_taken":0,"max_hp_gain":0,"max_hp_loss":0,"event_name":"Vampires","floor":33,"gold_loss":0},{"damage_healed":0,"gold_gain":0,"player_choice":"1 cards matched","damage_taken":0,"max_hp_gain":0,"max_hp_loss":0,"event_name":"Match and Keep!","floor":38,"gold_loss":0,"cards_obtained":["HollowMod:DescendingDark"]},{"damage_healed":0,"gold_gain":0,"player_choice":"Paid","damage_taken":0,"relics_obtained":["Red Mask"],"max_hp_gain":0,"max_hp_loss":0,"event_name":"Tomb of Lord Red Mask","floor":49,"gold_loss":14}],"is_beta":false,"boss_relics":[{"not_picked":["Replay:Drink Me","Runic Dome"],"picked":"Cursed Key"},{"not_picked":["Fusion Hammer","Replay:Wanted Poster"],"picked":"Replay:Bronze Core"}],"items_purged_floors":[40],"is_endless":false,"potions_floor_spawned":[3,8,14,18,23,27,29,31,32,35,37,41,42,43,47,50],"ascension_level":0}}