{"host":"9373kjg5yrouhim6","time":1607631633,"event":{"mods":["2.2 Compatiblity","BaseMod","AchievementEnabler","StSLib","Aspiration","Better Altar","Better Match","Better Note","Better Sensory Stone","Better Skull","Better Third Choice","Colored Map","Colored Powertips","Conspire","Highlight Path","Hubris","Infinite Spire","Mimic Mod","Minty Spire (QoL Compilation)","Replay The Spire","Shop Mod","Spicy Shops","vexMod"],"gold_per_floor":[116,116,135,164,4,32,48,48,85,85,110,10,37,84,84,234,234,274,274,274,293,168,168,241,241,278,278,337,12,26,40,40,150,450,503,575,625,625,625,625,671,671],"floor_reached":41,"playtime":2898,"items_purged":["Reflex","Strike_B","Strike_B","Strike_B","Defend_B","Poison Darts+1"],"score":735,"play_id":"2fbbadbd-b2da-4813-a91b-2ec989373360","local_time":"20201210152033","is_ascension_mode":true,"campfire_choices":[{"data":"Poison Darts","floor":10,"key":"SMITH"},{"floor":15,"key":"REST"},{"data":"Gash","floor":23,"key":"SMITH"},{"floor":25,"key":"REST"},{"floor":32,"key":"REST"},{"data":"Beam Cell","floor":40,"key":"SMITH"}],"circlet_count":0,"master_deck":["Defend_B","Defend_B","Prepared","Go for the Eyes","Finesse","Beam Cell+1","Gash+1","hubris:Fate+1","hubris:NaturalOne","CurseOfTheBell","Gash+1"],"relics":["Cracked Core","NeowsBlessing","aspiration:SneckoTail","vexMod:ConsolationPrize","Replay:Wax Seal","Shovel","Pen Nib","aspiration:IroncladSkillbook","hubris:Icosahedron","Blood Vial","Thread and Needle","Chameleon Ring","infinitespire:EvilPickle","Replay:Grab Bag","conspire:SlowCooker","vexMod:CursedCompass","aspiration:BursterCore","Calling Bell","Anchor","Quantum Egg","Old Coin","Tiny House"],"acts_visited":["Exordium","TheCity","TheBeyond"],"potions_floor_usage":[11,16,24,24,30,33,41,41],"damage_taken":[{"damage":0,"enemies":"Cultist","floor":1,"turns":1},{"damage":0,"enemies":"2 Louse","floor":3,"turns":1},{"damage":0,"enemies":"Lagavulin","floor":6,"turns":1},{"damage":4,"enemies":"Jaw Worm","floor":7,"turns":3},{"damage":2,"enemies":"Red Slaver","floor":9,"turns":4},{"damage":0,"enemies":"3 Sentries","floor":11,"turns":5},{"damage":12,"enemies":"Red Slaver","floor":13,"turns":2},{"damage":15,"enemies":"Gremlin Nob","floor":14,"turns":3},{"damage":48,"enemies":"Fading Forest","floor":16,"turns":11},{"damage":28,"enemies":"2 Thieves","floor":18,"turns":4},{"damage":8,"enemies":"3 Byrds","floor":21,"turns":4},{"damage":46,"enemies":"Slavers","floor":24,"turns":4},{"damage":6,"enemies":"Sentry and Sphere","floor":26,"turns":4},{"damage":26,"enemies":"Nightmare","floor":28,"turns":7},{"damage":0,"enemies":"Sentry and Sphere","floor":30,"turns":3},{"damage":0,"enemies":"Snecko","floor":31,"turns":3},{"damage":10,"enemies":"Pondfish","floor":33,"turns":9},{"damage":8,"enemies":"Orb Walker","floor":35,"turns":3},{"damage":25,"enemies":"3 Shapes","floor":36,"turns":4},{"damage":65,"enemies":"Nightmare","floor":41,"turns":7}],"seed_played":"876086803024015474","potions_obtained":[{"floor":3,"key":"LifebloodPotion"},{"floor":14,"key":"Strength Potion"},{"floor":18,"key":"GamblersBrew"},{"floor":21,"key":"SteroidPotion"},{"floor":30,"key":"DuplicationPotion"},{"floor":36,"key":"Explosive Potion"},{"floor":37,"key":"Reflective Coating"}],"is_trial":false,"path_per_floor":["M","?","M","?","$","E","M","?","MIM","R","E","$","M","E","R","B",null,"M","?","T","M","$","R","E","R","MIM","?","NM","$","M","M","R","B",null,"M","M","AVR","?","?","R","NM"],"character_chosen":"DEFECT","items_purchased":["Finesse"],"campfire_rested":3,"item_purchase_floors":[5],"current_hp_per_floor":[75,75,75,57,57,57,53,53,51,51,51,51,39,24,46,8,75,51,51,51,49,49,49,9,31,31,31,11,11,17,23,45,41,75,75,54,59,59,59,59,0,0],"gold":671,"neow_bonus":"THREE_ENEMY_KILL","is_daily":false,"chose_seed":false,"campfire_upgraded":3,"win_rate":0,"timestamp":1607631633,"path_taken":["M","?","M","?","$","E","?","?","MIM","R","E","?","M","E","R","BOSS","M","?","?","M","$","R","E","R","MIM","?","NM","$","M","M","R","BOSS","M","M","AVR","?","?","R","NM"],"build_version":"2020-11-30","purchased_purges":6,"victory":false,"max_hp_per_floor":[75,75,75,75,75,75,75,75,75,75,75,75,75,75,75,75,75,75,75,75,75,75,75,75,75,75,75,75,75,75,75,75,75,75,75,75,80,80,80,80,80,80],"card_choices":[{"not_picked":["Steam Power","Coolheaded","Hologram"],"picked":"SKIP","floor":1},{"not_picked":["Redo","Stack","Barrage"],"picked":"SKIP","floor":3},{"not_picked":["BasicCrystalCard","Hologram"],"picked":"Go for the Eyes","floor":4},{"not_picked":["Reprogram","Leap","Double Energy"],"picked":"SKIP","floor":6},{"not_picked":["Sweeping Beam","ReplayTheSpireMod:GoodbyeWorld","Heatsinks"],"picked":"SKIP","floor":7},{"not_picked":["Conserve Battery","Compile Driver"],"picked":"Beam Cell","floor":9},{"not_picked":["Defragment","hubris:Ukulele","Streamline"],"picked":"SKIP","floor":11},{"not_picked":["Beam Cell","Compile Driver"],"picked":"Gash","floor":13},{"not_picked":["hubris:PowerSurge","aspiration:Polymerization","conspire:SharedLibrary"],"picked":"SKIP","floor":14},{"not_picked":["Streamline","ReplayTheSpireMod:Limb From Limb","Barrage","Cleave"],"picked":"SKIP","floor":18},{"not_picked":["Steam","infinitespire:OneForAll","Conserve Battery","Evolve"],"picked":"SKIP","floor":21},{"not_picked":["Undo+1","Coolheaded","FIFO Queue+1","Leap"],"picked":"SKIP","floor":24},{"not_picked":["infinitespire:SevenWalls","ReplayTheSpireMod:Haul"],"picked":"hubris:Fate","floor":28},{"not_picked":["BasicCrystalCard+1","Entrench","Panic Button","Stack+1"],"picked":"SKIP","floor":28},{"not_picked":["Run Through","Replay:Many Hands","Time Bomb","Flame Barrier"],"picked":"SKIP","floor":30},{"not_picked":["Panic Button","Body Slam+1","Hologram","Heavy Blade"],"picked":"SKIP","floor":31},{"not_picked":["Cold Snap+1","Clothesline","Streamline","Leap"],"picked":"SKIP","floor":35},{"not_picked":["Hello World+1","Flex","Meteor Strike"],"picked":"Gash+1","floor":36}],"player_experience":229804,"relics_obtained":[{"floor":4,"key":"aspiration:SneckoTail"},{"floor":6,"key":"vexMod:ConsolationPrize"},{"floor":9,"key":"Replay:Wax Seal"},{"floor":11,"key":"Shovel"},{"floor":14,"key":"Pen Nib"},{"floor":20,"key":"Blood Vial"},{"floor":24,"key":"Thread and Needle"},{"floor":28,"key":"Chameleon Ring"},{"floor":34,"key":"Anchor"},{"floor":34,"key":"Quantum Egg"},{"floor":34,"key":"Old Coin"}],"event_choices":[{"cards_removed":["Strike_B"],"damage_healed":0,"gold_gain":0,"player_choice":"Forget","damage_taken":0,"max_hp_gain":0,"max_hp_loss":0,"event_name":"Living Wall","floor":8,"gold_loss":0},{"damage_healed":0,"gold_gain":0,"player_choice":"Leave","damage_taken":0,"max_hp_gain":0,"max_hp_loss":0,"event_name":"conspire:Investor","floor":27,"gold_loss":0},{"damage_healed":0,"gold_gain":0,"player_choice":"Ignored","damage_taken":0,"max_hp_gain":0,"max_hp_loss":0,"event_name":"Mysterious Sphere","floor":38,"gold_loss":0}],"is_beta":false,"boss_relics":[{"not_picked":["Philosopher\u0027s Stone","ReplayTheSpireMod:SealedPack"],"picked":"aspiration:IroncladSkillbook"},{"not_picked":["ChewingGum","Ring of Chaos"],"picked":"Replay:Grab Bag"},{"not_picked":["ReplayTheSpireMod:Onyx Gauntlets","Cursed Key"],"picked":"conspire:SlowCooker"},{"not_picked":["ReplayTheSpireMod:DimensionalGlitch","hubris:VirtuousBlindfold"],"picked":"vexMod:CursedCompass"},{"not_picked":["Inserter","Pandora\u0027s Box"],"picked":"aspiration:BursterCore"},{"not_picked":["aspiration:RunicSpoon","Replay:Drink Me"],"picked":"Calling Bell"}],"items_purged_floors":[5,12,22,29,29,37],"is_endless":true,"potions_floor_spawned":[3,14,18,21,30,36],"killed_by":"Nightmare","ascension_level":2}}