{"host":"ar7ngit67p83lwvr","time":1607574465,"event":{"gold_per_floor":[99,49,49,49,18,18,18,18,18,18,18,18,18,18,18,18,18,18,0,0,0,0,0,0,0,0,0],"floor_reached":26,"playtime":1990,"items_purged":[],"score":288,"play_id":"ed456839-d73e-491d-8ec0-058f36babb54","local_time":"20201209202745","is_ascension_mode":false,"campfire_choices":[{"data":"Eruption","floor":15,"key":"SMITH"},{"floor":24,"key":"REST"}],"neow_cost":"NONE","seed_source_timestamp":1736337781370400,"circlet_count":0,"master_deck":["Strike_P","Strike_P","Strike_P","Defend_P","Defend_P","Defend_P","Defend_P","Eruption","Vigilance","Consecrate","Wallop","MasterReality","Eruption+1","Halt","EmptyMind","Indignation","WindmillStrike","LikeWater","Scrawl","Crescendo","Wallop","LikeWater","FlurryOfBlows","DeusExMachina","FlurryOfBlows"],"relics":["Ectoplasm","Odd Mushroom","Sundial","Mercury Hourglass","Torii","Bottled Lightning","Runesmith:UraniumAnvil","Mango","Mummified Hand"],"potions_floor_usage":[14,23],"damage_taken":[{"damage":3,"enemies":"2 Louse","floor":1,"turns":2},{"damage":0,"enemies":"Cultist","floor":4,"turns":2},{"damage":1,"enemies":"The Mushroom Lair","floor":7,"turns":3},{"damage":10,"enemies":"Gremlin Nob","floor":8,"turns":3},{"damage":0,"enemies":"Small Slimes","floor":10,"turns":2},{"damage":0,"enemies":"2 Fungi Beasts","floor":12,"turns":2},{"damage":2,"enemies":"3 Sentries","floor":13,"turns":5},{"damage":1,"enemies":"Large Slime","floor":14,"turns":3},{"damage":0,"enemies":"The Guardian","floor":16,"turns":8},{"damage":0,"enemies":"Chosen","floor":18,"turns":3},{"damage":2,"enemies":"2 Thieves","floor":19,"turns":4},{"damage":1,"enemies":"Snake Plant","floor":20,"turns":4},{"damage":9,"enemies":"Centurion and Healer","floor":21,"turns":4},{"damage":77,"enemies":"Book of Stabbing","floor":23,"turns":5}],"seed_played":"-4174645038066542679","potions_obtained":[{"floor":1,"key":"Fire Potion"},{"floor":4,"key":"FairyPotion"},{"floor":7,"key":"Swift Potion"},{"floor":18,"key":"Dexterity Potion"}],"is_trial":false,"path_per_floor":["M","?","?","M","?","?","?","E","T","M","T","M","E","M","R","B",null,"M","M","M","M","$","E","R","?","T"],"character_chosen":"WATCHER","items_purchased":[],"campfire_rested":1,"item_purchase_floors":[],"current_hp_per_floor":[69,69,69,69,69,69,68,58,58,58,58,58,56,55,55,55,72,72,70,69,60,60,23,48,48,48,48],"gold":0,"neow_bonus":"BOSS_RELIC","is_prod":false,"is_daily":false,"chose_seed":false,"campfire_upgraded":1,"win_rate":0.0,"timestamp":1607574465,"path_taken":["M","?","?","?","?","?","?","E","T","M","?","?","E","M","R","BOSS","M","M","M","?","?","E","R","?","T"],"build_version":"2020-11-30","purchased_purges":0,"victory":false,"max_hp_per_floor":[72,72,72,72,72,72,72,72,72,72,72,72,72,72,72,72,72,72,72,72,72,72,86,86,86,86,86],"card_choices":[{"not_picked":["Weave","FollowUp"],"picked":"Consecrate","floor":1},{"not_picked":["Swivel","WreathOfFlame"],"picked":"Halt","floor":4},{"not_picked":["ThirdEye","Sanctity"],"picked":"EmptyMind","floor":7},{"not_picked":["PathToVictory","EmptyBody"],"picked":"Indignation","floor":8},{"not_picked":["BowlingBash","FollowUp"],"picked":"WindmillStrike","floor":10},{"not_picked":["Blasphemy","JustLucky"],"picked":"LikeWater","floor":12},{"not_picked":["CutThroughFate","Evaluate","WaveOfTheHand"],"picked":"SKIP","floor":13},{"not_picked":["EmptyBody","FlyingSleeves","Protect"],"picked":"SKIP","floor":14},{"not_picked":["Establishment","MasterReality"],"picked":"Scrawl","floor":16},{"not_picked":["SashWhip+1","BowlingBash+1"],"picked":"Crescendo","floor":18},{"not_picked":["EmptyFist+1","InnerPeace+1"],"picked":"Wallop","floor":19},{"not_picked":["Halt","Wallop+1"],"picked":"LikeWater","floor":20},{"not_picked":["CrushJoints+1","SashWhip"],"picked":"FlurryOfBlows","floor":21},{"not_picked":["MasterReality","BattleHymn"],"picked":"DeusExMachina","floor":23}],"player_experience":137230,"relics_obtained":[{"floor":7,"key":"Odd Mushroom"},{"floor":8,"key":"Sundial"},{"floor":9,"key":"Mercury Hourglass"},{"floor":11,"key":"Torii"},{"floor":13,"key":"Bottled Lightning"},{"floor":23,"key":"Mango"},{"floor":26,"key":"Mummified Hand"}],"event_choices":[{"cards_removed":["Strike_P"],"damage_healed":0,"gold_gain":0,"player_choice":"Card Removal","damage_taken":0,"max_hp_gain":0,"max_hp_loss":0,"event_name":"The Cleric","floor":2,"gold_loss":50},{"damage_healed":0,"gold_gain":0,"player_choice":"3 cards matched","damage_taken":0,"max_hp_gain":0,"max_hp_loss":0,"event_name":"Match and Keep!","floor":3,"gold_loss":0,"cards_obtained":["Wallop","MasterReality","Eruption"]},{"damage_healed":0,"gold_gain":0,"player_choice":"Left Gold","damage_taken":0,"max_hp_gain":0,"max_hp_loss":0,"event_name":"World of Goop","floor":5,"gold_loss":31},{"damage_healed":0,"gold_gain":0,"player_choice":"Ignored","damage_taken":0,"max_hp_gain":0,"max_hp_loss":0,"event_name":"Liars Game","floor":6,"gold_loss":0},{"damage_healed":0,"gold_gain":0,"player_choice":"Fought Mushrooms","damage_taken":0,"max_hp_gain":0,"max_hp_loss":0,"event_name":"Mushrooms","floor":7,"gold_loss":0},{"damage_healed":0,"gold_gain":0,"player_choice":"Read","damage_taken":0,"max_hp_gain":0,"max_hp_loss":0,"event_name":"The Library","floor":25,"gold_loss":0,"cards_obtained":["FlurryOfBlows"]}],"is_beta":false,"boss_relics":[{"not_picked":["Coffee Dripper","Fusion Hammer"],"picked":"Runesmith:UraniumAnvil"}],"items_purged_floors":[],"is_endless":false,"potions_floor_spawned":[1,4,7,12,13,18],"ascension_level":0}}