{"host":"6z6y4ky8uzsz1dpj","time":1607613805,"event":{"gold_per_floor":[112,60,70,25,35,35,91,157,181,205,121,164,164,232,232,315,315,355,355,207,263,307,362,428,440,504,516,516],"floor_reached":27,"playtime":1217,"items_purged":["hierophant:Strike_Hierophant"],"score":282,"play_id":"ccd538da-5ed6-4776-b096-6afb073f1b5e","local_time":"20201210102325","is_ascension_mode":true,"campfire_choices":[{"data":"hierophant:Charity","floor":6.0,"key":"SMITH"},{"floor":13,"key":"REST"},{"floor":15,"key":"REST"}],"neow_cost":"","seed_source_timestamp":348457139360600,"circlet_count":0,"master_deck":["hierophant:Strike_Hierophant","hierophant:Strike_Hierophant","hierophant:Strike_Hierophant","hierophant:Punish","hierophant:Defend_Hierophant","hierophant:Defend_Hierophant","hierophant:Defend_Hierophant","hierophant:Defend_Hierophant","hierophant:ChurchCoffers","hierophant:Charity+1","hierophant:Doubloon+1","hierophant:OrnateBuckler","hierophant:RustyCrate","hierophant:Doubloon+1","hierophant:Doubloon","hierophant:RepressedViolence","hierophant:RustyCrate","hierophant:Doubloon+1","hierophant:Doubloon+1","hierophant:MorningPrayer","hierophant:Anathema","hierophant:MorningPrayer","hierophant:OrnateBuckler","hierophant:Doubloon+1","hierophant:Doubloon+1","hierophant:Remorse","hierophant:Smite","hierophant:MintersHammer","hierophant:CursedGold+1","hierophant:Doubloon+1","hierophant:Doubloon+1","hierophant:Refuge","hierophant:Racketeering","hierophant:Repentance+1"],"special_seed":0,"relics":["hierophant:PropheticMaskRelic","Dream Catcher","Blood Vial","Regal Pillow","Blue Doll","hubris:VirtuousBlindfold","hubris:TinFlute","MawBank"],"potions_floor_usage":[12,14,16,16,18,18,24,24,27],"damage_taken":[{"damage":15.0,"enemies":"Jaw Worm","floor":1.0,"turns":5.0},{"damage":0.0,"enemies":"Cultist","floor":3.0,"turns":3.0},{"damage":7.0,"enemies":"Small Slimes","floor":5.0,"turns":3.0},{"damage":1.0,"enemies":"3 Sentries","floor":7.0,"turns":3.0},{"damage":7.0,"enemies":"3 Louse","floor":8.0,"turns":3.0},{"damage":34,"enemies":"Lagavulin","floor":10,"turns":9},{"damage":3,"enemies":"2 Fungi Beasts","floor":12,"turns":3},{"damage":13,"enemies":"Lots of Slimes","floor":14,"turns":2},{"damage":39,"enemies":"Hexaghost","floor":16,"turns":8},{"damage":5,"enemies":"3 Byrds","floor":18,"turns":3},{"damage":12,"enemies":"Shell Parasite","floor":21,"turns":6},{"damage":11,"enemies":"Centurion and Healer","floor":22,"turns":6},{"damage":5,"enemies":"Gremlin Leader","floor":23,"turns":4},{"damage":17,"enemies":"Chosen and Byrds","floor":24,"turns":8},{"damage":32,"enemies":"Slavers","floor":27,"turns":2}],"seed_played":"1890291597111728440","potions_obtained":[{"floor":5.0,"key":"Regen Potion"},{"floor":12,"key":"EntropicBrew"},{"floor":14,"key":"Adrenaline Potion"},{"floor":16,"key":"EntropicBrew"}],"is_trial":false,"path_per_floor":["M","$","M","$","M","R","E","M","T","E","?","M","R","M","R","B",null,"M","?","$","M","M","E","M","?","T","E"],"character_chosen":"HIEROPHANT","items_purchased":["hierophant:Charity","hierophant:RustyCrate","hierophant:RustyCrate","hierophant:CursedGold"],"campfire_rested":2,"item_purchase_floors":[0,2,4,20],"current_hp_per_floor":[60,60,60,60,53,53,52,45,45,13,13,21,58,47,75,36,75,70,70,70,60,51,48,33,33,33,3,3],"gold":516,"neow_bonus":"","is_prod":false,"is_daily":false,"chose_seed":false,"campfire_upgraded":1,"win_rate":0,"timestamp":1607613805,"path_taken":["M","$","M","$","M","R","E","M","T","E","?","?","R","M","R","BOSS","M","?","$","M","M","E","M","?","T","E"],"build_version":"2020-11-30","purchased_purges":1,"victory":false,"max_hp_per_floor":[75,75,75,75,75,75,75,75,75,75,75,75,75,75,75,75,75,75,75,75,75,75,75,75,75,75,75,75],"card_choices":[{"not_picked":["hierophant:Encroach","hierophant:HolyVerse"],"picked":"hierophant:OrnateBuckler","floor":1.0},{"not_picked":["hierophant:SealAway","hierophant:PassingBell"],"picked":"hierophant:RepressedViolence","floor":3.0},{"not_picked":["hierophant:HammerAndAnvil","hierophant:Embezzle"],"picked":"hierophant:MorningPrayer","floor":5.0},{"not_picked":["hierophant:Blessing","hierophant:DisplayOfPower"],"picked":"hierophant:Anathema","floor":7.0},{"not_picked":["hierophant:Shelter","hierophant:Blessing"],"picked":"hierophant:MorningPrayer","floor":8.0},{"not_picked":["hierophant:WrathOfGod","hierophant:FlamingChariot"],"picked":"hierophant:OrnateBuckler","floor":10},{"not_picked":["hierophant:PassingBell","hierophant:OrnateJavelin","hierophant:Mercenaries"],"picked":"SKIP","floor":12},{"not_picked":["hierophant:Zeal","hierophant:Rebuild"],"picked":"hierophant:Doubloon","floor":13},{"not_picked":["hierophant:BulkyChest","hierophant:SealAway"],"picked":"hierophant:Remorse","floor":14},{"not_picked":["hierophant:Shelter","hierophant:Sermon"],"picked":"hierophant:Smite","floor":15},{"not_picked":["hierophant:Batter","hierophant:Kindle"],"picked":"hierophant:MintersHammer","floor":16},{"not_picked":["hierophant:ThreeLashes","hierophant:Doomsaying","hierophant:Empathy+1"],"picked":"SKIP","floor":18},{"not_picked":["hierophant:Community","hierophant:AuricBeam"],"picked":"hierophant:Refuge","floor":21},{"not_picked":["hierophant:Encroach","hierophant:OrnateJavelin+1","hierophant:AuricShield"],"picked":"SKIP","floor":22},{"not_picked":["hierophant:WrathOfGod","hierophant:Bribe"],"picked":"hierophant:Racketeering","floor":23},{"not_picked":["hierophant:Embezzle","hierophant:Encroach"],"picked":"hierophant:Repentance+1","floor":24}],"player_experience":165825,"relics_obtained":[{"floor":7.0,"key":"Dream Catcher"},{"floor":9.0,"key":"Blood Vial"},{"floor":10,"key":"Regal Pillow"},{"floor":23,"key":"MawBank"}],"event_choices":[{"damage_healed":0,"gold_gain":0,"player_choice":"Paid Gold","damage_taken":0,"relics_obtained":["Blue Doll"],"max_hp_gain":0,"max_hp_loss":0,"event_name":"WeMeetAgain","floor":11,"gold_loss":84},{"damage_healed":0,"gold_gain":0,"player_choice":"Upgraded","damage_taken":0,"max_hp_gain":0,"max_hp_loss":0,"event_name":"Upgrade Shrine","floor":25,"gold_loss":0,"cards_upgraded":["hierophant:CursedGold"]}],"is_beta":false,"boss_relics":[{"not_picked":["hubris:CrackedHourglass","Coffee Dripper"],"picked":"hubris:VirtuousBlindfold"}],"items_purged_floors":[20],"is_endless":false,"potions_floor_spawned":[5,12,14,16,23],"killed_by":"Slavers","ascension_level":1}}