{"host":"jx3f6ezc0g3s9edc","time":1607566569,"event":{"gold_per_floor":[112,124,13,31,50,82,82,108,108,108,108,108,127,127,127,229,229,241,254,268,91,91,91,108,108,108,121,121,121,121,151,151,250,250,264,283,117,166,182,182,199,199,199,217,217,217,217,234,234,234],"floor_reached":51,"playtime":5366,"items_purged":["Strike_P","Strike_P","Strike_P+1"],"score":677,"play_id":"5aa053aa-2ff3-4f95-9fbd-a2d62aafbe11","local_time":"20201209211609","is_ascension_mode":false,"campfire_choices":[{"data":"Eruption","floor":7.0,"key":"SMITH"},{"floor":10.0,"key":"REST"},{"data":"Crescendo","floor":12.0,"key":"SMITH"},{"data":"Blind","floor":15.0,"key":"SMITH"},{"data":"BattleHymn","floor":23.0,"key":"SMITH"},{"data":"EmptyFist","floor":25.0,"key":"SMITH"},{"data":"Halt","floor":29.0,"key":"SMITH"},{"data":"TalkToTheHand","floor":32.0,"key":"SMITH"},{"data":"DevaForm","floor":40.0,"key":"SMITH"},{"data":"Adaptation","floor":42.0,"key":"SMITH"},{"data":"Meditate","floor":45,"key":"SMITH"},{"data":"LikeWater","floor":49,"key":"SMITH"}],"neow_cost":"NONE","seed_source_timestamp":178605015407910,"circlet_count":0,"master_deck":["Defend_P+1","Defend_P+1","Eruption+1","Vigilance","Blind+1","EmptyFist+1","LikeWater+1","Wireheading","Crescendo+1","CutThroughFate","Consecrate","TalkToTheHand+1","Halt+1","DevaForm+1","ClearTheMind","Halt+1","BattleHymn+1","Meditate+1","ConjureBlade","Establishment","MasterReality+1","Vault+1","Vault+1","Indignation+1","DeceiveReality+1","Adaptation+1","Parasite","Madness","Madness","Blind+1"],"special_seed":0,"relics":["PureWater","Calipers","Akabeko","Gremlin Horn","CaptainsWheel","Coffee Dripper","Eternal Feather","MutagenicStrength","The Courier","Astrolabe","Thread and Needle","Singing Bowl"],"potions_floor_usage":[50],"damage_taken":[{"damage":0.0,"enemies":"Cultist","floor":1.0,"turns":3.0},{"damage":2.0,"enemies":"Small Slimes","floor":2.0,"turns":3.0},{"damage":6.0,"enemies":"2 Louse","floor":4.0,"turns":4.0},{"damage":2.0,"enemies":"Blue Slaver","floor":5.0,"turns":4.0},{"damage":34.0,"enemies":"3 Sentries","floor":6.0,"turns":11.0},{"damage":25.0,"enemies":"Gremlin Nob","floor":8.0,"turns":4.0},{"damage":0.0,"enemies":"Large Slime","floor":13.0,"turns":4.0},{"damage":0.0,"enemies":"Slime Boss","floor":16.0,"turns":6.0},{"damage":5.0,"enemies":"Chosen","floor":18.0,"turns":4.0},{"damage":9.0,"enemies":"3 Byrds","floor":19.0,"turns":6.0},{"damage":2.0,"enemies":"Centurion and Healer","floor":20.0,"turns":8.0},{"damage":16.0,"enemies":"Snake Plant","floor":24.0,"turns":4.0},{"damage":8.0,"enemies":"Shelled Parasite and Fungi","floor":27.0,"turns":4.0},{"damage":16.0,"enemies":"Book of Stabbing","floor":31.0,"turns":4.0},{"damage":17.0,"enemies":"Collector","floor":33.0,"turns":6.0},{"damage":8.0,"enemies":"3 Darklings","floor":35.0,"turns":6.0},{"damage":15.0,"enemies":"Orb Walker","floor":36.0,"turns":4.0},{"damage":4.0,"enemies":"2 Orb Walkers","floor":38.0,"turns":7.0},{"damage":15.0,"enemies":"4 Shapes","floor":39.0,"turns":4.0},{"damage":8.0,"enemies":"Writhing Mass","floor":41.0,"turns":7.0},{"damage":0,"enemies":"Sphere and 2 Shapes","floor":44,"turns":4},{"damage":14,"enemies":"Transient","floor":48,"turns":6},{"damage":27,"enemies":"Time Eater","floor":50,"turns":11}],"seed_played":"-7157453982178882706","potions_obtained":[{"floor":1.0,"key":"FairyPotion"},{"floor":16.0,"key":"EssenceOfSteel"},{"floor":27.0,"key":"Strength Potion"},{"floor":31.0,"key":"PowerPotion"},{"floor":33.0,"key":"StancePotion"},{"floor":35.0,"key":"BlessingOfTheForge"},{"floor":44,"key":"SteroidPotion"}],"is_trial":false,"path_per_floor":["M","M","$","M","M","E","R","E","T","R","$","R","M","?","R","B",null,"M","M","M","$","?","R","M","R","T","M","$","R","?","E","R","B",null,"M","M","$","?","M","R","M","R","T","M","R","?","?","M","R","B",null],"character_chosen":"WATCHER","items_purchased":["Wireheading","BattleHymn","Adaptation"],"campfire_rested":1,"item_purchase_floors":[3,21,37],"current_hp_per_floor":[72,70,70,64,62,28,28,3,3,24,24,24,24,21,21,21,72,67,58,56,56,56,56,40,40,40,32,32,44,44,28,40,23,72,64,49,49,45,30,45,37,52,52,54,69,60,60,48,66,39],"gold":234,"neow_bonus":"RANDOM_COLORLESS","is_prod":false,"is_daily":false,"chose_seed":false,"campfire_upgraded":11,"win_rate":0.0,"timestamp":1607566569,"path_taken":["M","M","$","M","M","E","R","E","T","R","$","R","?","?","R","BOSS","M","M","M","$","?","R","M","R","T","M","$","R","?","E","R","BOSS","M","M","$","?","M","R","M","R","T","M","R","?","?","M","R","BOSS"],"build_version":"2020-11-30","purchased_purges":3,"victory":true,"max_hp_per_floor":[72,72,72,72,72,72,72,72,72,72,72,72,72,72,72,72,72,72,72,72,72,72,72,72,72,72,72,72,72,72,72,72,72,72,72,72,72,72,72,72,72,72,72,74,74,74,74,76,76,76],"card_choices":[{"not_picked":["Impatience","Swift Strike"],"picked":"Blind","floor":0.0},{"not_picked":["Prostrate","Evaluate"],"picked":"EmptyFist","floor":1.0},{"not_picked":["ClearTheMind","ThirdEye"],"picked":"LikeWater","floor":2.0},{"not_picked":["BowlingBash","Protect"],"picked":"Crescendo","floor":4.0},{"not_picked":["JustLucky","ThirdEye"],"picked":"CutThroughFate","floor":5.0},{"not_picked":["ThirdEye","Wish"],"picked":"Consecrate","floor":6.0},{"not_picked":["Halt","Vengeance"],"picked":"TalkToTheHand","floor":8.0},{"not_picked":["JustLucky","Vengeance"],"picked":"Halt","floor":13.0},{"not_picked":["Omniscience","Judgement"],"picked":"DevaForm","floor":16.0},{"not_picked":["JustLucky+1","Protect"],"picked":"ClearTheMind","floor":18.0},{"not_picked":["CrushJoints+1","SashWhip"],"picked":"Halt+1","floor":19.0},{"not_picked":["FlyingSleeves","Study","FollowUp"],"picked":"SKIP","floor":20.0},{"not_picked":["Halt","FlurryOfBlows"],"picked":"Meditate","floor":24.0},{"not_picked":["Prostrate","JustLucky+1","FlyingSleeves+1"],"picked":"SKIP","floor":27.0},{"not_picked":["Protect","MentalFortress"],"picked":"ConjureBlade","floor":31.0},{"not_picked":["Brilliance","Omniscience"],"picked":"Establishment","floor":33.0},{"not_picked":["CutThroughFate","Protect+1"],"picked":"Indignation+1","floor":35.0},{"not_picked":["FollowUp","TalkToTheHand"],"picked":"DeceiveReality+1","floor":36.0},{"not_picked":["LikeWater+1","CarveReality","FlurryOfBlows"],"picked":"SKIP","floor":39.0},{"not_picked":["FearNoEvil","ThirdEye","EmptyFist+1"],"picked":"SKIP","floor":41.0},{"not_picked":["ThirdEye","InnerPeace","Halt+1"],"picked":"Singing Bowl","floor":44},{"not_picked":["Evaluate+1","BowlingBash+1","Protect"],"picked":"Singing Bowl","floor":48}],"player_experience":644920,"relics_obtained":[{"floor":6.0,"key":"Calipers"},{"floor":8.0,"key":"Akabeko"},{"floor":9.0,"key":"Gremlin Horn"},{"floor":26.0,"key":"Eternal Feather"},{"floor":31.0,"key":"The Courier"},{"floor":38.0,"key":"Thread and Needle"},{"floor":43.0,"key":"Singing Bowl"}],"event_choices":[{"damage_healed":0.0,"max_hp_gain":0.0,"max_hp_loss":0.0,"gold_gain":0.0,"event_name":"Scrap Ooze","player_choice":"Success","floor":14.0,"gold_loss":0.0,"damage_taken":25.0,"relics_obtained":["CaptainsWheel"]},{"damage_healed":0.0,"max_hp_gain":0.0,"max_hp_loss":0.0,"gold_gain":0.0,"event_name":"Back to Basics","player_choice":"Simplicity","floor":22.0,"gold_loss":0.0,"damage_taken":0.0,"cards_upgraded":["Strike_P","Strike_P","Defend_P","Defend_P","Defend_P","Defend_P"]},{"damage_healed":0.0,"max_hp_gain":0.0,"max_hp_loss":0.0,"gold_gain":0.0,"event_name":"Drug Dealer","player_choice":"Inject Mutagens","floor":30.0,"gold_loss":0.0,"damage_taken":0.0,"relics_obtained":["MutagenicStrength"]},{"damage_healed":0.0,"max_hp_gain":0.0,"max_hp_loss":0.0,"gold_gain":0.0,"event_name":"Mysterious Sphere","player_choice":"Fight","floor":38.0,"gold_loss":0.0,"damage_taken":0.0},{"damage_healed":0,"gold_gain":0,"player_choice":"Embrace Madness","damage_taken":9,"max_hp_gain":0,"max_hp_loss":0,"event_name":"Winding Halls","floor":46,"gold_loss":0,"cards_obtained":["Madness","Madness"]},{"damage_healed":0,"gold_gain":0,"player_choice":"Copied","damage_taken":0,"max_hp_gain":0,"max_hp_loss":0,"event_name":"Duplicator","floor":47,"gold_loss":0,"cards_obtained":["Blind"]}],"is_beta":false,"boss_relics":[{"not_picked":["Runic Pyramid","Runic Dome"],"picked":"Coffee Dripper"},{"not_picked":["Busted Crown","VioletLotus"],"picked":"Astrolabe"}],"items_purged_floors":[3,21,37],"is_endless":false,"potions_floor_spawned":[1,16,27,31,33,35,44],"ascension_level":0}}