{"host":"se2kry7a7ac49ar7","time":1607576361,"event":{"gold_per_floor":[110,125,145,0,30,30,57,70,70,80,107,72,89,121,121,121,121],"floor_reached":16,"playtime":2141,"items_purged":["Injury"],"score":132,"play_id":"30beff20-45d1-4895-bbf5-b1860e347bc1","local_time":"20201209205921","is_ascension_mode":false,"campfire_choices":[{"data":"HollowMod:HuntersJournal","floor":6,"key":"SMITH"},{"floor":15,"key":"REST"}],"neow_cost":"CURSE","seed_source_timestamp":40582183169529,"circlet_count":0,"master_deck":["HollowMod:NailStrikeStart","HollowMod:NailStrikeStart","HollowMod:NailStrikeStart","HollowMod:NailStrikeStart","HollowMod:QuickDashStart","HollowMod:QuickDashStart","HollowMod:QuickDashStart","HollowMod:QuickDashStart","HollowMod:FocusHealStart","HollowMod:PogoStrike","HollowMod:SoulMaster","HollowMod:PerfectDash","HollowMod:BlackTendrils","HollowMod:ShadowDash","HollowMod:HuntersJournal+1","HollowMod:HeavyBlow","HollowMod:CloakDash","HollowMod:GreatSlash","HollowMod:MonarchWings","HollowMod:SoulSplash","HollowMod:LordofShades"],"relics":["HollowMod:VesselMask","Hallownest:BankAccountRelic","Dream Catcher","Singing Bowl","Bottled Lightning","Thread and Needle","Art of War"],"potions_floor_usage":[5,7,7,11,14],"damage_taken":[{"damage":5,"enemies":"Hallownest:2_MossCreeps","floor":1,"turns":6},{"damage":8,"enemies":"Hallownest:2_Baldur","floor":2,"turns":5},{"damage":3,"enemies":"Hallownest:monsterHuskWarrior","floor":3,"turns":4},{"damage":22,"enemies":"Hallownest:eliteVengeflyKing","floor":5,"turns":8},{"damage":24,"enemies":"Hallownest:eliteCrystalGuardian","floor":7,"turns":8},{"damage":23,"enemies":"Hallownest:2_Tiktiks_1_Baldur_1_Crawlid","floor":8,"turns":8},{"damage":9,"enemies":"Hallownest:Guard_and_Warrior","floor":10,"turns":7},{"damage":27,"enemies":"Hallownest:eliteMossKnight","floor":11,"turns":12},{"damage":0,"enemies":"Hallownest:monsterAspidMother","floor":13,"turns":4},{"damage":14,"enemies":"Hallownest:eliteCrystalGuardian","floor":14,"turns":8},{"damage":44,"enemies":"Hallownest:BossBrokenVessel","floor":16,"turns":8}],"seed_played":"812860854084935045","potions_obtained":[{"floor":1,"key":"Fire Potion"},{"floor":2,"key":"Block Potion"},{"floor":5,"key":"Block Potion"},{"floor":8,"key":"Explosive Potion"},{"floor":11,"key":"ColorlessPotion"}],"is_trial":false,"path_per_floor":["M","M","M","?","?","R","E","M","T","M","E","$","M","E","R","B"],"character_chosen":"THE_BUGKNIGHT","items_purchased":[],"campfire_rested":1,"item_purchase_floors":[],"current_hp_per_floor":[72,74,75,75,60,60,48,27,27,30,11,11,19,13,37,0,0],"gold":121,"neow_bonus":"THREE_RARE_CARDS","is_prod":false,"is_daily":false,"chose_seed":false,"campfire_upgraded":1,"win_rate":0.0,"timestamp":1607576361,"path_taken":["M","M","M","?","?","R","E","M","T","M","E","?","M","E","R","BOSS"],"build_version":"2020-11-30","purchased_purges":1,"victory":false,"max_hp_per_floor":[75,75,75,75,75,75,75,75,75,75,75,75,75,75,77,77,77],"card_choices":[{"not_picked":["HollowMod:theNailsmith","HollowMod:ElderbugsWisdom"],"picked":"HollowMod:SoulMaster","floor":0},{"not_picked":["HollowMod:GoodIntentions","HollowMod:DashSlash"],"picked":"HollowMod:PerfectDash","floor":1},{"not_picked":["HollowMod:CloakDash","HollowMod:SoulStrike"],"picked":"HollowMod:BlackTendrils","floor":2},{"not_picked":["HollowMod:TaintedHusks","HollowMod:SoulEater"],"picked":"HollowMod:ShadowDash","floor":3},{"not_picked":["HollowMod:NewJinnsSoul","HollowMod:InfectedAttack"],"picked":"HollowMod:HuntersJournal","floor":5},{"not_picked":["HollowMod:DashSlash","HollowMod:FastStrike"],"picked":"HollowMod:HeavyBlow","floor":7},{"not_picked":["HollowMod:DashSlash","HollowMod:DoubleDash"],"picked":"HollowMod:CloakDash","floor":8},{"not_picked":["HollowMod:HowlingWraiths","HollowMod:DoubleDash"],"picked":"HollowMod:GreatSlash","floor":10},{"not_picked":["HollowMod:InfectedAttack","HollowMod:MantisMark"],"picked":"HollowMod:MonarchWings","floor":11},{"not_picked":["HollowMod:DashSlash","HollowMod:GrimmsGift"],"picked":"HollowMod:SoulSplash","floor":13},{"not_picked":["HollowMod:SharpenedNail","HollowMod:Grubsong"],"picked":"HollowMod:LordofShades","floor":14},{"not_picked":["HollowMod:DungDefenderAura","HollowMod:SharpenedNail","HollowMod:CycloneSlash"],"picked":"Singing Bowl","floor":15}],"player_experience":615349,"relics_obtained":[{"floor":5,"key":"Dream Catcher"},{"floor":7,"key":"Singing Bowl"},{"floor":9,"key":"Bottled Lightning"},{"floor":11,"key":"Thread and Needle"},{"floor":14,"key":"Art of War"}],"event_choices":[],"is_beta":false,"boss_relics":[],"items_purged_floors":[12],"is_endless":false,"potions_floor_spawned":[1,2,5,8,11],"killed_by":"Hallownest:BossBrokenVessel","ascension_level":0}}