{"host":"mtzcgy6hqz1ze1d8","time":1607643553,"event":{"mods":["AchievementEnabler","BaseMod","Colored Map","DeckTracker","Keyboard Shortcuts","Minty Spire (QoL Compilation)","Permanent Neow","StSLib","SuperFastMode"],"gold_per_floor":[113,126,51,64,77,109,50,50,50,66,83,110,35,35,35,35,35],"floor_reached":16,"playtime":430,"items_purged":["Strike_R"],"score":224,"play_id":"059d1515-b51f-4039-9894-c38e615b8116","local_time":"20201211083913","is_ascension_mode":true,"campfire_choices":[{"floor":8.0,"key":"REST"},{"data":"Sword Boomerang","floor":15,"key":"SMITH"}],"circlet_count":0,"master_deck":["AscendersBane","Strike_R","Strike_R","Strike_R","Defend_R","Defend_R","Defend_R","Defend_R","Bash+1","Sword Boomerang+1","Shrug It Off","Cleave","Blood for Blood+1"],"relics":["Burning Blood","Meat on the Bone","Du-Vu Doll","WingedGreaves","Juzu Bracelet"],"acts_visited":["Exordium"],"potions_floor_usage":[12],"damage_taken":[{"damage":8.0,"enemies":"2 Louse","floor":1.0,"turns":4.0},{"damage":2.0,"enemies":"Cultist","floor":2.0,"turns":4.0},{"damage":0.0,"enemies":"Small Slimes","floor":4.0,"turns":4.0},{"damage":51.0,"enemies":"Gremlin Gang","floor":5.0,"turns":8.0},{"damage":22.0,"enemies":"3 Sentries","floor":6.0,"turns":8.0},{"damage":6.0,"enemies":"Blue Slaver","floor":10.0,"turns":4.0},{"damage":6.0,"enemies":"2 Fungi Beasts","floor":11.0,"turns":3.0},{"damage":17,"enemies":"Lagavulin","floor":12,"turns":6},{"damage":51,"enemies":"Slime Boss","floor":16,"turns":10}],"seed_played":"1635811978073232121","potions_obtained":[{"floor":2.0,"key":"Fire Potion"},{"floor":6.0,"key":"EntropicBrew"},{"floor":10.0,"key":"PowerPotion"}],"is_trial":false,"path_per_floor":["M","M","?","M","M","E","?","R","T","M","M","E","$","?","R","B"],"character_chosen":"IRONCLAD","items_purchased":[],"campfire_rested":1,"item_purchase_floors":[],"current_hp_per_floor":[66,70,70,75,30,14,14,36,36,48,48,49,49,49,49,0,0],"gold":35,"neow_bonus":"UPGRADE_CARD","is_daily":false,"chose_seed":false,"campfire_upgraded":1,"win_rate":0.0,"timestamp":1607643553,"path_taken":["M","M","?","M","M","E","?","R","T","M","?","E","$","?","R","BOSS"],"items_purchased_type":[],"build_version":"2020-11-30","purchased_purges":1,"victory":false,"max_hp_per_floor":[75,75,75,75,75,75,75,75,75,75,75,75,75,75,75,75,75],"card_choices":[{"not_picked":["Uppercut","Power Through"],"picked":"Sword Boomerang","floor":1.0},{"not_picked":["Cleave","Pummel"],"picked":"Shrug It Off","floor":2.0},{"not_picked":["Anger","Dual Wield","True Grit"],"picked":"SKIP","floor":4.0},{"not_picked":["Body Slam","Wild Strike"],"picked":"Cleave","floor":5.0},{"not_picked":["Entrench","Spot Weakness","Warcry"],"picked":"SKIP","floor":6.0},{"not_picked":["Armaments","Anger","True Grit"],"picked":"SKIP","floor":10.0},{"not_picked":["Shrug It Off","Warcry"],"picked":"Blood for Blood","floor":11.0},{"not_picked":["Battle Trance","Anger","Bludgeon"],"picked":"SKIP","floor":12}],"player_experience":306735,"relics_obtained":[{"floor":6.0,"key":"Meat on the Bone"},{"floor":9.0,"key":"WingedGreaves"},{"floor":12,"key":"Juzu Bracelet"}],"event_choices":[{"cards_removed":["Strike_R"],"damage_healed":0.0,"max_hp_gain":0.0,"max_hp_loss":0.0,"gold_gain":0.0,"event_name":"The Cleric","player_choice":"Card Removal","floor":3.0,"gold_loss":75.0,"damage_taken":0.0},{"damage_healed":0.0,"max_hp_gain":0.0,"max_hp_loss":0.0,"gold_gain":0.0,"event_name":"WeMeetAgain","player_choice":"Paid Gold","floor":7.0,"gold_loss":59.0,"damage_taken":0.0,"relics_obtained":["Du-Vu Doll"]},{"damage_healed":0,"gold_gain":0,"player_choice":"Upgraded","damage_taken":0,"max_hp_gain":0,"max_hp_loss":0,"event_name":"Upgrade Shrine","floor":14,"gold_loss":0,"cards_upgraded":["Blood for Blood"]}],"is_beta":false,"boss_relics":[],"items_purged_floors":[13],"is_endless":false,"potions_floor_spawned":[2,6,10,11],"killed_by":"Slime Boss","ascension_level":20}}