{"host":"a5lz0e76zb3fcwkm","time":1607608564,"event":{"mods":["BaseMod","StSLib","Colored Map","SuperFastMode","Colored Powertips","Minty Spire (QoL Compilation)","AchievementEnabler"],"gold_per_floor":[111,130,146,158,158,158,178,206,231,257,271,288,288,288,288,362,362,380,231,246,246,246],"floor_reached":21,"playtime":549,"items_purged":["Strike_R"],"score":386,"play_id":"18ec7bae-b9e4-457d-8eca-4ee55e3a6530","local_time":"20201210225604","is_ascension_mode":true,"campfire_choices":[{"data":"Barricade","floor":6.0,"key":"SMITH"},{"data":"Entrench","floor":15.0,"key":"SMITH"}],"circlet_count":0,"master_deck":["AscendersBane","Strike_R","Defend_R+1","Defend_R+1","Defend_R","Defend_R","Bash","Barricade+1","Pommel Strike","Flame Barrier","Hemokinesis","Shrug It Off","Immolate","Entrench+1","Blood for Blood","Seeing Red"],"special_seed":0,"relics":["Burning Blood","Matryoshka","War Paint","Blood Vial","Potion Belt","Empty Cage"],"acts_visited":["Exordium","TheCity"],"potions_floor_usage":[],"damage_taken":[{"damage":8.0,"enemies":"Cultist","floor":1.0,"turns":5.0},{"damage":9.0,"enemies":"Jaw Worm","floor":2.0,"turns":5.0},{"damage":0.0,"enemies":"2 Louse","floor":3.0,"turns":4.0},{"damage":8.0,"enemies":"Gremlin Gang","floor":4.0,"turns":5.0},{"damage":5.0,"enemies":"Blue Slaver","floor":7.0,"turns":3.0},{"damage":32.0,"enemies":"Lagavulin","floor":8.0,"turns":10.0},{"damage":30.0,"enemies":"Gremlin Nob","floor":10.0,"turns":4.0},{"damage":13.0,"enemies":"Looter","floor":11.0,"turns":3.0},{"damage":0.0,"enemies":"2 Fungi Beasts","floor":12.0,"turns":3.0},{"damage":60.0,"enemies":"Slime Boss","floor":16.0,"turns":10.0},{"damage":32,"enemies":"2 Thieves","floor":18,"turns":4},{"damage":26,"enemies":"Shell Parasite","floor":20,"turns":8},{"damage":35,"enemies":"Cultist and Chosen","floor":21,"turns":3}],"seed_played":"7634345423296048412","potions_obtained":[{"floor":2.0,"key":"Block Potion"},{"floor":3.0,"key":"ColorlessPotion"},{"floor":11.0,"key":"Swift Potion"},{"floor":12.0,"key":"Fire Potion"}],"is_trial":false,"path_per_floor":["M","M","M","M","?","R","M","E","T","E","M","M","?","?","R","B",null,"M","$","M","M"],"character_chosen":"IRONCLAD","items_purchased":["Seeing Red"],"campfire_rested":0,"item_purchase_floors":[19],"current_hp_per_floor":[66,63,68,66,66,66,67,41,41,17,12,20,2,68,68,14,55,31,31,13,0,0],"gold":246,"neow_bonus":"THREE_RARE_CARDS","is_daily":false,"chose_seed":false,"campfire_upgraded":2,"win_rate":0,"timestamp":1607608564,"path_taken":["M","?","M","M","?","R","M","E","T","E","?","?","?","?","R","BOSS","M","$","?","M"],"build_version":"2020-11-30","purchased_purges":1,"victory":false,"max_hp_per_floor":[68,68,68,68,68,68,68,68,68,68,68,68,68,68,68,68,68,68,68,68,68,68],"card_choices":[{"not_picked":["Exhume","Brutality"],"picked":"Barricade","floor":0.0},{"not_picked":["True Grit","Sever Soul"],"picked":"Pommel Strike","floor":1.0},{"not_picked":["Iron Wave","Sword Boomerang"],"picked":"Flame Barrier","floor":2.0},{"not_picked":["Armaments","True Grit"],"picked":"Hemokinesis","floor":3.0},{"not_picked":["Hemokinesis","Havoc"],"picked":"Shrug It Off","floor":4.0},{"not_picked":["Armaments","Clothesline","Rupture"],"picked":"SKIP","floor":7.0},{"not_picked":["Iron Wave","Clothesline"],"picked":"Immolate","floor":8.0},{"not_picked":["Reckless Charge","Infernal Blade","Flame Barrier"],"picked":"SKIP","floor":10.0},{"not_picked":["Shrug It Off","Dark Embrace"],"picked":"Entrench","floor":11.0},{"not_picked":["Flex","Clash"],"picked":"Blood for Blood","floor":12.0},{"not_picked":["Sword Boomerang","Cleave","Armaments"],"picked":"SKIP","floor":18},{"not_picked":["Clothesline","Rampage","Perfected Strike"],"picked":"SKIP","floor":20}],"player_experience":1603541,"relics_obtained":[{"floor":8.0,"key":"Matryoshka"},{"floor":9.0,"key":"War Paint"},{"floor":10.0,"key":"Blood Vial"}],"event_choices":[{"cards_removed":["Strike_R"],"damage_healed":0.0,"max_hp_gain":0.0,"max_hp_loss":0.0,"gold_gain":0.0,"event_name":"Purifier","player_choice":"Purged","floor":5.0,"gold_loss":0.0,"damage_taken":0.0},{"damage_healed":0.0,"max_hp_gain":0.0,"max_hp_loss":0.0,"gold_gain":0.0,"event_name":"Scrap Ooze","player_choice":"Success","floor":13.0,"gold_loss":0.0,"damage_taken":18.0,"relics_obtained":["Potion Belt"]},{"damage_healed":66.0,"max_hp_gain":0.0,"max_hp_loss":0.0,"gold_gain":0.0,"event_name":"Wheel of Change","player_choice":"Full Heal","floor":14.0,"gold_loss":0.0,"damage_taken":0.0}],"is_beta":false,"boss_relics":[{"not_picked":["Runic Pyramid","Sozu"],"picked":"Empty Cage"}],"items_purged_floors":[19],"is_endless":false,"potions_floor_spawned":[2,3,11,12],"killed_by":"Cultist and Chosen","ascension_level":20}}