{"host":"6jcxerjfmuawfds2","time":1607602047,"event":{"gold_per_floor":[119,119,0,19,19,49,61,91,128,140,172,212,243,255,267,380,392,422,384,396,131,148,178,194,194,194],"floor_reached":25,"playtime":548,"items_purged":["Strike_R"],"score":282,"play_id":"eb166633-68c4-477e-ada2-33efdb1761dc","local_time":"20201210210727","is_ascension_mode":true,"campfire_choices":[{"data":"Heavy Blade","floor":7,"key":"SMITH"},{"data":"Inflame","floor":10,"key":"SMITH"},{"data":"Flex","floor":15,"key":"SMITH"}],"neow_cost":"NONE","seed_source_timestamp":39140552929400,"circlet_count":0,"master_deck":["Strike_R","Strike_R","Strike_R","Defend_R","Defend_R","Defend_R","Defend_R","Bash","Inflame+1","Heavy Blade+1","Pummel","Flex+1","Limit Break","Flex","Seeing Red+1"],"relics":["Burning Blood","NeowsBlessing","MawBank","Juzu Bracelet","Runic Pyramid","MutagenicStrength","Lantern","Oddly Smooth Stone"],"potions_floor_usage":[16,23,23,23,25],"damage_taken":[{"damage":0,"enemies":"2 Louse","floor":1,"turns":1},{"damage":0,"enemies":"Cultist","floor":4,"turns":1},{"damage":0,"enemies":"Lagavulin","floor":6,"turns":1},{"damage":7,"enemies":"Jaw Worm","floor":8,"turns":2},{"damage":12,"enemies":"Looter","floor":11,"turns":3},{"damage":31,"enemies":"3 Sentries","floor":12,"turns":6},{"damage":21,"enemies":"Gremlin Gang","floor":13,"turns":5},{"damage":54,"enemies":"Slime Boss","floor":16,"turns":11},{"damage":0,"enemies":"Spheric Guardian","floor":18,"turns":2},{"damage":2,"enemies":"Chosen","floor":22,"turns":2},{"damage":72,"enemies":"Gremlin Leader","floor":23,"turns":4},{"damage":18,"enemies":"3 Cultists","floor":24,"turns":5},{"damage":12,"enemies":"Snake Plant","floor":25,"turns":1}],"seed_played":"-8404843377692801472","potions_obtained":[{"floor":11,"key":"Weak Potion"},{"floor":12,"key":"LiquidMemories"},{"floor":16,"key":"Explosive Potion"},{"floor":18,"key":"ElixirPotion"},{"floor":24,"key":"Weak Potion"}],"is_trial":false,"path_per_floor":["M","?","$","M","?","E","R","M","T","R","M","E","M","?","R","B",null,"M","?","?","$","M","E","M","M"],"character_chosen":"IRONCLAD","items_purchased":["Inflame","Heavy Blade","Lantern","Flex"],"campfire_rested":0,"item_purchase_floors":[3,3,21,21],"current_hp_per_floor":[80,80,80,80,85,85,85,84,84,84,78,53,38,85,85,37,85,85,85,85,85,85,19,7,0,0],"gold":194,"neow_bonus":"THREE_ENEMY_KILL","is_prod":false,"is_daily":false,"chose_seed":false,"campfire_upgraded":3,"win_rate":0,"timestamp":1607602047,"path_taken":["M","?","$","?","?","E","R","M","T","R","M","E","M","?","R","BOSS","M","?","?","$","M","E","M","M"],"build_version":"2020-11-30","purchased_purges":1,"victory":false,"max_hp_per_floor":[80,80,80,80,85,85,85,85,85,85,85,85,85,85,85,85,85,85,85,85,85,85,85,85,85,85],"card_choices":[{"not_picked":["Warcry","Havoc","Shockwave"],"picked":"SKIP","floor":1},{"not_picked":["Sentinel","Carnage"],"picked":"Pummel","floor":4},{"not_picked":["Rupture","Pommel Strike"],"picked":"Pummel","floor":6},{"not_picked":["Thunderclap","Clash","Intimidate"],"picked":"SKIP","floor":8},{"not_picked":["Thunderclap","Havoc","Clothesline"],"picked":"SKIP","floor":11},{"not_picked":["Brutality","Perfected Strike","Body Slam"],"picked":"SKIP","floor":12},{"not_picked":["Armaments","Evolve"],"picked":"Flex","floor":13},{"not_picked":["Barricade","Offering"],"picked":"Limit Break","floor":16},{"not_picked":["Bloodletting","Havoc","Intimidate"],"picked":"SKIP","floor":18},{"not_picked":["Shrug It Off+1","Thunderclap"],"picked":"Seeing Red+1","floor":22},{"not_picked":["Power Through","Clothesline","Fire Breathing+1"],"picked":"SKIP","floor":23},{"not_picked":["Anger+1","Pommel Strike","Wild Strike"],"picked":"SKIP","floor":24}],"player_experience":115992,"relics_obtained":[{"floor":6,"key":"MawBank"},{"floor":12,"key":"Juzu Bracelet"},{"floor":23,"key":"Oddly Smooth Stone"}],"event_choices":[{"cards_removed":["Strike_R"],"damage_healed":0,"gold_gain":0,"player_choice":"Purged","damage_taken":0,"max_hp_gain":0,"max_hp_loss":0,"event_name":"Purifier","floor":2,"gold_loss":0},{"damage_healed":0,"gold_gain":0,"player_choice":"Donut","damage_taken":0,"max_hp_gain":5,"max_hp_loss":0,"event_name":"Big Fish","floor":5,"gold_loss":0},{"cards_removed":["Pummel"],"damage_healed":47,"gold_gain":0,"player_choice":"Offered Uncommon","damage_taken":0,"max_hp_gain":0,"max_hp_loss":0,"event_name":"Bonfire Elementals","floor":14,"gold_loss":0},{"damage_healed":0,"gold_gain":0,"player_choice":"Bet on Owner","damage_taken":0,"max_hp_gain":0,"max_hp_loss":0,"event_name":"The Joust","floor":19,"gold_loss":50},{"damage_healed":0,"gold_gain":0,"player_choice":"Inject Mutagens","damage_taken":0,"relics_obtained":["MutagenicStrength"],"max_hp_gain":0,"max_hp_loss":0,"event_name":"Drug Dealer","floor":20,"gold_loss":0}],"is_beta":false,"boss_relics":[{"not_picked":["Black Star","Cursed Key"],"picked":"Runic Pyramid"}],"items_purged_floors":[21],"is_endless":false,"potions_floor_spawned":[11,12,16,18,24],"killed_by":"Snake Plant","ascension_level":2}}