{"host":"ee5exjejqz6r5zx9","time":1607591478,"event":{"gold_per_floor":[138,148,2703,2723,2583,2617,2628,2663,2708,2737,2748,2777,2777,2800,2800,2913,2913,2937,2937,2937,2958,3058,3089,3106,3140,3174,3197,3197,2760,2760,2779,2779,2887,2887,2905,2931,2777,2798,2798,2830,2476,2514,2523,2532,2532,2532,2554,2587,2587,2596,2596,2596,2046,2076,2090],"floor_reached":56,"playtime":2334,"items_purged":["AT_purpleEX","Defend_purpleEX","AT_purpleEX","AT_purpleEX","StateErode_purple+1"],"score":1845,"play_id":"2e0d09ba-acc8-40d1-9b00-1889976d9ddb","local_time":"20201210171118","is_ascension_mode":true,"campfire_choices":[{"floor":13.0,"key":"RECALL"},{"data":"MetroBOOM_purple","floor":15.0,"key":"SMITH"},{"floor":28.0,"key":"REST"},{"floor":32,"key":"REST"},{"floor":46,"key":"REST"},{"floor":49,"key":"REST"},{"floor":52,"key":"REST"}],"neow_cost":"NONE","seed_source_timestamp":271520644361900,"circlet_count":0,"master_deck":["Defend_purpleEX+1","Observe_purple_1+1","Observe_purple_2+1","REME_CopyPotion+1","Charmbait_purple+1","DimensionStaggered_purple+1","ProofOfUnderstanding_purple","Umbrella_purple+1","ExternalForce_HighSpeedFlying_purple+1","MetroBOOM_purple+1","WangLiang_LineAndCurveDreams_purple+1","Monsters_DoubleDeathButterfly_purple+1","MeetDecomposer_purple+1","Sadistic Nature+1","DimensionStaggered_purple+1","RuptureOfTimeAndSpace_purple+1"],"special_seed":0,"relics":["Boundary_crack","Memoryfragments_purpleEX","Hammer of Thor","Seething Fire","Anvil of the Gods","testmod-TestBox","REME_ComplimentaryCards","testmod-Maize","EGODaCapo","Question Card","ClockworkSouvenir","Replay:Accelerometer","PreservedInsect","StoneCalendar","Nunchaku","REME_HourglassOfDeath","CeramicFish","Snack Pack","ImportantClient","Cursed Key","DaveBox","Medical Kit","testmod-Acrobat","ReplayTheSpireMod:Lightbulb","Lantern","TheAbacus","testmod-ArcanaOfDestiny","Pen Nib","Quantum Egg","Bird Faced Urn","testmod-IndustrialRevolution","MagicDraw2","SecretRecord","Bottled Lightning","Sling","Gambling Chip","ZombieArmy"],"potions_floor_usage":[31,55,55],"damage_taken":[{"damage":0.0,"enemies":"Gensokyo:2_Kodama","floor":1.0,"turns":6.0},{"damage":0.0,"enemies":"Gensokyo:Python","floor":2.0,"turns":3.0},{"damage":0.0,"enemies":"Gensokyo:3_Fairies","floor":4.0,"turns":2.0},{"damage":21.0,"enemies":"Gensokyo:Aya","floor":6.0,"turns":3.0},{"damage":0.0,"enemies":"Gensokyo:3_Kodama","floor":7.0,"turns":1.0},{"damage":17.0,"enemies":"Gensokyo:Cirno","floor":8.0,"turns":4.0},{"damage":13.0,"enemies":"Gensokyo:Aya","floor":10.0,"turns":2.0},{"damage":0.0,"enemies":"Gensokyo:CorruptedTreant","floor":11.0,"turns":2.0},{"damage":12.0,"enemies":"Gensokyo:Cirno","floor":12.0,"turns":5.0},{"damage":0.0,"enemies":"Gensokyo:VengefulSpirit","floor":14.0,"turns":2.0},{"damage":0.0,"enemies":"Gensokyo:Reimu","floor":16.0,"turns":5.0},{"damage":0.0,"enemies":"3 Byrds","floor":18.0,"turns":3.0},{"damage":0.0,"enemies":"Chosen","floor":21.0,"turns":3.0},{"damage":0.0,"enemies":"Slavers","floor":23.0,"turns":2.0},{"damage":3.0,"enemies":"Centurion and Healer","floor":24.0,"turns":2.0},{"damage":0.0,"enemies":"Book of Stabbing","floor":25.0,"turns":3.0},{"damage":0.0,"enemies":"Shelled Parasite and Fungi","floor":27.0,"turns":2.0},{"damage":0,"enemies":"Snake Plant","floor":31,"turns":1},{"damage":2,"enemies":"Champ","floor":33,"turns":3},{"damage":0,"enemies":"3 Shapes","floor":35,"turns":2},{"damage":0,"enemies":"3 Darklings","floor":36,"turns":3},{"damage":0,"enemies":"Jaw Worm Horde","floor":38,"turns":1},{"damage":0,"enemies":"R_Hoarder","floor":40,"turns":2},{"damage":0,"enemies":"Giant Head","floor":42,"turns":2},{"damage":0,"enemies":"Maw","floor":47,"turns":2},{"damage":0,"enemies":"Sphere and 2 Shapes","floor":48,"turns":2},{"damage":0,"enemies":"Time Eater","floor":50,"turns":3},{"damage":0,"enemies":"Shield and Spear","floor":54,"turns":2},{"damage":0,"enemies":"The Heart","floor":55,"turns":4}],"seed_played":"7949431954242640421","potions_obtained":[{"floor":2.0,"key":"Explosive Potion"},{"floor":6.0,"key":"Weak Potion"},{"floor":7.0,"key":"Weak Potion"},{"floor":10.0,"key":"FearPotion"},{"floor":18.0,"key":"Block Potion"},{"floor":27.0,"key":"SpeedPotion"},{"floor":31,"key":"GamblersBrew"},{"floor":35,"key":"Block Potion"},{"floor":38,"key":"Energy Potion"},{"floor":42,"key":"Elixir"}],"is_trial":false,"path_per_floor":["M","M","$","M","?","E","M","E","T","E","M","E","R","M","R","B",null,"M","?","?","M","?","E","M","E","T","M","R","$","?","M","R","B",null,"M","M","$","M","?","E","$","E","T","$","?","R","M","M","R","B",null,"R","$","E","B",null],"character_chosen":"Youkari","items_purchased":["DimensionStaggered_purple","ClockworkSouvenir","Replay:Accelerometer","PreservedInsect","GluttonyofRealm_purpleEX","TheAbacus","testmod-ArcanaOfDestiny","Pen Nib","RuleDissolution_purple","Sadistic Nature","Bird Faced Urn","testmod-IndustrialRevolution","Bottled Lightning","Sling","Gambling Chip"],"campfire_rested":5,"item_purchase_floors":[3,3,3,3,3,29,29,29,37,37,41,41,53,53,53],"current_hp_per_floor":[70,70,70,70,70,54,55,43,43,35,39,31,31,34,34,43,70,70,70,70,70,70,70,70,73,73,73,73,73,73,73,73,73,73,73,73,73,73,73,73,73,73,73,73,73,73,73,73,73,73,73,73,73,73,73],"gold":2090,"neow_bonus":"REMOVE_CARD","is_prod":false,"is_daily":false,"chose_seed":false,"campfire_upgraded":1,"win_rate":1,"timestamp":1607591478,"path_taken":["M","M","$","?","?","E","M","E","T","E","M","E","R","M","R","BOSS","M","?","?","M","?","E","M","E","T","?","R","?","?","M","R","BOSS","M","M","$","?","?","E","$","E","T","$","?","R","?","M","R","BOSS","R","$","E","BOSS"],"build_version":"2020-11-30","purchased_purges":5,"victory":true,"max_hp_per_floor":[70,70,70,70,70,70,70,70,70,70,70,70,70,70,70,70,70,70,70,70,70,70,70,70,73,73,73,73,73,73,73,73,73,73,73,73,73,73,73,73,73,73,73,73,73,73,73,73,73,73,73,73,73,73,73],"card_choices":[{"not_picked":["Yakumo_Ran_purple","Mirror_WaveAndshot_purple"],"picked":"Charmbait_purple","floor":1.0},{"not_picked":["Anti_communist_purple","Charmbait_purple","FragmentationRealm_purple"],"picked":"StateErode_purple","floor":2.0},{"not_picked":["Umbrella_purple","Charmbait_purple","OmniscientAndOmnipotent_Monster_purple"],"picked":"ProofOfUnderstanding_purple","floor":4.0},{"not_picked":["Worldmountain_purple","Boundary_DynamicStaticEquilibrium_purple","RealityDreamConfluencek_purple","AdvanceAttack_purple"],"picked":"SKIP","floor":6.0},{"not_picked":["PurpleNeedle_purple","OpenedBox_purple","Human_Monster_Realm_purple"],"picked":"Umbrella_purple","floor":7.0},{"not_picked":["Boundary_of_Extermination_purpleEX","DarkRealmRedLine_purple","EighthInstrument_OneDividesIntoTwo_purple"],"picked":"ExternalForce_HighSpeedFlying_purple","floor":8.0},{"not_picked":["DimensionStaggered_purple","BarrageBoundary_PipeDream_purple","SfantasyHide_purple","WingOfChimera_purple"],"picked":"SKIP","floor":10.0},{"not_picked":["OmniscientAndOmnipotent_Monster_purple","ExistenceContinue_purple","Line_surface_state_purple","StateErode_purple"],"picked":"SKIP","floor":11.0},{"not_picked":["Line_surface_state_purple","WingOfChimera_purple","DimensionStaggered_purple","Boundary_ObjectiveBoundary_purple"],"picked":"SKIP","floor":12.0},{"not_picked":["Mirror_FormAndEmptin_purple","Umbrella_purple","Theboundaryofcreation_purpleEX"],"picked":"MetroBOOM_purple","floor":14.0},{"not_picked":["BarrageBoundary_PipeDream_purple","ProofOfUnderstanding_purple","Fancifulhole_purple"],"picked":"WangLiang_LineAndCurveDreams_purple","floor":16.0},{"not_picked":["StateDuplicate_purple","RuleDissolution_purple","Bait_HighSpeedFlying_purple+1","DarkRealmRedLine_purple+1"],"picked":"SKIP","floor":18.0},{"not_picked":["MetroBOOM_purple","Shallow_ocean_purpleEX","WatchEChange_purple"],"picked":"MeetDecomposer_purple","floor":21.0},{"not_picked":["Erosivefilter_purple+1","Mirror_WaveAndshot_purple","Worldmountain_purple","PositiveMatter_Antimatter_Universe_purple"],"picked":"SKIP","floor":23.0},{"not_picked":["Mirror_WaveAndshot_purple","EighthInstrument_OneDividesIntoTwo_purple","CommonSense_AntiCommonSense_purple","Mirror_Drifter_purple"],"picked":"SKIP","floor":24.0},{"not_picked":["ExternalForce_HighSpeedFlying_purple","PurpleNeedle_purple","SharpContractionReality_purple","AdvanceAttack_purple"],"picked":"SKIP","floor":25.0},{"not_picked":["ExternalForce_HighSpeedFlying_purple","PurpleNeedle_purple","SharpContractionReality_purple","AdvanceAttack_purple"],"picked":"SKIP","floor":25.0},{"not_picked":["Charmbait_purple+1","Mirror_Drifter_purple","RealityDreamConfluencek_purple+1","Realm_recovery_purpleEX"],"picked":"SKIP","floor":27.0},{"not_picked":["SfantasyHide_purple+1","Line_surface_state_purple","Erosivefilter_purple","StateDuplicate_purple"],"picked":"SKIP","floor":31},{"not_picked":["ButterflyHabitatTemple_purple+1","Mirror_FourBoundary_purple","Line_surface_state_purple+1","Umbrella_purple"],"picked":"SKIP","floor":35},{"not_picked":["StateErode_purple","Mirror_FourBoundary_purple","Worldmountain_purple","WatchEyeChange_purple+1"],"picked":"SKIP","floor":36},{"not_picked":["ContainerChange_purple","ExistenceContinue_purple+1","Worldmountain_purple+1","Charmbait_purple"],"picked":"SKIP","floor":38},{"not_picked":["SfantasyHide_purple","SharpContractionReality_purple","StateErode_purple","AdvanceAttack_purple+1"],"picked":"SKIP","floor":40},{"not_picked":["Worldmountain_purple","SfantasyHide_purple","Realm_recovery_purpleEX+1","SharpContractionReality_purple+1"],"picked":"SKIP","floor":42},{"not_picked":["SfantasyHide_purple+1","DimensionStaggered_purple","Mirror_FormAndEmptin_purple","ExistenceContinue_purple+1"],"picked":"SKIP","floor":47},{"not_picked":["WatchEyeChange_purple+1","OpenedBox_purple","Price_of_realm_purpleEX"],"picked":"RuptureOfTimeAndSpace_purple+1","floor":48},{"not_picked":["StateErode_purple","ExistenceContinue_purple+1","MeetDecomposer_purple","DarkRealmRedLine_purple"],"picked":"SKIP","floor":54}],"player_experience":421067,"relics_obtained":[{"floor":1.0,"key":"Question Card"},{"floor":6.0,"key":"Nunchaku"},{"floor":8.0,"key":"REME_HourglassOfDeath"},{"floor":10.0,"key":"CeramicFish"},{"floor":12.0,"key":"Snack Pack"},{"floor":16.0,"key":"ImportantClient"},{"floor":23.0,"key":"testmod-Acrobat"},{"floor":25.0,"key":"ReplayTheSpireMod:Lightbulb"},{"floor":26.0,"key":"Lantern"},{"floor":40,"key":"Quantum Egg"},{"floor":42,"key":"MagicDraw2"},{"floor":43,"key":"SecretRecord"},{"floor":54,"key":"ZombieArmy"}],"event_choices":[{"damage_healed":0.0,"max_hp_gain":0.0,"max_hp_loss":0.0,"gold_gain":0.0,"event_name":"给自己的盒子","player_choice":"Swap Relic","floor":19.0,"relics_lost":["DaveBox"],"gold_loss":0.0,"damage_taken":0.0,"relics_obtained":["DaveBox"]},{"damage_healed":0.0,"max_hp_gain":0.0,"max_hp_loss":0.0,"gold_gain":0.0,"event_name":"Vampires","player_choice":"Ignored","floor":20.0,"gold_loss":0.0,"damage_taken":0.0},{"damage_healed":0.0,"max_hp_gain":0.0,"max_hp_loss":0.0,"gold_gain":100.0,"event_name":"Golden Shrine","player_choice":"Pray","floor":22.0,"gold_loss":0.0,"damage_taken":0.0},{"damage_healed":0,"gold_gain":0,"player_choice":"Ignored","damage_taken":0,"max_hp_gain":0,"max_hp_loss":0,"event_name":"Purifier","floor":30,"gold_loss":0},{"damage_healed":0,"gold_gain":0,"player_choice":"Ignored","damage_taken":0,"max_hp_gain":0,"max_hp_loss":0,"event_name":"Tomb of Lord Red Mask","floor":39,"gold_loss":0}],"is_beta":false,"boss_relics":[{"not_picked":["BloodWine","MetatronsCube"],"picked":"Cursed Key"},{"not_picked":["Pandora\u0027s Box","NightmareShop","testmod-Prudence"]}],"items_purged_floors":[3,3,3,3,37],"is_endless":false,"potions_floor_spawned":[2,6,7,10,18,21,27,31,35,38,42],"ascension_level":1}}