{"host":"ixl9a8gzl87gveif","time":1607576138,"event":{"gold_per_floor":[15,15,30,47,47,47,90,55,104,104,123,123,159,159,159,159,159],"floor_reached":16,"playtime":302,"items_purged":[],"score":113,"play_id":"acb434b9-c475-4845-91d7-e9298c48c4ca","local_time":"20201210045538","is_ascension_mode":true,"campfire_choices":[{"data":"Mayhem","floor":6,"key":"SMITH"},{"data":"Anger","floor":10,"key":"SMITH"},{"data":"Demon Form","floor":12,"key":"SMITH"},{"data":"Shrug It Off","floor":15,"key":"SMITH"}],"neow_cost":"NO_GOLD","seed_source_timestamp":389730206062800,"circlet_count":0,"master_deck":["Strike_R","Strike_R","Strike_R","Strike_R","Strike_R","Defend_R","Defend_R","Defend_R","Defend_R","Bash","Mayhem+1","Headbutt","Clothesline","Anger+1","Metallicize","Demon Form+1","Shrug It Off+1"],"relics":["Burning Blood","Regal Pillow","Golden Idol","Letter Opener","Smiling Mask","Prayer Wheel","WingedGreaves"],"potions_floor_usage":[7],"damage_taken":[{"damage":0,"enemies":"Small Slimes","floor":1,"turns":3},{"damage":6,"enemies":"Cultist","floor":3,"turns":3},{"damage":8,"enemies":"Jaw Worm","floor":4,"turns":3},{"damage":31,"enemies":"Lagavulin","floor":7,"turns":6},{"damage":12,"enemies":"Looter","floor":11,"turns":3},{"damage":37,"enemies":"3 Sentries","floor":13,"turns":7},{"damage":32,"enemies":"The Guardian","floor":16,"turns":8}],"seed_played":"-2669278248055530445","potions_obtained":[{"floor":1,"key":"EssenceOfSteel"},{"floor":11,"key":"GamblersBrew"}],"is_trial":false,"path_per_floor":["M","?","M","M","?","R","E","?","T","R","M","R","E","T","R","B"],"character_chosen":"IRONCLAD","items_purchased":[],"campfire_rested":0,"item_purchase_floors":[],"current_hp_per_floor":[80,80,80,78,74,74,49,67,67,67,61,61,30,30,30,0,0],"gold":159,"neow_bonus":"RANDOM_COLORLESS_2","is_prod":false,"is_daily":false,"chose_seed":false,"campfire_upgraded":4,"win_rate":0,"timestamp":1607576138,"path_taken":["M","?","M","?","?","R","E","?","T","R","M","R","E","?","R","BOSS"],"build_version":"2020-11-30","purchased_purges":0,"victory":false,"max_hp_per_floor":[80,80,80,80,74,74,74,74,74,74,74,74,74,74,74,74,74],"relic_stats":{"Regal Pillow":0,"counters":[7,33],"Golden Idol":20,"Prayer Wheel":0,"Letter Opener":[0],"Smiling Mask":0,"obtain_stats":[{"Regal Pillow":2,"Golden Idol":5,"Prayer Wheel":13,"WingedGreaves":14,"Letter Opener":7,"Smiling Mask":9,"Burning Blood":0},{"Regal Pillow":1,"Golden Idol":3,"Prayer Wheel":6,"WingedGreaves":6,"Letter Opener":4,"Smiling Mask":4,"Burning Blood":0},{"Regal Pillow":3,"Golden Idol":9,"Prayer Wheel":25,"WingedGreaves":25,"Letter Opener":15,"Smiling Mask":15,"Burning Blood":0}],"Burning Blood":30},"card_choices":[{"not_picked":["The Bomb","Metamorphosis"],"picked":"Mayhem","floor":0},{"not_picked":["Dark Embrace","Wild Strike"],"picked":"Headbutt","floor":1},{"not_picked":["Headbutt","Twin Strike"],"picked":"Clothesline","floor":3},{"not_picked":["Havoc","Clothesline"],"picked":"Anger","floor":4},{"not_picked":["Reckless Charge","Heavy Blade"],"picked":"Metallicize","floor":7},{"not_picked":["Thunderclap","Twin Strike"],"picked":"Demon Form","floor":11},{"not_picked":["Perfected Strike","Headbutt"],"picked":"Shrug It Off","floor":13}],"player_experience":345665,"relics_obtained":[{"floor":2,"key":"Regal Pillow"},{"floor":7,"key":"Letter Opener"},{"floor":9,"key":"Smiling Mask"},{"floor":13,"key":"Prayer Wheel"},{"floor":14,"key":"WingedGreaves"}],"event_choices":[{"damage_healed":0,"gold_gain":0,"player_choice":"Relic","damage_taken":0,"max_hp_gain":0,"max_hp_loss":0,"event_name":"Wheel of Change","floor":2,"gold_loss":0},{"damage_healed":0,"gold_gain":0,"player_choice":"Lose Max HP","damage_taken":0,"relics_obtained":["Golden Idol"],"max_hp_gain":0,"max_hp_loss":6,"event_name":"Golden Idol","floor":5,"gold_loss":0},{"damage_healed":18,"gold_gain":0,"player_choice":"Healed","damage_taken":0,"max_hp_gain":0,"max_hp_loss":0,"event_name":"The Cleric","floor":8,"gold_loss":35}],"is_beta":false,"boss_relics":[],"items_purged_floors":[],"is_endless":false,"potions_floor_spawned":[1,11],"killed_by":"The Guardian","ascension_level":1}}