{"host":"p9t7qd83igtcp2bh","time":1607606551,"event":{"gold_per_floor":[113,288,308,320,320,345,345,372,372,372,392,403,403,24,24,125,125,135,35,51,150,166,166,166,76,100,131,131,141,158,186,186,186,186],"floor_reached":33,"playtime":1128,"items_purged":["Pain","Doubt"],"score":457,"play_id":"b42e81e0-bcc9-4545-a7e9-dfb33e128656","local_time":"20201210222231","is_ascension_mode":true,"campfire_choices":[{"floor":7.0,"key":"REST"},{"floor":10.0,"key":"REST"},{"data":"WheelKick","floor":13.0,"key":"SMITH"},{"data":"Worship","floor":15.0,"key":"SMITH"},{"data":"Brilliance","floor":23.0,"key":"SMITH"},{"floor":28.0,"key":"REST"},{"floor":32.0,"key":"REST"}],"neow_cost":"NONE","seed_source_timestamp":854746759651500,"circlet_count":0,"master_deck":["AscendersBane","Strike_P","Defend_P","Defend_P","Defend_P","Eruption+1","Vigilance","FlyingSleeves+1","Worship+1","FlyingSleeves","WheelKick+1","Evaluate","EmptyBody","Brilliance+1","InnerPeace+1","InnerPeace+1","Judgement+1","FlurryOfBlows","Tantrum"],"special_seed":0,"relics":["PureWater","WarpedTongs","TungstenRod","Sundial","Calipers","Eternal Feather","Astrolabe","Nilry\u0027s Codex","Toy Ornithopter","Nunchaku","Juzu Bracelet"],"potions_floor_usage":[],"damage_taken":[{"damage":13.0,"enemies":"2 Louse","floor":1.0,"turns":3.0},{"damage":0.0,"enemies":"Small Slimes","floor":3.0,"turns":2.0},{"damage":0.0,"enemies":"Cultist","floor":4.0,"turns":3.0},{"damage":34.0,"enemies":"Gremlin Nob","floor":6.0,"turns":4.0},{"damage":33.0,"enemies":"3 Sentries","floor":8.0,"turns":8.0},{"damage":12.0,"enemies":"Exordium Thugs","floor":11.0,"turns":4.0},{"damage":0.0,"enemies":"Exordium Wildlife","floor":12.0,"turns":3.0},{"damage":17.0,"enemies":"Hexaghost","floor":16.0,"turns":12.0},{"damage":4.0,"enemies":"Chosen","floor":18.0,"turns":4.0},{"damage":2.0,"enemies":"3 Byrds","floor":20.0,"turns":4.0},{"damage":1.0,"enemies":"Cultist and Chosen","floor":22.0,"turns":4.0},{"damage":17.0,"enemies":"Book of Stabbing","floor":27.0,"turns":4.0},{"damage":0.0,"enemies":"Snecko","floor":29.0,"turns":2.0},{"damage":25.0,"enemies":"Shelled Parasite and Fungi","floor":30.0,"turns":5.0},{"damage":40.0,"enemies":"Gremlin Leader","floor":31.0,"turns":6.0},{"damage":38,"enemies":"Collector","floor":33,"turns":6}],"seed_played":"-784648697007943868","potions_obtained":[{"floor":8.0,"key":"SneckoOil"},{"floor":11.0,"key":"SneckoOil"},{"floor":16.0,"key":"EssenceOfSteel"},{"floor":27.0,"key":"EssenceOfSteel"},{"floor":29.0,"key":"Explosive Potion"},{"floor":30.0,"key":"EssenceOfSteel"},{"floor":31.0,"key":"BottledMiracle"}],"is_trial":false,"path_per_floor":["M","?","M","M","?","E","R","E","T","R","M","M","R","$","R","B",null,"M","$","M","?","M","R","?","?","T","E","R","M","M","E","R","B"],"character_chosen":"WATCHER","items_purchased":["Eternal Feather","BlessingOfTheForge"],"campfire_rested":4,"item_purchase_floors":[14,14],"current_hp_per_floor":[52,52,52,52,52,18,39,6,6,27,15,15,15,15,24,7,56,52,52,50,50,49,58,46,46,46,29,59,59,39,9,39,1,1],"gold":186,"neow_bonus":"UPGRADE_CARD","is_prod":false,"is_daily":false,"chose_seed":false,"campfire_upgraded":3,"win_rate":0,"timestamp":1607606551,"path_taken":["M","?","M","M","?","E","R","E","T","R","M","?","R","$","R","BOSS","M","$","M","?","M","R","?","?","T","E","R","M","M","E","R","BOSS"],"build_version":"2020-11-30","purchased_purges":2,"victory":false,"max_hp_per_floor":[72,72,72,72,72,72,72,72,72,72,72,72,72,72,72,72,72,72,72,72,72,72,72,72,72,72,72,72,72,72,72,72,72,72],"card_choices":[{"not_picked":["PathToVictory","Protect"],"picked":"FlyingSleeves","floor":1.0},{"not_picked":["Nirvana","Halt"],"picked":"Worship","floor":3.0},{"not_picked":["Protect","FlyingSleeves","Worship"],"picked":"SKIP","floor":4.0},{"not_picked":["Protect","Worship"],"picked":"FlyingSleeves","floor":4.0},{"not_picked":["Prostrate","Conclude"],"picked":"WheelKick","floor":6.0},{"not_picked":["Consecrate","Collect"],"picked":"Evaluate","floor":8.0},{"not_picked":["Collect","FlyingSleeves","Consecrate"],"picked":"SKIP","floor":11.0},{"not_picked":["DeceiveReality","Sanctity"],"picked":"EmptyBody","floor":12.0},{"not_picked":["Alpha","Blasphemy"],"picked":"Brilliance","floor":16.0},{"not_picked":["ThirdEye","Evaluate","WindmillStrike+1"],"picked":"SKIP","floor":18.0},{"not_picked":["TalkToTheHand+1","Swivel","Evaluate"],"picked":"SKIP","floor":20.0},{"not_picked":["Protect","FollowUp+1","InnerPeace"],"picked":"SKIP","floor":22.0},{"not_picked":["Protect","FollowUp+1","InnerPeace"],"picked":"SKIP","floor":22.0},{"not_picked":["FlurryOfBlows","SignatureMove","DevaForm"],"picked":"SKIP","floor":27.0},{"not_picked":["SignatureMove","DevaForm"],"picked":"FlurryOfBlows","floor":27.0},{"not_picked":["SandsOfTime","TalkToTheHand","ThirdEye"],"picked":"SKIP","floor":29.0},{"not_picked":["CutThroughFate","CrushJoints"],"picked":"Tantrum","floor":30.0},{"not_picked":["Indignation","Vengeance","FlyingSleeves"],"picked":"SKIP","floor":31.0}],"player_experience":536751,"relics_obtained":[{"floor":6.0,"key":"TungstenRod"},{"floor":8.0,"key":"Sundial"},{"floor":9.0,"key":"Calipers"},{"floor":24.0,"key":"Nilry\u0027s Codex"},{"floor":26.0,"key":"Toy Ornithopter"},{"floor":27.0,"key":"Nunchaku"},{"floor":31.0,"key":"Juzu Bracelet"}],"event_choices":[{"damage_healed":0.0,"max_hp_gain":0.0,"max_hp_loss":0.0,"gold_gain":175.0,"event_name":"Liars Game","player_choice":"AGREE","floor":2.0,"gold_loss":0.0,"damage_taken":0.0,"cards_obtained":["Doubt"]},{"damage_healed":0.0,"max_hp_gain":0.0,"max_hp_loss":0.0,"gold_gain":0.0,"event_name":"Accursed Blacksmith","player_choice":"Rummage","floor":5.0,"gold_loss":0.0,"damage_taken":0.0,"relics_obtained":["WarpedTongs"],"cards_obtained":["Pain"]},{"damage_healed":0.0,"max_hp_gain":0.0,"max_hp_loss":0.0,"gold_gain":99.0,"event_name":"Nest","player_choice":"Stole From Cult","floor":21.0,"gold_loss":0.0,"damage_taken":0.0},{"damage_healed":0.0,"max_hp_gain":0.0,"max_hp_loss":0.0,"gold_gain":0.0,"event_name":"Cursed Tome","player_choice":"Obtained Book","floor":24.0,"gold_loss":0.0,"damage_taken":16.0},{"cards_removed":["Strike_P"],"damage_healed":0.0,"max_hp_gain":0.0,"max_hp_loss":0.0,"gold_gain":0.0,"event_name":"Designer","player_choice":"Upgrade and Remove","floor":25.0,"gold_loss":90.0,"damage_taken":0.0,"cards_upgraded":["FlyingSleeves"]}],"is_beta":false,"boss_relics":[{"not_picked":["SlaversCollar","Tiny House"],"picked":"Astrolabe"}],"items_purged_floors":[14,19],"is_endless":false,"potions_floor_spawned":[8,11,16,27,29,30,31],"killed_by":"Collector","ascension_level":11}}