{"host":"ueef25wtkg2eer3h","time":1607589604,"event":{"gold_per_floor":[118,128,145,145,155,184,184,215,215,215,250,267,267,287,287,392,392,403,328,377,30,45,45,45],"floor_reached":23,"playtime":1093,"items_purged":["Strike_B"],"score":295,"play_id":"9e553519-5a5f-4b53-af4c-87b85400f558","local_time":"20201210094004","is_ascension_mode":true,"campfire_choices":[{"floor":7,"key":"REST"},{"floor":10,"key":"REST"},{"data":"Glacier","floor":13,"key":"SMITH"},{"data":"Glacier","floor":15,"key":"SMITH"}],"neow_cost":"NONE","seed_source_timestamp":37019157978800,"circlet_count":0,"master_deck":["Strike_B","Strike_B","Defend_B","Defend_B","Defend_B","Defend_B","Zap","Dualcast","Ball Lightning","Beam Cell","Gash","Glacier+1","Self Repair","Electrodynamics","Glacier+1","Beam Cell","Loop","Seek","Turbo+1","Capacitor","Scrape","Chill"],"relics":["Cracked Core","NeowsBlessing","Regal Pillow","Art of War","Bottled Lightning","Ancient Tea Set","Tiny Chest","Nuclear Battery","Omamori","OrangePellets"],"potions_floor_usage":[6,8,11,12],"damage_taken":[{"damage":0,"enemies":"Jaw Worm","floor":1,"turns":1},{"damage":0,"enemies":"Small Slimes","floor":2,"turns":1},{"damage":0,"enemies":"2 Louse","floor":3,"turns":1},{"damage":13,"enemies":"Exordium Wildlife","floor":5,"turns":3},{"damage":19,"enemies":"Lagavulin","floor":6,"turns":9},{"damage":16,"enemies":"3 Sentries","floor":8,"turns":6},{"damage":30,"enemies":"Lagavulin","floor":11,"turns":5},{"damage":0,"enemies":"2 Fungi Beasts","floor":12,"turns":2},{"damage":4,"enemies":"Large Slime","floor":14,"turns":5},{"damage":25,"enemies":"Slime Boss","floor":16,"turns":11},{"damage":16,"enemies":"Spheric Guardian","floor":18,"turns":6},{"damage":14,"enemies":"2 Thieves","floor":22,"turns":5},{"damage":90,"enemies":"Book of Stabbing","floor":23,"turns":9}],"seed_played":"-8225924091370281160","potions_obtained":[{"floor":2,"key":"FearPotion"},{"floor":5,"key":"Fire Potion"},{"floor":8,"key":"AttackPotion"},{"floor":11,"key":"SteroidPotion"},{"floor":14,"key":"FairyPotion"},{"floor":18,"key":"Dexterity Potion"}],"is_trial":false,"path_per_floor":["M","M","M","?","M","E","R","E","T","R","E","M","R","M","R","B",null,"M","?","T","$","M","E"],"character_chosen":"DEFECT","items_purchased":["Capacitor","Scrape","OrangePellets"],"campfire_rested":2,"item_purchase_floors":[21,21,21],"current_hp_per_floor":[68,68,68,61,48,29,66,57,57,75,52,59,59,62,62,44,67,58,58,58,58,51,0,0],"gold":45,"neow_bonus":"THREE_ENEMY_KILL","is_prod":false,"is_daily":false,"chose_seed":false,"campfire_upgraded":2,"win_rate":0,"timestamp":1607589604,"path_taken":["M","M","M","?","M","E","R","E","T","R","E","M","R","M","R","BOSS","M","?","?","$","M","E"],"build_version":"2020-11-30","purchased_purges":1,"victory":false,"max_hp_per_floor":[75,75,75,75,75,75,75,75,75,75,75,75,75,75,75,75,75,75,75,75,75,75,75,75],"card_choices":[{"not_picked":["Steam","Gash"],"picked":"Ball Lightning","floor":1},{"not_picked":["Go for the Eyes","Self Repair"],"picked":"Beam Cell","floor":2},{"not_picked":["Darkness","Tempest"],"picked":"Gash","floor":3},{"not_picked":["Doom and Gloom","Rebound"],"picked":"Glacier","floor":5},{"not_picked":["Ball Lightning","Doom and Gloom"],"picked":"Self Repair","floor":6},{"not_picked":["Chaos","Rebound"],"picked":"Electrodynamics","floor":8},{"not_picked":["Buffer","BootSequence"],"picked":"Glacier","floor":11},{"not_picked":["Ball Lightning","Gash"],"picked":"Beam Cell","floor":12},{"not_picked":["Force Field","Auto Shields"],"picked":"Loop","floor":14},{"not_picked":["Machine Learning","Multi-Cast"],"picked":"Seek","floor":16},{"not_picked":["Chaos","Cold Snap"],"picked":"Turbo+1","floor":18},{"not_picked":["Genetic Algorithm+1","Leap"],"picked":"Chill","floor":22}],"player_experience":220493,"relics_obtained":[{"floor":6,"key":"Art of War"},{"floor":8,"key":"Bottled Lightning"},{"floor":9,"key":"Ancient Tea Set"},{"floor":11,"key":"Tiny Chest"},{"floor":20,"key":"Omamori"}],"event_choices":[{"damage_healed":0,"gold_gain":0,"player_choice":"Success","damage_taken":7,"relics_obtained":["Regal Pillow"],"max_hp_gain":0,"max_hp_loss":0,"event_name":"Scrap Ooze","floor":4,"gold_loss":0},{"cards_removed":["Strike_B"],"damage_healed":0,"gold_gain":0,"player_choice":"Gave Gold","damage_taken":0,"max_hp_gain":0,"max_hp_loss":0,"event_name":"Beggar","floor":19,"gold_loss":75}],"is_beta":false,"boss_relics":[{"not_picked":["Philosopher\u0027s Stone","Coffee Dripper"],"picked":"Nuclear Battery"}],"items_purged_floors":[21],"is_endless":false,"potions_floor_spawned":[2,5,8,11,14,18],"killed_by":"Book of Stabbing","ascension_level":8}}