{"host":"f0gpob8hq9vgebej","time":1607564741,"event":{"gold_per_floor":[118,133,149,149,149,149,161,161,240,252,279,19,19,36,36,115,115,126,36,36,49,49,49,64,64,134,134,134,134],"floor_reached":28,"playtime":1231,"items_purged":["Defend_G","Strike_G"],"score":422,"play_id":"45f0433e-db70-4b4b-b46a-49acb48a2860","local_time":"20201210104541","is_ascension_mode":true,"campfire_choices":[{"data":"Calculated Gamble","floor":6.0,"key":"SMITH"},{"data":"Neutralize","floor":8.0,"key":"SMITH"},{"data":"Deadly Poison","floor":15.0,"key":"SMITH"},{"data":"Prepared","floor":23.0,"key":"SMITH"},{"data":"Prepared","floor":25,"key":"SMITH"},{"data":"Bouncing Flask","floor":27,"key":"SMITH"}],"neow_cost":"NONE","seed_source_timestamp":664218644002600,"circlet_count":0,"master_deck":["AscendersBane","Strike_G","Defend_G","Defend_G","Defend_G","Survivor","Neutralize+1","Masterful Stab","Calculated Gamble+1","Prepared+1","PiercingWail","Deadly Poison+1","Reflex","Bouncing Flask+1","Prepared+1","After Image","Poisoned Stab+1","Storm of Steel+1","Bullet Time+1","Catalyst","Backflip"],"special_seed":0,"relics":["Ring of the Snake","NeowsBlessing","Smiling Mask","Mummified Hand","Bottled Flame","Membership Card","Astrolabe","Blue Candle"],"potions_floor_usage":[28],"damage_taken":[{"damage":0.0,"enemies":"Cultist","floor":1.0,"turns":1.0},{"damage":0.0,"enemies":"Jaw Worm","floor":2.0,"turns":1.0},{"damage":0.0,"enemies":"Small Slimes","floor":3.0,"turns":1.0},{"damage":0.0,"enemies":"3 Louse","floor":7.0,"turns":6.0},{"damage":0.0,"enemies":"2 Fungi Beasts","floor":10.0,"turns":3.0},{"damage":7.0,"enemies":"Gremlin Nob","floor":11.0,"turns":3.0},{"damage":0.0,"enemies":"3 Sentries","floor":13.0,"turns":1.0},{"damage":1.0,"enemies":"Lots of Slimes","floor":14.0,"turns":4.0},{"damage":2.0,"enemies":"Hexaghost","floor":16.0,"turns":8.0},{"damage":6.0,"enemies":"3 Byrds","floor":18.0,"turns":5.0},{"damage":7.0,"enemies":"Chosen","floor":21.0,"turns":4.0},{"damage":18,"enemies":"Sentry and Sphere","floor":24,"turns":5},{"damage":24,"enemies":"3 Cultists","floor":28,"turns":5}],"seed_played":"3620691264953056234","potions_obtained":[{"floor":1.0,"key":"SkillPotion"},{"floor":3.0,"key":"Fire Potion"},{"floor":11.0,"key":"SmokeBomb"},{"floor":18.0,"key":"AttackPotion"},{"floor":24,"key":"Block Potion"}],"is_trial":false,"path_per_floor":["M","M","M","?","?","R","M","R","T","M","E","$","E","M","R","B",null,"M","$","?","M","$","R","M","R","T","R","M"],"character_chosen":"THE_SILENT","items_purchased":["Membership Card","Bouncing Flask","Catalyst"],"campfire_rested":0,"item_purchase_floors":[12,12,19],"current_hp_per_floor":[59,59,59,41,41,41,41,41,41,41,34,34,34,33,33,31,57,51,51,51,44,44,44,26,26,26,26,2,2],"gold":134,"neow_bonus":"THREE_ENEMY_KILL","is_prod":false,"is_daily":false,"chose_seed":false,"campfire_upgraded":6,"win_rate":0,"timestamp":1607564741,"path_taken":["M","M","M","?","?","R","M","R","T","M","E","$","E","M","R","BOSS","M","$","?","M","?","R","M","R","T","R","M"],"build_version":"2020-11-30","purchased_purges":2,"victory":false,"max_hp_per_floor":[66,66,66,66,66,66,66,66,66,66,66,66,66,66,66,66,66,66,66,66,66,66,66,66,66,66,66,66,66],"card_choices":[{"not_picked":["Acrobatics","Poisoned Stab"],"picked":"Masterful Stab","floor":1.0},{"not_picked":["Sucker Punch","Deflect"],"picked":"Calculated Gamble","floor":2.0},{"not_picked":["Sucker Punch","Flying Knee"],"picked":"Prepared","floor":3.0},{"not_picked":["Dodge and Roll","Backstab"],"picked":"PiercingWail","floor":7.0},{"not_picked":["Deflect","Flying Knee"],"picked":"Deadly Poison","floor":10.0},{"not_picked":["Backstab","Masterful Stab"],"picked":"Reflex","floor":11.0},{"not_picked":["Deadly Poison","Backstab"],"picked":"Prepared","floor":14.0},{"not_picked":["A Thousand Cuts","Grand Finale"],"picked":"After Image","floor":16.0},{"not_picked":["Noxious Fumes","Quick Slash","Deflect"],"picked":"SKIP","floor":18.0},{"not_picked":["Backstab","Flying Knee","Dodge and Roll"],"picked":"SKIP","floor":21.0},{"not_picked":["Choke","Sucker Punch"],"picked":"Backflip","floor":24}],"player_experience":275610,"relics_obtained":[{"floor":9.0,"key":"Mummified Hand"},{"floor":11.0,"key":"Bottled Flame"},{"floor":26,"key":"Blue Candle"}],"event_choices":[{"damage_healed":0.0,"max_hp_gain":0.0,"max_hp_loss":0.0,"gold_gain":0.0,"event_name":"Scrap Ooze","player_choice":"Success","floor":4.0,"gold_loss":0.0,"damage_taken":18.0,"relics_obtained":["Smiling Mask"]},{"cards_removed":["Strike_G"],"damage_healed":0.0,"max_hp_gain":0.0,"max_hp_loss":0.0,"gold_gain":0.0,"event_name":"Bonfire Elementals","player_choice":"Offered Basic","floor":5.0,"gold_loss":0.0,"damage_taken":0.0},{"damage_healed":0.0,"max_hp_gain":0.0,"max_hp_loss":0.0,"gold_gain":0.0,"event_name":"Match and Keep!","player_choice":"0 cards matched","floor":20.0,"gold_loss":0.0,"damage_taken":0.0,"cards_obtained":[]}],"is_beta":false,"boss_relics":[{"not_picked":["Empty Cage","Pandora\u0027s Box"],"picked":"Astrolabe"}],"items_purged_floors":[12,19],"is_endless":false,"potions_floor_spawned":[1,3,11,18,24],"killed_by":"3 Cultists","ascension_level":17}}