{"host":"iy58fyt9wsbv4cf1","time":1607563695,"event":{"gold_per_floor":[113,113,113,113,113,113,146,161,161,180,206,226,226,101,101,198,198,209,209,228,228,272,272,272,302,302,302,152,166,182,196,196,301,301,317,333,333,333,346,346,364,364,415,415,87,116,130,140,140,140,140,140,64,91,91],"floor_reached":56,"playtime":1816,"items_purged":["Defend_R","Defend_R","Pain","Strike_R"],"score":1555,"play_id":"48f1e67f-637c-4c2f-8f2d-f3dd6d4bced6","local_time":"20201209202815","is_ascension_mode":false,"campfire_choices":[{"data":"Uppercut","floor":6.0,"key":"SMITH"},{"data":"Bash","floor":13.0,"key":"SMITH"},{"floor":15.0,"key":"REST"},{"data":"Impervious","floor":23.0,"key":"SMITH"},{"data":"Insight","floor":27.0,"key":"SMITH"},{"data":"Rage","floor":32.0,"key":"SMITH"},{"data":"Limit Break","floor":40.0,"key":"SMITH"},{"floor":42.0,"key":"RECALL"},{"data":"Thunderclap","floor":44.0,"key":"SMITH"},{"data":"Thunderclap","floor":49.0,"key":"SMITH"},{"data":"Strike_R","floor":52.0,"key":"SMITH"}],"neow_cost":"","seed_source_timestamp":527675478292000,"circlet_count":0,"master_deck":["Strike_R","Strike_R+1","Defend_R","Defend_R","Bash+1","Uppercut+1","Thunderclap+1","Thunderclap+1","Insight+1","Rage+1","Limit Break+1","Battle Trance+1","Heavy Blade+1"],"special_seed":0,"relics":["Burning Blood","Prayer Wheel","Question Card","Lee\u0027s Waffle","WarpedTongs","Bronze Scales","Blood Vial","hubris:CrackedHourglass","hubris:IronBody","Potion Belt","Art of War","Shuriken","Runic Dome","hubris:TenFootPole","Kunai","OrangePellets","Bag of Marbles","conspire:InfiniteJournal","Vajra"],"potions_floor_usage":[55],"damage_taken":[{"damage":1.0,"enemies":"2 Louse","floor":1.0,"turns":2.0},{"damage":33.0,"enemies":"Lagavulin","floor":7.0,"turns":5.0},{"damage":4.0,"enemies":"conspire:RoseBush","floor":8.0,"turns":3.0},{"damage":3.0,"enemies":"Cultist","floor":10.0,"turns":2.0},{"damage":20.0,"enemies":"Gremlin Nob","floor":11.0,"turns":3.0},{"damage":11.0,"enemies":"Lots of Slimes","floor":12.0,"turns":3.0},{"damage":0.0,"enemies":"Slime Boss","floor":16.0,"turns":5.0},{"damage":22.0,"enemies":"Shell Parasite","floor":18.0,"turns":5.0},{"damage":5.0,"enemies":"2 Thieves","floor":20.0,"turns":4.0},{"damage":51.0,"enemies":"conspire:MimicChest","floor":22.0,"turns":8.0},{"damage":22.0,"enemies":"Gremlin Leader","floor":25.0,"turns":5.0},{"damage":0.0,"enemies":"Shelled Parasite and Fungi","floor":29.0,"turns":4.0},{"damage":2.0,"enemies":"Chosen and Byrds","floor":30.0,"turns":3.0},{"damage":7.0,"enemies":"3 Cultists","floor":31.0,"turns":4.0},{"damage":34.0,"enemies":"Champ","floor":33.0,"turns":10.0},{"damage":8.0,"enemies":"3 Shapes","floor":35.0,"turns":3.0},{"damage":15.0,"enemies":"3 Darklings","floor":36.0,"turns":6.0},{"damage":0.0,"enemies":"Transient","floor":39.0,"turns":5.0},{"damage":0.0,"enemies":"Maw","floor":41.0,"turns":6.0},{"damage":0.0,"enemies":"Giant Head","floor":46.0,"turns":5.0},{"damage":0.0,"enemies":"Writhing Mass","floor":47.0,"turns":4.0},{"damage":0.0,"enemies":"Sphere and 2 Shapes","floor":48.0,"turns":3.0},{"damage":5.0,"enemies":"hubris:GrandSnecko","floor":50.0,"turns":6.0},{"damage":19.0,"enemies":"Shield and Spear","floor":54.0,"turns":4.0},{"damage":70,"enemies":"The Heart","floor":55,"turns":6}],"seed_played":"1417541183537879542","potions_obtained":[{"floor":8.0,"key":"PowerPotion"},{"floor":10.0,"key":"conspire:TimeTravelPotion"},{"floor":20.0,"key":"SteroidPotion"},{"floor":22.0,"key":"conspire:TimeTravelPotion"},{"floor":29.0,"key":"DuplicationPotion"},{"floor":35.0,"key":"Explosive Potion"},{"floor":36.0,"key":"SteroidPotion"},{"floor":39.0,"key":"Swift Potion"},{"floor":48.0,"key":"FearPotion"}],"is_trial":false,"path_per_floor":["M","?","$","?","$","R","E","M","T","M","E","M","R","$","R","B",null,"M","?","M","?","?","R","?","E","T","R","$","M","M","M","R","B",null,"M","M","?","?","M","R","M","R","T","R","$","E","M","M","R","B",null,"R","$","E","B",null],"character_chosen":"IRONCLAD","items_purchased":["Prayer Wheel","Uppercut","Question Card","Lee\u0027s Waffle","Kunai","OrangePellets","conspire:InfiniteJournal"],"campfire_rested":1,"item_purchase_floors":[0,0,0,0,45,45,53],"current_hp_per_floor":[87,87,87,87,87,87,60,62,62,65,51,48,48,48,74,82,87,71,71,74,74,56,56,56,64,64,64,64,72,78,79,79,53,87,85,78,78,78,86,86,87,87,87,87,87,87,87,87,87,87,87,87,87,74,12],"gold":91,"neow_bonus":"","is_prod":false,"is_daily":false,"chose_seed":false,"campfire_upgraded":9,"win_rate":0,"timestamp":1607563695,"path_taken":["M","?","$","?","$","R","E","M","T","?","E","?","R","?","R","BOSS","M","?","?","?","?","R","?","E","T","R","$","M","M","?","R","BOSS","M","?","?","?","M","R","?","R","T","R","$","E","M","M","R","BOSS","R","$","E","BOSS"],"build_version":"2020-11-30","purchased_purges":4,"victory":true,"max_hp_per_floor":[87,87,87,87,87,87,87,87,87,87,87,87,87,87,87,87,87,87,87,87,87,87,87,87,87,87,87,87,87,87,87,87,87,87,87,87,87,87,87,87,87,87,87,87,87,87,87,87,87,87,87,87,87,87,87],"card_choices":[{"not_picked":["Iron Wave","Hemokinesis","Disarm"],"picked":"Thunderclap","floor":1.0},{"not_picked":["Armaments","Second Wind","Disarm","Pommel Strike"],"picked":"SKIP","floor":1.0},{"not_picked":["Bludgeon","Dual Wield","Barricade","Seeing Red"],"picked":"SKIP","floor":7.0},{"not_picked":["Pommel Strike","hubris:CleavingFinish","Dual Wield","hubris:ReadiedAction"],"picked":"SKIP","floor":8.0},{"not_picked":["Spot Weakness","Heavy Blade","Wild Strike","Iron Wave"],"picked":"SKIP","floor":8.0},{"not_picked":["True Grit","Dark Embrace","Seeing Red","conspire:Charge"],"picked":"SKIP","floor":10.0},{"not_picked":["Cleave","Evolve","Shockwave","Intimidate"],"picked":"SKIP","floor":10.0},{"not_picked":["conspire:ExplosiveBarrier","Metallicize","Sword Boomerang","Feel No Pain"],"picked":"SKIP","floor":11.0},{"not_picked":["Entrench","Clothesline","Immolate"],"picked":"Thunderclap","floor":12.0},{"not_picked":["Dual Wield","Burning Pact","Searing Blow","Intimidate"],"picked":"SKIP","floor":12.0},{"not_picked":["hubris:StunningStrike","Immolate","Reaper"],"picked":"Impervious","floor":16.0},{"not_picked":["Intimidate+1","Flex","conspire:Charge","Sword Boomerang"],"picked":"SKIP","floor":18.0},{"not_picked":["Searing Blow","Metallicize+1","Rampage","Perfected Strike"],"picked":"SKIP","floor":18.0},{"not_picked":["Combust","Armaments","Whirlwind+1","Intimidate"],"picked":"SKIP","floor":20.0},{"not_picked":["Seeing Red+1","Twin Strike+1","Rupture+1","Disarm+1"],"picked":"SKIP","floor":20.0},{"not_picked":["Fiend Fire","Combust+1","Body Slam","Demon Form"],"picked":"SKIP","floor":25.0},{"not_picked":["Flex","Second Wind","Dual Wield","Thunderclap"],"picked":"SKIP","floor":29.0},{"not_picked":["Heavy Blade","Headbutt","Sentinel","Fire Breathing"],"picked":"SKIP","floor":29.0},{"not_picked":["Clothesline+1","Headbutt","Iron Wave","Reckless Charge+1"],"picked":"SKIP","floor":30.0},{"not_picked":["Second Wind","Perfected Strike","Anger","Rupture"],"picked":"SKIP","floor":30.0},{"not_picked":["Anger+1","Reaper","Rupture"],"picked":"Rage","floor":31.0},{"not_picked":["Clothesline","Shockwave","Perfected Strike+1","Wild Strike"],"picked":"SKIP","floor":31.0},{"not_picked":["conspire:HitWhereItHurts","Reaper","Corruption"],"picked":"Limit Break","floor":33.0},{"not_picked":["hubris:CleavingFinish+1","True Grit+1","Wild Strike+1","Seeing Red"],"picked":"SKIP","floor":35.0},{"not_picked":["Twin Strike","conspire:ExplosiveBarrier","Uppercut","Headbutt"],"picked":"SKIP","floor":35.0},{"not_picked":["Warcry","Heavy Blade","Clash+1","hubris:ReadiedAction"],"picked":"SKIP","floor":36.0},{"not_picked":["Intimidate","Berserk","Cleave","Clothesline+1"],"picked":"SKIP","floor":36.0},{"not_picked":["Shrug It Off+1","Body Slam","Clash+1"],"picked":"Battle Trance+1","floor":39.0},{"not_picked":["Wild Strike+1","Demon Form","Combust"],"picked":"Heavy Blade+1","floor":39.0},{"not_picked":["Pummel+1","Battle Trance+1","Thunderclap+1","Sentinel"],"picked":"SKIP","floor":41.0},{"not_picked":["Uppercut","Shrug It Off","hubris:ReadiedAction","Dark Embrace"],"picked":"SKIP","floor":41.0},{"not_picked":["Warcry+1","Rampage+1","Bloodletting","Anger"],"picked":"SKIP","floor":46.0},{"not_picked":["Pummel+1","Uppercut+1","Blood for Blood","Entrench"],"picked":"SKIP","floor":47.0},{"not_picked":["Seeing Red","Warcry+1","Havoc+1","Cleave+1"],"picked":"SKIP","floor":47.0},{"not_picked":["hubris:SharpeningStone+1","Flame Barrier+1","Thunderclap","Rampage+1"],"picked":"SKIP","floor":48.0},{"not_picked":["hubris:ReadiedAction","Rage","Dark Embrace","Disarm"],"picked":"SKIP","floor":48.0},{"not_picked":["Rupture","Headbutt","Spot Weakness+1","Shockwave+1"],"picked":"SKIP","floor":54.0}],"player_experience":53707,"relics_obtained":[{"floor":7.0,"key":"Bronze Scales"},{"floor":11.0,"key":"Blood Vial"},{"floor":22.0,"key":"Potion Belt"},{"floor":25.0,"key":"Art of War"},{"floor":26.0,"key":"Shuriken"},{"floor":43.0,"key":"hubris:TenFootPole"},{"floor":46.0,"key":"Bag of Marbles"},{"floor":54.0,"key":"Vajra"}],"event_choices":[{"damage_healed":0.0,"max_hp_gain":0.0,"max_hp_loss":0.0,"gold_gain":0.0,"event_name":"conspire:Investor","player_choice":"Leave","floor":2.0,"gold_loss":0.0,"damage_taken":0.0},{"damage_healed":0.0,"max_hp_gain":0.0,"max_hp_loss":0.0,"gold_gain":0.0,"event_name":"Accursed Blacksmith","player_choice":"Rummage","floor":4.0,"gold_loss":0.0,"damage_taken":0.0,"relics_obtained":["WarpedTongs"],"cards_obtained":["Pain"]},{"cards_removed":["Strike_R"],"damage_healed":0.0,"max_hp_gain":0.0,"max_hp_loss":0.0,"gold_gain":0.0,"event_name":"Purifier","player_choice":"Purged","floor":19.0,"gold_loss":0.0,"damage_taken":0.0},{"damage_healed":0.0,"max_hp_gain":0.0,"max_hp_loss":0.0,"gold_gain":0.0,"event_name":"The Mausoleum","player_choice":"Opened","floor":21.0,"gold_loss":0.0,"damage_taken":0.0,"relics_obtained":["hubris:IronBody"]},{"damage_healed":0.0,"max_hp_gain":0.0,"max_hp_loss":0.0,"gold_gain":0.0,"event_name":"betterThird:BetterWriting","player_choice":"Insight","floor":24.0,"gold_loss":0.0,"damage_taken":0.0,"cards_obtained":["Insight"]},{"cards_removed":["Impervious"],"damage_healed":0.0,"max_hp_gain":0.0,"max_hp_loss":0.0,"gold_gain":0.0,"event_name":"Falling","player_choice":"Removed Skill","floor":37.0,"gold_loss":0.0,"damage_taken":0.0},{"cards_removed":["Strike_R"],"damage_healed":0.0,"max_hp_gain":0.0,"max_hp_loss":0.0,"gold_gain":0.0,"event_name":"Bonfire Elementals","player_choice":"Offered Basic","floor":38.0,"gold_loss":0.0,"damage_taken":0.0}],"is_beta":false,"boss_relics":[{"not_picked":["Black Blood","conspire:RunicOctahedron"],"picked":"hubris:CrackedHourglass"},{"not_picked":["hubris:Backtick","Empty Cage"],"picked":"Runic Dome"}],"items_purged_floors":[0,0,14,28],"is_endless":false,"potions_floor_spawned":[8,10,12,20,22,29,35,36,39,48],"ascension_level":0}}