{"host":"9sljmwdfk42tzqyu","time":1607568623,"event":{"gold_per_floor":[109,125,125,141,18,49,49,224,249,249,264,282,282,292,292,387,387,397,322,22,33,48,48,48],"floor_reached":23,"playtime":6320,"items_purged":["Strike_B"],"score":251,"play_id":"646ea9d7-1237-4ae6-9f4b-9ea5c478a11e","local_time":"20201209215023","is_ascension_mode":true,"campfire_choices":[{"data":"Defragment","floor":7.0,"key":"SMITH"},{"data":"Storm","floor":10.0,"key":"SMITH"},{"data":"Heatsinks","floor":13.0,"key":"SMITH"},{"floor":15.0,"key":"REST"}],"neow_cost":"NONE","seed_source_timestamp":13271725351200,"circlet_count":0,"master_deck":["Strike_B","Strike_B","Strike_B","Defend_B","Defend_B","Defend_B","Defend_B","Zap","Dualcast","Defragment+1","Storm+1","Defragment+1","Ball Lightning","Heatsinks+1","Coolheaded","Machine Learning","Ball Lightning","Static Discharge","Self Repair","Creative AI"],"special_seed":0,"relics":["Cracked Core","Shuriken","ReplayTheSpireMod:TigerMarble","Runic Capacitor"],"potions_floor_usage":[22],"damage_taken":[{"damage":7.0,"enemies":"Jaw Worm","floor":1.0,"turns":3.0},{"damage":3.0,"enemies":"2 Louse","floor":2.0,"turns":3.0},{"damage":1.0,"enemies":"Cultist","floor":4.0,"turns":4.0},{"damage":25.0,"enemies":"Lagavulin","floor":6.0,"turns":4.0},{"damage":9.0,"enemies":"Large Slime","floor":11.0,"turns":3.0},{"damage":4.0,"enemies":"Gremlin Gang","floor":12.0,"turns":4.0},{"damage":10.0,"enemies":"Red Slaver","floor":14.0,"turns":2.0},{"damage":7.0,"enemies":"Slime Boss","floor":16.0,"turns":8.0},{"damage":12.0,"enemies":"Chosen","floor":18.0,"turns":3.0},{"damage":13.0,"enemies":"3 Byrds","floor":21.0,"turns":2.0},{"damage":56,"enemies":"Shelled Parasite and Fungi","floor":22,"turns":4},{"damage":8,"enemies":"Book of Stabbing","floor":23,"turns":2}],"seed_played":"-4485322412655745173","potions_obtained":[{"floor":4.0,"key":"Regen Potion"},{"floor":6.0,"key":"Weak Potion"},{"floor":12.0,"key":"PotionOfCapacity"}],"is_trial":false,"path_per_floor":["M","M","?","M","$","E","R","?","T","R","M","M","R","M","R","B",null,"M","?","$","M","M","E"],"character_chosen":"DEFECT","items_purchased":["Defragment","Ball Lightning","Runic Capacitor","Static Discharge"],"campfire_rested":1,"item_purchase_floors":[5,5,20,20],"current_hp_per_floor":[68,65,65,64,64,39,39,39,39,39,30,26,26,16,40,33,70,62,62,62,49,12,4,4],"gold":48,"neow_bonus":"TEN_PERCENT_HP_BONUS","is_prod":false,"is_daily":false,"chose_seed":false,"campfire_upgraded":3,"win_rate":0,"timestamp":1607568623,"path_taken":["M","M","?","M","$","E","R","?","T","R","M","M","R","M","R","BOSS","M","?","$","M","M","E"],"build_version":"2020-11-30","purchased_purges":1,"victory":false,"max_hp_per_floor":[82,82,82,82,82,82,82,82,82,82,82,82,82,82,82,82,82,82,82,82,82,82,82,82],"card_choices":[{"not_picked":["Turbo","Reprogram"],"picked":"Defragment","floor":1.0},{"not_picked":["Cold Snap","Leap","Go for the Eyes"],"picked":"SKIP","floor":2.0},{"not_picked":["Turbo","Hologram"],"picked":"Storm","floor":4.0},{"not_picked":["Sweeping Beam","ReplayRNGCard","Turbo"],"picked":"SKIP","floor":6.0},{"not_picked":["Rebound","BasicCrystalCard","ReplayTheSpireMod:System Scan"],"picked":"SKIP","floor":11.0},{"not_picked":["Sweeping Beam","Panic Button"],"picked":"Heatsinks","floor":12.0},{"not_picked":["Rip and Tear","Panic Button","Coolheaded"],"picked":"SKIP","floor":14.0},{"not_picked":["Rip and Tear","Panic Button"],"picked":"Coolheaded","floor":14.0},{"not_picked":["Thunder Strike","Seek"],"picked":"Machine Learning","floor":16.0},{"not_picked":["Gash","Rebound"],"picked":"Ball Lightning","floor":18.0},{"not_picked":["ReplayTheSpireMod:System Scan","Panic Button"],"picked":"Self Repair","floor":21.0},{"not_picked":["Sweeping Beam+1","Ball Lightning"],"picked":"Creative AI","floor":22}],"player_experience":285018,"relics_obtained":[{"floor":6.0,"key":"Shuriken"},{"floor":9.0,"key":"ReplayTheSpireMod:TigerMarble"}],"event_choices":[{"damage_healed":0.0,"max_hp_gain":0.0,"max_hp_loss":0.0,"gold_gain":175.0,"event_name":"Liars Game","player_choice":"AGREE","floor":8.0,"gold_loss":0.0,"damage_taken":0.0,"cards_obtained":["Doubt"]},{"cards_removed":["Doubt"],"damage_healed":0.0,"max_hp_gain":0.0,"max_hp_loss":0.0,"gold_gain":0.0,"event_name":"Beggar","player_choice":"Gave Gold","floor":19.0,"gold_loss":75.0,"damage_taken":0.0}],"is_beta":false,"boss_relics":[{"not_picked":["ReplayTheSpireMod:DimensionalGlitch","Replay:Bronze Core","hubris:VirtuousBlindfold"]}],"items_purged_floors":[20],"is_endless":false,"potions_floor_spawned":[4,6,12],"killed_by":"Book of Stabbing","ascension_level":6}}