{"host":"4a74ahoqn3axhnkt","time":1607579440,"event":{"gold_per_floor":[110,130,205,223,223,223,254,307,352,126,159,159,171,171,171,266,266,310,302,344,357,46,71,71,130,176,229,229,269,318,377,377,407,407],"floor_reached":33,"playtime":4884,"items_purged":["ReplayTheSpireMod:Splinters","Defend_P","Strike_P","Eruption+1","Strike_P","Strike_P","Strike_P"],"score":610,"play_id":"cc1106ee-b40c-43e2-91c0-c6f705b28518","local_time":"20201209235040","is_ascension_mode":true,"campfire_choices":[{"data":"Eruption","floor":6,"key":"SMITH"},{"data":"Replay:DivineShield","floor":12,"key":"SMITH"},{"floor":24,"key":"REST"},{"data":"Wish","floor":28,"key":"SMITH"}],"neow_cost":"NONE","seed_source_timestamp":10325035493600,"circlet_count":0,"master_deck":["Defend_P","Defend_P","Defend_P","Vigilance","Replay:DivineShield+1","Evaluate","Replay:AtTheReady","Wireheading+1","Replay:Cycle","Wish+1","ThirdEye+1","Nirvana","Replay:Anticipation","Fasting2+1","ThirdEye","Spreading Infection","ThirdEye"],"relics":["PureWater","NeowsBlessing","Simple Rune","Matryoshka","Bronze Scales","Anchor","MerchantsRug","Replay:Rubber Ducky","energizedSpire:CursedPentagram","Durian","CaptainsWheel","Art of War","Mercury Hourglass","Question Card","Replay:Mystery Machine"],"potions_floor_usage":[7,7,11,16,16,16,21,33],"damage_taken":[{"damage":0,"enemies":"2 Louse","floor":1,"turns":1},{"damage":0,"enemies":"Jaw Worm","floor":2,"turns":1},{"damage":0,"enemies":"Small Slimes","floor":4,"turns":2},{"damage":29,"enemies":"3 Sentries","floor":7,"turns":4},{"damage":0,"enemies":"Lagavulin","floor":11,"turns":8},{"damage":0,"enemies":"Exordium Thugs","floor":13,"turns":4},{"damage":0,"enemies":"The Guardian","floor":16,"turns":9},{"damage":0,"enemies":"3 Byrds","floor":18,"turns":3},{"damage":0,"enemies":"Shell Parasite","floor":20,"turns":5},{"damage":65,"enemies":"Cultist and Chosen","floor":21,"turns":12},{"damage":0,"enemies":"Replay:Snechameleon","floor":23,"turns":8},{"damage":0,"enemies":"Book of Stabbing","floor":25,"turns":6},{"damage":0,"enemies":"Replay:Snechameleon","floor":27,"turns":7},{"damage":0,"enemies":"Snecko","floor":29,"turns":6},{"damage":0,"enemies":"Centurion and Healer","floor":30,"turns":25},{"damage":0,"enemies":"Book of Stabbing","floor":31,"turns":6},{"damage":13,"enemies":"Pondfish","floor":33,"turns":7}],"seed_played":"-3323951242682048060","potions_obtained":[{"floor":1,"key":"SpeedPotion"},{"floor":4,"key":"Regen Potion"},{"floor":8,"key":"CultistPotion"},{"floor":13,"key":"DistilledChaos"},{"floor":15,"key":"Death Potion"},{"floor":15,"key":"LifebloodPotion"},{"floor":20,"key":"Cursed Concoction"},{"floor":23,"key":"Strength Potion"},{"floor":29,"key":"ColorlessPotion"},{"floor":31,"key":"LiquidMemories"}],"is_trial":false,"path_per_floor":["M","M","?","M","?","R","E","?","T","$","E","R","M","?","R","B",null,"M","$","M","M","$","E","R","E","T","E","R","M","M","E","R","B"],"character_chosen":"WATCHER","items_purchased":["MerchantsRug","Wireheading","Durian"],"campfire_rested":1,"item_purchase_floors":[10,10,22],"current_hp_per_floor":[72,72,61,61,47,47,30,30,30,30,30,30,30,30,30,30,72,72,72,72,7,12,12,35,35,35,35,35,35,35,35,58,45,45],"gold":407,"neow_bonus":"THREE_ENEMY_KILL","is_prod":false,"is_daily":false,"chose_seed":false,"campfire_upgraded":3,"win_rate":0,"timestamp":1607579440,"path_taken":["M","M","?","M","?","R","E","?","T","$","E","R","?","?","R","BOSS","M","$","M","M","$","E","R","E","T","E","R","M","?","E","R","BOSS"],"build_version":"2020-11-30","purchased_purges":7,"victory":false,"max_hp_per_floor":[72,72,72,72,72,72,72,72,72,72,72,72,72,72,72,72,72,72,72,72,72,77,77,77,77,77,77,77,77,77,77,77,77,77],"card_choices":[{"not_picked":["Nirvana","Replay:ManipulateFuture"],"picked":"Replay:DivineShield","floor":1},{"not_picked":["PathToVictory","Consecrate"],"picked":"Evaluate","floor":2},{"not_picked":["Prostrate","EmptyFist","Consecrate"],"picked":"SKIP","floor":4},{"not_picked":["FollowUp","Prostrate","Consecrate"],"picked":"SKIP","floor":7},{"not_picked":["JustLucky","Replay:ManipulateFuture"],"picked":"Replay:AtTheReady","floor":8},{"not_picked":["Pray","Ragnarok"],"picked":"Replay:Cycle","floor":11},{"not_picked":["Collect","FlyingSleeves","ReachHeaven"],"picked":"SKIP","floor":13},{"not_picked":["Brilliance","Vault"],"picked":"Wish","floor":16},{"not_picked":["FollowUp+1","EmptyBody","Indignation+1"],"picked":"SKIP","floor":18},{"not_picked":["WindmillStrike","CarveReality","Replay:Hum"],"picked":"SKIP","floor":20},{"not_picked":["CrushJoints","Meditate"],"picked":"ThirdEye+1","floor":21},{"not_picked":["Prostrate+1","FollowUp+1","WheelKick"],"picked":"SKIP","floor":23},{"not_picked":["Omniscience","Weave"],"picked":"Nirvana","floor":25},{"not_picked":["CutThroughFate+1","EmptyFist"],"picked":"Replay:Anticipation","floor":27},{"not_picked":["BowlingBash","SandsOfTime","Evaluate"],"picked":"Fasting2+1","floor":29},{"not_picked":["Replay:BluntJabs","PathToVictory","Blasphemy"],"picked":"ThirdEye","floor":30},{"not_picked":["FlyingSleeves","Protect","MentalFortress"],"picked":"ThirdEye","floor":31}],"player_experience":272634,"relics_obtained":[{"floor":7,"key":"Simple Rune"},{"floor":8,"key":"Matryoshka"},{"floor":9,"key":"Bronze Scales"},{"floor":9,"key":"Anchor"},{"floor":11,"key":"Replay:Rubber Ducky"},{"floor":23,"key":"CaptainsWheel"},{"floor":25,"key":"Art of War"},{"floor":26,"key":"Mercury Hourglass"},{"floor":27,"key":"Question Card"},{"floor":31,"key":"Replay:Mystery Machine"}],"event_choices":[{"damage_healed":0,"gold_gain":75,"player_choice":"Gather Gold","damage_taken":11,"max_hp_gain":0,"max_hp_loss":0,"event_name":"World of Goop","floor":3,"gold_loss":0},{"damage_healed":0,"gold_gain":0,"player_choice":"Entered Light","damage_taken":14,"max_hp_gain":0,"max_hp_loss":0,"event_name":"Shining Light","floor":5,"gold_loss":0,"cards_upgraded":["Strike_P","Strike_P"]},{"damage_healed":0,"gold_gain":0,"player_choice":"Ignored","damage_taken":0,"max_hp_gain":0,"max_hp_loss":0,"event_name":"Purifier","floor":14,"gold_loss":0}],"is_beta":false,"boss_relics":[{"not_picked":["SlaversCollar","Astrolabe"],"picked":"energizedSpire:CursedPentagram"}],"items_purged_floors":[10,10,10,19,19,19,19],"is_endless":false,"potions_floor_spawned":[1,4,13,20,23,29,31],"killed_by":"Pondfish","ascension_level":4}}