{"host":"h792lphzw6wlba86","time":1607611007,"event":{"gold_per_floor":[115,115,46,46,59,59,77,77,77,77,90,90,123,159,171,300,300],"floor_reached":16,"playtime":769,"items_purged":[],"score":148,"play_id":"d6adb13e-2994-4e4a-b384-9a10596be722","local_time":"20201210083647","is_ascension_mode":false,"campfire_choices":[{"data":"Shade:AuraOfUnlife","floor":6,"key":"SMITH"},{"data":"Shade:Brains","floor":8,"key":"SMITH"},{"data":"Shade:CallWraith","floor":12,"key":"SMITH"},{"data":"Shade:FleshToFlesh","floor":15,"key":"SMITH"}],"neow_cost":"NONE","seed_source_timestamp":134979853805200,"circlet_count":0,"master_deck":["Shade:Strike_Shade","Shade:Strike_Shade","Shade:Strike_Shade","Shade:Strike_Shade","Shade:Defend_Shade","Shade:Defend_Shade","Shade:Defend_Shade","Shade:Defend_Shade","Shade:AnimateDead","Shade:Brains+1","Shade:OpenGraves","Shade:CallWraith+1","Shade:AuraOfUnlife+1","Shade:Premonition","Shade:FleshToFlesh+1"],"relics":["StuffTheSpire:OccultApparatus","Runesmith:AutoHammer","StuffTheSpire:HeavyRock","halation:IllGainedPizza","MawBank"],"potions_floor_usage":[],"damage_taken":[{"damage":0,"enemies":"2 Louse","floor":1,"turns":4},{"damage":6,"enemies":"Jaw Worm","floor":5,"turns":6},{"damage":6,"enemies":"Cultist","floor":7,"turns":4},{"damage":5,"enemies":"2 Fungi Beasts","floor":11,"turns":2},{"damage":5,"enemies":"Gremlin Gang","floor":13,"turns":6},{"damage":6,"enemies":"3 Sentries","floor":14,"turns":5},{"damage":22,"enemies":"Fading Forest","floor":16,"turns":11}],"seed_played":"-3772067591262431576","potions_obtained":[{"floor":5,"key":"Energy Potion"},{"floor":16,"key":"Explosive Potion"}],"is_trial":false,"path_per_floor":["M","?","$","?","M","R","M","R","T","T","M","R","MIM","E","R","B"],"character_chosen":"SHADE","items_purchased":["Shade:OpenGraves"],"campfire_rested":0,"item_purchase_floors":[3],"current_hp_per_floor":[65,65,65,65,59,59,53,53,53,53,48,48,43,37,37,25,25],"gold":300,"neow_bonus":"THREE_CARDS","is_prod":false,"is_daily":false,"chose_seed":false,"campfire_upgraded":4,"win_rate":0.0,"timestamp":1607611007,"path_taken":["M","?","?","?","?","R","M","R","T","?","M","R","?","E","R","BOSS"],"build_version":"2020-11-30","purchased_purges":0,"victory":false,"max_hp_per_floor":[65,65,65,65,65,65,65,65,65,65,65,65,65,65,65,65,65],"card_choices":[{"not_picked":["Shade:PoundOfFlesh","Shade:BoneShards"],"picked":"Shade:Brains","floor":0},{"not_picked":["Shade:CoffinDance","Shade:Trample","Shade:WallOfFlesh"],"picked":"SKIP","floor":1},{"not_picked":["Shade:WallOfFlesh","Shade:GraveStillness"],"picked":"Shade:AuraOfUnlife","floor":5},{"not_picked":["Shade:TouchOfTheGrave","Shade:Bite_Shade","Shade:FuneraryArmor"],"picked":"SKIP","floor":7},{"not_picked":["Shade:Brains","Shade:FleshToFlesh"],"picked":"Shade:Premonition","floor":11},{"not_picked":["Shade:GraveStillness","Shade:OneIsEnough"],"picked":"Shade:FleshToFlesh","floor":14}],"player_experience":574781,"relics_obtained":[{"floor":9,"key":"Runesmith:AutoHammer"},{"floor":10,"key":"StuffTheSpire:HeavyRock"},{"floor":13,"key":"halation:IllGainedPizza"},{"floor":14,"key":"MawBank"}],"event_choices":[{"damage_healed":0,"gold_gain":0,"cards_transformed":["Shade:CarefulCut"],"player_choice":"Transformed","damage_taken":0,"max_hp_gain":0,"max_hp_loss":0,"event_name":"Transmorgrifier","floor":4,"gold_loss":0,"cards_obtained":["Shade:CallWraith"]}],"is_beta":false,"boss_relics":[],"items_purged_floors":[],"is_endless":false,"potions_floor_spawned":[5,16],"killed_by":"Fading Forest","ascension_level":0}}