{"host":"u6i4tuckh9ieu6fx","time":1607612373,"event":{"mods":["BaseMod","Highlight Path","StSLib","Luminous","Minty Spire (QoL Compilation)","Colored Powertips","The Servant 0.9.4","WarShipGirlsR/战舰少女R mod","【遗物卡牌】REMEMod","Act Like it!","Reimu（博丽灵梦）","LobotomyExtend","Lobotomy","vexMod","Friendly Minions","Spicy Shops","TestMod","RumiaBox-露米娅的神秘盒子","【功能Mod】混沌之环修复补丁","Better Vampires","Ascension Reborn","Aspiration","Bard","CapriCore","Chen","Conspire","Decade(王小明)","Dota2Spire","Downfall","Gensokyo","GifTheSpireLib","GungeonMod","Hallownest","Hermit","HololiveMod","Hunter 猎人","Jedi Mod","Marked Mod","Jorbs\u0027s Wanderer Trilogy","KinomotoSakuraMod(木之本樱)","Koishi","KomeijiMod","LagranYue(拉格朗・月)","Marisa（F雨　魔理沙）","MostiFishMod","Nova Terra(诺娃・泰拉)","Pale of the Ancients","[地精首领爬塔]The Maniac","【东方二次创作】八云紫mod","篝火指南","Youmu（魂魄妖梦）","Prisma Mod","Quick Restart","SIMod","Yuri Mod","Yuyuko","[IsaacMod]以撒尖塔","Replay The Spire","The Gatherer","The Cursed","The IronCluck","The Senshi"],"gold_per_floor":[116,116,1,1,51,65,97,117,117,117,10,10,31,63,63,174,840,862,862,555,598,598,598,578,480,516,516,516,37,67,110,110,110,110,236,236,280,280,357,450,541,148,192,192,192,592,592,592,315,144,187,187,28,48,48],"floor_reached":54,"playtime":5996,"items_purged":["Clumsy","ReplayTheSpireMod:Doomed"],"score":730,"play_id":"9b0ef183-864c-46c8-b1d4-2fa5cf9eee41","local_time":"20201210225933","is_ascension_mode":true,"campfire_choices":[{"floor":10.0,"key":"RECALL"},{"data":"BinaryStars","floor":12.0,"key":"SMITH"},{"data":"Hallownest:skillLeafShield","floor":15.0,"key":"SMITH"},{"data":"expansioncontent:DashGenerateEvil","floor":27,"key":"SMITH"},{"floor":32,"key":"REST"},{"data":"testmod-DisillusionmentEcho","floor":34,"key":"SMITH"}],"circlet_count":0,"master_deck":["LongBird","PrismaMod:IllyaCommonAttack+1","PrismaMod:IllyaCommonAttack","PrismaMod:IllyaCommonAttack+1","PrismaMod:IllyaCommonAttack+1","PrismaMod:IllyaCommonAttack","PrismaMod:IllyaUncommonAttack+1","PrismaMod:IllyaUncommonDefend+1","BloodyBrimstone+1","BinaryStars+1","MeatLantern","PrismaMod:IllyaCheapChannelAttack+1","Hallownest:skillLeafShield","Hallownest:skillLeafShield+1","Hallownest:skillLeafShield","Hallownest:skillLeafShield","Hallownest:skillLeafShield+1","PrismaMod:IllyaRapidFire+1","PrismaMod:IllyaCheapChannelDefend+1","Spot Weakness+1","OSAHOGD","PrismaMod:IllyaInstallAssassin","PrismaMod:IllyaCheapDefend+1","PrismaMod:IllyaCheapDefend+1","PunishingBird","PrismaMod:IllyaDetonatingBlow","PrismaMod:IllyaCheapAttack+1","MHz","PrismaMod:IllyaCarnivalOrbs","testmod-DisillusionmentEcho+1","PrismaMod:IllyaBerserCAR+1","DoctorFetus","expansioncontent:DashGenerateEvil+1","expansioncontent:QuickStudy","testmod-Mystery","PrismaMod:IllyaSaphire","PrismaMod:IllyaAssassinRevenge+1","PrismaMod:IllyaUncommonAOEAttack+1","PrismaMod:IllyaUberPoisonChannel+1","PrismaMod:IllyaPoisonTippedWeapons","PrismaMod:IllyaGrail","Demon Form+1","testmod-AutoReboundSystem+1","PrismaMod:IllyaCommandSeal","PrismaMod:IllyaUpgradeOrbs+1","PrismaMod:IllyaInstallForeigner","PrismaMod:IllyaCheapDefend+1","PrismaMod:IllyaUncommonDefend+1","PrismaMod:IllyaSaphire","PrismaMod:IllyaPartialInstallAssassin+1","PrismaMod:IllyaUncommonAOEAttack","EpicFetus","PrismaMod:IllyaFeed","PrismaMod:IllyaAOECommonAttack+1","PrismaMod:IllyaFriendMaker+1","BlackSwan","PrismaMod:IllyaBerserCAR","PrismaMod:IllyaSaphire"],"special_seed":0,"relics":["PrismaMod:PrismaRuby","REME_ComplimentaryCards","testmod-TestBox","HushsDoor","KeepersGift","testmod-Déjàvu","DSteel32","LagranYue:RandomDrawCardRelic","CogitoBucket","RabbitCall","Question Card","LetterFromLob","aspiration:Nostalgia","m_ScarletBlood","Replay:Bottled Snecko","Replay:Bandana","AdjustmentMirror","ImportantClient","vexMod:RockOfEvil","ReplayTheSpireMod:ShopPack","Happy Flower","DoctorsRemote","aspiration:ChemicalBlood","SkinProphecy","Ancient Tea Set","Justitia_r","FeatherPendant","LuminousBracelet","TimeFreeze","MagicDraw3","Dota2Spire:ShivaGuard","ReplayTheSpireMod:CursedCoin","LagranYue:MagicReflectiveArmorRelic","SteamSale","Chameleon Ring","ClockworkSouvenir","Strawberry"],"acts_visited":["Hallownest:CityofTears"],"potions_floor_usage":[30,35,43,54],"damage_taken":[{"damage":1.0,"enemies":"Hallownest:monsterHuskGuard","floor":1.0,"turns":4.0},{"damage":8.0,"enemies":"Hallownest:2_Tiktiks_and_1_Crawlid","floor":6.0,"turns":2.0},{"damage":0.0,"enemies":"Hallownest:eliteMossKnight","floor":7.0,"turns":8.0},{"damage":0.0,"enemies":"Hallownest:2_Baldur","floor":8.0,"turns":2.0},{"damage":2.0,"enemies":"Hallownest:Wandering_and_Horned","floor":13.0,"turns":4.0},{"damage":1.0,"enemies":"Hallownest:1_Ooma_and_2_Uuma","floor":14.0,"turns":3.0},{"damage":9.0,"enemies":"Hallownest:BossBrokenVessel","floor":16.0,"turns":7.0},{"damage":0.0,"enemies":"Hallownest:Guard_and_Sentry","floor":18.0,"turns":6.0},{"damage":0,"enemies":"Hallownest:2_Mistakes","floor":21,"turns":5},{"damage":0,"enemies":"Hallownest:Nosk","floor":26,"turns":7},{"damage":28,"enemies":"Hallownest:Master_and_Novice","floor":30,"turns":4},{"damage":0,"enemies":"Hallownest:2_Flukemon","floor":31,"turns":4},{"damage":9,"enemies":"Hallownest:BossMantisLord","floor":35,"turns":7},{"damage":0,"enemies":"Hallownest:2_Littles","floor":37,"turns":1},{"damage":0,"enemies":"Hallownest:3_Siblings","floor":39,"turns":2},{"damage":0,"enemies":"Hallownest:monsterPrimalAspid","floor":40,"turns":6},{"damage":3,"enemies":"Hallownest:2_Soldiers_and_1_Guardian","floor":41,"turns":3},{"damage":9,"enemies":"Hallownest:2_Wandering_and_1_Horned","floor":43,"turns":3},{"damage":0,"enemies":"Hallownest:monsterPrimalAspid","floor":51,"turns":1},{"damage":119,"enemies":"Delirium","floor":54,"turns":6}],"seed_played":"-2430095219982474651","potions_obtained":[{"floor":7.0,"key":"Toxic Potion"},{"floor":8.0,"key":"PowerPotion"},{"floor":16.0,"key":"Weak Potion"},{"floor":18.0,"key":"Fire Potion"},{"floor":31,"key":"ColorlessPotion"},{"floor":43,"key":"DemoMod:LeadSkinPotion"},{"floor":54,"key":"FearPotion"}],"is_trial":false,"path_per_floor":["M","?","$","$","?","M","E","M","T","R","$","R","M","M","R","B",null,"M","?","$","M","PTL","PTL","?","R","E","R","T","$","M","M","R","T","R","B",null,"M","?","M","M","M","R","M","PTL","PTL","?","T","?","$","$","M","?","R","B"],"character_chosen":"ILLYA","items_purchased":["PrismaMod:IllyaRapidFire","aspiration:Nostalgia","Replay:Bandana","PrismaMod:IllyaCheapDefend","testmod-DisillusionmentEcho","DoctorFetus","ReplayTheSpireMod:ShopPack","Happy Flower","PrismaMod:IllyaPoisonTippedWeapons","Demon Form+1","testmod-AutoReboundSystem","PrismaMod:IllyaUncommonAOEAttack","EpicFetus","TimeFreeze","PrismaMod:IllyaFeed","Dota2Spire:ShivaGuard","ReplayTheSpireMod:CursedCoin","LagranYue:MagicReflectiveArmorRelic","SteamSale","Chameleon Ring","PrismaMod:IllyaBerserCAR","PrismaMod:IllyaSaphire","ClockworkSouvenir","Strawberry"],"campfire_rested":1,"item_purchase_floors":[3,3,11,11,17,20,20,25,25,29,29,42,42,42,42,49,49,49,50,50,53,53,53,53],"current_hp_per_floor":[74,74,74,74,74,66,66,66,66,66,66,66,64,63,63,64,33,33,33,33,33,33,33,33,33,33,33,33,33,5,4,14,14,14,7,37,33,33,31,44,39,39,34,34,34,34,34,49,49,49,45,45,52,0,0],"gold":48,"neow_bonus":"","is_daily":false,"chose_seed":false,"campfire_upgraded":4,"win_rate":0.0,"timestamp":1607612373,"path_taken":["M","?","?","$","?","M","E","?","T","R","?","R","M","M","R","BOSS","M","?","$","?","PTL","PTL","?","R","E","R","T","?","M","?","R","?","R","BOSS","M","?","M","?","M","R","M","PTL","PTL","?","?","T","?","?","$","M","?","R","BOSS"],"build_version":"2020-11-30","purchased_purges":2,"victory":false,"max_hp_per_floor":[75,75,75,75,75,75,75,75,75,75,75,75,75,75,75,75,33,33,33,33,33,33,33,33,33,33,33,33,33,33,35,35,35,35,37,37,39,39,41,60,62,62,64,64,64,64,64,64,64,64,66,66,73,75,75],"card_choices":[{"not_picked":[],"picked":"BloodyBrimstone","floor":0.0},{"not_picked":["ShyLook","Bloodbath","NothingThere"],"picked":"Singing Bowl","floor":1.0},{"not_picked":["CrumblingArmor","Yin"],"picked":"MeatLantern","floor":1.0},{"not_picked":["PrismaMod:IllyaHassanGift","PrismaMod:IllyaMinorRapidFire"],"picked":"PrismaMod:IllyaCheapChannelAttack","floor":1.0},{"not_picked":["Wellcheers","CrumblingArmor"],"picked":"LongBird","floor":6.0},{"not_picked":["PrismaMod:IllyaCheapChannelAttack","PrismaMod:IllyaEvokeAll","PrismaMod:IllyaFeed"],"picked":"PrismaMod:IllyaCheapChannelDefend","floor":6.0},{"not_picked":["PrismaMod:IllyaSaphire","PrismaMod:IllyaCheapChannelAttack","PrismaMod:IllyaUpgradeOrbs"],"picked":"Spot Weakness","floor":7.0},{"not_picked":["UniverseFragment","SpiderBud","Scarecrow"],"picked":"Singing Bowl","floor":7.0},{"not_picked":["CrumblingArmor","BigBadWolf"],"picked":"OSAHOGD","floor":8.0},{"not_picked":["PrismaMod:IllyaHassanGift","PrismaMod:IllyaFriendMaker","Heavy Blade"],"picked":"PrismaMod:IllyaInstallAssassin","floor":8.0},{"not_picked":["QueenOfHatred","VoidDream"],"picked":"PunishingBird","floor":13.0},{"not_picked":["PrismaMod:IllyaRussianRoulette","PrismaMod:IllyaAssassinRevenge","PrismaMod:IllyaFeed"],"picked":"PrismaMod:IllyaDetonatingBlow","floor":13.0},{"not_picked":["CrumblingArmor","UniverseFragment","BigBadWolf"],"picked":"Singing Bowl","floor":14.0},{"not_picked":["PrismaMod:IllyaPoisoningPhantasm","PrismaMod:IllyaTestament","PrismaMod:IllyaRussianRoulette"],"picked":"PrismaMod:IllyaCheapAttack","floor":14.0},{"not_picked":["SingingMachine","CherryBlossoms"],"picked":"MHz","floor":16.0},{"not_picked":["PrismaMod:IllyaCarnivalAttack","PrismaMod:IllyaZwei","PrismaMod:IllyaUberPoisonChannel"],"picked":"PrismaMod:IllyaCarnivalOrbs","floor":16.0},{"not_picked":["Scorched","BeautyBeast","WallGazer"],"picked":"Singing Bowl","floor":18.0},{"not_picked":["PrismaMod:IllyaCommonEvoke","PrismaMod:IllyaEvokeAll+1","PrismaMod:IllyaHassanGift"],"picked":"PrismaMod:IllyaBerserCAR+1","floor":18.0},{"not_picked":["MostiFishMod:FantasySummer","testmod-BloodShelter","testmod-RepeatForm"],"picked":"expansioncontent:DashGenerateEvil","floor":20},{"not_picked":["expansioncontent:SlimeTackle","REME_PuzzleBox","expansioncontent:DarkVoid"],"picked":"expansioncontent:QuickStudy","floor":20},{"not_picked":["expansioncontent:SuperHexaguard","REME_TheoryOfElimination","Bandage Up"],"picked":"testmod-Mystery","floor":20},{"not_picked":["PrismaMod:IllyaRussianRoulette","PrismaMod:IllyaUberChannel","PrismaMod:IllyaPartialInstallAssassin"],"picked":"PrismaMod:IllyaSaphire","floor":21},{"not_picked":["Woodsman","ShyLook","WallGazer"],"picked":"Singing Bowl","floor":21},{"not_picked":[],"picked":"PrismaMod:IllyaAssassinRevenge","floor":24},{"not_picked":[],"picked":"PrismaMod:IllyaUncommonAOEAttack","floor":24},{"not_picked":[],"picked":"PrismaMod:IllyaUberPoisonChannel","floor":24},{"not_picked":["Flex","PrismaMod:IllyaGun","PrismaMod:IllyaPoisoningPhantasm"],"picked":"PrismaMod:IllyaGrail","floor":26},{"not_picked":["Funeral","Scorched","Wellcheers"],"picked":"Singing Bowl","floor":26},{"not_picked":["PrismaMod:IllyaDevil","Heavy Blade+1","PrismaMod:IllyaBlindPoisonToss"],"picked":"PrismaMod:IllyaCommandSeal","floor":30},{"not_picked":["Scorched","OldLady","Laetitia"],"picked":"Singing Bowl","floor":30},{"not_picked":["PrismaMod:IllyaRubysPotion","PrismaMod:IllyaGun+1","PrismaMod:IllyaCommonEvoke"],"picked":"PrismaMod:IllyaUpgradeOrbs+1","floor":31},{"not_picked":["SilentOrchestra","Freischutz","OldLady"],"picked":"Singing Bowl","floor":31},{"not_picked":["PrismaMod:IllyaInstallAvenger","PrismaMod:IllyaInstallRider","PrismaMod:IllyaUberAttackChannel"],"picked":"PrismaMod:IllyaInstallForeigner","floor":35},{"not_picked":["BeautyBeast","Murderer","QueenBee"],"picked":"Singing Bowl","floor":35},{"not_picked":["CrumblingArmor","Wellcheers","Murderer"],"picked":"Singing Bowl","floor":37},{"not_picked":["PrismaMod:IllyaTestament+1","PrismaMod:IllyaGun+1","PrismaMod:IllyaUpgradeOrbs"],"picked":"PrismaMod:IllyaCheapDefend+1","floor":37},{"not_picked":["PrismaMod:IllyaCheapChannelAttack","PrismaMod:IllyaEvokeAll","PrismaMod:IllyaTestament+1"],"picked":"PrismaMod:IllyaUncommonDefend+1","floor":39},{"not_picked":["BodiesMountain","WhitesApple","Funeral"],"picked":"Singing Bowl","floor":39},{"not_picked":["PrismaMod:IllyaRussianRoulette","PrismaMod:IllyaUncommonAttack+1","PrismaMod:IllyaRubysPotion+1"],"picked":"PrismaMod:IllyaSaphire","floor":40},{"not_picked":["SilentOrchestra","CENSORED","WhiteNight"],"picked":"Singing Bowl","floor":40},{"not_picked":["PrismaMod:IllyaCheapChannelDefend+1","PrismaMod:IllyaCheapChannelAttack","PrismaMod:IllyaGun+1"],"picked":"PrismaMod:IllyaPartialInstallAssassin+1","floor":41},{"not_picked":["BodiesMountain","Mercenary","QueenBee"],"picked":"Singing Bowl","floor":41},{"not_picked":["PrismaMod:IllyaDetonatingBlow","PrismaMod:IllyaHassanGift+1","PrismaMod:IllyaPoisonTippedWeapons"],"picked":"PrismaMod:IllyaAOECommonAttack+1","floor":43},{"not_picked":["WhiteNight","DreamingCurrent"],"picked":"QueenOfHatred","floor":43},{"not_picked":["PrismaMod:IllyaBlindPoisonToss+1","PrismaMod:IllyaTestament+1","PrismaMod:IllyaPoisonTippedWeapons"],"picked":"PrismaMod:IllyaFriendMaker+1","floor":51},{"not_picked":["HappyTeddy","NakedNest","CENSORED"],"picked":"Singing Bowl","floor":51},{"not_picked":["Woodsman","NothingThere"],"picked":"BlackSwan","floor":51}],"player_experience":137623,"relics_obtained":[{"floor":1.0,"key":"Question Card"},{"floor":1.0,"key":"LetterFromLob"},{"floor":7.0,"key":"Replay:Bottled Snecko"},{"floor":16.0,"key":"ImportantClient"},{"floor":26,"key":"DoctorsRemote"},{"floor":28,"key":"aspiration:ChemicalBlood"},{"floor":33,"key":"Ancient Tea Set"},{"floor":47,"key":"MagicDraw3"}],"event_choices":[{"damage_healed":0,"gold_gain":400,"player_choice":"Sell","damage_taken":0,"max_hp_gain":0,"max_hp_loss":0,"event_name":"恩洛斯的盘子","floor":46,"relics_lost":["DaveBox"],"gold_loss":0},{"damage_healed":0,"gold_gain":0,"player_choice":"Ignored","damage_taken":0,"max_hp_gain":0,"max_hp_loss":0,"event_name":"给自己的盒子","floor":52,"gold_loss":0}],"is_beta":false,"boss_relics":[{"not_picked":["aspiration:RunicSpoon","aspiration:PoetsPen_weak"],"picked":"vexMod:RockOfEvil"},{"not_picked":[]},{"not_picked":["jedi:battlestandard","ReplayTheSpireMod:DimensionalGlitch"],"picked":"FeatherPendant"},{"not_picked":[]}],"items_purged_floors":[20,49],"is_endless":false,"potions_floor_spawned":[7,8,16,18,35,41,43,51],"killed_by":"Delirium","ascension_level":0}}