{"host":"ec2wu4mdnvke243f","time":1607600033,"event":{"gold_per_floor":[99,126,136,155,172,172,172,190,202,231,231,261,198,216,236,236,236],"floor_reached":16,"playtime":951,"items_purged":[],"score":120,"play_id":"918dc181-85df-4e42-b0ed-cae837bffee1","local_time":"20201210123353","is_ascension_mode":true,"campfire_choices":[{"floor":1,"key":"RECALL"},{"data":"hermit:CursedWeapon","floor":6,"key":"SMITH"}],"neow_cost":"NONE","seed_source_timestamp":33988080395099,"circlet_count":0,"master_deck":["hermit:Strike_Hermit","hermit:Strike_Hermit","hermit:Strike_Hermit","hermit:Strike_Hermit","hermit:Defend_Hermit","hermit:Defend_Hermit","hermit:Defend_Hermit","hermit:Snapshot","hermit:Covet","hermit:Malice","hermit:CursedWeapon+1","hermit:Glare","hermit:Coalescence","hermit:Deadeye","hermit:Manifest","hermit:SprayPray","hermit:Maintenance"],"relics":["hermit:Momento","Gambling Chip","Peace Pipe","Ginger"],"potions_floor_usage":[16,16,16],"damage_taken":[{"damage":25,"enemies":"3 Sentries","floor":2,"turns":7},{"damage":2,"enemies":"Cultist","floor":3,"turns":2},{"damage":2,"enemies":"Small Slimes","floor":4,"turns":3},{"damage":0,"enemies":"2 Louse","floor":5,"turns":1},{"damage":6,"enemies":"Blue Slaver","floor":8,"turns":3},{"damage":2,"enemies":"3 Louse","floor":9,"turns":2},{"damage":33,"enemies":"Gremlin Nob","floor":10,"turns":5},{"damage":0,"enemies":"downfall:FleeingMerchant","floor":13,"turns":4},{"damage":0,"enemies":"Large Slime","floor":14,"turns":4},{"damage":0,"enemies":"2 Fungi Beasts","floor":15,"turns":3},{"damage":6,"enemies":"downfall:CharBossDefect","floor":16,"turns":3}],"seed_played":"-4396129997960882897","potions_obtained":[{"floor":2,"key":"hexamod:EctoCoolerPotion"},{"floor":14,"key":"PowerPotion"}],"is_trial":false,"path_per_floor":["R","E","M","M","M","R","T","M","M","E","?","?","$","M","M","B"],"character_chosen":"HERMIT","items_purchased":["AttackPotion"],"campfire_rested":0,"item_purchase_floors":[13],"current_hp_per_floor":[75,50,48,46,46,46,46,40,38,5,5,5,5,5,5,0,0],"gold":236,"neow_bonus":"TRANSFORM_CARD","is_prod":false,"is_daily":false,"chose_seed":false,"campfire_upgraded":1,"win_rate":0,"timestamp":1607600033,"path_taken":["R","E","?","M","M","R","T","M","M","E","?","?","$","M","M","BOSS"],"build_version":"2020-11-30","purchased_purges":0,"victory":false,"max_hp_per_floor":[75,75,75,75,75,75,75,75,75,75,75,75,75,75,75,75,75],"card_choices":[{"not_picked":["hermit:Desperado","hermit:Roughhouse"],"picked":"hermit:CursedWeapon","floor":2},{"not_picked":["hermit:BigShot","hermit:ItchyTrigger"],"picked":"hermit:Glare","floor":3},{"not_picked":["hermit:Glare","hermit:CalledShot"],"picked":"hermit:Coalescence","floor":4},{"not_picked":["hermit:TakeAim","hermit:ShadowCloak"],"picked":"hermit:Deadeye","floor":5},{"not_picked":["hermit:ShadowCloak","hermit:Glare","hermit:Coalescence"],"picked":"SKIP","floor":8},{"not_picked":["hermit:HoleUp","hermit:CalledShot"],"picked":"hermit:Manifest","floor":9},{"not_picked":["hermit:LoneWolf","hermit:Maintenance"],"picked":"hermit:SprayPray","floor":10},{"not_picked":["hermit:Glare","hermit:Vantage","hermit:Manifest"],"picked":"SKIP","floor":14},{"not_picked":["hermit:SprayPray","hermit:Spite"],"picked":"hermit:Maintenance","floor":15}],"player_experience":497210,"relics_obtained":[{"floor":2,"key":"Gambling Chip"},{"floor":7,"key":"Peace Pipe"},{"floor":10,"key":"Ginger"}],"event_choices":[{"damage_healed":0,"gold_gain":0,"player_choice":"Fled","damage_taken":0,"max_hp_gain":0,"max_hp_loss":0,"event_name":"Scrap Ooze","floor":11,"gold_loss":0}],"is_beta":false,"boss_relics":[],"items_purged_floors":[],"is_endless":false,"potions_floor_spawned":[2,14,15],"killed_by":"downfall:CharBossDefect","ascension_level":1}}