{"host":"qm4rv4rkpk76sbxu","time":1607608279,"event":{"mods":["BaseMod","Bestiary","Block Reminder","Keyboard Shortcuts","Minty Spire (QoL Compilation)","MonsterHotkey","Quick Restart","Relic Stats","Slay-I","StSLib","ojb\u0027s Better Paths Mod","DeckTracker","Filter the Spire","Potion Indicator Mod","Random Character Button"],"gold_per_floor":[111,127,127,127,143,143,159,188,188,188,188,22,51,61,61,132,132,152,152,122,122,138,163,163,191,191,207,219,219,219],"floor_reached":29,"playtime":1651,"items_purged":[],"score":600,"play_id":"0a1978d4-7025-4a33-b5c8-d377d3674753","local_time":"20201210145119","is_ascension_mode":true,"campfire_choices":[{"data":"Dash","floor":6.0,"key":"SMITH"},{"data":"Envenom","floor":10.0,"key":"SMITH"},{"data":"Wraith Form v2","floor":15.0,"key":"SMITH"},{"floor":24.0,"key":"REST"}],"circlet_count":0,"master_deck":["AscendersBane","Strike_G","Strike_G","Strike_G","Strike_G","Strike_G","Defend_G","Defend_G","Defend_G","Defend_G","Defend_G","Survivor","Neutralize","Sucker Punch","Dash+1","Malaise","Envenom+1","Wraith Form v2+1","Noxious Fumes","Wraith Form v2","Catalyst","Calculated Gamble+1","Wraith Form v2+1","Bouncing Flask","Footwork+1","Catalyst"],"special_seed":0,"relics":["Ring of the Snake","Incense Burner","Sundial","Gremlin Horn","Sling","Lantern","Black Star","Bronze Scales","Ornamental Fan","Smiling Mask","Pen Nib","Kunai"],"acts_visited":["Exordium","TheCity"],"potions_floor_usage":[],"damage_taken":[{"damage":0.0,"enemies":"Jaw Worm","floor":1.0,"turns":6.0},{"damage":0.0,"enemies":"2 Louse","floor":2.0,"turns":2.0},{"damage":8.0,"enemies":"Cultist","floor":5.0,"turns":4.0},{"damage":2.0,"enemies":"2 Fungi Beasts","floor":7.0,"turns":4.0},{"damage":28.0,"enemies":"3 Sentries","floor":8.0,"turns":10.0},{"damage":0.0,"enemies":"Lagavulin","floor":13.0,"turns":8.0},{"damage":2.0,"enemies":"Large Slime","floor":14.0,"turns":6.0},{"damage":12.0,"enemies":"Hexaghost","floor":16.0,"turns":13.0},{"damage":8.0,"enemies":"Chosen","floor":18.0,"turns":9.0},{"damage":18.0,"enemies":"2 Thieves","floor":20.0,"turns":4.0},{"damage":13.0,"enemies":"Shelled Parasite and Fungi","floor":22.0,"turns":9.0},{"damage":14.0,"enemies":"Slavers","floor":23.0,"turns":8.0},{"damage":5.0,"enemies":"Gremlin Leader","floor":25.0,"turns":8.0},{"damage":3.0,"enemies":"Snake Plant","floor":27.0,"turns":5.0},{"damage":18.0,"enemies":"Cultist and Chosen","floor":28.0,"turns":7.0},{"damage":8,"enemies":"Book of Stabbing","floor":29,"turns":5}],"seed_played":"6008747616030804610","potions_obtained":[{"floor":1.0,"key":"Explosive Potion"},{"floor":4.0,"key":"LiquidMemories"},{"floor":4.0,"key":"Dexterity Potion"},{"floor":7.0,"key":"FearPotion"},{"floor":8.0,"key":"Block Potion"},{"floor":22.0,"key":"Explosive Potion"},{"floor":25.0,"key":"AttackPotion"}],"is_trial":false,"path_per_floor":["M","M","?","?","M","R","M","E","T","R","?","$","E","M","R","B",null,"M","?","M","?","M","E","R","E","T","M","M","E"],"character_chosen":"THE_SILENT","items_purchased":["Sling"],"campfire_rested":1,"item_purchase_floors":[12],"current_hp_per_floor":[56,56,61,61,53,53,51,23,23,23,18,18,18,16,16,4,63,55,55,37,37,24,10,34,29,29,26,8,0,0],"gold":219,"neow_bonus":"TWENTY_PERCENT_HP_BONUS","is_daily":false,"chose_seed":false,"campfire_upgraded":3,"win_rate":0,"timestamp":1607608279,"path_taken":["M","M","?","?","M","R","?","E","T","R","?","$","E","M","R","BOSS","M","?","M","?","M","E","R","E","T","?","M","E"],"build_version":"2020-11-30","purchased_purges":0,"victory":false,"max_hp_per_floor":[78,78,83,83,83,83,83,83,83,83,83,83,83,83,83,83,83,83,83,83,83,83,83,83,83,83,83,83,83,83],"relic_stats":{"Gremlin Horn":[11,11],"counters":[16,108],"Sundial":[12],"Ornamental Fan":[16],"Bronze Scales":[111],"Pen Nib":[2],"Black Star":2,"Kunai":[1],"Smiling Mask":0,"obtain_stats":[{"Lantern":13,"Gremlin Horn":11,"Sundial":9,"Ornamental Fan":23,"Bronze Scales":23,"Pen Nib":25,"Incense Burner":8,"Black Star":17,"Kunai":26,"Sling":12,"Smiling Mask":25,"Ring of the Snake":0},{"Lantern":6,"Gremlin Horn":5,"Sundial":5,"Ornamental Fan":12,"Bronze Scales":12,"Pen Nib":13,"Incense Burner":5,"Black Star":8,"Kunai":13,"Sling":5,"Smiling Mask":13,"Ring of the Snake":0},{"Lantern":34,"Gremlin Horn":26,"Sundial":26,"Ornamental Fan":83,"Bronze Scales":83,"Pen Nib":91,"Incense Burner":26,"Black Star":53,"Kunai":91,"Sling":26,"Smiling Mask":91,"Ring of the Snake":0}],"Ring of the Snake":[32]},"card_choices":[{"not_picked":["Deflect","Expertise"],"picked":"Sucker Punch","floor":1.0},{"not_picked":["Slice","Sucker Punch"],"picked":"Dash","floor":2.0},{"not_picked":["Prepared","Deflect"],"picked":"Malaise","floor":5.0},{"not_picked":["Outmaneuver","Cloak And Dagger","Quick Slash"],"picked":"SKIP","floor":7.0},{"not_picked":["Acrobatics","Dagger Throw"],"picked":"Envenom","floor":8.0},{"not_picked":["Deadly Poison","Flying Knee"],"picked":"Wraith Form v2","floor":13.0},{"not_picked":["Quick Slash","Dodge and Roll"],"picked":"Noxious Fumes","floor":14.0},{"not_picked":["Adrenaline","Burst"],"picked":"Wraith Form v2","floor":16.0},{"not_picked":["Masterful Stab+1","PiercingWail","Outmaneuver"],"picked":"SKIP","floor":18.0},{"not_picked":["Quick Slash","Backflip"],"picked":"Calculated Gamble+1","floor":20.0},{"not_picked":["Dodge and Roll","Flechettes"],"picked":"Bouncing Flask","floor":22.0},{"not_picked":["Flying Knee","Eviscerate","Expertise+1"],"picked":"SKIP","floor":23.0},{"not_picked":["Prepared","All Out Attack"],"picked":"Footwork+1","floor":25.0},{"not_picked":["Reflex","Dodge and Roll","Predator"],"picked":"SKIP","floor":27.0},{"not_picked":["Deadly Poison","Blur"],"picked":"Catalyst","floor":28.0}],"player_experience":1026881,"relics_obtained":[{"floor":8.0,"key":"Incense Burner"},{"floor":9.0,"key":"Sundial"},{"floor":13.0,"key":"Lantern"},{"floor":23.0,"key":"Bronze Scales"},{"floor":23.0,"key":"Ornamental Fan"},{"floor":25.0,"key":"Smiling Mask"},{"floor":25.0,"key":"Pen Nib"},{"floor":26.0,"key":"Kunai"}],"event_choices":[{"damage_healed":0.0,"max_hp_gain":5.0,"max_hp_loss":0.0,"gold_gain":0.0,"event_name":"Big Fish","player_choice":"Donut","floor":3.0,"gold_loss":0.0,"damage_taken":0.0},{"damage_healed":0.0,"max_hp_gain":0.0,"max_hp_loss":0.0,"gold_gain":0.0,"event_name":"Lab","player_choice":"Got Potions","floor":4.0,"gold_loss":0.0,"damage_taken":0.0},{"damage_healed":0.0,"max_hp_gain":0.0,"max_hp_loss":0.0,"gold_gain":0.0,"event_name":"Scrap Ooze","player_choice":"Success","floor":11.0,"gold_loss":0.0,"damage_taken":5.0,"relics_obtained":["Gremlin Horn"]},{"damage_healed":0.0,"max_hp_gain":0.0,"max_hp_loss":0.0,"gold_gain":0.0,"event_name":"The Library","player_choice":"Read","floor":19.0,"gold_loss":0.0,"damage_taken":0.0,"cards_obtained":["Catalyst"]},{"damage_healed":0.0,"max_hp_gain":0.0,"max_hp_loss":0.0,"gold_gain":0.0,"event_name":"Duplicator","player_choice":"Copied","floor":21.0,"gold_loss":0.0,"damage_taken":0.0,"cards_obtained":["Wraith Form v2"]}],"is_beta":false,"boss_relics":[{"not_picked":["SacredBark","Calling Bell"],"picked":"Black Star"}],"items_purged_floors":[],"is_endless":false,"potions_floor_spawned":[1,7,8,13,22,25],"killed_by":"Book of Stabbing","ascension_level":20}}