{"host":"t7mx8yfj1no5p62f","time":1607614178,"event":{"mods":["BaseMod","StSLib","Colored Map","Colored Powertips","Minty Spire (QoL Compilation)","Relic Stats"],"gold_per_floor":[118,128,151,121,131,131,131,148,148,182,194,194,221,250,250,322,322,333,333,347,347,347,372,390,390,459,459,469,469,500,264,264,264,264],"floor_reached":33,"playtime":1091,"items_purged":["Bite"],"score":611,"play_id":"99629ec4-d143-4aea-b8a4-b8772aee596d","local_time":"20201210102938","is_ascension_mode":true,"campfire_choices":[{"data":"Doom and Gloom","floor":6.0,"key":"SMITH"},{"data":"Rip and Tear","floor":12.0,"key":"SMITH"},{"data":"Hologram","floor":15.0,"key":"SMITH"},{"data":"Aggregate","floor":25,"key":"SMITH"},{"data":"Skim","floor":27,"key":"SMITH"},{"data":"Sunder","floor":29,"key":"SMITH"},{"data":"Machine Learning","floor":32,"key":"SMITH"}],"circlet_count":0,"master_deck":["AscendersBane","Defend_B","Defend_B","Defend_B","Defend_B","Zap","Dualcast","Doom and Gloom+1","Rip and Tear+1","Leap","Ball Lightning","Machine Learning+1","Hologram+1","Steam","Electrodynamics","Conserve Battery","Bite","Bite","Bite","Bite","Skim+1","Turbo","Chill","Aggregate+1","Sunder+1","Coolheaded+1","Self Repair","White Noise"],"special_seed":0,"relics":["SlaversCollar","Akabeko","White Beast Statue","StrikeDummy","Oddly Smooth Stone","Odd Mushroom","Coffee Dripper","Vajra","Dream Catcher","Mercury Hourglass","Shuriken","Orrery"],"acts_visited":["Exordium","TheCity"],"potions_floor_usage":[23,23,30,33],"damage_taken":[{"damage":2.0,"enemies":"Cultist","floor":1.0,"turns":4.0},{"damage":7.0,"enemies":"Jaw Worm","floor":2.0,"turns":3.0},{"damage":3.0,"enemies":"Small Slimes","floor":5.0,"turns":2.0},{"damage":0.0,"enemies":"Gremlin Gang","floor":8.0,"turns":5.0},{"damage":10.0,"enemies":"3 Sentries","floor":10.0,"turns":3.0},{"damage":7.0,"enemies":"Blue Slaver","floor":11.0,"turns":4.0},{"damage":2.0,"enemies":"Gremlin Nob","floor":13.0,"turns":3.0},{"damage":0.0,"enemies":"The Mushroom Lair","floor":14.0,"turns":2.0},{"damage":20.0,"enemies":"Hexaghost","floor":16.0,"turns":7.0},{"damage":11.0,"enemies":"3 Byrds","floor":18.0,"turns":3.0},{"damage":18.0,"enemies":"Shell Parasite","floor":20.0,"turns":6.0},{"damage":48,"enemies":"Book of Stabbing","floor":23,"turns":5},{"damage":18,"enemies":"Snecko","floor":24,"turns":6},{"damage":0,"enemies":"3 Cultists","floor":28,"turns":4},{"damage":10,"enemies":"Slavers","floor":30,"turns":4},{"damage":56,"enemies":"Collector","floor":33,"turns":10}],"seed_played":"7045949871343174872","potions_obtained":[{"floor":2.0,"key":"PowerPotion"},{"floor":4.0,"key":"BlessingOfTheForge"},{"floor":4.0,"key":"FearPotion"},{"floor":10.0,"key":"EssenceOfSteel"},{"floor":13.0,"key":"Fruit Juice"},{"floor":14.0,"key":"PowerPotion"},{"floor":16.0,"key":"Dexterity Potion"},{"floor":18.0,"key":"LiquidBronze"},{"floor":20.0,"key":"FocusPotion"},{"floor":23,"key":"DistilledChaos"},{"floor":24,"key":"Fire Potion"},{"floor":30,"key":"GamblersBrew"}],"is_trial":false,"path_per_floor":["M","M","T","?","M","R","?","M","T","E","M","R","E","?","R","B",null,"M","?","M","?","T","E","M","R","T","R","M","R","E","$","R","B"],"character_chosen":"DEFECT","items_purchased":["Orrery"],"campfire_rested":0,"item_purchase_floors":[31],"current_hp_per_floor":[62,55,55,55,52,52,52,52,52,42,35,35,33,38,38,18,62,51,51,51,51,51,19,11,11,11,11,21,21,21,21,21,0,0],"gold":264,"neow_bonus":"BOSS_RELIC","is_daily":false,"chose_seed":false,"campfire_upgraded":7,"win_rate":0,"timestamp":1607614178,"path_taken":["M","M","?","?","?","R","?","M","T","E","?","R","E","?","R","BOSS","M","?","M","?","?","E","M","R","T","R","M","R","E","$","R","BOSS"],"build_version":"2020-11-30","purchased_purges":1,"victory":false,"max_hp_per_floor":[71,71,71,71,71,71,71,71,71,71,71,71,71,76,76,76,76,76,53,53,53,53,53,53,53,53,53,53,53,53,53,53,53,53],"relic_stats":{"Dream Catcher":0,"counters":[16,70],"Shuriken":[5],"obtain_stats":[{"Oddly Smooth Stone":13,"Vajra":22,"Odd Mushroom":14,"Akabeko":3,"White Beast Statue":9,"Mercury Hourglass":26,"SlaversCollar":0,"Dream Catcher":23,"Shuriken":30,"Orrery":31,"Coffee Dripper":17,"Cracked Core":0,"StrikeDummy":10},{"Oddly Smooth Stone":7,"Vajra":11,"Odd Mushroom":8,"Akabeko":2,"White Beast Statue":4,"Mercury Hourglass":13,"SlaversCollar":0,"Dream Catcher":12,"Shuriken":15,"Orrery":15,"Coffee Dripper":9,"Cracked Core":0,"StrikeDummy":5},{"Oddly Smooth Stone":24,"Vajra":42,"Odd Mushroom":26,"Akabeko":7,"White Beast Statue":14,"Mercury Hourglass":53,"SlaversCollar":0,"Dream Catcher":47,"Shuriken":60,"Orrery":60,"Coffee Dripper":33,"Cracked Core":0,"StrikeDummy":17}],"Mercury Hourglass":[102]},"card_choices":[{"not_picked":["Steam","Beam Cell"],"picked":"Doom and Gloom","floor":1.0},{"not_picked":["Steam","Blizzard"],"picked":"Rip and Tear","floor":2.0},{"not_picked":["Gash","Streamline"],"picked":"Leap","floor":5.0},{"not_picked":["Turbo","Recycle"],"picked":"Ball Lightning","floor":8.0},{"not_picked":["Tempest","Turbo","Gash"],"picked":"SKIP","floor":10.0},{"not_picked":["Scrape","Sweeping Beam"],"picked":"Machine Learning","floor":11.0},{"not_picked":["Turbo","Streamline"],"picked":"Hologram","floor":13.0},{"not_picked":["Capacitor","Compile Driver"],"picked":"Steam","floor":14.0},{"not_picked":["Multi-Cast","Seek"],"picked":"Electrodynamics","floor":16.0},{"not_picked":["Consume","Redo"],"picked":"Conserve Battery","floor":18.0},{"not_picked":["Streamline","Heatsinks"],"picked":"Skim","floor":20.0},{"not_picked":["Blizzard","Steam"],"picked":"Chill","floor":23},{"not_picked":["Scrape","Consume+1"],"picked":"Aggregate","floor":24},{"not_picked":["Darkness","Go for the Eyes"],"picked":"Sunder","floor":28},{"not_picked":["Conserve Battery","Rebound+1","Coolheaded"],"picked":"SKIP","floor":30},{"not_picked":["Streamline","Stack"],"picked":"Coolheaded+1","floor":31},{"not_picked":["Streamline","Recycle"],"picked":"Self Repair","floor":31},{"not_picked":["Conserve Battery","Electrodynamics"],"picked":"White Noise","floor":31}],"player_experience":1528978,"relics_obtained":[{"floor":3.0,"key":"Akabeko"},{"floor":9.0,"key":"White Beast Statue"},{"floor":10.0,"key":"StrikeDummy"},{"floor":13.0,"key":"Oddly Smooth Stone"},{"floor":14.0,"key":"Odd Mushroom"},{"floor":22.0,"key":"Vajra"},{"floor":23,"key":"Dream Catcher"},{"floor":26,"key":"Mercury Hourglass"},{"floor":30,"key":"Shuriken"}],"event_choices":[{"damage_healed":0.0,"max_hp_gain":0.0,"max_hp_loss":0.0,"gold_gain":0.0,"event_name":"The Woman in Blue","player_choice":"Bought 2 Potions","floor":4.0,"gold_loss":0.0,"damage_taken":0.0},{"damage_healed":0.0,"max_hp_gain":0.0,"max_hp_loss":0.0,"gold_gain":0.0,"event_name":"Match and Keep!","player_choice":"0 cards matched","floor":7.0,"gold_loss":0.0,"damage_taken":0.0,"cards_obtained":[]},{"damage_healed":0.0,"max_hp_gain":0.0,"max_hp_loss":0.0,"gold_gain":0.0,"event_name":"Mushrooms","player_choice":"Fought Mushrooms","floor":14.0,"gold_loss":0.0,"damage_taken":0.0},{"damage_healed":0.0,"max_hp_gain":0.0,"max_hp_loss":23.0,"gold_gain":0.0,"event_name":"Vampires","player_choice":"Became a vampire","floor":19.0,"gold_loss":0.0,"damage_taken":0.0,"cards_obtained":["Bite","Bite","Bite","Bite","Bite"]},{"damage_healed":0.0,"max_hp_gain":0.0,"max_hp_loss":0.0,"gold_gain":0.0,"event_name":"The Library","player_choice":"Read","floor":21.0,"gold_loss":0.0,"damage_taken":0.0,"cards_obtained":["Turbo"]}],"is_beta":false,"boss_relics":[{"not_picked":["Calling Bell","Fusion Hammer"],"picked":"Coffee Dripper"}],"items_purged_floors":[31],"is_endless":false,"potions_floor_spawned":[2,8,10,11,13,14,16,18,20,23,24,28,30],"killed_by":"Collector","ascension_level":20}}