{"host":"vfg9szunmpjwj08o","time":1607632461,"event":{"mods":["BaseMod","Act Like it!","Colored Map","Colored Powertips","Minty Spire (QoL Compilation)","StSLib","Waifu the Spire","Challenge The Spire"],"gold_per_floor":[109,119,138,150,150,150,175,187,232,273,273,64,89,89,89,194,194,220,233,249,249,259,259,84,127,127,68,68,68],"floor_reached":28,"playtime":1136,"items_purged":["Strike_P"],"score":325,"play_id":"3691961f-ac51-447f-a1e0-a8a2f2052f37","local_time":"20201210213421","is_ascension_mode":true,"campfire_choices":[{"data":"Eruption","floor":6,"key":"SMITH"},{"data":"ConjureBlade","floor":11,"key":"SMITH"},{"data":"Prostrate","floor":15,"key":"SMITH"},{"floor":23,"key":"RECALL"}],"circlet_count":0,"master_deck":["Strike_P+1","Strike_P+1","Defend_P+1","Defend_P+1","Defend_P+1","Defend_P+1","Eruption+1","Vigilance","Prostrate+1","Perseverance","EmptyBody","ConjureBlade+1","Halt","Indignation","Prostrate","Judgement+1","MentalFortress","Vengeance","Scrawl","Prostrate+1","DevaForm","WreathOfFlame","Tantrum","Study"],"relics":["PureWater","Lizard Tail","Mummified Hand","CeramicFish","Matryoshka","Coffee Dripper","Happy Flower","Orichalcum"],"acts_visited":["Exordium","TheCity"],"potions_floor_usage":[10,16,16,25,25],"damage_taken":[{"damage":2,"enemies":"Jaw Worm","floor":1,"turns":4},{"damage":1,"enemies":"Small Slimes","floor":2,"turns":2},{"damage":0,"enemies":"2 Louse","floor":3,"turns":3},{"damage":4,"enemies":"Looter","floor":4,"turns":4},{"damage":22,"enemies":"3 Sentries","floor":7,"turns":7},{"damage":0,"enemies":"Large Slime","floor":8,"turns":4},{"damage":30,"enemies":"Gremlin Nob","floor":10,"turns":3},{"damage":0,"enemies":"Exordium Wildlife","floor":13,"turns":5},{"damage":10,"enemies":"Hexaghost","floor":16,"turns":9},{"damage":0,"enemies":"Spheric Guardian","floor":18,"turns":1},{"damage":4,"enemies":"Shell Parasite","floor":19,"turns":3},{"damage":24,"enemies":"Sentry and Sphere","floor":20,"turns":3},{"damage":11,"enemies":"Snake Plant","floor":22,"turns":4},{"damage":8,"enemies":"Gremlin Leader","floor":25,"turns":4},{"damage":15,"enemies":"Shelled Parasite and Fungi","floor":28,"turns":4}],"seed_played":"3255194886836972960","potions_obtained":[{"floor":3,"key":"Strength Potion"},{"floor":8,"key":"FearPotion"},{"floor":13,"key":"Weak Potion"},{"floor":16,"key":"EssenceOfSteel"},{"floor":19,"key":"Strength Potion"},{"floor":20,"key":"EntropicBrew"},{"floor":22,"key":"FairyPotion"}],"is_trial":false,"path_per_floor":["M","M","M","M","?","R","E","M","T","E","R","$","M","?","R","B",null,"M","M","M","?","M","R","$","E","T","$","M"],"character_chosen":"WATCHER","items_purchased":["Judgement","MentalFortress","DevaForm","WreathOfFlame","Study"],"campfire_rested":0,"item_purchase_floors":[12,12,24,24,27],"current_hp_per_floor":[63,62,62,58,51,51,29,29,29,32,32,32,32,32,32,22,54,54,50,26,26,15,15,15,7,7,7,19,19],"gold":68,"neow_bonus":"ONE_RARE_RELIC","is_daily":false,"chose_seed":false,"campfire_upgraded":3,"win_rate":0,"timestamp":1607632461,"path_taken":["M","M","M","M","?","R","E","M","T","E","R","$","M","?","R","BOSS","M","M","M","?","M","R","$","E","T","$","M"],"build_version":"2020-11-30","purchased_purges":1,"victory":false,"max_hp_per_floor":[65,65,65,65,65,65,65,65,65,65,65,65,65,65,65,65,65,65,65,65,65,65,65,65,65,65,65,65,65],"card_choices":[{"not_picked":["CutThroughFate","Consecrate"],"picked":"Prostrate","floor":1},{"not_picked":["EmptyFist","Prostrate"],"picked":"Perseverance","floor":2},{"not_picked":["ReachHeaven","EmptyFist"],"picked":"EmptyBody","floor":3},{"not_picked":["SignatureMove","Consecrate"],"picked":"ConjureBlade","floor":4},{"not_picked":["SignatureMove","Evaluate"],"picked":"Halt","floor":7},{"not_picked":["JustLucky","FollowUp"],"picked":"Indignation","floor":8},{"not_picked":["Omniscience","ForeignInfluence"],"picked":"Prostrate","floor":10},{"not_picked":["FlyingSleeves","WheelKick"],"picked":"Vengeance","floor":13},{"not_picked":["Blasphemy","Alpha"],"picked":"Scrawl","floor":16},{"not_picked":["SandsOfTime","WreathOfFlame"],"picked":"Prostrate+1","floor":18},{"not_picked":["EmptyBody","WheelKick","Protect"],"picked":"SKIP","floor":19},{"not_picked":["ClearTheMind+1","FlurryOfBlows","DeceiveReality"],"picked":"SKIP","floor":20},{"not_picked":["ThirdEye","ClearTheMind+1","Weave+1"],"picked":"SKIP","floor":22},{"not_picked":["Crescendo+1","SashWhip+1"],"picked":"Tantrum","floor":25}],"player_experience":972722,"relics_obtained":[{"floor":7,"key":"Mummified Hand"},{"floor":9,"key":"CeramicFish"},{"floor":10,"key":"Matryoshka"},{"floor":25,"key":"Happy Flower"},{"floor":26,"key":"Orichalcum"}],"event_choices":[{"cards_removed":["Strike_P"],"damage_healed":0,"gold_gain":0,"player_choice":"Card Removal","damage_taken":7,"max_hp_gain":0,"max_hp_loss":0,"event_name":"Golden Wing","floor":5,"gold_loss":0},{"damage_healed":0,"gold_gain":0,"player_choice":"Grow","damage_taken":0,"max_hp_gain":0,"max_hp_loss":0,"event_name":"Living Wall","floor":14,"gold_loss":0,"cards_upgraded":["Judgement"]},{"damage_healed":0,"gold_gain":0,"player_choice":"Simplicity","damage_taken":0,"max_hp_gain":0,"max_hp_loss":0,"event_name":"Back to Basics","floor":21,"gold_loss":0,"cards_upgraded":["Strike_P","Strike_P","Defend_P","Defend_P","Defend_P","Defend_P"]}],"is_beta":false,"boss_relics":[{"not_picked":["Tiny House","Runic Dome"],"picked":"Coffee Dripper"}],"items_purged_floors":[12],"is_endless":false,"potions_floor_spawned":[3,8,13,16,19,20,22],"killed_by":"Shelled Parasite and Fungi","ascension_level":6}}