{"host":"40ttcv3g5w633xb3","time":1607601798,"event":{"gold_per_floor":[115,135,135,135,160,200,200,200,200,17,17,11313,11263,11293,11293,11447,11447,11481,11481,11504,11649,11675,11675,11718,11718,11718,11746,11746],"floor_reached":27,"playtime":1269,"items_purged":["Strike_R+1"],"score":100,"play_id":"af871d64-66e7-4c9c-9fcd-6eb1f7011693","local_time":"20201210120318","is_ascension_mode":true,"campfire_choices":[{"data":"ReplayGash","floor":7,"key":"SMITH"},{"floor":11,"key":"RECALL"},{"data":"MostiFishMod:VineMother","floor":23,"key":"SMITH"},{"data":"Negative_Energy_Burst","floor":25,"key":"SMITH"}],"neow_cost":"NONE","seed_source_timestamp":10871560075500,"circlet_count":0,"master_deck":["Strike_R+1","Strike_R+1","Strike_R+1","Defend_R+1","Defend_R+1","Defend_R+1","Defend_R+1","Bash+1","Twin Strike+1","ReplayGash+1","Decay","hermit:Desperado+1","artistmod:ContrastingClash","Metallicize","artistmod:PalettePick+1","MostiFishMod:VineMother+1","Slimebound:Grow","Negative_Energy_Burst+1","Slimebound:WasteNot","hexamod:GhostOfSpireFuture","MilkyWay"],"relics":["DaveBox","TimeKeys","Sozu","vexMod:ConsolationPrize","Question Card","PrismaticShard","Golden Idol","DemoMod:SerJunkan","DemoMod:Junk","Tiny Chest","Vajra","Lantern","hubris:CrystalStatue","Kunai","HandDrill","Replay:Wax Seal","DemoMod:MonsterBlood","DemoMod:MeltedRock","halation:Diary","GreenFoldingFan","Boot","Matryoshka","Prayer Wheel","Bottled Flame"],"potions_floor_usage":[],"damage_taken":[{"damage":2,"enemies":"Jaw Worm","floor":1,"turns":2},{"damage":5,"enemies":"2 Louse","floor":2,"turns":2},{"damage":0,"enemies":"Cultist","floor":5,"turns":1},{"damage":0,"enemies":"Lagavulin","floor":6,"turns":3},{"damage":1,"enemies":"Exordium Wildlife","floor":14,"turns":2},{"damage":8,"enemies":"The Guardian","floor":16,"turns":8},{"damage":4,"enemies":"theJungle:Flameango_and_Byrd","floor":18,"turns":2},{"damage":6,"enemies":"Shell Parasite","floor":20,"turns":2},{"damage":9,"enemies":"theJungle:JungleHuntersEncounter","floor":22,"turns":3},{"damage":2,"enemies":"theJungle:MamaSnecko","floor":24,"turns":2},{"damage":4,"enemies":"theJungle:SlimyTreeVines","floor":27,"turns":2}],"seed_played":"114651798214535289","potions_obtained":[],"is_trial":false,"path_per_floor":["M","M","?","?","M","E","R","T","T","$","R","$","?","M","R_BF","B",null,"M","T","M","?","M","R","E","R","T","M"],"character_chosen":"IRONCLAD","items_purchased":["hubris:CrystalStatue","Kunai","HandDrill","Replay:Wax Seal","DemoMod:MonsterBlood","DemoMod:MeltedRock","halation:Diary"],"campfire_rested":0,"item_purchase_floors":[10,12,12,12,12,12,12],"current_hp_per_floor":[83,78,57,57,57,57,57,57,57,57,57,67,67,66,92,91,97,97,97,97,97,97,97,97,97,97,97,97],"gold":11746,"neow_bonus":"BOSS_RELIC","is_prod":false,"is_daily":false,"chose_seed":false,"campfire_upgraded":3,"win_rate":0,"timestamp":1607601798,"path_taken":["M","M","?","?","?","E","R","?","T","?","R","$","?","?","R_BF","BOSS","M","?","M","?","M","R","E","R","T","M"],"build_version":"2020-11-30","purchased_purges":1,"victory":false,"max_hp_per_floor":[85,85,85,85,85,85,85,85,85,85,85,92,92,92,92,97,97,97,97,97,97,97,97,97,97,97,97,97],"relic_stats":{"Sozu":12,"counters":[11,29],"Golden Idol":86,"Tiny Chest":1,"Prayer Wheel":3,"HandDrill":[32],"Kunai":[12],"Question Card":24,"Boot":[3],"obtain_stats":[{"halation:Diary":12,"Lantern":9,"hubris:CrystalStatue":10,"DaveBox":0,"TimeKeys":0,"Vajra":8,"DemoMod:GlassGuonStoneRelic":1,"PrismaticShard":1,"Boot":19,"Burning Blood":0,"Sozu":0,"GreenFoldingFan":17,"Matryoshka":19,"DemoMod:MonsterBlood":12,"Tiny Chest":8,"DemoMod:MeltedRock":12,"Prayer Wheel":20,"HandDrill":12,"Kunai":12,"Replay:Wax Seal":12,"DemoMod:Junk":6,"Golden Idol":3,"vexMod:ConsolationPrize":1,"Question Card":1,"Bottled Flame":26,"DemoMod:SerJunkan":5},{"halation:Diary":4,"Lantern":4,"hubris:CrystalStatue":4,"DaveBox":0,"TimeKeys":0,"Vajra":4,"DemoMod:GlassGuonStoneRelic":1,"PrismaticShard":1,"Boot":7,"Burning Blood":0,"Sozu":0,"GreenFoldingFan":6,"Matryoshka":7,"DemoMod:MonsterBlood":4,"Tiny Chest":4,"DemoMod:MeltedRock":4,"Prayer Wheel":8,"HandDrill":4,"Kunai":4,"Replay:Wax Seal":4,"DemoMod:Junk":4,"Golden Idol":2,"vexMod:ConsolationPrize":1,"Question Card":1,"Bottled Flame":10,"DemoMod:SerJunkan":3},{"halation:Diary":8,"Lantern":8,"hubris:CrystalStatue":8,"DaveBox":0,"TimeKeys":0,"Vajra":8,"DemoMod:GlassGuonStoneRelic":2,"PrismaticShard":2,"Boot":20,"Burning Blood":0,"Sozu":0,"GreenFoldingFan":18,"Matryoshka":20,"DemoMod:MonsterBlood":8,"Tiny Chest":8,"DemoMod:MeltedRock":8,"Prayer Wheel":22,"HandDrill":8,"Kunai":8,"Replay:Wax Seal":8,"DemoMod:Junk":8,"Golden Idol":4,"vexMod:ConsolationPrize":2,"Question Card":2,"Bottled Flame":27,"DemoMod:SerJunkan":5}]},"card_choices":[{"not_picked":["Run Through","Armaments+1"],"picked":"Twin Strike","floor":1},{"not_picked":["Wild Strike","Slimebound:GoopSpray","jedi:pocketpoison"],"picked":"ReplayGash","floor":2},{"not_picked":["Flechettes","artistmod:YellowYearning+1","Secret Technique"],"picked":"hermit:Desperado+1","floor":5},{"not_picked":["MarkedMod:NorthStar","hermit:BigShot","HandOfGreed"],"picked":"artistmod:ContrastingClash","floor":6},{"not_picked":["DemoMod:ConditionalReflex","beaked:Struggle","Siphon_Strength+1","FTL+1"],"picked":"SKIP","floor":6},{"not_picked":["Slice+1","Replay:Vibes","hermit:Shortfuse"],"picked":"Metallicize","floor":14},{"not_picked":["expansioncontent:StudyTheSpire","MostiFishMod:CyberBuddha","Slimebound:MassRepurpose"],"picked":"ReplayTheSpireMod:Fabricate Wheel","floor":16},{"not_picked":["DemoMod:ProbeStrike","DemoMod:FastSwitch+1","EmptyBody"],"picked":"artistmod:PalettePick+1","floor":18},{"not_picked":["Evolve+1","theSleuth:ThrowHat","sneckomod:UnknownStrike"],"picked":"MostiFishMod:VineMother","floor":20},{"not_picked":["Slimebound:FlameTackle+1","Shade:FleshToFlesh","artistmod:PrismaticPain","theSleuth:HandCannon"],"picked":"SKIP","floor":20},{"not_picked":["hierophant:Shelter","Entrench+1","Flying Knee+1"],"picked":"Slimebound:Grow","floor":21},{"not_picked":["hermit:Snipe","hierophant:AuricBeam","hierophant:Alms+1"],"picked":"Negative_Energy_Burst","floor":22},{"not_picked":["SporeBomb","hermit:NoHoldsBarred","hexamod:GhostLash","hierophant:AuricBeam"],"picked":"SKIP","floor":22},{"not_picked":["expansioncontent:CaCaw+1","hierophant:OrnateBuckler","Skewer"],"picked":"Slimebound:WasteNot","floor":24},{"not_picked":["SporeBomb","sneckomod:UnknownStrike","sneckomod:UnknownClassHUNTRESS+1"],"picked":"hexamod:GhostOfSpireFuture","floor":27},{"not_picked":["hermit:Malice","sneckomod:UnknownClassARTIST_RAINBOW_COLOR","sneckomod:WideSting"],"picked":"MilkyWay","floor":27}],"player_experience":270603,"relics_obtained":[{"floor":1,"key":"vexMod:ConsolationPrize"},{"floor":1,"key":"Question Card"},{"floor":1,"key":"PrismaticShard"},{"floor":5,"key":"DemoMod:SerJunkan"},{"floor":6,"key":"DemoMod:Junk"},{"floor":8,"key":"Tiny Chest"},{"floor":8,"key":"Vajra"},{"floor":9,"key":"DemoMod:Junk"},{"floor":9,"key":"Lantern"},{"floor":16,"key":"DemoMod:Junk"},{"floor":16,"key":"DemoMod:Junk"},{"floor":18,"key":"DemoMod:Junk"},{"floor":19,"key":"Boot"},{"floor":19,"key":"Matryoshka"},{"floor":21,"key":"DemoMod:Junk"},{"floor":24,"key":"DemoMod:Junk"},{"floor":26,"key":"DemoMod:Junk"},{"floor":26,"key":"DemoMod:Junk"},{"floor":26,"key":"Bottled Flame"}],"event_choices":[{"damage_healed":0,"gold_gain":0,"player_choice":"Take Damage","damage_taken":21,"relics_obtained":["Golden Idol"],"max_hp_gain":0,"max_hp_loss":0,"event_name":"Golden Idol","floor":3,"gold_loss":0},{"damage_healed":0,"gold_gain":0,"player_choice":"Cursed","damage_taken":0,"max_hp_gain":0,"max_hp_loss":0,"event_name":"Wheel of Change","floor":4,"gold_loss":0,"cards_obtained":["Decay"]},{"cards_removed":["Strike_R"],"damage_healed":0,"gold_gain":0,"player_choice":"Card Removal","damage_taken":0,"max_hp_gain":0,"max_hp_loss":0,"event_name":"The Cleric","floor":13,"gold_loss":50}],"is_beta":false,"boss_relics":[{"not_picked":["Abe\u0027s Treasure","trackpad:DemonHeart"],"picked":"GreenFoldingFan"}],"items_purged_floors":[12],"is_endless":false,"potions_floor_spawned":[14,24],"killed_by":"theJungle:SlimyTreeVines","ascension_level":-20}}