{"host":"87qycazfqg3dn1g9","time":1607564917,"event":{"gold_per_floor":[118,118,118,129,129,129,146,2,29,104,104,114,147,147,147,251,251,265,54,54,0,17,17,17,17,43,57,57,84,84,84],"floor_reached":30,"playtime":661,"items_purged":[],"score":354,"play_id":"0576e2d8-2554-477f-8c0d-01e2e0d2d3d2","local_time":"20201209204837","is_ascension_mode":true,"campfire_choices":[{"floor":6,"key":"REST"},{"floor":11,"key":"REST"},{"floor":15,"key":"REST"},{"floor":23,"key":"REST"},{"floor":25,"key":"REST"},{"floor":28,"key":"REST"}],"neow_cost":"","seed_source_timestamp":10963261057200,"circlet_count":0,"master_deck":["Strike_B","Strike_B","Strike_B+1","Strike_B","Defend_B+1","Defend_B","Defend_B","Defend_B","Zap","Dualcast","Loop+1","Ball Lightning","Conserve Battery","Storm","Ball Lightning","Electrodynamics","Apotheosis+1","Consume","White Noise"],"relics":["Cracked Core","DataDisk","Cables","Inserter","MerchantsRug","Omamori","Potion Belt"],"potions_floor_usage":[16,18,27],"damage_taken":[{"damage":9,"enemies":"2 Louse","floor":1,"turns":3},{"damage":7,"enemies":"Jaw Worm","floor":4,"turns":3},{"damage":12,"enemies":"Small Slimes","floor":7,"turns":3},{"damage":16,"enemies":"3 Louse","floor":12,"turns":3},{"damage":8,"enemies":"Gremlin Nob","floor":13,"turns":3},{"damage":27,"enemies":"Slime Boss","floor":16,"turns":6},{"damage":15,"enemies":"3 Byrds","floor":18,"turns":3},{"damage":31,"enemies":"Shell Parasite","floor":22,"turns":4},{"damage":18,"enemies":"Snecko","floor":27,"turns":4},{"damage":57,"enemies":"Gremlin Leader","floor":29,"turns":5},{"damage":14,"enemies":"Sentry and Sphere","floor":30,"turns":3}],"seed_played":"-6275888878071608599","potions_obtained":[{"floor":4,"key":"Fire Potion"},{"floor":7,"key":"Ancient Potion"},{"floor":16,"key":"Explosive Potion"},{"floor":22,"key":"Fire Potion"}],"is_trial":false,"path_per_floor":["M","?","?","M","?","R","M","$","T","?","R","M","E","?","R","B",null,"M","$","?","?","M","R","?","R","T","M","R","E","M"],"character_chosen":"DEFECT","items_purchased":["Loop","DataDisk","MerchantsRug","Apotheosis"],"campfire_rested":6,"item_purchase_floors":[0,8,19,19],"current_hp_per_floor":[59,47,47,40,25,47,35,35,35,24,46,30,22,47,69,42,67,52,52,52,52,21,43,43,65,65,47,69,12,0,0],"gold":84,"neow_bonus":"","is_prod":false,"is_daily":false,"chose_seed":false,"campfire_upgraded":0,"win_rate":0,"timestamp":1607564917,"path_taken":["M","?","?","M","?","R","M","$","T","?","R","M","E","?","R","BOSS","M","$","?","?","M","R","?","R","T","M","R","E","M"],"build_version":"2020-11-30","purchased_purges":0,"victory":false,"max_hp_per_floor":[75,75,75,75,75,75,75,75,75,75,75,75,75,75,75,75,75,75,75,75,75,75,75,75,75,75,75,75,75,75,75],"card_choices":[{"not_picked":["Skim","Steam Power","Steam"],"picked":"SKIP","floor":1},{"not_picked":["Streamline","BootSequence"],"picked":"Ball Lightning","floor":4},{"not_picked":["Glacier","Double Energy"],"picked":"Conserve Battery","floor":7},{"not_picked":["Leap","Rip and Tear"],"picked":"Storm","floor":12},{"not_picked":["Hologram","Scrape"],"picked":"Ball Lightning","floor":13},{"not_picked":["Amplify","Thunder Strike"],"picked":"Electrodynamics","floor":16},{"not_picked":["Redo","Barrage","Steam"],"picked":"SKIP","floor":18},{"not_picked":["Coolheaded","Barrage","Chaos"],"picked":"SKIP","floor":22},{"not_picked":["Stack","Rebound+1"],"picked":"White Noise","floor":27},{"not_picked":["Lockon","Redo","Rebound"],"picked":"SKIP","floor":29}],"player_experience":200390,"relics_obtained":[{"floor":9,"key":"Boot"},{"floor":13,"key":"Cables"},{"floor":26,"key":"Omamori"},{"floor":29,"key":"Potion Belt"}],"event_choices":[{"damage_healed":0,"gold_gain":0,"player_choice":"Success","damage_taken":12,"relics_obtained":["InkBottle"],"max_hp_gain":0,"max_hp_loss":0,"event_name":"Scrap Ooze","floor":2,"gold_loss":0},{"damage_healed":0,"gold_gain":0,"player_choice":"Grow","damage_taken":0,"max_hp_gain":0,"max_hp_loss":0,"event_name":"Living Wall","floor":3,"gold_loss":0,"cards_upgraded":["Loop"]},{"damage_healed":0,"gold_gain":0,"player_choice":"Entered Light","damage_taken":15,"max_hp_gain":0,"max_hp_loss":0,"event_name":"Shining Light","floor":5,"gold_loss":0,"cards_upgraded":["Defend_B","Strike_B"]},{"damage_healed":0,"gold_gain":75,"player_choice":"Gather Gold","damage_taken":11,"max_hp_gain":0,"max_hp_loss":0,"event_name":"World of Goop","floor":10,"gold_loss":0},{"damage_healed":25,"gold_gain":0,"player_choice":"Banana","damage_taken":0,"max_hp_gain":0,"max_hp_loss":0,"event_name":"Big Fish","floor":14,"gold_loss":0},{"damage_healed":0,"gold_gain":0,"player_choice":"Read","damage_taken":0,"max_hp_gain":0,"max_hp_loss":0,"event_name":"The Library","floor":20,"gold_loss":0,"cards_obtained":["Consume"]},{"damage_healed":0,"gold_gain":0,"player_choice":"Paid Fearfully","damage_taken":0,"max_hp_gain":0,"max_hp_loss":0,"event_name":"Masked Bandits","floor":21,"gold_loss":54},{"damage_healed":0,"gold_gain":0,"player_choice":"Forge","damage_taken":0,"max_hp_gain":0,"max_hp_loss":0,"event_name":"Accursed Blacksmith","floor":24,"gold_loss":0,"cards_upgraded":["Apotheosis"]}],"is_beta":false,"boss_relics":[{"not_picked":["Runic Dome","Black Star"],"picked":"Inserter"}],"items_purged_floors":[],"is_endless":false,"potions_floor_spawned":[4,7,16,22],"killed_by":"Sentry and Sphere","ascension_level":9}}