{"host":"zxgdr4fkkh57nqy4","time":1607575448,"event":{"gold_per_floor":[276,276,451,469,169,200,215,248,301,319,356,356,356,370,370,440,440],"floor_reached":16,"playtime":759,"items_purged":["Doubt"],"score":112,"play_id":"ff305a39-9449-48f7-b5ce-d6707ae10c1c","local_time":"20201210124408","is_ascension_mode":false,"campfire_choices":[{"data":"rmod:robin","floor":13,"key":"SMITH"},{"data":"rmod:ammunitionsupply","floor":15,"key":"SMITH"}],"neow_cost":"","seed_source_timestamp":2202891816500,"circlet_count":0,"master_deck":["rmod:defend","rmod:defend","rmod:maingunfire","FieryBird","rmod:ammunitionsupply+1","rmod:openingtorpedo","Wellcheers","rmod:unsinkable","VoidDream","rmod:robin+1","OSAHOGD","rmod:highspeedmaneuver","rmod:circuitoustactics"],"special_seed":0,"relics":["rmod:firstchargereward","CogitoBucket","LetterFromLob","The Courier","Pen Nib","Akabeko","ChangeAnything"],"potions_floor_usage":[8,10,11],"damage_taken":[{"damage":0,"enemies":"Jaw Worm","floor":1,"turns":3},{"damage":0,"enemies":"Cultist","floor":4,"turns":3},{"damage":18,"enemies":"3 Sentries","floor":6,"turns":9},{"damage":0,"enemies":"Small Slimes","floor":7,"turns":2},{"damage":18,"enemies":"Lagavulin","floor":8,"turns":8},{"damage":3,"enemies":"2 Fungi Beasts","floor":10,"turns":3},{"damage":12,"enemies":"Looter","floor":11,"turns":3},{"damage":0,"enemies":"3 Louse","floor":14,"turns":2},{"damage":40,"enemies":"Slime Boss","floor":16,"turns":8}],"seed_played":"4460398688143295912","potions_obtained":[{"floor":4,"key":"Regen Potion"},{"floor":11,"key":"SpeedPotion"}],"is_trial":false,"path_per_floor":["M","?","?","M","$","E","M","E","T","M","M","?","R","M","R","B"],"character_chosen":"PRAEFECT","items_purchased":["Block Potion","Fire Potion","rmod:ammunitionsupply","rmod:openingtorpedo"],"campfire_rested":0,"item_purchase_floors":[5,5,5,5],"current_hp_per_floor":[75,60,60,60,60,42,42,30,30,27,27,51,51,51,51,20,20],"gold":440,"neow_bonus":"","is_prod":false,"is_daily":false,"chose_seed":false,"campfire_upgraded":2,"win_rate":0,"timestamp":1607575448,"path_taken":["M","?","?","M","$","E","M","E","T","M","?","?","R","M","R","BOSS"],"build_version":"2020-11-30","purchased_purges":1,"victory":false,"max_hp_per_floor":[75,75,75,75,75,75,75,75,75,75,75,75,75,75,75,75,75],"card_choices":[{"not_picked":["ShyLook","UniverseFragment"],"picked":"FieryBird","floor":1},{"not_picked":["rmod:aggressivemary","rmod:garrisonisland"],"picked":"rmod:fuelsupply","floor":1},{"not_picked":["Scorched","ShyLook"],"picked":"CherryBlossoms","floor":4},{"not_picked":["rmod:fuelsupply","rmod:ring","rmod:combined"],"picked":"SKIP","floor":4},{"not_picked":["rmod:aggressivemary","rmod:firesupport"],"picked":"rmod:diaomin","floor":6},{"not_picked":["SnowQueen","UniverseFragment"],"picked":"Wellcheers","floor":7},{"not_picked":["rmod:steelsupply","rmod:aggressivemary"],"picked":"rmod:unsinkable","floor":7},{"not_picked":["FairyFestival","OldLady"],"picked":"VoidDream","floor":8},{"not_picked":["rmod:highspeedshooting","rmod:lastglory"],"picked":"rmod:robin","floor":8},{"not_picked":["rmod:goodfighter","rmod:generalist","rmod:tearstotiara"],"picked":"SKIP","floor":10},{"not_picked":["Variant","Bloodbath","ShyLook"],"picked":"Singing Bowl","floor":11},{"not_picked":["WallGazer","MHz"],"picked":"OSAHOGD","floor":11},{"not_picked":["rmod:fletcherpendant","rmod:royalracing"],"picked":"rmod:highspeedmaneuver","floor":11},{"not_picked":["rmod:smokecover","rmod:slowdown"],"picked":"rmod:circuitoustactics","floor":14}],"player_experience":432020,"relics_obtained":[{"floor":1,"key":"LetterFromLob"},{"floor":6,"key":"The Courier"},{"floor":8,"key":"Pen Nib"},{"floor":9,"key":"Akabeko"}],"event_choices":[{"damage_healed":0,"gold_gain":0,"player_choice":"Entered Light","damage_taken":15,"max_hp_gain":0,"max_hp_loss":0,"event_name":"Shining Light","floor":2,"gold_loss":0,"cards_upgraded":["rmod:strick","rmod:fuelsupply"]},{"damage_healed":0,"gold_gain":175,"player_choice":"AGREE","damage_taken":0,"max_hp_gain":0,"max_hp_loss":0,"event_name":"Liars Game","floor":3,"gold_loss":0,"cards_obtained":["Doubt"]}],"is_beta":false,"boss_relics":[],"items_purged_floors":[5],"is_endless":false,"potions_floor_spawned":[4,6,11],"killed_by":"Slime Boss","ascension_level":0}}