{"host":"g0j05wwvpvh6wxob","time":1607562996,"event":{"gold_per_floor":[119,138,138,138,154,188,188,200,200,215,215,51,74,182,182,287,237,394,411,478,478,478],"floor_reached":21,"playtime":4165,"items_purged":[],"score":208,"play_id":"09326719-d547-4378-9f77-9bcf941da08f","local_time":"20201209171636","daily_mods":["Draft","Vintage","Red Cards","Green Cards","Blue Cards","Purple Cards","Heirloom","Time Dilation","downfall:Jewelcrafting","downfall:Improvised"],"is_ascension_mode":false,"campfire_choices":[],"neow_cost":"","seed_source_timestamp":0,"circlet_count":0,"master_deck":["Guardian:ExploitGems","Guardian:ExploitGems","sneckomod:UnknownCommonAttack","sneckomod:UnknownCommonAttack","sneckomod:UnknownCommonAttack","sneckomod:UnknownCommonSkill","sneckomod:UnknownCommonSkill","sneckomod:UnknownCommonSkill","sneckomod:UnknownUncommonAttack","sneckomod:UnknownUncommonSkill","sneckomod:UnknownUncommonPower","sneckomod:Unknown","stsjorbsmod:Rest","Conserve Battery","stsjorbsmod:WanderingMind","Shade:ScuttlingHand","sneckomod:SoulRoll","Gash","theScribe:IcicleBlast","Heavy Blade","Blade Dance","sneckomod:UnknownClassHIEROPHANT_GOLD_COLOR","Shade:FleshLikeOak","theScribe:SacrificeRitual","LockedAnchor","Steam","hierophant:OrnateBuckler","BootSequence","Spreading Infection","expansioncontent:Chronoboost","sneckomod:MasterEye","Guardian:Gem_Crimson","Guardian:Gem_Yellow","WalpurgisNight","Strike_R","hermit:DeadOrAlive","hierophant:Doubloon+1","hierophant:Doubloon+1"],"relics":["Sizzling Blood","Guardian:PickAxe","Ring of Chaos","Magic Flower","Bag of Preparation","infinitespire:Bottled Soul","infinitespire:Cubic Diamond","hubris:Icosahedron","Calipers","vexMod:MemoryStick","trackpad:IceCube","Iron Hammer","Ring of Peace","ReplayTheSpireMod:Ring of Challenge","Ancient Tea Set","Lantern","energizedSpire:HugeHouse","Ornamental Fan","aspiration:TomeofQuesting","Gremlin Horn"],"potions_floor_usage":[10,10,14,16,21],"damage_taken":[{"damage":2,"enemies":"Small Slimes","floor":1,"turns":2},{"damage":16,"enemies":"conspire:MimicChest","floor":2,"turns":3},{"damage":2,"enemies":"conspire:RoseBush","floor":5,"turns":3},{"damage":27,"enemies":"Gremlin Nob","floor":6,"turns":4},{"damage":0,"enemies":"2 Louse","floor":8,"turns":1},{"damage":0,"enemies":"Looter","floor":10,"turns":3},{"damage":0,"enemies":"2 Fungi Beasts","floor":13,"turns":1},{"damage":0,"enemies":"conspire:2 RoseBushes","floor":14,"turns":6},{"damage":4,"enemies":"Slime Boss","floor":16,"turns":8},{"damage":0,"enemies":"3 Byrds","floor":18,"turns":3},{"damage":0,"enemies":"Spheric Guardian","floor":19,"turns":2},{"damage":33,"enemies":"Chosen and Byrds","floor":20,"turns":8},{"damage":0,"enemies":"Centurion and Healer","floor":21,"turns":3}],"seed_played":"2786011198079659920","potions_obtained":[{"floor":2,"key":"SteroidPotion"},{"floor":5,"key":"Dexterity Potion"},{"floor":13,"key":"AttackPotion"},{"floor":14,"key":"Toxic Potion"},{"floor":16,"key":"ColorlessPotion"},{"floor":19,"key":"BloodPotion"},{"floor":20,"key":"Fire Potion"}],"is_trial":true,"path_per_floor":["M","?","?","?","M","E","R","M","T","M","?","$","M","M","R_BF","B",null,"M","M","M","M"],"character_chosen":"IRONCLAD","items_purchased":["expansioncontent:Chronoboost","sneckomod:MasterEye"],"campfire_rested":0,"item_purchase_floors":[12,12],"current_hp_per_floor":[80,73,73,73,77,56,56,62,62,68,68,68,74,80,80,80,75,75,75,75,75,75],"gold":478,"neow_bonus":"","is_prod":false,"is_daily":false,"chose_seed":false,"campfire_upgraded":0,"win_rate":0,"timestamp":1607562996,"path_taken":["M","?","?","?","M","E","R","M","T","M","?","$","?","M","R_BF","BOSS","M","M","M","M"],"build_version":"2020-11-30","purchased_purges":0,"victory":false,"max_hp_per_floor":[80,80,80,80,80,80,80,80,80,80,80,80,80,80,80,80,75,75,75,75,75,75],"card_choices":[{"not_picked":["LockedPlans","Eviscerate"],"picked":"stsjorbsmod:Rest","floor":0},{"not_picked":["Runesmith:HeatExchange","hierophant:HammerAndAnvil"],"picked":"Conserve Battery","floor":0},{"not_picked":["stsjorbsmod:DoubleCheck","Ball Lightning"],"picked":"stsjorbsmod:WanderingMind","floor":0},{"not_picked":["Dodge and Roll","Shade:SoulToxin"],"picked":"Shade:ScuttlingHand","floor":0},{"not_picked":["Shade:Patience","Catalyst"],"picked":"sneckomod:SoulRoll","floor":0},{"not_picked":["hierophant:HammerAndAnvil","ReplayTheSpireMod:System Scan"],"picked":"hermit:CursedWeapon","floor":0},{"not_picked":["Shade:SkeletonArmy","Guardian:Reroute"],"picked":"Gash","floor":0},{"not_picked":["Runesmith:ChiselStab","sneckomod:UnknownCommonSkill"],"picked":"theScribe:IcicleBlast","floor":0},{"not_picked":["Slimebound:Chomp","TheCursedMod:RapidMovement"],"picked":"Heavy Blade","floor":0},{"not_picked":["Runesmith:CraftIncendium","hexamod:ThermalTransfer"],"picked":"Blade Dance","floor":0},{"not_picked":["Shade:CoffinDance","hierophant:Empathy"],"picked":"sneckomod:UnknownClassHIEROPHANT_GOLD_COLOR","floor":0},{"not_picked":["sneckomod:Nope","Guardian:WalkerClaw"],"picked":"Shade:FleshLikeOak","floor":0},{"not_picked":["Shade:Premonition","Slimebound:ServeAndProtect"],"picked":"theScribe:SacrificeRitual","floor":0},{"not_picked":["hierophant:ThreeLashes","Guardian:Gem_Red"],"picked":"LockedAnchor","floor":0},{"not_picked":["Shade:GoDigging","construct:Forcefield"],"picked":"Steam","floor":0},{"not_picked":["TheCursedMod:BlessingInDisguise","hermit:Feint"],"picked":"hierophant:OrnateBuckler","floor":2},{"not_picked":["EmptyFist","Ball Lightning"],"picked":"BootSequence","floor":6},{"not_picked":["Shade:SoulPierce","hermit:Magnum"],"picked":"WalpurgisNight","floor":16}],"player_experience":141366,"relics_obtained":[{"floor":1,"key":"Bag of Preparation"},{"floor":2,"key":"infinitespire:Bottled Soul"},{"floor":5,"key":"Calipers"},{"floor":6,"key":"vexMod:MemoryStick"},{"floor":8,"key":"trackpad:IceCube"},{"floor":10,"key":"Iron Hammer"},{"floor":11,"key":"Ring of Peace"},{"floor":11,"key":"ReplayTheSpireMod:Ring of Challenge"},{"floor":13,"key":"Ancient Tea Set"},{"floor":14,"key":"Lantern"},{"floor":18,"key":"Ornamental Fan"},{"floor":19,"key":"aspiration:TomeofQuesting"},{"floor":20,"key":"Gremlin Horn"}],"event_choices":[],"is_beta":false,"boss_relics":[{"not_picked":["energizedSpire:DecayingSkull","aspiration:RunicSpoon"],"picked":"energizedSpire:HugeHouse"}],"items_purged_floors":[],"is_endless":false,"potions_floor_spawned":[2,5,13,14,16,19,20],"killed_by":"Centurion and Healer","ascension_level":0}}