{"host":"49c2zf0lajbcs427","time":1607585468,"event":{"gold_per_floor":[116,133,145,145,145,174,174,187,210,248,248,275,275,300,300,405,405,405,191,191,191,191,191,131,131,131,131,63,63,63,63,63,63,63,63,14,14,14,14,14,14,14,14,14,14,14,14,14,14,14],"floor_reached":51,"playtime":3401,"items_purged":[],"score":1539,"play_id":"85d74c83-493d-401e-bff5-2b2892d3faac","local_time":"20201210203108","is_ascension_mode":true,"campfire_choices":[{"data":"Eruption","floor":7,"key":"SMITH"},{"data":"FollowUp","floor":11,"key":"SMITH"},{"data":"Adaptation","floor":13,"key":"SMITH"},{"data":"Devotion","floor":15,"key":"SMITH"},{"floor":32,"key":"REST"},{"data":"WaveOfTheHand","floor":44,"key":"SMITH"},{"data":"Ragnarok","floor":49,"key":"SMITH"}],"neow_cost":"NONE","seed_source_timestamp":43251951662500,"circlet_count":0,"master_deck":["AscendersBane","Defend_P+1","Defend_P+1","Defend_P+1","Defend_P+1","Eruption+1","Vigilance","FollowUp+1","CrushJoints+1","WaveOfTheHand+1","Adaptation+1","Prostrate","JustLucky+1","Devotion+1","LessonLearned+1","WheelKick+1","Wallop+1","Wallop+1","CutThroughFate+1","Protect+1","Swivel","Ragnarok+1","JustLucky+1","Scrawl+1","Wireheading+1","Strike_P+1","Pray","Halt+1","ReachHeaven+1","WheelKick+1","Prostrate+1"],"relics":["Black Star","Yang","Vajra","Bronze Scales","Akabeko","Tiny Chest","CeramicFish","Ectoplasm","Anchor","Whetstone","Bag of Preparation","Lantern","InkBottle","Omamori","Juzu Bracelet","Gambling Chip","Lizard Tail","Coffee Dripper","Damaru","Boot","Bag of Marbles","CloakClasp","HornCleat","Orichalcum","Toy Ornithopter","Pen Nib","Blood Vial","Prayer Wheel"],"potions_floor_usage":[6,10,16,18,29,33,33,50,50,50],"damage_taken":[{"damage":0,"enemies":"Cultist","floor":1,"turns":4},{"damage":10,"enemies":"Small Slimes","floor":2,"turns":5},{"damage":0,"enemies":"2 Louse","floor":3,"turns":1},{"damage":17,"enemies":"Lagavulin","floor":6,"turns":7},{"damage":6,"enemies":"Gremlin Gang","floor":8,"turns":5},{"damage":12,"enemies":"3 Sentries","floor":10,"turns":7},{"damage":3,"enemies":"Red Slaver","floor":12,"turns":3},{"damage":0,"enemies":"Large Slime","floor":14,"turns":2},{"damage":0,"enemies":"Slime Boss","floor":16,"turns":6},{"damage":0,"enemies":"3 Byrds","floor":18,"turns":3},{"damage":0,"enemies":"Chosen","floor":20,"turns":4},{"damage":0,"enemies":"Centurion and Healer","floor":22,"turns":7},{"damage":8,"enemies":"Gremlin Leader","floor":23,"turns":8},{"damage":0,"enemies":"Book of Stabbing","floor":25,"turns":4},{"damage":9,"enemies":"Gremlin Leader","floor":29,"turns":5},{"damage":0,"enemies":"Chosen and Byrds","floor":31,"turns":4},{"damage":11,"enemies":"Champ","floor":33,"turns":6},{"damage":0,"enemies":"Orb Walker","floor":35,"turns":3},{"damage":0,"enemies":"Giant Head","floor":40,"turns":5},{"damage":0,"enemies":"Mind Bloom Boss Battle","floor":41,"turns":4},{"damage":0,"enemies":"Nemesis","floor":42,"turns":3},{"damage":0,"enemies":"3 Shapes","floor":46,"turns":3},{"damage":0,"enemies":"Reptomancer","floor":47,"turns":7},{"damage":0,"enemies":"Jaw Worm Horde","floor":48,"turns":3},{"damage":0,"enemies":"Donu and Deca","floor":50,"turns":3}],"seed_played":"-4854512398846795427","potions_obtained":[{"floor":3,"key":"AttackPotion"},{"floor":6,"key":"SpeedPotion"},{"floor":8,"key":"Dexterity Potion"},{"floor":10,"key":"DuplicationPotion"},{"floor":14,"key":"PowerPotion"},{"floor":25,"key":"Fruit Juice"},{"floor":29,"key":"AttackPotion"},{"floor":31,"key":"Strength Potion"},{"floor":35,"key":"ColorlessPotion"},{"floor":46,"key":"AttackPotion"},{"floor":47,"key":"DuplicationPotion"},{"floor":48,"key":"DuplicationPotion"}],"is_trial":false,"path_per_floor":["M","M","M","T","?","E","R","M","T","E","R","M","R","M","R","B",null,"M","$","M","?","M","E","?","E","T","T","$","E","?","M","R","B",null,"M","$","?","?","T","E","?","E","T","R","T","M","E","M","R","B",null],"character_chosen":"WATCHER","items_purchased":["Anchor","Wallop","Ragnarok","Strength Potion"],"campfire_rested":1,"item_purchase_floors":[19,19,28,36],"current_hp_per_floor":[65,55,55,55,55,38,38,32,32,20,20,17,17,17,17,17,58,58,58,58,45,45,37,37,37,37,37,37,33,33,33,57,46,73,73,73,73,73,73,73,73,73,73,73,73,73,73,75,75,82],"gold":14,"neow_bonus":"BOSS_RELIC","is_prod":false,"is_daily":false,"chose_seed":false,"campfire_upgraded":6,"win_rate":0,"timestamp":1607585468,"path_taken":["M","M","M","?","?","E","R","M","T","E","R","M","R","M","R","BOSS","M","$","?","?","M","E","?","E","T","?","$","E","?","M","R","BOSS","M","$","?","?","?","E","?","E","T","R","?","M","E","M","R","BOSS"],"build_version":"2020-11-30","purchased_purges":0,"victory":true,"max_hp_per_floor":[72,72,72,72,72,72,72,72,72,72,72,72,72,72,72,72,72,72,72,72,77,77,77,77,77,77,77,77,82,82,82,82,82,82,82,82,82,82,82,82,82,82,82,82,82,82,82,82,82,82],"relic_stats":{"counters":[25,112],"CeramicFish":36,"Yang":[214],"Pen Nib":[3],"Bag of Preparation":[24],"Juzu Bracelet":2,"CloakClasp":[34],"Whetstone":["Strike_P","Strike_P"],"Orichalcum":[0],"Boot":[0],"Blood Vial":4,"Lizard Tail":0,"Bronze Scales":[248],"Gambling Chip":[35],"Tiny Chest":2,"Prayer Wheel":1,"Ectoplasm":667,"Black Star":8,"obtain_stats":[{"Lantern":25,"CeramicFish":10,"Vajra":6,"Yang":4,"Bag of Preparation":23,"Juzu Bracelet":27,"CloakClasp":41,"Whetstone":23,"Boot":40,"Blood Vial":47,"Lizard Tail":29,"HornCleat":42,"Gambling Chip":29,"Tiny Chest":10,"Prayer Wheel":47,"InkBottle":25,"Damaru":39,"Pen Nib":45,"Omamori":26,"Orichalcum":42,"Akabeko":9,"Anchor":19,"Bronze Scales":6,"Ectoplasm":17,"Black Star":0,"Coffee Dripper":34,"Bag of Marbles":40,"PureWater":0,"Toy Ornithopter":43},{"Lantern":14,"CeramicFish":6,"Vajra":4,"Yang":3,"Bag of Preparation":13,"Juzu Bracelet":14,"CloakClasp":20,"Whetstone":13,"Boot":19,"Blood Vial":23,"Lizard Tail":15,"HornCleat":21,"Gambling Chip":15,"Tiny Chest":6,"Prayer Wheel":23,"InkBottle":14,"Damaru":18,"Pen Nib":21,"Omamori":14,"Orichalcum":21,"Akabeko":5,"Anchor":10,"Bronze Scales":4,"Ectoplasm":9,"Black Star":0,"Coffee Dripper":17,"Bag of Marbles":19,"PureWater":0,"Toy Ornithopter":21},{"Lantern":66,"CeramicFish":29,"Vajra":17,"Yang":10,"Bag of Preparation":62,"Juzu Bracelet":66,"CloakClasp":93,"Whetstone":62,"Boot":89,"Blood Vial":106,"Lizard Tail":71,"HornCleat":96,"Gambling Chip":71,"Tiny Chest":29,"Prayer Wheel":106,"InkBottle":66,"Damaru":84,"Pen Nib":96,"Omamori":66,"Orichalcum":96,"Akabeko":22,"Anchor":43,"Bronze Scales":17,"Ectoplasm":40,"Black Star":0,"Coffee Dripper":81,"Bag of Marbles":89,"PureWater":0,"Toy Ornithopter":96}],"InkBottle":[15],"Toy Ornithopter":5},"card_choices":[{"not_picked":["Halt","Evaluate"],"picked":"FollowUp","floor":1},{"not_picked":["Meditate","Fasting2"],"picked":"CrushJoints","floor":2},{"not_picked":["Prostrate","Swivel"],"picked":"WaveOfTheHand","floor":3},{"not_picked":["Nirvana","EmptyMind"],"picked":"Adaptation","floor":6},{"not_picked":["SashWhip","Protect","Study"],"picked":"SKIP","floor":8},{"not_picked":["CrushJoints","DeceiveReality"],"picked":"Prostrate","floor":10},{"not_picked":["PathToVictory","FollowUp"],"picked":"JustLucky","floor":12},{"not_picked":["CrushJoints","CutThroughFate"],"picked":"Devotion","floor":14},{"not_picked":["Judgement","SpiritShield"],"picked":"LessonLearned","floor":16},{"not_picked":["FollowUp","ThirdEye"],"picked":"WheelKick","floor":18},{"not_picked":["Vengeance","BattleHymn"],"picked":"Wallop+1","floor":20},{"not_picked":["PathToVictory","Crescendo","CrushJoints+1"],"picked":"SKIP","floor":22},{"not_picked":["Halt","Collect"],"picked":"CutThroughFate","floor":23},{"not_picked":["ThirdEye+1","FollowUp","Perseverance"],"picked":"SKIP","floor":25},{"not_picked":["FearNoEvil+1","Prostrate"],"picked":"JustLucky+1","floor":29},{"not_picked":["Ragnarok","Protect","MentalFortress"],"picked":"SKIP","floor":31},{"not_picked":["DevaForm","SpiritShield"],"picked":"Scrawl","floor":33},{"not_picked":["ForeignInfluence+1","SashWhip+1"],"picked":"Wireheading+1","floor":35},{"not_picked":["Indignation","SandsOfTime"],"picked":"Pray","floor":40},{"not_picked":["Adaptation","SashWhip+1"],"picked":"Halt+1","floor":41},{"not_picked":["CrushJoints+1","Evaluate","EmptyBody+1"],"picked":"SKIP","floor":42},{"not_picked":["Weave","FollowUp"],"picked":"ReachHeaven+1","floor":46},{"not_picked":["Consecrate","Indignation+1","DevaForm"],"picked":"SKIP","floor":47},{"not_picked":["CrushJoints+1","DeceiveReality"],"picked":"WheelKick+1","floor":48},{"not_picked":["WreathOfFlame+1","WheelKick+1"],"picked":"Prostrate+1","floor":48}],"player_experience":2052518,"relics_obtained":[{"floor":4,"key":"Yang"},{"floor":6,"key":"Vajra"},{"floor":6,"key":"Bronze Scales"},{"floor":9,"key":"Akabeko"},{"floor":10,"key":"Tiny Chest"},{"floor":10,"key":"CeramicFish"},{"floor":23,"key":"Whetstone"},{"floor":23,"key":"Bag of Preparation"},{"floor":25,"key":"Lantern"},{"floor":25,"key":"InkBottle"},{"floor":26,"key":"Omamori"},{"floor":27,"key":"Juzu Bracelet"},{"floor":29,"key":"Gambling Chip"},{"floor":29,"key":"Lizard Tail"},{"floor":39,"key":"Damaru"},{"floor":40,"key":"Boot"},{"floor":40,"key":"Bag of Marbles"},{"floor":41,"key":"CloakClasp"},{"floor":42,"key":"HornCleat"},{"floor":42,"key":"Orichalcum"},{"floor":43,"key":"Toy Ornithopter"},{"floor":45,"key":"Pen Nib"},{"floor":47,"key":"Blood Vial"},{"floor":47,"key":"Prayer Wheel"}],"event_choices":[{"damage_healed":0,"gold_gain":0,"player_choice":"Upgraded","damage_taken":0,"max_hp_gain":0,"max_hp_loss":0,"event_name":"Upgrade Shrine","floor":5,"gold_loss":0,"cards_upgraded":["CrushJoints"]},{"damage_healed":0,"gold_gain":0,"player_choice":"Shed Blood","damage_taken":18,"max_hp_gain":5,"max_hp_loss":0,"event_name":"Forgotten Altar","floor":21,"gold_loss":0},{"damage_healed":0,"gold_gain":0,"cards_transformed":["Strike_P","Strike_P"],"player_choice":"Transformed Cards","damage_taken":0,"max_hp_gain":0,"max_hp_loss":0,"event_name":"Designer","floor":24,"gold_loss":60,"cards_obtained":["Protect","Swivel"]},{"cards_removed":["Strike_P"],"damage_healed":0,"gold_gain":0,"player_choice":"Elegance","damage_taken":0,"max_hp_gain":0,"max_hp_loss":0,"event_name":"Back to Basics","floor":30,"gold_loss":0},{"damage_healed":0,"gold_gain":0,"player_choice":"Ignored","damage_taken":0,"max_hp_gain":0,"max_hp_loss":0,"event_name":"SecretPortal","floor":37,"gold_loss":0},{"cards_removed":["Strike_P"],"damage_healed":0,"gold_gain":0,"player_choice":"Took Card","damage_taken":0,"max_hp_gain":0,"max_hp_loss":0,"event_name":"NoteForYourself","floor":38,"gold_loss":0,"cards_obtained":["Strike_P"]},{"damage_healed":0,"gold_gain":0,"player_choice":"Fight","damage_taken":0,"max_hp_gain":0,"max_hp_loss":0,"event_name":"MindBloom","floor":41,"gold_loss":0}],"is_beta":false,"boss_relics":[{"not_picked":["Snecko Eye","SacredBark"],"picked":"Ectoplasm"},{"not_picked":["Cursed Key","SlaversCollar"],"picked":"Coffee Dripper"}],"items_purged_floors":[],"is_endless":false,"potions_floor_spawned":[3,6,8,10,14,25,29,31,35,40,46,47,48],"ascension_level":10}}