{"host":"pz1ko3gi7nsxydm3","time":1607570029,"event":{"gold_per_floor":[111,111,123,123,123,123,150,69,143,162,212,223,223,223,223,327,327,296,296,296],"floor_reached":19,"playtime":1299,"items_purged":[],"score":190,"play_id":"20801833-719d-43a8-a424-175fdd12ebcb","local_time":"20201210031349","is_ascension_mode":false,"campfire_choices":[{"floor":6,"key":"RECALL"},{"floor":13,"key":"REST"},{"data":"Storm","floor":15,"key":"SMITH"}],"neow_cost":"NONE","seed_source_timestamp":44978240423000,"circlet_count":0,"master_deck":["Strike_B","Strike_B","Strike_B","Strike_B","Defend_B","Defend_B","Defend_B","Defend_B","Dualcast","Judgement","Aggregate","Force Field+1","REME_SelfUpgrade","Apotheosis+1","hubris:NaturalOne","Aggregate","Jack Of All Trades","Reprogram","hubris:Wrath","Storm+1","ReplayTheSpireMod:Splinters","Sweeping Beam","ReplayGash+1"],"relics":["Cracked Core","REME_ComplimentaryCards","NeowsBlessing","hubris:Icosahedron","infinitespire:Lychee Nut","Ring of Greed","Replay:Wax Seal","MealTicket","ReplayTheSpireMod:Ring of Addiction","Toy Ornithopter","Potion Belt","Carrot","hubris:Backtick","Frozen Egg 2","Prayer Wheel"],"potions_floor_usage":[12,18,18,19],"damage_taken":[{"damage":0,"enemies":"2 Louse","floor":1,"turns":1},{"damage":0,"enemies":"Small Slimes","floor":3,"turns":1},{"damage":0,"enemies":"Gremlin Nob","floor":7,"turns":1},{"damage":16,"enemies":"Jaw Worm","floor":10,"turns":4},{"damage":0,"enemies":"Blue Slaver","floor":12,"turns":2},{"damage":30,"enemies":"Hexaghost","floor":16,"turns":11},{"damage":66,"enemies":"2 Thieves","floor":18,"turns":5},{"damage":10,"enemies":"Chosen and Byrds","floor":19,"turns":1}],"seed_played":"-324011431774899347","potions_obtained":[{"floor":7,"key":"SmokeBomb"},{"floor":11,"key":"Explosive Potion"},{"floor":11,"key":"AttackPotion"},{"floor":11,"key":"Dexterity Potion"},{"floor":16,"key":"Swift Potion"},{"floor":18,"key":"PowerPotion"}],"is_trial":false,"path_per_floor":["M","?","M","?","?","R","E","$","T","M","?","M","R","T","R","B",null,"M","M"],"character_chosen":"DEFECT","items_purchased":["Jack Of All Trades"],"campfire_rested":1,"item_purchase_floors":[8],"current_hp_per_floor":[75,75,75,75,75,75,56,56,56,43,43,51,56,56,56,25,54,1,0,0],"gold":296,"neow_bonus":"THREE_ENEMY_KILL","is_prod":false,"is_daily":false,"chose_seed":false,"campfire_upgraded":1,"win_rate":0.0,"timestamp":1607570029,"path_taken":["M","?","M","?","?","R","E","$","T","?","?","M","R","?","R","BOSS","M","M"],"build_version":"2020-11-30","purchased_purges":0,"victory":false,"max_hp_per_floor":[75,75,75,75,75,75,56,56,56,56,56,56,56,56,56,54,54,54,54,54],"card_choices":[{"not_picked":["Redo","REME_Whirling"],"picked":"Aggregate","floor":1},{"not_picked":["Capacitor","Sweeping Beam"],"picked":"REME_SelfUpgrade","floor":3},{"not_picked":["Leap","Lockon","Stack","Beam Cell"],"picked":"Aggregate","floor":7},{"not_picked":["REME_SelfUpgrade","Go for the Eyes","BootSequence"],"picked":"Reprogram","floor":10},{"not_picked":["Streamline","Reboot","Hologram","Leap"],"picked":"Storm","floor":12},{"not_picked":["All For One","Amplify","Biased Cognition"],"picked":"ReplayTheSpireMod:Fabricate Wheel","floor":16},{"not_picked":["ReplayTheSpireMod:Reroute Power","Barrage","Hologram"],"picked":"Sweeping Beam","floor":18},{"not_picked":["Reprogram","Cold Snap","ReplayTheSpireMod:GoodbyeWorld+1"],"picked":"ReplayGash+1","floor":18}],"player_experience":62174,"relics_obtained":[{"floor":7,"key":"infinitespire:Lychee Nut"},{"floor":11,"key":"Ring of Greed"},{"floor":11,"key":"Replay:Wax Seal"},{"floor":11,"key":"MealTicket"},{"floor":11,"key":"ReplayTheSpireMod:Ring of Addiction"},{"floor":11,"key":"Toy Ornithopter"},{"floor":11,"key":"Potion Belt"},{"floor":14,"key":"Carrot"}],"event_choices":[{"damage_healed":75,"gold_gain":0,"player_choice":"Embrace","damage_taken":0,"max_hp_gain":0,"max_hp_loss":75,"event_name":"betterThird:BetterShining","floor":5,"gold_loss":0}],"is_beta":false,"boss_relics":[{"not_picked":["Nuclear Battery","Busted Crown"],"picked":"hubris:Backtick"}],"items_purged_floors":[],"is_endless":false,"potions_floor_spawned":[7,16,18],"killed_by":"Chosen and Byrds","ascension_level":0}}