{"host":"nptej036rrbiurf5","time":1607575750,"event":{"gold_per_floor":[115,115,115,129,28,67,67,92,116,135,148,148,164,8,8,98,98,116,129,129,129,129,129],"floor_reached":22,"playtime":561,"items_purged":["Parasite","Strike_B"],"score":353,"play_id":"df425e71-21c4-4cbb-91f1-bbccbccefeeb","local_time":"20201210134910","is_ascension_mode":true,"campfire_choices":[{"data":"Capacitor","floor":7.0,"key":"SMITH"},{"floor":12.0,"key":"REST"},{"floor":15.0,"key":"REST"}],"neow_cost":"CURSE","seed_source_timestamp":1295515906762800,"circlet_count":0,"master_deck":["AscendersBane","Strike_B","Strike_B","Strike_B","Defend_B","Defend_B+1","Defend_B+1","Defend_B","Zap","Dualcast+1","All For One","Gash","Electrodynamics","Steam+1","Capacitor+1","Heatsinks","Steam","Seek","Skim","Ghostly","Ghostly","Ghostly"],"special_seed":0,"relics":["Cracked Core","Golden Idol","War Paint","Centennial Puzzle","Nuclear Battery","Enchiridion"],"potions_floor_usage":[],"damage_taken":[{"damage":12.0,"enemies":"Small Slimes","floor":1.0,"turns":3.0},{"damage":3.0,"enemies":"2 Louse","floor":4.0,"turns":2.0},{"damage":5.0,"enemies":"3 Sentries","floor":6.0,"turns":2.0},{"damage":2.0,"enemies":"Jaw Worm","floor":8.0,"turns":3.0},{"damage":4.0,"enemies":"2 Fungi Beasts","floor":10.0,"turns":2.0},{"damage":13.0,"enemies":"Exordium Thugs","floor":11.0,"turns":3.0},{"damage":9.0,"enemies":"Large Slime","floor":13.0,"turns":4.0},{"damage":5.0,"enemies":"Slime Boss","floor":16.0,"turns":8.0},{"damage":10,"enemies":"3 Byrds","floor":18,"turns":4},{"damage":17,"enemies":"Shell Parasite","floor":19,"turns":7},{"damage":5,"enemies":"Centurion and Healer","floor":22,"turns":4}],"seed_played":"5043793592677549002","potions_obtained":[{"floor":8.0,"key":"DuplicationPotion"},{"floor":10.0,"key":"EntropicBrew"},{"floor":13.0,"key":"Energy Potion"},{"floor":19,"key":"EssenceOfSteel"}],"is_trial":false,"path_per_floor":["M","?","?","M","$","E","R","M","T","M","M","R","M","$","R","B",null,"M","M","?","?","M"],"character_chosen":"DEFECT","items_purchased":["Steam","Block Potion"],"campfire_rested":2,"item_purchase_floors":[5,14],"current_hp_per_floor":[52,31,31,28,28,23,23,21,21,17,4,22,13,13,31,26,52,42,25,4,4,0,0],"gold":129,"neow_bonus":"THREE_RARE_CARDS","is_prod":false,"is_daily":false,"chose_seed":false,"campfire_upgraded":1,"win_rate":0,"timestamp":1607575750,"path_taken":["M","?","?","M","$","E","R","M","T","M","M","R","M","$","R","BOSS","M","M","?","?","M"],"build_version":"2020-11-30","purchased_purges":2,"victory":false,"max_hp_per_floor":[71,71,64,64,61,61,61,61,61,61,61,61,61,61,61,61,61,61,61,61,30,30,30],"card_choices":[{"not_picked":["Reboot","Meteor Strike"],"picked":"All For One","floor":0.0},{"not_picked":["Coolheaded","Stack"],"picked":"Gash","floor":1.0},{"not_picked":["Compile Driver","Ball Lightning"],"picked":"Electrodynamics","floor":4.0},{"not_picked":["Streamline","Doom and Gloom"],"picked":"Capacitor","floor":6.0},{"not_picked":["Steam Power","Turbo"],"picked":"Heatsinks","floor":8.0},{"not_picked":["Compile Driver","Leap"],"picked":"Steam","floor":10.0},{"not_picked":["Chaos","Machine Learning","Loop"],"picked":"SKIP","floor":11.0},{"not_picked":["Hello World","Sweeping Beam","Blizzard"],"picked":"SKIP","floor":13.0},{"not_picked":["Thunder Strike","Reboot"],"picked":"Seek","floor":16.0},{"not_picked":["Barrage","Beam Cell+1","Steam"],"picked":"SKIP","floor":18},{"not_picked":["Barrage","Beam Cell+1","Steam"],"picked":"SKIP","floor":18},{"not_picked":["Beam Cell","Reprogram"],"picked":"Skim","floor":19}],"player_experience":822397,"relics_obtained":[{"floor":6.0,"key":"War Paint"},{"floor":9.0,"key":"Centennial Puzzle"},{"floor":20,"key":"Enchiridion"}],"event_choices":[{"damage_healed":0.0,"max_hp_gain":0.0,"max_hp_loss":0.0,"gold_gain":0.0,"event_name":"Shining Light","player_choice":"Entered Light","floor":2.0,"gold_loss":0.0,"damage_taken":21.0,"cards_upgraded":["Defend_B","Dualcast"]},{"damage_healed":0.0,"max_hp_gain":0.0,"max_hp_loss":7.0,"gold_gain":0.0,"event_name":"Golden Idol","player_choice":"Lose Max HP","floor":3.0,"gold_loss":0.0,"damage_taken":0.0,"relics_obtained":["Golden Idol"]},{"damage_healed":0,"gold_gain":0,"player_choice":"Obtained Book","damage_taken":21,"max_hp_gain":0,"max_hp_loss":0,"event_name":"Cursed Tome","floor":20,"gold_loss":0},{"damage_healed":0,"gold_gain":0,"player_choice":"Became a Ghost","damage_taken":0,"max_hp_gain":0,"max_hp_loss":31,"event_name":"Ghosts","floor":21,"gold_loss":0,"cards_obtained":["Ghostly","Ghostly","Ghostly"]}],"is_beta":false,"boss_relics":[{"not_picked":["Runic Pyramid","Inserter"],"picked":"Nuclear Battery"}],"items_purged_floors":[5,14],"is_endless":false,"potions_floor_spawned":[8,10,13,19],"killed_by":"Centurion and Healer","ascension_level":18}}