{"host":"s41rn2jhghpwfrvz","time":1607586884,"event":{"gold_per_floor":[119,134,59,78,91,119,119,148,148,148,158,193,193,226,226,302,302,320,320,132,132,182,210,227,256,256,583,583,594,619,631,631,708,708,727,737,747,389,407,439,453,453,453,480,480,480,510,521,521,521,521,521,521,20,52,52],"floor_reached":57,"playtime":1634,"items_purged":["EmptyFist","Crippling Poison","Shrug It Off","Gash"],"score":4025,"play_id":"0be8065b-b7f5-4c0e-99d9-96f9121c723a","local_time":"20201210095444","daily_mods":["SealedDeck","Diverse","DeadlyEvents"],"is_ascension_mode":true,"campfire_choices":[{"data":"Body Slam","floor":7,"key":"SMITH"},{"data":"Pray","floor":10,"key":"SMITH"},{"data":"Scrawl","floor":13,"key":"SMITH"},{"data":"Skim","floor":15,"key":"SMITH"},{"data":"Genetic Algorithm","floor":28,"key":"SMITH"},{"floor":32,"key":"RECALL"},{"data":"Shrug It Off","floor":42,"key":"SMITH"},{"data":"Sanctity","floor":45,"key":"SMITH"},{"data":"Master of Strategy","floor":49,"key":"SMITH"},{"data":"Adrenaline","floor":53,"key":"SMITH"}],"neow_cost":"","seed_source_timestamp":2695932489589680,"circlet_count":0,"master_deck":["AscendersBane","Gash","Seeing Red+1","Pray+1","Sanctity+1","Shrug It Off+1","Body Slam+1","Genetic Algorithm+1","Skim+1","Scrawl+1","Adrenaline+1","Master of Strategy+1"],"relics":["Burning Blood","Gambling Chip","Bird Faced Urn","InkBottle","The Courier","Charon\u0027s Ashes","Busted Crown","Membership Card","Boot","Art of War","Ginger","Old Coin","Frozen Egg 2","Runic Cube","TheAbacus","Potion Belt","Oddly Smooth Stone","Toxic Egg 2","Letter Opener","Eternal Feather","Pocketwatch","Orichalcum","Gremlin Horn","Strawberry","War Paint","Lizard Tail"],"potions_floor_usage":[56,56,56,56],"damage_taken":[{"damage":0,"enemies":"Cultist","floor":1,"turns":3},{"damage":0,"enemies":"Jaw Worm","floor":2,"turns":2},{"damage":0,"enemies":"2 Louse","floor":4,"turns":2},{"damage":0,"enemies":"2 Fungi Beasts","floor":5,"turns":3},{"damage":7,"enemies":"Lagavulin","floor":6,"turns":5},{"damage":0,"enemies":"Gremlin Nob","floor":8,"turns":3},{"damage":0,"enemies":"Lots of Slimes","floor":11,"turns":3},{"damage":26,"enemies":"3 Sentries","floor":12,"turns":8},{"damage":0,"enemies":"Gremlin Nob","floor":14,"turns":2},{"damage":0,"enemies":"Hexaghost","floor":16,"turns":4},{"damage":0,"enemies":"Chosen","floor":18,"turns":2},{"damage":0,"enemies":"Slavers","floor":23,"turns":1},{"damage":0,"enemies":"2 Thieves","floor":24,"turns":1},{"damage":0,"enemies":"Gremlin Leader","floor":25,"turns":2},{"damage":0,"enemies":"Book of Stabbing","floor":27,"turns":1},{"damage":0,"enemies":"3 Cultists","floor":29,"turns":1},{"damage":0,"enemies":"Gremlin Leader","floor":30,"turns":2},{"damage":2,"enemies":"Snecko","floor":31,"turns":3},{"damage":0,"enemies":"Collector","floor":33,"turns":2},{"damage":0,"enemies":"3 Shapes","floor":35,"turns":1},{"damage":0,"enemies":"3 Darklings","floor":36,"turns":1},{"damage":0,"enemies":"Jaw Worm Horde","floor":37,"turns":1},{"damage":0,"enemies":"Sphere and 2 Shapes","floor":39,"turns":1},{"damage":0,"enemies":"Nemesis","floor":40,"turns":1},{"damage":0,"enemies":"4 Shapes","floor":41,"turns":1},{"damage":0,"enemies":"Reptomancer","floor":44,"turns":1},{"damage":0,"enemies":"Giant Head","floor":47,"turns":1},{"damage":0,"enemies":"Jaw Worm Horde","floor":48,"turns":1},{"damage":0,"enemies":"Awakened One","floor":50,"turns":2},{"damage":0,"enemies":"Time Eater","floor":51,"turns":2},{"damage":0,"enemies":"Shield and Spear","floor":55,"turns":1},{"damage":50,"enemies":"The Heart","floor":56,"turns":6}],"seed_played":"-8132464671576675381","potions_obtained":[{"floor":1,"key":"Block Potion"},{"floor":5,"key":"FearPotion"},{"floor":37,"key":"DuplicationPotion"},{"floor":39,"key":"SkillPotion"}],"is_trial":true,"path_per_floor":["M","M","$","M","M","E","R","E","T","R","M","E","R","E","R","B",null,"M","?","$","?","?","E","M","E","T","E","R","M","E","M","R","B",null,"M","M","M","$","M","E","M","R","T","E","R","?","E","M","R","B","B",null,"R","$","E","B",null],"character_chosen":"IRONCLAD","items_purchased":["Membership Card","TheAbacus","Potion Belt","Oddly Smooth Stone","Master of Strategy","Ancient Potion","Pocketwatch","Orichalcum","Gremlin Horn","Strawberry","War Paint"],"campfire_rested":0,"item_purchase_floors":[20,38,38,38,38,38,54,54,54,54,54],"current_hp_per_floor":[74,75,75,75,75,74,74,75,75,75,75,55,55,61,61,67,73,75,75,75,54,54,60,66,72,72,78,78,80,80,80,80,80,80,80,80,80,80,80,80,80,80,80,80,80,80,80,80,80,80,80,80,80,87,87,43],"gold":52,"neow_bonus":"","is_prod":false,"is_daily":false,"chose_seed":false,"campfire_upgraded":9,"win_rate":0,"timestamp":1607586884,"path_taken":["M","M","$","?","M","E","R","E","T","R","?","E","R","E","R","BOSS","M","?","$","?","?","E","M","E","T","E","R","M","E","M","R","BOSS","M","M","M","$","M","E","M","R","T","E","R","?","E","M","R","BOSS","BOSS","R","$","E","BOSS"],"build_version":"2020-11-30","purchased_purges":4,"victory":true,"max_hp_per_floor":[75,75,75,75,75,75,75,75,75,75,75,75,75,75,75,75,75,75,75,75,80,80,80,80,80,80,80,80,80,80,80,80,80,80,80,80,80,80,80,80,80,80,80,80,80,80,80,80,80,80,80,80,80,87,87,87],"relic_stats":{"Gremlin Horn":[1,1],"counters":[32,70],"Eternal Feather":0,"Charon\u0027s Ashes":[579],"Ginger":[2],"Letter Opener":[145],"Orichalcum":[6],"War Paint":["Seeing Red"],"Boot":[25],"Burning Blood":68,"Lizard Tail":0,"Busted Crown":38,"TheAbacus":[474],"Gambling Chip":[13],"Bird Faced Urn":[0],"Art of War":[0],"obtain_stats":[{"Gremlin Horn":54,"Ginger":26,"Boot":23,"Burning Blood":0,"Old Coin":27,"Lizard Tail":55,"TheAbacus":38,"Gambling Chip":6,"Strawberry":54,"Toxic Egg 2":40,"InkBottle":9,"Runic Cube":34,"Potion Belt":38,"Oddly Smooth Stone":38,"Eternal Feather":47,"The Courier":12,"Charon\u0027s Ashes":14,"Letter Opener":44,"Frozen Egg 2":30,"Orichalcum":54,"War Paint":54,"Busted Crown":17,"Bird Faced Urn":8,"Art of War":25,"Membership Card":20,"Pocketwatch":54},{"Gremlin Horn":30,"Ginger":14,"Boot":12,"Burning Blood":0,"Old Coin":15,"Lizard Tail":31,"TheAbacus":22,"Gambling Chip":5,"Strawberry":30,"Toxic Egg 2":24,"InkBottle":6,"Runic Cube":19,"Potion Belt":22,"Oddly Smooth Stone":22,"Eternal Feather":27,"The Courier":8,"Charon\u0027s Ashes":9,"Letter Opener":26,"Frozen Egg 2":17,"Orichalcum":30,"War Paint":30,"Busted Crown":10,"Bird Faced Urn":6,"Art of War":14,"Membership Card":11,"Pocketwatch":30},{"Gremlin Horn":63,"Ginger":41,"Boot":38,"Burning Blood":0,"Old Coin":42,"Lizard Tail":64,"TheAbacus":53,"Gambling Chip":15,"Strawberry":63,"Toxic Egg 2":55,"InkBottle":18,"Runic Cube":50,"Potion Belt":53,"Oddly Smooth Stone":53,"Eternal Feather":58,"The Courier":29,"Charon\u0027s Ashes":31,"Letter Opener":57,"Frozen Egg 2":45,"Orichalcum":63,"War Paint":63,"Busted Crown":35,"Bird Faced Urn":18,"Art of War":41,"Membership Card":37,"Pocketwatch":63}],"InkBottle":[36],"Runic Cube":[7],"Pocketwatch":[0]},"card_choices":[{"not_picked":["Conclude","Turbo","EmptyBody"],"picked":"SKIP","floor":1},{"not_picked":["Cloak And Dagger","Coolheaded","FlyingSleeves"],"picked":"SKIP","floor":2},{"not_picked":["Perfected Strike","Tactician","Deadly Poison"],"picked":"SKIP","floor":4},{"not_picked":["Cold Snap","Iron Wave"],"picked":"Genetic Algorithm","floor":5},{"not_picked":["Wallop","Finisher","Second Wind"],"picked":"SKIP","floor":6},{"not_picked":["Collect","Heavy Blade","Worship"],"picked":"SKIP","floor":8},{"not_picked":["Clothesline","TalkToTheHand"],"picked":"Skim","floor":11},{"not_picked":["Shrug It Off","Stack"],"picked":"Scrawl","floor":12},{"not_picked":["Hologram","Dash","Hemokinesis"],"picked":"SKIP","floor":14},{"not_picked":["Bane"],"picked":"SKIP","floor":18},{"not_picked":["Streamline"],"picked":"SKIP","floor":23},{"not_picked":["Bane"],"picked":"SKIP","floor":24},{"not_picked":["Sanctity"],"picked":"SKIP","floor":25},{"not_picked":["Sword Boomerang+1"],"picked":"SKIP","floor":27},{"not_picked":["Backstab"],"picked":"SKIP","floor":29},{"not_picked":["Clothesline"],"picked":"SKIP","floor":30},{"not_picked":["SignatureMove"],"picked":"SKIP","floor":31},{"not_picked":[],"picked":"Adrenaline","floor":33},{"not_picked":["PathToVictory+1"],"picked":"SKIP","floor":35},{"not_picked":["Perfected Strike"],"picked":"SKIP","floor":36},{"not_picked":["Headbutt"],"picked":"SKIP","floor":37},{"not_picked":["DeceiveReality+1"],"picked":"SKIP","floor":39},{"not_picked":["Anger"],"picked":"SKIP","floor":40},{"not_picked":["PiercingWail+1"],"picked":"SKIP","floor":41},{"not_picked":["Sweeping Beam"],"picked":"SKIP","floor":44},{"not_picked":["PathToVictory+1"],"picked":"SKIP","floor":47},{"not_picked":["LikeWater+1"],"picked":"SKIP","floor":48},{"not_picked":["Clash"],"picked":"SKIP","floor":55}],"player_experience":1564373,"relics_obtained":[{"floor":6,"key":"Gambling Chip"},{"floor":8,"key":"Bird Faced Urn"},{"floor":9,"key":"InkBottle"},{"floor":12,"key":"The Courier"},{"floor":14,"key":"Charon\u0027s Ashes"},{"floor":23,"key":"Boot"},{"floor":25,"key":"Art of War"},{"floor":26,"key":"Ginger"},{"floor":27,"key":"Old Coin"},{"floor":30,"key":"Frozen Egg 2"},{"floor":40,"key":"Toxic Egg 2"},{"floor":44,"key":"Letter Opener"},{"floor":47,"key":"Eternal Feather"},{"floor":55,"key":"Lizard Tail"}],"event_choices":[{"damage_healed":0,"gold_gain":0,"player_choice":"Ignored","damage_taken":0,"max_hp_gain":0,"max_hp_loss":0,"event_name":"Cursed Tome","floor":19,"gold_loss":0},{"damage_healed":0,"gold_gain":0,"player_choice":"Shed Blood","damage_taken":26,"max_hp_gain":5,"max_hp_loss":0,"event_name":"Forgotten Altar","floor":21,"gold_loss":0},{"damage_healed":0,"gold_gain":50,"player_choice":"Stole From Cult","damage_taken":0,"max_hp_gain":0,"max_hp_loss":0,"event_name":"Nest","floor":22,"gold_loss":0},{"damage_healed":0,"gold_gain":0,"player_choice":"Ignored","damage_taken":0,"max_hp_gain":0,"max_hp_loss":0,"event_name":"SecretPortal","floor":46,"gold_loss":0}],"is_beta":false,"boss_relics":[{"not_picked":["Philosopher\u0027s Stone","Ectoplasm"],"picked":"Busted Crown"},{"not_picked":["Cursed Key","Empty Cage"],"picked":"Runic Cube"}],"items_purged_floors":[3,20,38,54],"is_endless":false,"potions_floor_spawned":[1,5,12,16,23,27,31,37,39,41,55],"ascension_level":20}}