{"host":"d8hh7rr4yzitjeuj","time":1607575980,"event":{"gold_per_floor":[118,133,133,148,194,194,211,211,235,253,281,32,45,55,55,134,134,153,170,184,184,184,184,219,230,230,256,271,289,323,338,338,413,413,425,700,715,735,82,107,107,141,164,182,127,142,142,171,171,171,171,171,171,6,32,32],"floor_reached":57,"playtime":3891,"items_purged":["Strike_B"],"score":3166,"play_id":"69703d93-aec7-417e-8c2b-37beadbba610","local_time":"20201210135300","is_ascension_mode":true,"campfire_choices":[{"data":"Force Field","floor":6.0,"key":"SMITH"},{"floor":8.0,"key":"REST"},{"data":"Self Repair","floor":15.0,"key":"SMITH"},{"data":"Beam Cell","floor":23.0,"key":"SMITH"},{"floor":32.0,"key":"RECALL"},{"data":"Reboot","floor":41.0,"key":"SMITH"},{"data":"Hyperbeam","floor":49.0,"key":"SMITH"},{"data":"Echo Form","floor":53.0,"key":"SMITH"}],"neow_cost":"NONE","seed_source_timestamp":2278750910200,"circlet_count":0,"master_deck":["AscendersBane","Strike_B","Strike_B","Strike_B","Defend_B","Defend_B","Defend_B","Defend_B","Zap","Dualcast","Compile Driver","Reprogram+1","Force Field+1","Rebound","Barrage","Echo Form+1","Self Repair+1","Melter","Rip and Tear","All For One","Sweeping Beam","Beam Cell+1","Sweeping Beam","Meteor Strike","Leap+1","Coolheaded+1","Reboot+1","Fusion+1","Go for the Eyes+1","Fission+1","Echo Form+1","Sweeping Beam","Fission+1","Compile Driver","Leap+1","Stack+1","Stack+1","Hyperbeam+1","Hologram+1","Loop"],"special_seed":0,"relics":["Snecko Eye","Omamori","Orichalcum","Incense Burner","Vajra","SlaversCollar","Strawberry","Meat on the Bone","Art of War","Nunchaku","Calling Bell","Potion Belt","Toxic Egg 2","WingedGreaves","Orrery","Happy Flower","Lantern","Bag of Marbles","Cables","Anchor","Boot"],"potions_floor_usage":[56,56,56],"damage_taken":[{"damage":4.0,"enemies":"Small Slimes","floor":1.0,"turns":4.0},{"damage":12.0,"enemies":"Cultist","floor":2.0,"turns":4.0},{"damage":17.0,"enemies":"Jaw Worm","floor":4.0,"turns":6.0},{"damage":9.0,"enemies":"Lots of Slimes","floor":7.0,"turns":8.0},{"damage":7.0,"enemies":"Red Slaver","floor":10.0,"turns":5.0},{"damage":11.0,"enemies":"Lagavulin","floor":11.0,"turns":10.0},{"damage":17.0,"enemies":"Exordium Thugs","floor":13.0,"turns":6.0},{"damage":0.0,"enemies":"2 Fungi Beasts","floor":14.0,"turns":3.0},{"damage":14.0,"enemies":"The Guardian","floor":16.0,"turns":12.0},{"damage":0.0,"enemies":"Shell Parasite","floor":18.0,"turns":5.0},{"damage":0.0,"enemies":"Chosen","floor":19.0,"turns":5.0},{"damage":20.0,"enemies":"Snake Plant","floor":20.0,"turns":5.0},{"damage":0.0,"enemies":"Gremlin Leader","floor":24.0,"turns":5.0},{"damage":7.0,"enemies":"Centurion and Healer","floor":25.0,"turns":4.0},{"damage":58.0,"enemies":"Slavers","floor":27.0,"turns":6.0},{"damage":5.0,"enemies":"Sentry and Sphere","floor":28.0,"turns":4.0},{"damage":13.0,"enemies":"Snecko","floor":29.0,"turns":3.0},{"damage":0.0,"enemies":"Gremlin Leader","floor":30.0,"turns":4.0},{"damage":19.0,"enemies":"Centurion and Healer","floor":31.0,"turns":6.0},{"damage":0.0,"enemies":"Champ","floor":33.0,"turns":7.0},{"damage":53.0,"enemies":"3 Darklings","floor":35.0,"turns":6.0},{"damage":0.0,"enemies":"Orb Walker","floor":37.0,"turns":3.0},{"damage":35.0,"enemies":"Transient","floor":38.0,"turns":6.0},{"damage":36.0,"enemies":"Nemesis","floor":40.0,"turns":5.0},{"damage":0.0,"enemies":"Reptomancer","floor":42.0,"turns":7.0},{"damage":39.0,"enemies":"Sphere and 2 Shapes","floor":44.0,"turns":6.0},{"damage":0.0,"enemies":"Maw","floor":46.0,"turns":4.0},{"damage":0.0,"enemies":"Nemesis","floor":48.0,"turns":7.0},{"damage":12.0,"enemies":"Awakened One","floor":50.0,"turns":9.0},{"damage":12.0,"enemies":"Donu and Deca","floor":51.0,"turns":7.0},{"damage":0.0,"enemies":"Shield and Spear","floor":55.0,"turns":2.0},{"damage":67,"enemies":"The Heart","floor":56,"turns":9}],"seed_played":"833788582672074362","potions_obtained":[{"floor":4.0,"key":"Regen Potion"},{"floor":7.0,"key":"Block Potion"},{"floor":10.0,"key":"LiquidMemories"},{"floor":11.0,"key":"Block Potion"},{"floor":20.0,"key":"PotionOfCapacity"},{"floor":24.0,"key":"Strength Potion"},{"floor":30.0,"key":"Energy Potion"},{"floor":37.0,"key":"Strength Potion"},{"floor":40.0,"key":"DistilledChaos"},{"floor":55.0,"key":"PotionOfCapacity"}],"is_trial":false,"path_per_floor":["M","M","?","M","T","R","M","R","T","M","E","$","M","M","R","B",null,"M","M","M","?","?","R","E","M","T","E","M","M","E","M","R","B",null,"M","?","M","M","$","E","R","E","T","M","$","M","T","E","R","B","B",null,"R","$","E","B",null],"character_chosen":"DEFECT","items_purchased":["Self Repair","Vajra","Fission+1","Echo Form","Orrery","Happy Flower","Stack+1","Hologram+1","Loop"],"campfire_rested":1,"item_purchase_floors":[12,12,39,39,39,39,45,54,54],"current_hp_per_floor":[60,48,48,31,31,31,37,58,58,51,40,40,30,37,37,33,62,71,71,61,61,61,61,78,71,71,35,62,59,78,78,78,78,78,57,57,67,54,54,40,40,50,50,43,43,53,53,73,73,71,69,76,76,76,78,33],"gold":32,"neow_bonus":"BOSS_RELIC","is_prod":false,"is_daily":false,"chose_seed":false,"campfire_upgraded":6,"win_rate":0,"timestamp":1607575980,"path_taken":["M","M","?","?","?","R","M","R","T","M","E","$","M","M","R","BOSS","M","M","M","?","?","R","E","M","T","E","M","?","E","M","R","BOSS","M","?","M","M","$","E","R","E","T","?","?","M","?","E","R","BOSS","BOSS","R","$","E","BOSS"],"build_version":"2020-11-30","purchased_purges":1,"victory":true,"max_hp_per_floor":[71,71,71,71,71,71,71,71,71,71,71,71,71,71,71,71,71,71,71,71,71,71,71,78,78,78,78,78,78,78,78,78,78,78,78,78,78,78,78,78,78,78,78,78,78,78,78,78,78,78,78,78,78,78,78,78],"card_choices":[{"not_picked":["Blizzard","Scrape"],"picked":"Compile Driver","floor":1.0},{"not_picked":["BootSequence","Turbo"],"picked":"Reprogram","floor":2.0},{"not_picked":["Coolheaded","Capacitor"],"picked":"Force Field","floor":4.0},{"not_picked":["Steam Power","Coolheaded"],"picked":"Rebound","floor":7.0},{"not_picked":["Chaos","Cold Snap"],"picked":"Barrage","floor":10.0},{"not_picked":["Redo","Streamline"],"picked":"Echo Form","floor":11.0},{"not_picked":["Barrage","Redo"],"picked":"Melter","floor":13.0},{"not_picked":["Hologram","Streamline"],"picked":"Rip and Tear","floor":14.0},{"not_picked":["Buffer","Creative AI"],"picked":"All For One","floor":16.0},{"not_picked":["Go for the Eyes","Coolheaded+1"],"picked":"Sweeping Beam","floor":18.0},{"not_picked":["Go for the Eyes","Compile Driver"],"picked":"Beam Cell","floor":19.0},{"not_picked":["Streamline","Redo"],"picked":"Sweeping Beam","floor":20.0},{"not_picked":["Coolheaded","Glacier"],"picked":"Leap+1","floor":24.0},{"not_picked":["Compile Driver","Multi-Cast","Streamline"],"picked":"SKIP","floor":25.0},{"not_picked":["Doom and Gloom","Redo","Multi-Cast"],"picked":"SKIP","floor":27.0},{"not_picked":["FTL","Gash","Coolheaded"],"picked":"SKIP","floor":28.0},{"not_picked":["FTL","Gash","Coolheaded"],"picked":"SKIP","floor":28.0},{"not_picked":["Scrape","Consume+1","Go for the Eyes"],"picked":"SKIP","floor":29.0},{"not_picked":["Melter","Cold Snap","Consume"],"picked":"SKIP","floor":30.0},{"not_picked":["Storm","Streamline+1"],"picked":"Coolheaded+1","floor":31.0},{"not_picked":["Rainbow","Machine Learning"],"picked":"Reboot","floor":33.0},{"not_picked":["White Noise+1","Loop+1"],"picked":"Fusion+1","floor":35.0},{"not_picked":["Streamline+1","Steam+1","Cold Snap"],"picked":"SKIP","floor":37.0},{"not_picked":["Redo+1","Steam+1"],"picked":"Go for the Eyes+1","floor":38.0},{"not_picked":["Chaos+1","Steam+1"],"picked":"Sweeping Beam","floor":39.0},{"not_picked":["Sweeping Beam","Compile Driver"],"picked":"Fission+1","floor":39.0},{"not_picked":["Rip and Tear","Fusion+1"],"picked":"Compile Driver","floor":39.0},{"not_picked":["Cold Snap","Go for the Eyes"],"picked":"Leap+1","floor":39.0},{"not_picked":["Fusion+1","Barrage","Darkness+1"],"picked":"SKIP","floor":40.0},{"not_picked":["Double Energy+1","Blizzard","Darkness+1"],"picked":"SKIP","floor":42.0},{"not_picked":["Chill+1","Reprogram+1"],"picked":"Stack+1","floor":44.0},{"not_picked":["Glacier+1","Gash","Lockon+1"],"picked":"SKIP","floor":46.0},{"not_picked":["Cold Snap","Rebound"],"picked":"Hyperbeam","floor":48.0},{"not_picked":["Go for the Eyes","Creative AI","Self Repair"],"picked":"SKIP","floor":55.0}],"player_experience":1313861,"relics_obtained":[{"floor":5.0,"key":"Omamori"},{"floor":9.0,"key":"Orichalcum"},{"floor":11.0,"key":"Incense Burner"},{"floor":24.0,"key":"Strawberry"},{"floor":26.0,"key":"Meat on the Bone"},{"floor":27.0,"key":"Art of War"},{"floor":30.0,"key":"Nunchaku"},{"floor":34.0,"key":"Potion Belt"},{"floor":34.0,"key":"Toxic Egg 2"},{"floor":34.0,"key":"WingedGreaves"},{"floor":40.0,"key":"Lantern"},{"floor":42.0,"key":"Bag of Marbles"},{"floor":47.0,"key":"Cables"},{"floor":48.0,"key":"Anchor"},{"floor":55.0,"key":"Boot"}],"event_choices":[{"damage_healed":0.0,"max_hp_gain":0.0,"max_hp_loss":0.0,"gold_gain":0.0,"event_name":"Accursed Blacksmith","player_choice":"Forge","floor":3.0,"gold_loss":0.0,"damage_taken":0.0,"cards_upgraded":["Reprogram"]},{"damage_healed":0.0,"max_hp_gain":0.0,"max_hp_loss":0.0,"gold_gain":0.0,"event_name":"The Library","player_choice":"Read","floor":21.0,"gold_loss":0.0,"damage_taken":0.0,"cards_obtained":["Meteor Strike"]},{"damage_healed":0.0,"max_hp_gain":0.0,"max_hp_loss":0.0,"gold_gain":0.0,"event_name":"Upgrade Shrine","player_choice":"Upgraded","floor":22.0,"gold_loss":0.0,"damage_taken":0.0,"cards_upgraded":["Echo Form"]},{"damage_healed":0.0,"max_hp_gain":0.0,"max_hp_loss":0.0,"gold_gain":275.0,"event_name":"Golden Shrine","player_choice":"Desecrate","floor":36.0,"gold_loss":0.0,"damage_taken":0.0,"cards_obtained":["Regret"]}],"is_beta":false,"boss_relics":[{"not_picked":["SacredBark","Tiny House"],"picked":"SlaversCollar"},{"not_picked":["Runic Dome","Fusion Hammer"],"picked":"Calling Bell"}],"items_purged_floors":[54],"is_endless":false,"potions_floor_spawned":[4,7,10,11,20,24,28,30,31,37,40,44,48,55],"ascension_level":20}}