{"host":"6j4ub8crcm5haudq","time":1607626354,"event":{"mods":["BaseMod","StSLib","Minty Spire (QoL Compilation)"],"gold_per_floor":[111,130,148,168,11,11,38,49,98,98,12,38,38,38,38],"floor_reached":14,"playtime":640,"items_purged":[],"score":155,"play_id":"dd3755cd-a960-4cb3-95b7-57f2b8c771e9","local_time":"20201210195234","is_ascension_mode":true,"campfire_choices":[{"data":"Quick Slash","floor":6,"key":"SMITH"},{"floor":10,"key":"REST"}],"circlet_count":0,"master_deck":["AscendersBane","Strike_G","Strike_G","Strike_G","Strike_G","Defend_G","Defend_G","Defend_G","Defend_G","Survivor","Neutralize","Quick Slash+1","Blur","Dodge and Roll","Dagger Throw","Dagger Spray","Flash of Steel","Well Laid Plans"],"relics":["Empty Cage","Akabeko","Shuriken","Bag of Marbles","Kunai"],"acts_visited":["Exordium"],"potions_floor_usage":[7,7],"damage_taken":[{"damage":9,"enemies":"Cultist","floor":1,"turns":6},{"damage":0,"enemies":"2 Louse","floor":2,"turns":4},{"damage":4,"enemies":"Jaw Worm","floor":3,"turns":5},{"damage":0,"enemies":"Exordium Wildlife","floor":4,"turns":5},{"damage":25,"enemies":"Lagavulin","floor":7,"turns":8},{"damage":6,"enemies":"Lots of Slimes","floor":8,"turns":5},{"damage":20,"enemies":"3 Sentries","floor":12,"turns":7},{"damage":20,"enemies":"Gremlin Nob","floor":14,"turns":3}],"seed_played":"-5069104351168005874","potions_obtained":[{"floor":3,"key":"Fire Potion"},{"floor":4,"key":"AttackPotion"}],"is_trial":false,"path_per_floor":["M","M","M","M","$","R","E","M","T","R","$","E","?","E"],"character_chosen":"THE_SILENT","items_purchased":["Akabeko","Flash of Steel"],"campfire_rested":1,"item_purchase_floors":[5,11],"current_hp_per_floor":[54,54,50,50,50,50,25,19,19,40,40,20,20,0,0],"gold":38,"neow_bonus":"BOSS_RELIC","is_daily":false,"chose_seed":false,"campfire_upgraded":1,"win_rate":0,"timestamp":1607626354,"path_taken":["M","M","M","?","$","R","E","M","T","R","$","E","?","E"],"build_version":"2020-11-30","purchased_purges":0,"victory":false,"max_hp_per_floor":[70,70,70,70,70,70,70,70,70,70,70,70,70,70,70],"card_choices":[{"not_picked":["Bane","Eviscerate"],"picked":"Quick Slash","floor":1},{"not_picked":["Outmaneuver","Setup"],"picked":"Blur","floor":2},{"not_picked":["Outmaneuver","Prepared","Concentrate"],"picked":"SKIP","floor":3},{"not_picked":["Deflect","Blur"],"picked":"Dodge and Roll","floor":4},{"not_picked":["Slice","Underhanded Strike"],"picked":"Dagger Throw","floor":7},{"not_picked":["Dagger Throw","Sucker Punch"],"picked":"Dagger Spray","floor":8},{"not_picked":["Flying Knee","Storm of Steel"],"picked":"Well Laid Plans","floor":12}],"player_experience":891219,"relics_obtained":[{"floor":7,"key":"Shuriken"},{"floor":9,"key":"Bag of Marbles"},{"floor":12,"key":"Kunai"}],"event_choices":[{"damage_healed":0,"gold_gain":0,"player_choice":"Ignored","damage_taken":0,"max_hp_gain":0,"max_hp_loss":0,"event_name":"Shining Light","floor":13,"gold_loss":0}],"is_beta":false,"boss_relics":[],"items_purged_floors":[],"is_endless":false,"potions_floor_spawned":[3,4],"killed_by":"Gremlin Nob","ascension_level":11}}