{"host":"oc01m10dqg0gjqug","time":1607609432,"event":{"mods":["BaseMod","Act Like it!","StSLib","Aspiration","Alarm Clock","CapriCore","Chen","Colored Powertips","Conspire","Dota2Spire","Gensokyo","Hubris","Koishi","KomeijiMod","Marisa（F雨　魔理沙）","Minty Spire (QoL Compilation)","MostiFishMod","Prisma Mod","Quarter Circle Forward PUNCH!","Quick Restart","Reimu（博丽灵梦）","Relic Stats","Replay The Spire","RumiaBox-露米娅的神秘盒子","Ryuuou龙王","Shop Mod","Spicy Shops","TestMod","The Administrix","The Animator","The Immortal","Uncapped","Voiceroid Mod","Youmu（魂魄妖梦）","Yuyuko","[IsaacMod]以撒尖塔","vexMod","【东方二次创作】八云紫mod","【功能Mod】混沌之环修复补丁","【功能Mod】聪明的最终Boss","【遗物卡牌】REMEMod","篝火指南","Faster Ascension Climbing"],"gold_per_floor":[114,514,354,369,399,414,429,444,444,32,47,47,522,547,547,647,647,662,662,677,927,942,942,942,957,1032,1032,173,173,203,218,218,318,318,333,173,173,173,176,176,176,551,551,831,831,846,721,751,751,751],"floor_reached":51,"playtime":2653,"items_purged":["testmod-HandmadeProducts","Pilgrimage_ITK","MostiFishMod:JungleRules","Koishi:PhantomBarrier","Jack Of All Trades","MostiFishMod:WinterMarkForm","Koishi:BasicStrike","Koishi:BasicStrike","Koishi:BasicStrike","Koishi:BasicStrike","conspire:Banana","Koishi:BasicDefend"],"score":893,"play_id":"9a14e552-9083-4d78-8543-5864952c1608","local_time":"20201210221032","daily_mods":["Allstar","Purple Cards","Night Terrors"],"is_ascension_mode":false,"campfire_choices":[{"data":"Koishi:TerrifyingSpectre","floor":12,"key":"SMITH"},{"data":"Koishi:GhostParty","floor":15,"key":"SMITH"},{"data":"MostiFishMod:NightSea","floor":15,"key":"SMITH"},{"data":"Koishi:TremblingHands","floor":24,"key":"SMITH"},{"data":"Koishi:YoukaiPolygraph","floor":24,"key":"SMITH"},{"data":"Koishi:Provoke","floor":27,"key":"SMITH"},{"data":"Koishi:HauntingSlash","floor":27,"key":"SMITH"},{"data":"Koishi:Heartbroken","floor":29,"key":"SMITH"},{"data":"Koishi:PhantomStrike","floor":29,"key":"SMITH"},{"data":"Koishi:RacingHeart","floor":32,"key":"SMITH"},{"data":"Koishi:VengefulSpirit","floor":32,"key":"SMITH"},{"data":"Koishi:SilentAndRestless","floor":40,"key":"SMITH"},{"data":"Koishi:Whimsy","floor":40,"key":"SMITH"},{"data":"MostiFishMod:EE1D","floor":49,"key":"SMITH"},{"data":"MostiFishMod:EE1D","floor":49,"key":"SMITH"}],"circlet_count":0,"master_deck":["Koishi:BasicDefend","Koishi:BasicDefend","Koishi:BasicDefend","Koishi:Provoke+1","Koishi:HauntingSlash+1","MostiFishMod:NightSea+1","Koishi:GhostParty+1","Koishi:PhantomStrike+1","Koishi:TerrifyingSpectre+1","Koishi:Whimsy+1","Koishi:TremblingHands+1","Koishi:Jaunt+1","Koishi:YoukaiPolygraph+1","Koishi:PhantomBarrier+1","Koishi:Possession+1","Koishi:Heartbroken+1","Koishi:VengefulSpirit+1","Koishi:RacingHeart+1","Koishi:SilentAndRestless+1","MostiFishMod:EE1D+1","MostiFishMod:EE1D","MostiFishMod:EE1D+1"],"special_seed":18606,"relics":["Koishi:ImaginaryFriend","DaveBox","testmod-TestBox","REME_ComplimentaryCards","BirthdayGift-Icosahedron","testmod-Maize","AnarchistCookbook","Question Card","Gensokyo:BookOfSpecters","hubris:TinFlute","Bottled Flame","Chaos","Dota2Spire:ArcaneBoots","Replay:Arrowhead","HowToJump","ImportantClient","vexMod:MegatonBomb","hubris:Towel","vexMod:DeviousBotling","MerchantsRug","Eternal Feather","Mango","Mirror","FrostBlade","SSSystem","conspire:BottledYoYo","hubris:MysteriousPyramids","GodSword5","Membership Card","EE1DDrone","LastBattle","Frozen Egg 2"],"acts_visited":["Gensokyo:Gensokyo","Gensokyo:Gensokyoer","TheBeyond"],"potions_floor_usage":[47],"damage_taken":[{"damage":0,"enemies":"Gensokyo:Gryphon","floor":1,"turns":2},{"damage":1,"enemies":"Gensokyo:2_Kodama","floor":4,"turns":4},{"damage":0,"enemies":"Gensokyo:Aya","floor":5,"turns":4},{"damage":0,"enemies":"Gensokyo:Python","floor":6,"turns":3},{"damage":0,"enemies":"Gensokyo:Kitsune","floor":7,"turns":2},{"damage":1,"enemies":"Gensokyo:3_Kodama","floor":8,"turns":5},{"damage":0,"enemies":"Gensokyo:Python_and_Kodama","floor":11,"turns":3},{"damage":1,"enemies":"Gensokyo:Yukari","floor":16,"turns":5},{"damage":2,"enemies":"Gensokyo:3_Dogs","floor":18,"turns":4},{"damage":2,"enemies":"Gensokyo:Chomper","floor":20,"turns":3},{"damage":0,"enemies":"Gensokyo:3_Gloops","floor":22,"turns":1},{"damage":2,"enemies":"Gensokyo:Swordslinger","floor":25,"turns":4},{"damage":1,"enemies":"Gensokyo:Tenshi","floor":30,"turns":3},{"damage":1,"enemies":"Gensokyo:Chomper_and_Gloop","floor":31,"turns":3},{"damage":4,"enemies":"Gensokyo:Eiki","floor":33,"turns":4},{"damage":0,"enemies":"3 Darklings","floor":35,"turns":3},{"damage":1,"enemies":"3 Shapes","floor":39,"turns":3},{"damage":0,"enemies":"Maw","floor":46,"turns":2},{"damage":0,"enemies":"Nemesis","floor":48,"turns":2},{"damage":2,"enemies":"Replay:Hell Engine","floor":50,"turns":4}],"seed_played":"8996604888150855735","potions_obtained":[{"floor":5,"key":"ZuzhouPotion:ReiMu"},{"floor":6,"key":"Adrenaline Potion"},{"floor":7,"key":"Reflective Coating"},{"floor":11,"key":"PowerPotion"}],"is_trial":false,"path_per_floor":["M","?","?","M","?","M","M","M","T","$","M","R","$","T","R","B",null,"M","?","M","?","M","?","R","M","T","R","$","R","E","M","R","B",null,"M","$","?","?","M","R","?","R","T","$","T","M","R","E","R","B",null],"character_chosen":"KOISHI","items_purchased":["Chaos","Dota2Spire:ArcaneBoots","Koishi:Jaunt+1","Replay:Arrowhead","MerchantsRug","Eternal Feather","Mango","Koishi:Heartbroken","SSSystem","hubris:MysteriousPyramids","Membership Card","testmod-SpacePotion","EE1DDrone","LastBattle"],"campfire_rested":0,"item_purchase_floors":[10,10,10,13,28,28,28,28,42,44,47,47,47,47],"current_hp_per_floor":[62,62,62,62,63,65,65,66,66,66,67,67,67,67,67,68,68,69,64,65,62,62,62,62,63,63,63,77,77,79,79,79,81,81,83,83,83,83,85,85,85,85,85,85,85,86,86,86,86,86],"gold":751,"neow_bonus":"","is_daily":true,"chose_seed":false,"campfire_upgraded":15,"win_rate":1,"timestamp":1607609432,"path_taken":["M","?","?","M","?","M","M","M","T","$","M","R","$","?","R","BOSS","M","?","M","?","M","?","R","?","T","R","$","R","E","M","R","BOSS","M","$","?","?","M","R","?","R","T","$","?","?","R","E","R","BOSS"],"build_version":"2020-11-30","purchased_purges":12,"victory":true,"max_hp_per_floor":[62,62,62,62,63,65,65,66,66,66,67,67,67,67,67,68,68,69,64,65,62,62,62,62,63,63,63,77,77,79,79,79,81,81,83,83,83,83,85,85,85,85,85,85,85,86,86,86,86,86],"relic_stats":{"counters":[20,64],"Eternal Feather":0,"Question Card":31,"obtain_stats":[{"AnarchistCookbook":0,"Chaos":10,"DaveBox":0,"SSSystem":42,"Mango":28,"BirthdayGift-Icosahedron":0,"hubris:MysteriousPyramids":44,"vexMod:DeviousBotling":26,"Dota2Spire:ArcaneBoots":10,"hubris:TinFlute":5,"ImportantClient":16,"KeepersGift":0,"vexMod:MegatonBomb":17,"testmod-Maize":0,"MerchantsRug":28,"testmod-TestBox":0,"Gensokyo:BookOfSpecters":3,"HowToJump":14,"Eternal Feather":28,"hubris:Towel":23,"LastBattle":47,"Frozen Egg 2":48,"Question Card":1,"Replay:Arrowhead":13,"FrostBlade":34,"Bottled Flame":9,"EE1DDrone":47,"hubris:GrandSneckoEye":19,"conspire:BottledYoYo":43,"GodSword5":45,"Membership Card":47,"HushsDoor":0,"Mirror":30,"Koishi:ImaginaryFriend":0,"REME_ComplimentaryCards":0},{"AnarchistCookbook":0,"Chaos":6,"DaveBox":0,"SSSystem":17,"Mango":12,"BirthdayGift-Icosahedron":0,"hubris:MysteriousPyramids":17,"vexMod:DeviousBotling":12,"Dota2Spire:ArcaneBoots":6,"hubris:TinFlute":3,"ImportantClient":8,"KeepersGift":0,"vexMod:MegatonBomb":8,"testmod-Maize":0,"MerchantsRug":12,"testmod-TestBox":0,"Gensokyo:BookOfSpecters":1,"HowToJump":7,"Eternal Feather":12,"hubris:Towel":11,"LastBattle":18,"Frozen Egg 2":19,"Question Card":1,"Replay:Arrowhead":7,"FrostBlade":15,"Bottled Flame":6,"EE1DDrone":18,"hubris:GrandSneckoEye":9,"conspire:BottledYoYo":17,"GodSword5":17,"Membership Card":18,"HushsDoor":0,"Mirror":13,"Koishi:ImaginaryFriend":0,"REME_ComplimentaryCards":0},{"AnarchistCookbook":0,"Chaos":20,"DaveBox":0,"SSSystem":56,"Mango":40,"BirthdayGift-Icosahedron":0,"hubris:MysteriousPyramids":56,"vexMod:DeviousBotling":40,"Dota2Spire:ArcaneBoots":20,"hubris:TinFlute":10,"ImportantClient":28,"KeepersGift":0,"vexMod:MegatonBomb":28,"testmod-Maize":0,"MerchantsRug":40,"testmod-TestBox":0,"Gensokyo:BookOfSpecters":2,"HowToJump":23,"Eternal Feather":40,"hubris:Towel":36,"LastBattle":58,"Frozen Egg 2":60,"Question Card":2,"Replay:Arrowhead":23,"FrostBlade":50,"Bottled Flame":20,"EE1DDrone":58,"hubris:GrandSneckoEye":32,"conspire:BottledYoYo":56,"GodSword5":56,"Membership Card":58,"HushsDoor":0,"Mirror":43,"Koishi:ImaginaryFriend":0,"REME_ComplimentaryCards":0}]},"card_choices":[{"not_picked":["Koishi:StingingMind","Koishi:RacingHeart"],"picked":"Koishi:GhostParty","floor":1},{"not_picked":["Koishi:FidgetySnatcher","Koishi:DreadfulBlow","Koishi:ParalyzingFear"],"picked":"Koishi:PhantomStrike","floor":4},{"not_picked":["Koishi:BloodcurdlingScream","Koishi:BramblyRoseGarden","Koishi:Vanish"],"picked":"Koishi:PhantomBarrier","floor":5},{"not_picked":["Koishi:UnconsciousUprising","Koishi:JumpScare","Koishi:SubconsciousSweep"],"picked":"Koishi:TerrifyingSpectre","floor":6},{"not_picked":["Koishi:HeartAttack","Koishi:SubterraneanRose","Koishi:StingingMind"],"picked":"Koishi:Whimsy","floor":7},{"not_picked":["Koishi:Possession","Koishi:PredatoryInstincts","Koishi:StingingMind"],"picked":"Koishi:TremblingHands","floor":8},{"not_picked":["Koishi:Jaunt","Koishi:DreadfulBlow","Koishi:ReleaseOfTheId"],"picked":"Koishi:YoukaiPolygraph","floor":11},{"not_picked":["Koishi:FleetingPhantom","Koishi:SpiritedAway","Koishi:SubconsciousSweep"],"picked":"Koishi:PhantomBarrier+1","floor":18},{"not_picked":["Koishi:HeartAttack","Koishi:TraumaticStroke","Koishi:ApparitionsStalkTheNight","Koishi:PhantomBarrier"],"picked":"SKIP","floor":20},{"not_picked":["Koishi:IdleWhim+1","Koishi:JumpScare","Koishi:FidgetySnatcher+1"],"picked":"Koishi:Possession+1","floor":22},{"not_picked":["Koishi:FleetingPhantom","Koishi:LastRemote","Koishi:SubterraneanRose","Koishi:BramblyRoseGarden+1"],"picked":"SKIP","floor":25},{"not_picked":["Koishi:Heartbroken","Koishi:Vanish","Koishi:GeneticsOfTheUnconscious+1"],"picked":"Koishi:VengefulSpirit","floor":30},{"not_picked":["Koishi:DanmakuParanoia","Koishi:Whimsy","Koishi:PhilosophyOfTheDespised"],"picked":"Koishi:RacingHeart","floor":31},{"not_picked":["Koishi:Ego","Koishi:TerrifyingSpectre","Koishi:ConditionedTeleport"],"picked":"Koishi:SilentAndRestless","floor":33},{"not_picked":["Koishi:GhostParty+1","Koishi:PhantomStrike","Koishi:EmbryosDream","Koishi:EmbersOfLove"],"picked":"SKIP","floor":35},{"not_picked":["Koishi:FidgetySnatcher+1","Koishi:BloodcurdlingScream+1","Koishi:EmbryosDream","Koishi:RorschachInDanmaku"],"picked":"SKIP","floor":39},{"not_picked":["Koishi:EmbryosDream","Koishi:StrangeCloudFist+1","Koishi:StingingMind","Koishi:ApparitionsStalkTheNight"],"picked":"SKIP","floor":46},{"not_picked":["Koishi:EmbryosDream+1","Koishi:MindStellarRelief","Koishi:CatchAndRose+1","Koishi:JumpScare"],"picked":"SKIP","floor":48}],"player_experience":556714,"relics_obtained":[{"floor":1,"key":"Question Card"},{"floor":5,"key":"hubris:TinFlute"},{"floor":9,"key":"Bottled Flame"},{"floor":14,"key":"HowToJump"},{"floor":16,"key":"ImportantClient"},{"floor":26,"key":"vexMod:DeviousBotling"},{"floor":30,"key":"Mirror"},{"floor":43,"key":"conspire:BottledYoYo"},{"floor":45,"key":"GodSword5"},{"floor":48,"key":"Frozen Egg 2"}],"event_choices":[{"damage_healed":0,"gold_gain":400,"player_choice":"Sell","damage_taken":0,"max_hp_gain":0,"max_hp_loss":0,"event_name":"恩洛斯的盘子","floor":2,"relics_lost":["HushsDoor"],"gold_loss":0},{"cards_removed":["MostiFishMod:FrostNova"],"damage_healed":0,"gold_gain":0,"player_choice":"Card Removal","damage_taken":0,"max_hp_gain":0,"max_hp_loss":0,"event_name":"Wheel of Change","floor":38,"gold_loss":0}],"is_beta":false,"boss_relics":[{"not_picked":["Dota2Spire:EtherealBlade","Calling Bell"],"picked":"vexMod:MegatonBomb"},{"not_picked":["testmod-BalancedPeriapt","Vajra"],"picked":"FrostBlade"}],"items_purged_floors":[10,13,13,28,28,36,42,42,44,44,47,47],"is_endless":false,"potions_floor_spawned":[5,6,7,11,30,33,39,46],"ascension_level":0}}