{"host":"f400onr2g6b8rzrw","time":1607597769,"event":{"gold_per_floor":[117,117,132,132,151,186,195,195,195,195,224,233,233,233,233],"floor_reached":14,"playtime":1095,"items_purged":[],"score":92,"play_id":"e71c1c20-1d05-4fb5-ba17-f05cdee9ead8","local_time":"20201210212609","is_ascension_mode":true,"campfire_choices":[{"floor":8.0,"key":"REST"},{"floor":10.0,"key":"RECALL"},{"data":"Discovery","floor":13.0,"key":"SMITH"}],"neow_cost":"NONE","seed_source_timestamp":0,"circlet_count":0,"master_deck":["Strike_P","Strike_P","Strike_P","Strike_P","Defend_P","Defend_P","Eruption","Vigilance","SashWhip","FearNoEvil","Discovery+1","WindmillStrike","WindmillStrike","Regret","Crescendo","EmptyFist"],"special_seed":0,"relics":["Philosopher\u0027s Stone","Mercury Hourglass","CeramicFish","Darkstone Periapt"],"potions_floor_usage":[],"damage_taken":[{"damage":7.0,"enemies":"Jaw Worm","floor":1.0,"turns":4.0},{"damage":2.0,"enemies":"2 Louse","floor":3.0,"turns":3.0},{"damage":6.0,"enemies":"Small Slimes","floor":5.0,"turns":2.0},{"damage":25.0,"enemies":"3 Sentries","floor":6.0,"turns":3.0},{"damage":18.0,"enemies":"Gremlin Gang","floor":11.0,"turns":3.0},{"damage":31,"enemies":"Gremlin Nob","floor":14,"turns":2}],"seed_played":"4601150199910878016","potions_obtained":[{"floor":5.0,"key":"BlessingOfTheForge"},{"floor":11.0,"key":"LiquidBronze"}],"is_trial":false,"path_per_floor":["M","?","M","?","M","E","?","R","T","R","M","?","R","E"],"character_chosen":"WATCHER","items_purchased":[],"campfire_rested":1,"item_purchase_floors":[],"current_hp_per_floor":[65,58,56,56,50,25,25,46,46,46,28,28,28,0,0],"gold":233,"neow_bonus":"BOSS_RELIC","is_prod":false,"is_daily":false,"chose_seed":false,"campfire_upgraded":1,"win_rate":0,"timestamp":1607597769,"path_taken":["M","?","M","?","M","E","?","R","T","R","?","?","R","E"],"build_version":"2020-11-30","purchased_purges":0,"victory":false,"max_hp_per_floor":[72,72,72,72,72,72,72,72,72,72,72,72,72,72,72],"relic_stats":{"Darkstone Periapt":0,"counters":[6,17],"CeramicFish":27,"obtain_stats":[{"Darkstone Periapt":9,"CeramicFish":7,"Philosopher\u0027s Stone":0,"PureWater":0,"Mercury Hourglass":6},{"Darkstone Periapt":4,"CeramicFish":4,"Philosopher\u0027s Stone":0,"PureWater":0,"Mercury Hourglass":4},{"Darkstone Periapt":12,"CeramicFish":12,"Philosopher\u0027s Stone":0,"PureWater":0,"Mercury Hourglass":12}],"Mercury Hourglass":[29]},"card_choices":[{"not_picked":["CrushJoints","Protect"],"picked":"SashWhip","floor":1.0},{"not_picked":["Protect","ClearTheMind"],"picked":"FearNoEvil","floor":3.0},{"not_picked":["Secret Technique","PanicButton"],"picked":"Discovery","floor":4.0},{"not_picked":["Indignation","Swivel"],"picked":"WindmillStrike","floor":5.0},{"not_picked":["Fasting2","Wireheading"],"picked":"WindmillStrike","floor":6.0},{"not_picked":["Halt","MentalFortress"],"picked":"Crescendo","floor":11.0}],"player_experience":464555,"relics_obtained":[{"floor":6.0,"key":"Mercury Hourglass"},{"floor":9.0,"key":"Darkstone Periapt"}],"event_choices":[{"cards_removed":["Defend_P"],"damage_healed":0.0,"max_hp_gain":0.0,"max_hp_loss":0.0,"gold_gain":0.0,"event_name":"Golden Wing","player_choice":"Card Removal","floor":2.0,"gold_loss":0.0,"damage_taken":7.0},{"damage_healed":0.0,"max_hp_gain":0.0,"max_hp_loss":0.0,"gold_gain":1.0,"event_name":"betterStone:BetterStone","player_choice":"1","floor":4.0,"gold_loss":0.0,"damage_taken":0.0},{"damage_healed":0.0,"max_hp_gain":0.0,"max_hp_loss":0.0,"gold_gain":0.0,"event_name":"Big Fish","player_choice":"Box","floor":7.0,"gold_loss":0.0,"damage_taken":0.0,"relics_obtained":["CeramicFish"],"cards_obtained":["Regret"]},{"damage_healed":0.0,"max_hp_gain":0.0,"max_hp_loss":0.0,"gold_gain":0.0,"cards_transformed":["Defend_P"],"event_name":"Transmorgrifier","player_choice":"Transformed","floor":12.0,"gold_loss":0.0,"damage_taken":0.0,"cards_obtained":["EmptyFist"]}],"is_beta":false,"boss_relics":[],"items_purged_floors":[],"is_endless":false,"potions_floor_spawned":[5,11],"killed_by":"Gremlin Nob","ascension_level":1}}