{"host":"9vk21r6l9dtkpvh9","time":1607620822,"event":{"mods":["BaseMod","Colored Map","Colored Powertips","StSLib","Hubris","The Necromancer","The Servant 0.9.4","The Wild Card","DeckTracker","SOS???????","The Runesmith","???Mod??????Boss","Energized Spire","Jorbs\u0027s Wanderer Trilogy","Mimic Mod","Minty Spire (QoL Compilation)","Rare Cards Sparkle","SuperFastMode","The Hierophant","TheBandit","Td1madao Mod","The Forsaken","The Animator","Bartender","Better Third Choice","Hermit","Shade Mod","GifTheSpireLib","The Senshi","Astrologer","Mad Scientist","Better Note","Conspire","Downfall","Koishi","Relic Stats","Spicy Shops","Replay The Spire","Act Like it!","Better Altar","Better Match","Better Sensory Stone","Better Skull","CapriCore","Gensokyo","Potionbrewer","The Immortal","TheSwordswoman","TheWitcher","Infinite Spire","Marisa????????","The Construct","The Mystic","AchievementEnabler","CatGirl Mod","Luminous","The Trickster","The Valiant","vexMod","2.2 Compatiblity","Fiend Mod","Somnambulant","The Gatherer","The Jungle"],"gold_per_floor":[118,132,132,42,42,85,85,123,146,146,187,187,202,202,202,322,322,322,322],"floor_reached":18,"playtime":853,"items_purged":[],"score":237,"play_id":"ac4a12ad-7ddb-4fb6-8338-3fa4120d20dc","local_time":"20201210122022","is_ascension_mode":true,"metric_token":4113,"campfire_choices":[{"data":"expansioncontent:DashGenerateEvil","floor":10.0,"key":"SMITH"},{"data":"Gatherer:BigPouch","floor":12.0,"key":"SMITH"},{"floor":15.0,"key":"RECALL"}],"circlet_count":0,"master_deck":["Gatherer:Strike_Gatherer","Gatherer:Strike_Gatherer","Gatherer:Strike_Gatherer","Gatherer:Strike_Gatherer","Gatherer:Strike_Gatherer","Gatherer:Defend_Gatherer","Gatherer:Defend_Gatherer","Gatherer:Defend_Gatherer","Gatherer:Defend_Gatherer","Gatherer:Defend_Gatherer","Gatherer:Centralize","Gatherer:FlowerWhip","MinorHealing","expansioncontent:DashGenerateEvil+1","Gatherer:TreeGrowth","Gatherer:Frenzy","Gatherer:VenomBarrier","Gatherer:QuickSynthesis","Gatherer:WitheringStrike","Gatherer:BigPouch+1","Gatherer:GlowingPlant","Gatherer:Shadow","Gatherer:Light","Gatherer:GrowBook"],"special_seed":0,"relics":["Gatherer:AlchemyBag","Golden Idol","White Beast Statue","Juzu Bracelet","Runesmith:Nanobots","vexMod:CursedCompass"],"acts_visited":[],"potions_floor_usage":[],"damage_taken":[{"damage":6.0,"enemies":"Cultist","floor":1.0,"turns":2.0},{"damage":0.0,"enemies":"Small Slimes","floor":2.0,"turns":4.0},{"damage":13.0,"enemies":"Gremlin Nob","floor":6.0,"turns":4.0},{"damage":0.0,"enemies":"Lagavulin","floor":8.0,"turns":7.0},{"damage":0.0,"enemies":"3 Sentries","floor":11.0,"turns":5.0},{"damage":0.0,"enemies":"Jaw Worm","floor":13.0,"turns":2.0},{"damage":17.0,"enemies":"Hexaghost","floor":16.0,"turns":12.0},{"damage":0,"enemies":"Chosen","floor":18,"turns":1}],"seed_played":"323743597531448366","potions_obtained":[{"floor":8.0,"key":"SteroidPotion"},{"floor":11.0,"key":"SpeedPotion"},{"floor":13.0,"key":"sneckomod:MuddlingPotion"},{"floor":16.0,"key":"potionbrewer:AcidPotion"}],"is_trial":false,"path_per_floor":["M","M","?","$","?","E","?","E","T","R","E","R","M","?","R","B",null,"M"],"character_chosen":"THE_GATHERER","items_purchased":["Gatherer:VenomBarrier"],"campfire_rested":0,"item_purchase_floors":[4],"current_hp_per_floor":[66,72,72,72,72,59,66,66,66,66,72,72,72,72,72,61,72,72,72],"gold":322,"neow_bonus":"RANDOM_COLORLESS_2","is_daily":false,"chose_seed":false,"campfire_upgraded":2,"win_rate":1,"timestamp":1607620822,"path_taken":["M","M","?","?","?","E","?","E","T","R","E","R","M","?","R","BOSS","M"],"build_version":"2020-11-30","purchased_purges":0,"victory":false,"max_hp_per_floor":[72,72,72,72,72,72,72,72,72,72,72,72,72,72,72,72,72,72,72],"relic_stats":{"counters":[8,37],"Golden Idol":52,"Juzu Bracelet":0,"obtain_stats":[{"Runesmith:Nanobots":11,"Golden Idol":5,"Juzu Bracelet":8,"vexMod:CursedCompass":17,"Gatherer:AlchemyBag":0,"White Beast Statue":6},{"Runesmith:Nanobots":5,"Golden Idol":2,"Juzu Bracelet":4,"vexMod:CursedCompass":7,"Gatherer:AlchemyBag":0,"White Beast Statue":3},{"Runesmith:Nanobots":22,"Golden Idol":6,"Juzu Bracelet":17,"vexMod:CursedCompass":36,"Gatherer:AlchemyBag":0,"White Beast Statue":10}]},"card_choices":[{"not_picked":["Metamorphosis","Secret Technique"],"picked":"expansioncontent:DashGenerateEvil","floor":0.0},{"not_picked":["Gatherer:Herbalism","Gatherer:AromaProtection"],"picked":"Gatherer:TreeGrowth","floor":1.0},{"not_picked":["Gatherer:FlowerShield","Gatherer:SealedBomb"],"picked":"Gatherer:Frenzy","floor":2.0},{"not_picked":["Gatherer:ScherryThrow","Gatherer:CarefulStrike"],"picked":"Gatherer:QuickSynthesis","floor":6.0},{"not_picked":["Gatherer:ScentOfRosmari","Gatherer:Nutrients"],"picked":"Gatherer:WitheringStrike","floor":8.0},{"not_picked":["Gatherer:ScentOfRosmari","Gatherer:OddSpoils"],"picked":"Gatherer:BigPouch","floor":11.0},{"not_picked":["Gatherer:WoolGloves","Gatherer:Transmute"],"picked":"Gatherer:GlowingPlant","floor":13.0},{"not_picked":["Gatherer:StoneFence","Gatherer:FlamingBottle"],"picked":"Gatherer:GrowBook","floor":16.0}],"player_experience":550843,"relics_obtained":[{"floor":6.0,"key":"White Beast Statue"},{"floor":8.0,"key":"Juzu Bracelet"},{"floor":11.0,"key":"Runesmith:Nanobots"}],"event_choices":[{"cards_removed":["Strike_B"],"damage_healed":0.0,"max_hp_gain":0.0,"max_hp_loss":0.0,"gold_gain":0.0,"event_name":"Bonfire Elementals","player_choice":"Offered Basic","floor":3.0,"gold_loss":0.0,"damage_taken":0.0},{"damage_healed":0.0,"max_hp_gain":0.0,"max_hp_loss":0.0,"gold_gain":0.0,"event_name":"Golden Idol","player_choice":"Take Wound","floor":5.0,"gold_loss":0.0,"damage_taken":0.0,"relics_obtained":["Golden Idol"],"cards_obtained":["Injury"]},{"cards_removed":["Injury"],"damage_healed":0.0,"max_hp_gain":0.0,"max_hp_loss":0.0,"gold_gain":0.0,"event_name":"Purifier","player_choice":"Purged","floor":14.0,"gold_loss":0.0,"damage_taken":0.0}],"is_beta":false,"boss_relics":[{"not_picked":["potionbrewer:BhaskarasWheel","energizedSpire:MagnifyingGlass"],"picked":"vexMod:CursedCompass"}],"items_purged_floors":[],"is_endless":false,"potions_floor_spawned":[8,11,13,16],"killed_by":"Chosen","ascension_level":1}}