{"host":"vvp4eihuvtuugjfx","time":1607610067,"event":{"gold_per_floor":[119,136,19,19,19,48,84,110,135,135,166,178,192,192,192,289,289,306,325,325,325],"floor_reached":20,"playtime":1732,"items_purged":[],"score":208,"play_id":"34252bed-d931-4c91-b5b4-211da820423d","local_time":"20201210152107","is_ascension_mode":true,"campfire_choices":[{"data":"HollowMod:TaintedHusks","floor":10,"key":"SMITH"}],"neow_cost":"NONE","seed_source_timestamp":2460939449681400,"circlet_count":0,"master_deck":["HollowMod:NailStrikeStart","HollowMod:NailStrikeStart","HollowMod:NailStrikeStart","HollowMod:QuickDashStart","HollowMod:QuickDashStart","HollowMod:QuickDashStart","HollowMod:QuickDashStart","HollowMod:FocusHealStart","HollowMod:PogoStrike","HollowMod:Weaversong","HollowMod:BrokenVessel","HollowMod:ChannelNail","HollowMod:NewGlowingWomb","HollowMod:InfectedCysts","HollowMod:CloakDash","HollowMod:TaintedHusks+1","HollowMod:InfectedAttack","HollowMod:CornifersMapStart","HollowMod:HowlingWraiths","HollowMod:Hiveblood","HollowMod:HerrahsAnger","HollowMod:SoulSplash","HollowMod:NewJinnsSoul+1"],"relics":["HollowMod:VesselMask","Replay:Baseball","HollowMod:KingsBrand","ReplayTheSpireMod:Lightbulb","StrikeDummy","Hallownest:DreamNailRelic","Painkiller Herb"],"potions_floor_usage":[8,12,16,16,16,16],"damage_taken":[{"damage":0,"enemies":"2_ Uuma","floor":1,"turns":6},{"damage":3,"enemies":"Hallownest:2_Tiktiks_and_1_Crawlid","floor":2,"turns":3},{"damage":10,"enemies":"Hallownest:eliteVengeflyKing","floor":6,"turns":7},{"damage":11,"enemies":"Hallownest:eliteCrystalGuardian","floor":8,"turns":5},{"damage":17,"enemies":"Hallownest:eliteVengeflyKing","floor":11,"turns":6},{"damage":18,"enemies":"Hallownest:2_Baldur","floor":12,"turns":2},{"damage":7,"enemies":"Hallownest:MossCreep_and_Mosskin","floor":13,"turns":5},{"damage":61,"enemies":"Hallownest:BossFalseKnight","floor":16,"turns":8},{"damage":25,"enemies":"Hallownest:3_Youths","floor":18,"turns":4},{"damage":25,"enemies":"Hallownest:Guard_and_Sentry","floor":19,"turns":4},{"damage":57,"enemies":"Hallownest:2_Flukemon","floor":20,"turns":6}],"seed_played":"-3257644546856052887","potions_obtained":[{"floor":1,"key":"EntropicBrew"},{"floor":2,"key":"sneckomod:MuddlingPotion"},{"floor":6,"key":"Weak Potion"},{"floor":16,"key":"Energy Potion"}],"is_trial":false,"path_per_floor":["M","M","$","?","?","E","?","E","T","R","E","M","M","?","R_BF","B",null,"?","?","?"],"character_chosen":"THE_BUGKNIGHT","items_purchased":["HollowMod:NewGlowingWomb","HollowMod:InfectedCysts"],"campfire_rested":0,"item_purchase_floors":[3,3],"current_hp_per_floor":[75,75,75,75,75,75,75,70,70,70,63,45,48,48,48,14,75,68,43,0,0],"gold":325,"neow_bonus":"ONE_RANDOM_RARE_CARD","is_prod":false,"is_daily":false,"chose_seed":false,"campfire_upgraded":1,"win_rate":0,"timestamp":1607610067,"path_taken":["M","M","$","?","?","E","?","E","T","R","E","M","M","?","R_BF","BOSS","?","?","?"],"build_version":"2020-11-30","purchased_purges":0,"victory":false,"max_hp_per_floor":[75,75,75,75,75,75,75,75,75,75,75,75,75,75,75,75,75,75,75,75,75],"card_choices":[{"not_picked":["HollowMod:CornifersMapStart","HollowMod:DescendingDark"],"picked":"HollowMod:BrokenVessel","floor":1},{"not_picked":["HollowMod:LuriensSpire","HollowMod:SiblingsSouls"],"picked":"HollowMod:ChannelNail","floor":2},{"not_picked":["HollowMod:ShapeofUnn","HollowMod:DoubleDash"],"picked":"HollowMod:CloakDash","floor":6},{"not_picked":["HollowMod:ShapeofUnn","HollowMod:CrystalDash"],"picked":"HollowMod:TaintedHusks","floor":8},{"not_picked":["HollowMod:NewJinnsSoul","HollowMod:MidwifesHunger"],"picked":"HollowMod:InfectedAttack","floor":11},{"not_picked":["HollowMod:HeavyBlow","HollowMod:PerfectDash"],"picked":"HollowMod:CornifersMapStart","floor":12},{"not_picked":["HollowMod:Grubsong","HollowMod:ChannelNail"],"picked":"HollowMod:HowlingWraiths","floor":13},{"not_picked":["HollowMod:AwokenDreamNail","HollowMod:theNailsmith"],"picked":"HollowMod:HerrahsAnger","floor":16},{"not_picked":["HollowMod:DashSlash","HollowMod:NewJinnsSoul"],"picked":"HollowMod:SoulSplash","floor":18},{"not_picked":["HollowMod:SharpenedNail","HollowMod:HowlingWraiths"],"picked":"HollowMod:NewJinnsSoul+1","floor":19}],"player_experience":704969,"relics_obtained":[{"floor":6,"key":"Replay:Baseball"},{"floor":8,"key":"HollowMod:KingsBrand"},{"floor":9,"key":"ReplayTheSpireMod:Lightbulb"},{"floor":11,"key":"StrikeDummy"}],"event_choices":[],"is_beta":false,"boss_relics":[{"not_picked":["Velvet Choker","Black Star"],"picked":"Painkiller Herb"}],"items_purged_floors":[],"is_endless":false,"potions_floor_spawned":[1,2,6,16],"killed_by":"Hallownest:2_Flukemon","ascension_level":2}}