{"host":"7tvb1em0d2fx72q7","time":1607634860,"event":{"mods":["BaseMod","Minty Spire (QoL Compilation)","Challenge The Spire","StSLib","everything is the same but u backflip on backflip"],"gold_per_floor":[110,130,147,166,146,181,181,216,216,231,4,17,17,17],"floor_reached":13,"playtime":664,"items_purged":["Writhe"],"score":194,"play_id":"2d755d39-1ba6-42c7-9e60-2164a2d3139e","local_time":"20201210161420","is_ascension_mode":true,"campfire_choices":[{"floor":7.0,"key":"REST"}],"circlet_count":0,"master_deck":["AscendersBane","Strike_R","Strike_R","Strike_R","Strike_R","Strike_R","Defend_R","Defend_R","Defend_R","Defend_R","Bash","Immolate","Pommel Strike","True Grit","Sentinel","Thunderclap","Clothesline","Flame Barrier","Clothesline+1","Ghostly Armor","Fiend Fire+1","Feel No Pain"],"special_seed":0,"relics":["Burning Blood","The Courier","Molten Egg 2"],"acts_visited":["Exordium"],"potions_floor_usage":[8,10,13],"damage_taken":[{"damage":1.0,"enemies":"Cultist","floor":1.0,"turns":3.0},{"damage":3.0,"enemies":"2 Louse","floor":2.0,"turns":3.0},{"damage":0.0,"enemies":"Small Slimes","floor":3.0,"turns":2.0},{"damage":34.0,"enemies":"Gremlin Gang","floor":4.0,"turns":4.0},{"damage":40.0,"enemies":"3 Sentries","floor":6.0,"turns":6.0},{"damage":33,"enemies":"Gremlin Nob","floor":8,"turns":4},{"damage":0,"enemies":"3 Louse","floor":10,"turns":2},{"damage":6,"enemies":"Exordium Wildlife","floor":12,"turns":4},{"damage":15,"enemies":"Lagavulin","floor":13,"turns":3}],"seed_played":"8098641608213578481","potions_obtained":[{"floor":2.0,"key":"SpeedPotion"},{"floor":4.0,"key":"BlessingOfTheForge"},{"floor":6.0,"key":"CultistPotion"},{"floor":8,"key":"ColorlessPotion"}],"is_trial":false,"path_per_floor":["M","M","M","M","?","E","R","E","T","M","$","M","E"],"character_chosen":"IRONCLAD","items_purchased":["Ghostly Armor","Fiend Fire+1"],"campfire_rested":1,"item_purchase_floors":[11,11],"current_hp_per_floor":[73,75,75,47,47,13,35,8,8,14,14,14,0,0],"gold":17,"neow_bonus":"THREE_RARE_CARDS","is_daily":false,"chose_seed":false,"campfire_upgraded":0,"win_rate":0,"timestamp":1607634860,"path_taken":["M","M","M","?","?","E","R","E","T","?","$","?","E"],"build_version":"2020-11-30","purchased_purges":1,"victory":false,"max_hp_per_floor":[75,75,75,75,75,75,75,75,75,75,75,75,75,75],"card_choices":[{"not_picked":["Impervious","Reaper"],"picked":"Immolate","floor":0.0},{"not_picked":["Carnage","Havoc"],"picked":"Pommel Strike","floor":1.0},{"not_picked":["Iron Wave","Armaments"],"picked":"True Grit","floor":2.0},{"not_picked":["Flex","Perfected Strike"],"picked":"Sentinel","floor":3.0},{"not_picked":["Perfected Strike","Flex"],"picked":"Thunderclap","floor":4.0},{"not_picked":["Juggernaut","Thunderclap"],"picked":"Clothesline","floor":6.0},{"not_picked":["Evolve","Burning Pact"],"picked":"Flame Barrier","floor":8},{"not_picked":["Bloodletting","Warcry"],"picked":"Clothesline+1","floor":10},{"not_picked":["Clash+1","True Grit"],"picked":"Feel No Pain","floor":12}],"player_experience":1806845,"relics_obtained":[{"floor":6.0,"key":"The Courier"},{"floor":8,"key":"Molten Egg 2"}],"event_choices":[{"damage_healed":0.0,"max_hp_gain":0.0,"max_hp_loss":0.0,"gold_gain":0.0,"event_name":"The Woman in Blue","player_choice":"Bought 1 Potion","floor":5.0,"gold_loss":0.0,"damage_taken":0.0}],"is_beta":false,"boss_relics":[],"items_purged_floors":[11],"is_endless":false,"potions_floor_spawned":[2,4,6,8],"killed_by":"Lagavulin","ascension_level":20}}