{"host":"kos1s9q8ffr8fqos","time":1607626873,"event":{"mods":["BaseMod","AchievementEnabler","Colored Map","Colored Powertips","Random Character Button","StSLib","Curses Come First","Quick Restart","Relic Stats","Minty Spire (QoL Compilation)","Better Altar","Better Match","Better Note","Better Sensory Stone","Better Skull","Better Third Choice","Better Vampires","The Blue Laboratory","Shop Mod","Infinite Spire","Bestiary","2.2 Compatiblity","Hermit","Jorbs\u0027s Wanderer Trilogy","The Disciple","The Hayseed","AlwaysNeverKeys"],"gold_per_floor":[119,136,146,158,14,45,55,55,104,104,34,49,60,88,88,189,189,202,217,317,337,337,372,372,384,384,384,384,394,394,414,414,519,519,535,545,545,561,574,574,574,574,574,590,590,5,0,0,0,0],"floor_reached":51,"playtime":2349,"items_purged":["Defend_P","Strike_P","Strike_P"],"score":847,"play_id":"155123e8-f8b9-4320-a7e8-645dca074161","local_time":"20201210130113","is_ascension_mode":true,"campfire_choices":[{"data":"ClearTheMind","floor":8.0,"key":"SMITH"},{"data":"Wallop","floor":10.0,"key":"SMITH"},{"data":"ConjureBlade","floor":15.0,"key":"SMITH"},{"data":"Wireheading","floor":27,"key":"SMITH"},{"floor":30,"key":"REST"},{"floor":32,"key":"REST"},{"floor":40,"key":"REST"},{"data":"Ragnarok","floor":42,"key":"SMITH"},{"data":"SpiritShield","floor":49,"key":"SMITH"}],"circlet_count":0,"master_deck":["AscendersBane","Strike_P+1","Strike_P+1","Defend_P+1","Defend_P","Defend_P+1","Eruption+1","Vigilance","Conclude","BowlingBash","Wallop+1","ClearTheMind+1","Evaluate","FearNoEvil","ConjureBlade+1","DeceiveReality+1","LessonLearned","Study+1","Crescendo","Wireheading+1","EmptyBody","MentalFortress+1","SandsOfTime+1","TalkToTheHand","Ragnarok+1","WindmillStrike+1","MentalFortress+1","SpiritShield+1"],"special_seed":0,"relics":["HolyWater","infinitespire:Satchel","StrikeDummy","betterAltar:BloodRelic","infinitespire:EmpoweringShard","Velvet Choker","Lizard Tail","Smiling Mask","Sundial","CultistMask","Bronze Scales","CloakClasp","ClockworkSouvenir","infinitespire:PuzzleCube","Ornamental Fan","Red Mask","TheSimpletonMod:Moonshine"],"acts_visited":["Exordium","TheCity","TheBeyond"],"potions_floor_usage":[21,25,35,50],"damage_taken":[{"damage":0.0,"enemies":"Cultist","floor":1.0,"turns":3.0},{"damage":1.0,"enemies":"2 Louse","floor":2.0,"turns":2.0},{"damage":0.0,"enemies":"Small Slimes","floor":3.0,"turns":3.0},{"damage":14.0,"enemies":"Red Slaver","floor":4.0,"turns":3.0},{"damage":5.0,"enemies":"3 Sentries","floor":6.0,"turns":3.0},{"damage":1.0,"enemies":"3 Louse","floor":7.0,"turns":2.0},{"damage":5.0,"enemies":"Gremlin Gang","floor":12.0,"turns":2.0},{"damage":3.0,"enemies":"Blue Slaver","floor":13.0,"turns":4.0},{"damage":0.0,"enemies":"Lagavulin","floor":14.0,"turns":4.0},{"damage":17.0,"enemies":"Hexaghost","floor":16.0,"turns":7.0},{"damage":0.0,"enemies":"Spheric Guardian","floor":18.0,"turns":3.0},{"damage":12,"enemies":"3 Byrds","floor":19,"turns":5},{"damage":22,"enemies":"Snake Plant","floor":21,"turns":3},{"damage":0,"enemies":"Gremlin Leader","floor":23,"turns":3},{"damage":11,"enemies":"Snecko","floor":25,"turns":5},{"damage":25,"enemies":"Sentry and Sphere","floor":29,"turns":5},{"damage":0,"enemies":"Snake Plant","floor":31,"turns":3},{"damage":16,"enemies":"Automaton","floor":33,"turns":6},{"damage":24,"enemies":"3 Darklings","floor":35,"turns":4},{"damage":21,"enemies":"Orb Walker","floor":36,"turns":3},{"damage":6,"enemies":"Maw","floor":38,"turns":5},{"damage":21,"enemies":"4 Shapes","floor":39,"turns":3},{"damage":21,"enemies":"Sphere and 2 Shapes","floor":44,"turns":6},{"damage":0,"enemies":"Donu and Deca","floor":50,"turns":1}],"seed_played":"8006663522018387887","potions_obtained":[{"floor":1.0,"key":"blueLaboratory:BubblePotion"},{"floor":2.0,"key":"Explosive Potion"},{"floor":7.0,"key":"blueLaboratory:BottleOfVodka"},{"floor":13.0,"key":"SteroidPotion"},{"floor":14.0,"key":"SteroidPotion"},{"floor":18.0,"key":"blueLaboratory:FaithlessPotion"},{"floor":23,"key":"BlessingOfTheForge"},{"floor":31,"key":"infinitespire:BlackPotion"},{"floor":33,"key":"blueLaboratory:BottleOfVodka"},{"floor":38,"key":"blueLaboratory:ImpenetrablePotion"}],"is_trial":false,"path_per_floor":["M","M","M","M","$","E","M","R","T","R","$","M","M","E","R","B",null,"M","M","?","M","AVR","E","?","M","T","R","?","M","R","M","R","B",null,"M","M","AVR","M","M","R","?","R","T","M","?","$","?","T","R","B",null],"character_chosen":"WATCHER","items_purchased":["infinitespire:Satchel","FearNoEvil","ClockworkSouvenir","infinitespire:PuzzleCube","Ornamental Fan"],"campfire_rested":3,"item_purchase_floors":[5,11,46,46,46],"current_hp_per_floor":[61,60,60,46,46,41,40,40,40,40,40,37,36,38,38,23,70,72,62,62,42,42,44,40,33,33,33,33,12,37,41,66,54,78,59,43,43,42,26,51,56,56,56,40,75,75,75,75,75,75],"gold":0,"neow_bonus":"TWENTY_PERCENT_HP_BONUS","is_daily":false,"chose_seed":false,"campfire_upgraded":6,"win_rate":0,"timestamp":1607626873,"path_taken":["M","M","?","M","$","E","M","R","T","R","$","M","M","E","R","BOSS","M","M","?","?","AVR","E","?","M","T","R","?","?","R","M","R","BOSS","M","M","AVR","M","M","R","?","R","T","?","?","?","?","?","R","BOSS"],"build_version":"2020-11-30","purchased_purges":3,"victory":true,"max_hp_per_floor":[86,86,86,86,86,86,86,86,86,86,86,86,86,86,86,86,86,86,86,86,86,86,86,86,86,86,86,86,86,86,86,86,86,86,86,86,86,86,86,86,86,86,86,86,75,75,75,75,75,75],"relic_stats":{"Lizard Tail":0,"counters":[24,88],"Sundial":[2],"Ornamental Fan":[0],"Bronze Scales":[15],"CloakClasp":[17],"Smiling Mask":25,"obtain_stats":[{"betterAltar:BloodRelic":24,"Velvet Choker":17,"CloakClasp":43,"Smiling Mask":23,"ClockworkSouvenir":46,"Blood Vial":9,"Lizard Tail":22,"Sundial":26,"Ornamental Fan":46,"Bronze Scales":37,"infinitespire:Satchel":5,"HolyWater":34,"CultistMask":28,"infinitespire:EmpoweringShard":14,"Red Mask":47,"PureWater":0,"StrikeDummy":6,"TheSimpletonMod:Moonshine":48,"infinitespire:PuzzleCube":46},{"betterAltar:BloodRelic":14,"Velvet Choker":10,"CloakClasp":22,"Smiling Mask":14,"ClockworkSouvenir":23,"Blood Vial":6,"Lizard Tail":13,"Sundial":15,"Ornamental Fan":23,"Bronze Scales":20,"infinitespire:Satchel":4,"HolyWater":18,"CultistMask":15,"infinitespire:EmpoweringShard":9,"Red Mask":23,"PureWater":0,"StrikeDummy":5,"TheSimpletonMod:Moonshine":23,"infinitespire:PuzzleCube":23},{"betterAltar:BloodRelic":47,"Velvet Choker":33,"CloakClasp":81,"Smiling Mask":47,"ClockworkSouvenir":87,"Blood Vial":16,"Lizard Tail":44,"Sundial":52,"Ornamental Fan":87,"Bronze Scales":73,"infinitespire:Satchel":11,"HolyWater":66,"CultistMask":52,"infinitespire:EmpoweringShard":26,"Red Mask":87,"PureWater":0,"StrikeDummy":14,"TheSimpletonMod:Moonshine":87,"infinitespire:PuzzleCube":87}]},"card_choices":[{"not_picked":["Perseverance","CarveReality"],"picked":"Conclude","floor":1.0},{"not_picked":["JustLucky","EmptyFist"],"picked":"BowlingBash","floor":2.0},{"not_picked":["Protect","SandsOfTime"],"picked":"Wallop","floor":3.0},{"not_picked":["CrushJoints","Halt"],"picked":"ClearTheMind","floor":4.0},{"not_picked":["FollowUp","WheelKick","Conclude"],"picked":"SKIP","floor":6.0},{"not_picked":["ClearTheMind","Wallop"],"picked":"Evaluate","floor":7.0},{"not_picked":["ClearTheMind","BowlingBash"],"picked":"ConjureBlade","floor":12.0},{"not_picked":["FlyingSleeves","PathToVictory","Protect"],"picked":"SKIP","floor":13.0},{"not_picked":["ReachHeaven","Prostrate"],"picked":"DeceiveReality","floor":14.0},{"not_picked":["DevaForm","Omniscience"],"picked":"LessonLearned","floor":16.0},{"not_picked":["WheelKick","Adaptation"],"picked":"Study+1","floor":18.0},{"not_picked":["Nirvana","Pray"],"picked":"Crescendo","floor":19},{"not_picked":["Weave","PathToVictory"],"picked":"Wireheading","floor":21},{"not_picked":["BowlingBash","Swivel"],"picked":"EmptyBody","floor":23},{"not_picked":["ClearTheMind","CrushJoints"],"picked":"MentalFortress+1","floor":25},{"not_picked":["Halt","EmptyMind"],"picked":"SandsOfTime","floor":29},{"not_picked":["EmptyFist","Prostrate"],"picked":"TalkToTheHand","floor":31},{"not_picked":["ConjureBlade","Alpha"],"picked":"Ragnarok","floor":33},{"not_picked":["Evaluate+1","FlyingSleeves","Vengeance+1"],"picked":"SKIP","floor":35},{"not_picked":["JustLucky","WaveOfTheHand"],"picked":"WindmillStrike+1","floor":36},{"not_picked":["Worship","Fasting2","SignatureMove"],"picked":"SKIP","floor":38},{"not_picked":["CrushJoints","PathToVictory"],"picked":"MentalFortress+1","floor":39},{"not_picked":["CarveReality+1","Prostrate+1"],"picked":"SpiritShield","floor":44}],"player_experience":1197105,"relics_obtained":[{"floor":6.0,"key":"StrikeDummy"},{"floor":9.0,"key":"Blood Vial"},{"floor":14.0,"key":"infinitespire:EmpoweringShard"},{"floor":23,"key":"Smiling Mask"},{"floor":26,"key":"Sundial"},{"floor":43,"key":"CloakClasp"},{"floor":48,"key":"TheSimpletonMod:Moonshine"}],"event_choices":[{"damage_healed":0,"gold_gain":100,"player_choice":"Pray","damage_taken":0,"max_hp_gain":0,"max_hp_loss":0,"event_name":"Golden Shrine","floor":20,"gold_loss":0},{"damage_healed":0,"gold_gain":0,"player_choice":" RottenVial ","damage_taken":4,"relics_obtained":["betterAltar:BloodRelic"],"max_hp_gain":44,"max_hp_loss":40,"event_name":"betterAltar:BetterAltar","floor":24,"potions_obtained":[],"relics_lost":["Blood Vial"],"gold_loss":0},{"damage_healed":0,"gold_gain":0,"player_choice":"Trade","damage_taken":0,"relics_obtained":["CultistMask"],"max_hp_gain":0,"max_hp_loss":0,"event_name":"FaceTrader","floor":28,"gold_loss":0},{"damage_healed":5,"gold_gain":0,"player_choice":"LEAVE ","damage_taken":0,"relics_obtained":[],"max_hp_gain":0,"max_hp_loss":0,"event_name":"betterSkull:BetterSkull","floor":41,"gold_loss":0,"cards_upgraded":[]},{"damage_healed":75,"gold_gain":0,"player_choice":"Heal","damage_taken":0,"max_hp_gain":0,"max_hp_loss":11,"event_name":"The Moai Head","floor":45,"gold_loss":0},{"damage_healed":0,"gold_gain":0,"player_choice":"Paid","damage_taken":0,"relics_obtained":["Red Mask"],"max_hp_gain":0,"max_hp_loss":0,"event_name":"Tomb of Lord Red Mask","floor":47,"gold_loss":5}],"is_beta":false,"boss_relics":[{"not_picked":["Astrolabe","Empty Cage"],"picked":"Velvet Choker"},{"not_picked":["Runic Pyramid","Pandora\u0027s Box"],"picked":"HolyWater"}],"items_purged_floors":[22,37,46],"is_endless":false,"potions_floor_spawned":[1,2,7,13,14,18,23,31,33,38,44],"ascension_level":10}}