{"host":"q8o6l8eqnoevndy4","time":1607580076,"event":{"gold_per_floor":[117,67,43,62,22,22,38,38,64,64,10,25,25,36,36,36,138,138,157,170,245,245,2,2,2,21,46,71,82,102,119,119,69,69,69,69,69],"floor_reached":36,"playtime":1625,"items_purged":[],"score":277,"play_id":"1678b0cd-5085-4071-a43a-9c71e1d4ca16","local_time":"20201210010116","is_ascension_mode":false,"campfire_choices":[{"data":"Fire Breathing","floor":6.0,"key":"SMITH"},{"data":"Perfected Strike","floor":8.0,"key":"SMITH"},{"data":"Footwork","floor":15.0,"key":"SMITH"},{"data":"Inflame","floor":16.0,"key":"SMITH"},{"data":"Disarm","floor":25,"key":"SMITH"},{"floor":32,"key":"REST"},{"data":"Feed","floor":34,"key":"SMITH"},{"data":"Flame Barrier","floor":35,"key":"SMITH"}],"neow_cost":"PERCENT_DAMAGE","seed_source_timestamp":75733924966500,"circlet_count":0,"master_deck":["Strike_R","Strike_R","Strike_R","Strike_R","Strike_R","Defend_R","Defend_R","Defend_R","Bash","Perfected Strike+1","Fire Breathing+1","Thunderclap","Footwork+1","Anger","Pommel Strike","Inflame+1","Reaper","Flame Barrier+1","Pommel Strike","Flame Barrier","Disarm+1","Feed+1"],"special_seed":0,"relics":["Burning Blood"],"potions_floor_usage":[31,36,36],"damage_taken":[{"damage":5.0,"enemies":"Small Slimes","floor":1.0,"turns":3.0},{"damage":7.0,"enemies":"2 Louse","floor":4.0,"turns":3.0},{"damage":6.0,"enemies":"Cultist","floor":7.0,"turns":3.0},{"damage":12.0,"enemies":"Blue Slaver","floor":12.0,"turns":2.0},{"damage":0.0,"enemies":"Large Slime","floor":14.0,"turns":2.0},{"damage":59.0,"enemies":"The Guardian","floor":17.0,"turns":9.0},{"damage":12.0,"enemies":"Chosen","floor":19.0,"turns":4.0},{"damage":27.0,"enemies":"3 Byrds","floor":20.0,"turns":6.0},{"damage":11,"enemies":"Centurion and Healer","floor":26,"turns":9},{"damage":15,"enemies":"Snecko","floor":29,"turns":3},{"damage":31,"enemies":"Cultist and Chosen","floor":30,"turns":7},{"damage":28,"enemies":"Centurion and Healer","floor":31,"turns":7},{"damage":109,"enemies":"Automaton","floor":36,"turns":12}],"seed_played":"-9007825691428297954","potions_obtained":[{"floor":5.0,"key":"Fruit Juice"},{"floor":5.0,"key":"Ancient Potion"},{"floor":5.0,"key":"DuplicationPotion"},{"floor":7.0,"key":"ColorlessPotion"},{"floor":19.0,"key":"PowerPotion"},{"floor":31,"key":"BloodPotion"}],"is_trial":false,"path_per_floor":["M","?","?","M","?","R","M","R","T","?","$","M","$","M","R","R","B",null,"M","M","?","?","$","?","R","M","T","T","M","M","M","R","?","R","R","B"],"character_chosen":"IRONCLAD","items_purchased":["Anger","Disarm"],"campfire_rested":1,"item_purchase_floors":[11,23],"current_hp_per_floor":[73,73,73,72,77,77,77,77,77,72,72,66,66,72,72,72,19,101,95,78,68,68,68,68,68,78,78,78,79,54,49,80,80,80,80,0,0],"gold":69,"neow_bonus":"TWENTY_PERCENT_HP_BONUS","is_prod":false,"is_daily":false,"chose_seed":false,"campfire_upgraded":7,"win_rate":0,"timestamp":1607580076,"path_taken":["M","?","?","M","?","R","?","R","T","?","$","M","$","M","R","R","BOSS","M","M","?","?","?","?","R","M","T","T","M","?","M","R","?","R","R","BOSS"],"build_version":"2020-11-30","purchased_purges":0,"victory":false,"max_hp_per_floor":[96,96,96,96,101,101,101,101,101,101,101,101,101,101,101,101,101,101,101,101,101,101,101,101,101,101,101,101,101,101,104,104,104,104,104,104,104],"relic_stats":{"counters":[13,70],"obtain_stats":[{"Burning Blood":0},{"Burning Blood":0},{"Burning Blood":0}],"Burning Blood":72},"card_choices":[{"not_picked":["Heavy Blade","Sentinel"],"picked":"Perfected Strike","floor":1.0},{"not_picked":["True Grit","Clash"],"picked":"Fire Breathing","floor":4.0},{"not_picked":["Warcry","Corruption"],"picked":"Thunderclap","floor":7.0},{"not_picked":["Perfected Strike","Uppercut"],"picked":"Pommel Strike","floor":12.0},{"not_picked":["Evolve","Anger"],"picked":"Inflame","floor":14.0},{"not_picked":["Exhume","Impervious"],"picked":"Reaper","floor":17.0},{"not_picked":["Headbutt","Wild Strike+1"],"picked":"Flame Barrier","floor":19.0},{"not_picked":["Cleave+1","Fire Breathing+1"],"picked":"Pommel Strike","floor":20.0},{"not_picked":["Clash","Inflame"],"picked":"Feed","floor":26},{"not_picked":["Bloodletting+1","Fire Breathing+1","Spot Weakness"],"picked":"SKIP","floor":29},{"not_picked":["Bloodletting","Blood for Blood+1","Shockwave"],"picked":"SKIP","floor":30},{"not_picked":["Body Slam","Flame Barrier","Spot Weakness+1"],"picked":"SKIP","floor":31}],"player_experience":1134864,"relics_obtained":[],"event_choices":[{"cards_removed":["Defend_R"],"damage_healed":0.0,"max_hp_gain":0.0,"max_hp_loss":0.0,"gold_gain":0.0,"event_name":"The Cleric","player_choice":"Card Removal","floor":2.0,"gold_loss":50.0,"damage_taken":0.0},{"damage_healed":0.0,"max_hp_gain":0.0,"max_hp_loss":0.0,"gold_gain":0.0,"event_name":"betterThird:BetterGoop","player_choice":"Left","floor":3.0,"gold_loss":24.0,"damage_taken":0.0},{"damage_healed":0.0,"max_hp_gain":0.0,"max_hp_loss":0.0,"gold_gain":0.0,"event_name":"The Woman in Blue","player_choice":"Bought 3 Potions","floor":5.0,"gold_loss":0.0,"damage_taken":0.0},{"damage_healed":0.0,"max_hp_gain":0.0,"max_hp_loss":0.0,"gold_gain":0.0,"event_name":"betterThird:BetterScrap","player_choice":"Card ","floor":10.0,"gold_loss":0.0,"damage_taken":5.0,"cards_obtained":["Footwork"]},{"damage_healed":0.0,"max_hp_gain":0.0,"max_hp_loss":0.0,"gold_gain":75.0,"event_name":"FaceTrader","player_choice":"Touch","floor":21.0,"gold_loss":0.0,"damage_taken":10.0},{"damage_healed":0.0,"max_hp_gain":0.0,"max_hp_loss":0.0,"gold_gain":0.0,"event_name":"Duplicator","player_choice":"Copied","floor":22.0,"gold_loss":0.0,"damage_taken":0.0,"cards_obtained":["Flame Barrier"]},{"damage_healed":0,"gold_gain":0,"player_choice":"Ignored","damage_taken":0,"max_hp_gain":0,"max_hp_loss":0,"event_name":"WeMeetAgain","floor":24,"gold_loss":0},{"damage_healed":0,"gold_gain":0,"player_choice":"Bet on Murderer","damage_taken":0,"max_hp_gain":0,"max_hp_loss":0,"event_name":"The Joust","floor":33,"gold_loss":50}],"is_beta":false,"boss_relics":[{"not_picked":["Tiny House","Fusion Hammer","infinitespire:Cupcake"]}],"items_purged_floors":[],"is_endless":false,"potions_floor_spawned":[7,19,30,31],"killed_by":"Automaton","ascension_level":0}}