{"host":"ygefd14btj4nx1b7","time":1607567587,"event":{"gold_per_floor":[109,109,125,141,141,141,170,190,190,190,209,24,24,24,24,126,126,139,152,0,0,13,13,38,54,54,54,80,80,180,197,197,295,295,309,14,27,27,27,54,54,69,69,69,82,82,115,125,125,125],"floor_reached":51,"playtime":3535,"items_purged":["Parasite","Strike_R"],"score":824,"play_id":"44c70b9d-0d72-4383-892e-642817e43f21","local_time":"20201209203307","is_ascension_mode":true,"campfire_choices":[{"data":"Seeing Red","floor":6,"key":"SMITH"},{"data":"Bash","floor":10,"key":"SMITH"},{"data":"Double Tap","floor":13,"key":"SMITH"},{"data":"Pommel Strike","floor":15,"key":"SMITH"},{"data":"Hemogenesis","floor":23,"key":"SMITH"},{"data":"Seeing Red","floor":27,"key":"SMITH"},{"floor":29,"key":"REST"},{"data":"Flex","floor":32,"key":"SMITH"},{"data":"Hemogenesis","floor":41,"key":"SMITH"},{"data":"Trip","floor":41,"key":"SMITH"},{"data":"Shockwave","floor":44,"key":"SMITH"},{"data":"Replay:Undeath\u0027s Touch","floor":44,"key":"SMITH"},{"data":"Hemogenesis","floor":49,"key":"SMITH"},{"data":"Replay:Undeath\u0027s Touch","floor":49,"key":"SMITH"}],"neow_cost":"NONE","seed_source_timestamp":23779781499900,"circlet_count":0,"master_deck":["Strike_R","Strike_R","Strike_R","Defend_R","Defend_R","Defend_R","Defend_R+1","Bash+1","Pommel Strike+1","Ghostly Armor","Seeing Red+1","Double Tap+1","Shrug It Off+1","Flex+1","Armaments+1","Hemogenesis+1","Rampage+1","Cleave+1","hubris:SharpeningStone+1","Shockwave+1","Seeing Red+1","Replay:Undeath\u0027s Touch+1","Replay:Undeath\u0027s Touch+1","Seeing Red+1","Hemogenesis+1","Inflame+1","ReplayTheSpireMod:Limb From Limb+1","Trip+1","Run Through+1","Warcry+1","ReplayTheSpireMod:Muscle Training+1","ReplayTheSpireMod:Muscle Training+1","Hemogenesis+1"],"relics":["Black Blood","Oddly Smooth Stone","StrikeDummy","Lee\u0027s Waffle","Honey Jar","Toolbox","King of Hearts","hubris:TinFlute","War Paint","FossilizedHelix","Replay:WaspNest","Replay:Arrowhead","Kunai","BranchBurnRelic","hubris:Towel","Replay:Towering Pillar of Hats"],"potions_floor_usage":[7,22,24,28,28,28,33,33,33,33,33,33,33,35,40,42,47],"damage_taken":[{"damage":16,"enemies":"2 Louse","floor":1,"turns":4},{"damage":0,"enemies":"Cultist","floor":3,"turns":3},{"damage":2,"enemies":"Small Slimes","floor":4,"turns":3},{"damage":43,"enemies":"Lagavulin","floor":7,"turns":7},{"damage":6,"enemies":"Exordium Thugs","floor":8,"turns":3},{"damage":4,"enemies":"2 Fungi Beasts","floor":11,"turns":3},{"damage":70,"enemies":"Hexaghost","floor":16,"turns":10},{"damage":36,"enemies":"Shell Parasite","floor":18,"turns":8},{"damage":25,"enemies":"Spheric Guardian","floor":19,"turns":6},{"damage":40,"enemies":"Cultist and Chosen","floor":22,"turns":7},{"damage":41,"enemies":"Slavers","floor":24,"turns":3},{"damage":11,"enemies":"Sentry and Sphere","floor":25,"turns":3},{"damage":13,"enemies":"Gremlin Leader","floor":28,"turns":3},{"damage":14,"enemies":"Colosseum Slavers","floor":30,"turns":4},{"damage":28,"enemies":"Colosseum Nobs","floor":30,"turns":4},{"damage":16,"enemies":"Snake Plant","floor":31,"turns":4},{"damage":26,"enemies":"Automaton","floor":33,"turns":10},{"damage":0,"enemies":"Orb Walker","floor":35,"turns":3},{"damage":18,"enemies":"3 Shapes","floor":37,"turns":5},{"damage":51,"enemies":"Giant Head","floor":40,"turns":7},{"damage":42,"enemies":"Transient","floor":42,"turns":5},{"damage":18,"enemies":"Spire Growth","floor":45,"turns":4},{"damage":31,"enemies":"Reptomancer","floor":47,"turns":7},{"damage":44,"enemies":"Writhing Mass","floor":48,"turns":5},{"damage":70,"enemies":"Awakened One","floor":50,"turns":8}],"seed_played":"-4151356530560507874","potions_obtained":[{"floor":2,"key":"Venom Potion"},{"floor":2,"key":"DuplicationPotion"},{"floor":2,"key":"Cursed Concoction"},{"floor":3,"key":"Regen Potion"},{"floor":11,"key":"Strength Potion"},{"floor":22,"key":"Explosive Potion"},{"floor":25,"key":"ColorlessPotion"},{"floor":30,"key":"Block Potion"},{"floor":33,"key":"Weak Potion"},{"floor":35,"key":"Milkshake"},{"floor":45,"key":"Weak Potion"}],"is_trial":false,"path_per_floor":["M","?","M","M","?","R","E","M","T","R","M","$","R","$","R","B",null,"M","M","$","?","M","R","E","M","T","R","E","R","?","M","R","B",null,"M","$","M","?","?","E","R","M","T","R","M","?","E","M","R","B",null],"character_chosen":"IRONCLAD","items_purchased":["Lee\u0027s Waffle","Armaments+1","Toolbox","Replay:Arrowhead"],"campfire_rested":1,"item_purchase_floors":[12,12,20,36],"current_hp_per_floor":[70,70,76,80,85,85,48,48,48,48,50,92,92,92,92,28,92,75,65,65,65,57,57,30,25,25,25,26,53,53,51,51,42,92,92,89,89,89,89,73,73,51,51,51,65,65,77,79,79,58],"gold":125,"neow_bonus":"RANDOM_COMMON_RELIC","is_prod":false,"is_daily":false,"chose_seed":false,"campfire_upgraded":13,"win_rate":0,"timestamp":1607567587,"path_taken":["M","?","M","?","?","R","E","M","T","R","M","$","R","$","R","BOSS","M","M","$","?","?","R","E","M","T","R","E","R","?","M","R","BOSS","M","$","M","?","?","E","R","M","T","R","?","?","E","M","R","BOSS"],"build_version":"2020-11-30","purchased_purges":2,"victory":true,"max_hp_per_floor":[80,80,80,80,85,85,85,85,85,85,85,92,92,92,92,92,92,92,92,92,92,92,92,92,92,92,92,92,92,92,92,92,92,92,92,89,89,89,89,89,89,89,89,89,89,89,89,89,89,89],"card_choices":[{"not_picked":["Wild Strike","Rupture"],"picked":"Pommel Strike","floor":1},{"not_picked":["Anger","Pommel Strike"],"picked":"Ghostly Armor","floor":3},{"not_picked":["Headbutt","Sword Boomerang"],"picked":"Seeing Red","floor":4},{"not_picked":["Headbutt","Clash"],"picked":"Double Tap","floor":7},{"not_picked":["Warcry","Second Wind"],"picked":"Shrug It Off","floor":8},{"not_picked":["ReplayReversal","Clash"],"picked":"Flex","floor":11},{"not_picked":["Immolate","Demonic Infusion"],"picked":"Hemogenesis","floor":16},{"not_picked":["Clothesline","ReplayTheSpireMod:Strike From Hell","Shrug It Off+1"],"picked":"Rampage+1","floor":18},{"not_picked":["Anger","Headbutt","Clothesline"],"picked":"Cleave+1","floor":19},{"not_picked":["Dropkick","Clothesline","ReplayTheSpireMod:Strike From Hell+1"],"picked":"hubris:SharpeningStone+1","floor":22},{"not_picked":["hubris:StunningStrike","Searing Blow+1","Power Through+1"],"picked":"Shockwave","floor":24},{"not_picked":["hubris:ReadiedAction","Burning Pact","ReplayTheSpireMod:Strike From Hell"],"picked":"Seeing Red","floor":25},{"not_picked":["Pommel Strike+1","Wild Strike+1","Seeing Red"],"picked":"Replay:Undeath\u0027s Touch","floor":28},{"not_picked":["Cleave","Thunderclap","ReplayReversal"],"picked":"Replay:Undeath\u0027s Touch","floor":30},{"not_picked":["Pommel Strike","Havoc","Demonic Infusion"],"picked":"Seeing Red+1","floor":31},{"not_picked":["Brutality","Berserk","Offering"],"picked":"Hemogenesis","floor":33},{"not_picked":["Havoc+1","Clothesline+1","Headbutt"],"picked":"Inflame+1","floor":35},{"not_picked":["Flame Barrier","Body Slam+1","Pommel Strike"],"picked":"ReplayTheSpireMod:Limb From Limb+1","floor":37},{"not_picked":["hubris:Insight","Panache","Jack Of All Trades"],"picked":"Trip","floor":38},{"not_picked":["Pommel Strike+1","Spot Weakness+1","Entrench"],"picked":"Run Through+1","floor":40},{"not_picked":["Entrench+1","Ghostly Armor","Blood for Blood"],"picked":"Warcry+1","floor":42},{"not_picked":["Replay:Undeath\u0027s Touch","Dropkick+1","Pommel Strike+1"],"picked":"ReplayTheSpireMod:Muscle Training+1","floor":45},{"not_picked":["Perfected Strike+1","Infernal Blade","Rampage"],"picked":"ReplayTheSpireMod:Muscle Training+1","floor":47},{"not_picked":["Thunderclap","Clash","Replay:Undeath\u0027s Touch"],"picked":"Hemogenesis","floor":48}],"player_experience":405092,"relics_obtained":[{"floor":7,"key":"StrikeDummy"},{"floor":24,"key":"King of Hearts"},{"floor":26,"key":"hubris:TinFlute"},{"floor":28,"key":"War Paint"},{"floor":30,"key":"FossilizedHelix"},{"floor":30,"key":"Replay:WaspNest"},{"floor":40,"key":"Kunai"},{"floor":43,"key":"Dead Branch"},{"floor":47,"key":"Replay:Towering Pillar of Hats"}],"event_choices":[{"damage_healed":0,"gold_gain":0,"player_choice":"Got Potions","damage_taken":0,"max_hp_gain":0,"max_hp_loss":0,"event_name":"Lab","floor":2,"gold_loss":0},{"damage_healed":0,"gold_gain":0,"player_choice":"Donut","damage_taken":0,"max_hp_gain":5,"max_hp_loss":0,"event_name":"Big Fish","floor":5,"gold_loss":0},{"cards_removed":["Strike_R"],"damage_healed":0,"gold_gain":0,"player_choice":"Purged","damage_taken":0,"max_hp_gain":0,"max_hp_loss":0,"event_name":"Purifier","floor":21,"gold_loss":0},{"damage_healed":0,"gold_gain":0,"player_choice":"Fight","damage_taken":0,"max_hp_gain":0,"max_hp_loss":0,"event_name":"Colosseum","floor":30,"gold_loss":0},{"damage_healed":0,"gold_gain":0,"player_choice":"Fought Nobs","damage_taken":0,"max_hp_gain":0,"max_hp_loss":0,"event_name":"Colosseum","floor":30,"gold_loss":0},{"damage_healed":0,"gold_gain":0,"player_choice":"Memory 1","damage_taken":0,"max_hp_gain":0,"max_hp_loss":0,"event_name":"SensoryStone","floor":38,"gold_loss":0},{"damage_healed":0,"gold_gain":0,"player_choice":"Ignored","damage_taken":0,"max_hp_gain":0,"max_hp_loss":0,"event_name":"Transmorgrifier","floor":39,"gold_loss":0}],"is_beta":false,"boss_relics":[{"not_picked":["Astrolabe","hubris:HollowSoul"],"picked":"Honey Jar"},{"not_picked":["Runic Cube","Velvet Choker"],"picked":"Black Blood"}],"items_purged_floors":[36,36],"is_endless":false,"potions_floor_spawned":[3,11,16,22,25,30,30,33,35,45],"ascension_level":3}}