{"host":"2qv44oxt58ptq59r","time":1607632094,"event":{"mods":["BaseMod","StSLib","AchievementEnabler","Colored Powertips","Highlight Path","Minty Spire (QoL Compilation)","Permanent Neow"],"gold_per_floor":[113,128,147,162,162,193,193,193,193,205,3,3,3,19,19,115,115,135,145,157,157,157,157,171,171,171,19,37,37,70,88,88,88,88],"floor_reached":33,"playtime":4252,"items_purged":[],"score":269,"play_id":"6988efd1-c5dc-4f50-ac59-847656a16739","local_time":"20201210202814","is_ascension_mode":false,"campfire_choices":[{"floor":7.0,"key":"REST"},{"data":"Rage","floor":13.0,"key":"SMITH"},{"data":"Bludgeon","floor":15.0,"key":"SMITH"},{"data":"Flex","floor":23,"key":"SMITH"},{"floor":25,"key":"REST"},{"floor":29,"key":"REST"},{"floor":32,"key":"REST"}],"circlet_count":0,"master_deck":["Strike_R","Strike_R","Strike_R","Defend_R","Defend_R","Defend_R","Defend_R","Bash","Cleave","Flex+1","Perfected Strike","Rage+1","Bludgeon+1","Heavy Blade","Thunderclap","Uppercut","Shrug It Off+1","Thunderclap+1","Dual Wield+1","Seeing Red","Shockwave+1","Exhume","Armaments"],"special_seed":0,"relics":["Burning Blood","Blood Vial","Vajra","Anchor","Orichalcum","MutagenicStrength","Nloth\u0027s Gift","Toy Ornithopter","Paper Frog"],"acts_visited":["Exordium","TheCity"],"potions_floor_usage":[16,19,33,33,33],"damage_taken":[{"damage":0.0,"enemies":"Small Slimes","floor":1.0,"turns":3.0},{"damage":3.0,"enemies":"Jaw Worm","floor":2.0,"turns":4.0},{"damage":6.0,"enemies":"Cultist","floor":3.0,"turns":3.0},{"damage":12.0,"enemies":"3 Louse","floor":4.0,"turns":2.0},{"damage":34.0,"enemies":"Lagavulin","floor":6.0,"turns":7.0},{"damage":6.0,"enemies":"Blue Slaver","floor":10.0,"turns":3.0},{"damage":7.0,"enemies":"Exordium Thugs","floor":14.0,"turns":3.0},{"damage":63,"enemies":"Hexaghost","floor":16,"turns":10},{"damage":26,"enemies":"3 Byrds","floor":18,"turns":7},{"damage":2,"enemies":"Spheric Guardian","floor":19,"turns":4},{"damage":10,"enemies":"Snecko","floor":20,"turns":5},{"damage":25,"enemies":"3 Cultists","floor":24,"turns":5},{"damage":21,"enemies":"Snake Plant","floor":28,"turns":3},{"damage":24,"enemies":"Slavers","floor":30,"turns":5},{"damage":22,"enemies":"Sentry and Sphere","floor":31,"turns":6},{"damage":114,"enemies":"Collector","floor":33,"turns":12}],"seed_played":"6103748333572498101","potions_obtained":[{"floor":3.0,"key":"Fruit Juice"},{"floor":4.0,"key":"SkillPotion"},{"floor":6.0,"key":"SkillPotion"},{"floor":14.0,"key":"ElixirPotion"},{"floor":18,"key":"Block Potion"},{"floor":28,"key":"GamblersBrew"},{"floor":30,"key":"LiquidBronze"}],"is_trial":false,"path_per_floor":["M","M","M","M","?","E","R","?","T","M","$","?","R","M","R","B",null,"M","M","M","?","?","R","M","R","T","$","M","R","E","M","R","B"],"character_chosen":"IRONCLAD","items_purchased":["Orichalcum","Thunderclap","Toy Ornithopter"],"campfire_rested":4,"item_purchase_floors":[11,11,27],"current_hp_per_floor":[80,80,80,74,74,53,78,78,78,80,80,80,80,81,81,26,85,65,71,69,69,69,69,52,77,77,77,64,85,67,53,78,0,0],"gold":88,"neow_bonus":"RANDOM_COMMON_RELIC","is_daily":false,"chose_seed":false,"campfire_upgraded":3,"win_rate":0,"timestamp":1607632094,"path_taken":["M","M","M","M","?","E","R","?","T","M","$","?","R","?","R","BOSS","M","M","M","?","?","R","M","R","T","$","M","R","E","M","R","BOSS"],"build_version":"2020-11-30","purchased_purges":0,"victory":false,"max_hp_per_floor":[80,80,80,80,80,85,85,85,85,85,85,85,85,85,85,85,85,85,85,85,85,85,85,85,85,85,85,85,85,85,85,85,85,85],"card_choices":[{"not_picked":["Dual Wield","Pummel"],"picked":"Cleave","floor":1.0},{"not_picked":["Rupture","Warcry"],"picked":"Flex","floor":2.0},{"not_picked":["Wild Strike","Clash"],"picked":"Perfected Strike","floor":3.0},{"not_picked":["True Grit","Headbutt"],"picked":"Rage","floor":4.0},{"not_picked":["Power Through","Combust"],"picked":"Bludgeon","floor":6.0},{"not_picked":["Sword Boomerang","Shrug It Off"],"picked":"Heavy Blade","floor":10.0},{"not_picked":["Power Through","Dark Embrace"],"picked":"Uppercut","floor":14.0},{"not_picked":["Fire Breathing","Thunderclap+1"],"picked":"Shrug It Off+1","floor":18},{"not_picked":["Rampage","Cleave"],"picked":"Thunderclap+1","floor":19},{"not_picked":["Pommel Strike","Shrug It Off"],"picked":"Dual Wield+1","floor":20},{"not_picked":["Evolve","Iron Wave"],"picked":"Seeing Red","floor":24},{"not_picked":["Cleave","Flex"],"picked":"Shockwave+1","floor":28},{"not_picked":["Power Through","Limit Break"],"picked":"Exhume","floor":30},{"not_picked":["Body Slam","Infernal Blade+1"],"picked":"Armaments","floor":31}],"player_experience":4886104,"relics_obtained":[{"floor":6.0,"key":"Vajra"},{"floor":9.0,"key":"Anchor"},{"floor":30,"key":"Paper Frog"}],"event_choices":[{"damage_healed":0.0,"max_hp_gain":0.0,"max_hp_loss":0.0,"gold_gain":0.0,"event_name":"Golden Wing","player_choice":"Ignored","floor":5.0,"gold_loss":0.0,"damage_taken":0.0},{"damage_healed":0.0,"max_hp_gain":0.0,"max_hp_loss":0.0,"gold_gain":0.0,"event_name":"The Cleric","player_choice":"Leave","floor":8.0,"gold_loss":0.0,"damage_taken":0.0},{"damage_healed":0.0,"max_hp_gain":0.0,"max_hp_loss":0.0,"gold_gain":0.0,"event_name":"Liars Game","player_choice":"Ignored","floor":12.0,"gold_loss":0.0,"damage_taken":0.0},{"damage_healed":0,"gold_gain":0,"player_choice":"Inject Mutagens","damage_taken":0,"relics_obtained":["MutagenicStrength"],"max_hp_gain":0,"max_hp_loss":0,"event_name":"Drug Dealer","floor":21,"gold_loss":0},{"damage_healed":0,"gold_gain":0,"player_choice":"Traded Relic","damage_taken":0,"relics_obtained":["Nloth\u0027s Gift"],"max_hp_gain":0,"max_hp_loss":0,"event_name":"N\u0027loth","floor":22,"relics_lost":["Empty Cage"],"gold_loss":0}],"is_beta":false,"boss_relics":[{"not_picked":["Ectoplasm","Pandora\u0027s Box"],"picked":"Empty Cage"}],"items_purged_floors":[],"is_endless":false,"potions_floor_spawned":[3,4,6,14,18,28,30],"killed_by":"Collector","ascension_level":0}}