{"host":"1tkoe3l8wf0xx8if","time":1607576348,"event":{"gold_per_floor":[116,132,147,147,157,157,157,232,232,182,182,182],"floor_reached":11,"playtime":222,"items_purged":[],"score":104,"play_id":"5dd14bee-a248-4aa3-81cd-0c903a71959d","local_time":"20201210135908","is_ascension_mode":true,"campfire_choices":[{"data":"Feed","floor":7,"key":"SMITH"}],"neow_cost":"TEN_PERCENT_HP_LOSS","seed_source_timestamp":639113579503600,"circlet_count":0,"master_deck":["AscendersBane","Strike_R","Strike_R","Strike_R","Strike_R","Defend_R","Defend_R","Defend_R","Defend_R","Bash","Secret Weapon","Thunderclap","Warcry","Pommel Strike","Feed+1"],"special_seed":0,"relics":["Burning Blood","InkBottle","Frozen Egg 2"],"potions_floor_usage":[11],"damage_taken":[{"damage":2,"enemies":"Jaw Worm","floor":1,"turns":3},{"damage":9,"enemies":"2 Louse","floor":2,"turns":3},{"damage":10,"enemies":"Small Slimes","floor":3,"turns":3},{"damage":13,"enemies":"Blue Slaver","floor":5,"turns":2},{"damage":60,"enemies":"Lagavulin","floor":11,"turns":6}],"seed_played":"8046154142515416026","potions_obtained":[{"floor":2,"key":"BloodPotion"}],"is_trial":false,"path_per_floor":["M","M","M","?","M","?","R","?","T","?","E"],"character_chosen":"IRONCLAD","items_purchased":[],"campfire_rested":0,"item_purchase_floors":[],"current_hp_per_floor":[72,69,65,70,63,51,51,40,40,40,0,0],"gold":182,"neow_bonus":"RANDOM_COLORLESS_2","is_prod":false,"is_daily":false,"chose_seed":false,"campfire_upgraded":1,"win_rate":0,"timestamp":1607576348,"path_taken":["M","M","M","?","M","?","R","?","T","?","E"],"build_version":"2020-11-30","purchased_purges":0,"victory":false,"max_hp_per_floor":[72,72,72,77,77,77,77,77,77,77,77,77],"card_choices":[{"not_picked":["Transmutation","Thinking Ahead"],"picked":"Secret Weapon","floor":0},{"not_picked":["Body Slam","Sword Boomerang"],"picked":"Thunderclap","floor":1},{"not_picked":["Havoc","Bloodletting"],"picked":"Warcry","floor":2},{"not_picked":["Headbutt","Heavy Blade"],"picked":"Pommel Strike","floor":3},{"not_picked":["Sword Boomerang","Warcry"],"picked":"Feed","floor":5}],"player_experience":290129,"relics_obtained":[{"floor":9,"key":"Frozen Egg 2"}],"event_choices":[{"damage_healed":0,"gold_gain":0,"player_choice":"Donut","damage_taken":0,"max_hp_gain":5,"max_hp_loss":0,"event_name":"Big Fish","floor":4,"gold_loss":0},{"damage_healed":0,"gold_gain":0,"player_choice":"Success","damage_taken":12,"relics_obtained":["InkBottle"],"max_hp_gain":0,"max_hp_loss":0,"event_name":"Scrap Ooze","floor":6,"gold_loss":0},{"damage_healed":0,"gold_gain":75,"player_choice":"Gather Gold","damage_taken":11,"max_hp_gain":0,"max_hp_loss":0,"event_name":"World of Goop","floor":8,"gold_loss":0},{"cards_removed":["Strike_R"],"damage_healed":0,"gold_gain":0,"player_choice":"Card Removal","damage_taken":0,"max_hp_gain":0,"max_hp_loss":0,"event_name":"The Cleric","floor":10,"gold_loss":50}],"is_beta":false,"boss_relics":[],"items_purged_floors":[],"is_endless":false,"potions_floor_spawned":[2],"killed_by":"Lagavulin","ascension_level":13}}