{"host":"o2evyl5sbrgotc3u","time":1607579144,"event":{"gold_per_floor":[20,39,39,55,55,55,79,97,172,172,172,172,192,217,217,346,346,360,285,301,301,315,315,90,110,110,130,57,57,102,123,123,253,253,271,87,110,110,125,125,139,139,166,180,180,100,118,137,137,137],"floor_reached":51,"playtime":1769,"items_purged":["Strike_G","Strike_G"],"score":764,"play_id":"49ca020e-dbbe-4907-9a94-6e8bc4102f62","local_time":"20201210144544","is_ascension_mode":true,"campfire_choices":[{"data":"Dagger Spray","floor":6.0,"key":"SMITH"},{"data":"Prepared","floor":10.0,"key":"SMITH"},{"data":"Neutralize","floor":12.0,"key":"SMITH"},{"data":"Blade Dance","floor":15.0,"key":"SMITH"},{"data":"Calculated Gamble","floor":23.0,"key":"SMITH"},{"data":"Accuracy","floor":32.0,"key":"SMITH"},{"data":"Accuracy","floor":40.0,"key":"SMITH"},{"data":"Venomology","floor":42.0,"key":"SMITH"},{"data":"Storm of Steel","floor":45.0,"key":"SMITH"},{"data":"Acrobatics","floor":49.0,"key":"SMITH"}],"neow_cost":"NO_GOLD","seed_source_timestamp":556106892531199,"circlet_count":0,"master_deck":["Strike_G","Strike_G","Defend_G","Defend_G","Defend_G","Defend_G","Survivor","Neutralize+1","Blade Dance+1","Dagger Spray+1","Crippling Poison","Prepared+1","Escape Plan","Acrobatics+1","Storm of Steel+1","Cloak And Dagger","Accuracy+1","Calculated Gamble+1","Backflip","Accuracy+1","Venomology+1","Dramatic Entrance","Blade Dance+1","Backflip+1","Tactician","Escape Plan+1"],"special_seed":0,"relics":["Ring of the Snake","Incense Burner","Tough Bandages","Golden Idol","Letter Opener","Bottled Flame","WristBlade","Centennial Puzzle","FossilizedHelix","HoveringKite","Akabeko"],"potions_floor_usage":[50,50,50],"damage_taken":[{"damage":0.0,"enemies":"Small Slimes","floor":1.0,"turns":3.0},{"damage":7.0,"enemies":"2 Louse","floor":2.0,"turns":4.0},{"damage":1.0,"enemies":"Jaw Worm","floor":4.0,"turns":4.0},{"damage":0.0,"enemies":"Large Slime","floor":7.0,"turns":5.0},{"damage":0.0,"enemies":"3 Louse","floor":8.0,"turns":1.0},{"damage":0.0,"enemies":"Looter","floor":13.0,"turns":2.0},{"damage":0.0,"enemies":"Blue Slaver","floor":14.0,"turns":3.0},{"damage":2.0,"enemies":"Hexaghost","floor":16.0,"turns":11.0},{"damage":0.0,"enemies":"Spheric Guardian","floor":18.0,"turns":4.0},{"damage":0.0,"enemies":"Chosen","floor":20.0,"turns":3.0},{"damage":0.0,"enemies":"Centurion and Healer","floor":22.0,"turns":4.0},{"damage":0.0,"enemies":"Shelled Parasite and Fungi","floor":25.0,"turns":3.0},{"damage":0.0,"enemies":"3 Cultists","floor":27.0,"turns":3.0},{"damage":0.0,"enemies":"Snecko","floor":31.0,"turns":3.0},{"damage":22.0,"enemies":"Champ","floor":33.0,"turns":8.0},{"damage":0.0,"enemies":"Orb Walker","floor":35.0,"turns":2.0},{"damage":0.0,"enemies":"3 Darklings","floor":37.0,"turns":4.0},{"damage":0.0,"enemies":"Jaw Worm Horde","floor":39.0,"turns":2.0},{"damage":0.0,"enemies":"Sphere and 2 Shapes","floor":41.0,"turns":3.0},{"damage":0.0,"enemies":"Maw","floor":44.0,"turns":4.0},{"damage":0.0,"enemies":"4 Shapes","floor":47.0,"turns":2.0},{"damage":0.0,"enemies":"3 Darklings","floor":48.0,"turns":2.0},{"damage":35,"enemies":"Donu and Deca","floor":50,"turns":9}],"seed_played":"-9198014700083954191","potions_obtained":[{"floor":2.0,"key":"SteroidPotion"},{"floor":4.0,"key":"AttackPotion"},{"floor":8.0,"key":"PowerPotion"},{"floor":14.0,"key":"DuplicationPotion"},{"floor":16.0,"key":"Dexterity Potion"},{"floor":18.0,"key":"CunningPotion"},{"floor":44.0,"key":"Ancient Potion"}],"is_trial":false,"path_per_floor":["M","M","?","M","?","R","M","M","T","R","T","R","M","M","R","B",null,"M","?","M","?","M","R","$","M","T","M","$","?","T","M","R","B",null,"M","$","M","?","M","R","M","R","T","M","R","$","M","M","R","B",null],"character_chosen":"THE_SILENT","items_purchased":["Centennial Puzzle","Accuracy","Dramatic Entrance","Tactician"],"campfire_rested":0,"item_purchase_floors":[24,28,36,46],"current_hp_per_floor":[70,63,56,55,55,55,55,55,55,55,55,55,55,55,55,53,65,65,65,65,65,65,65,65,65,65,65,65,65,65,65,65,43,65,65,65,65,65,65,65,65,65,65,65,65,65,65,65,65,30],"gold":137,"neow_bonus":"ONE_RARE_RELIC","is_prod":false,"is_daily":false,"chose_seed":false,"campfire_upgraded":10,"win_rate":0,"timestamp":1607579144,"path_taken":["M","M","?","M","?","R","M","M","T","R","?","R","M","M","R","BOSS","M","?","M","?","M","R","$","M","T","M","$","?","?","M","R","BOSS","M","$","M","?","M","R","?","R","T","M","R","?","?","M","R","BOSS"],"build_version":"2020-11-30","purchased_purges":2,"victory":true,"max_hp_per_floor":[70,70,70,70,65,65,65,65,65,65,65,65,65,65,65,65,65,65,65,65,65,65,65,65,65,65,65,65,65,65,65,65,65,65,65,65,65,65,65,65,65,65,65,65,65,65,65,65,65,65],"relic_stats":{"Tough Bandages":[486],"Centennial Puzzle":[6],"counters":[23,89],"Golden Idol":148,"HoveringKite":[25],"Letter Opener":[255],"obtain_stats":[{"Tough Bandages":3,"Bottled Flame":11,"Centennial Puzzle":24,"WristBlade":17,"Golden Idol":5,"HoveringKite":34,"Incense Burner":0,"Letter Opener":9,"FossilizedHelix":26,"Akabeko":43,"Ring of the Snake":0},{"Tough Bandages":2,"Bottled Flame":5,"Centennial Puzzle":11,"WristBlade":8,"Golden Idol":3,"HoveringKite":15,"Incense Burner":0,"Letter Opener":5,"FossilizedHelix":12,"Akabeko":19,"Ring of the Snake":0},{"Tough Bandages":7,"Bottled Flame":17,"Centennial Puzzle":44,"WristBlade":33,"Golden Idol":11,"HoveringKite":61,"Incense Burner":0,"Letter Opener":17,"FossilizedHelix":47,"Akabeko":72,"Ring of the Snake":0}],"Ring of the Snake":[46]},"card_choices":[{"not_picked":["Dagger Throw","Reflex"],"picked":"Blade Dance","floor":1.0},{"not_picked":["Bane","Acrobatics","Caltrops"],"picked":"SKIP","floor":2.0},{"not_picked":["Dodge and Roll","Underhanded Strike"],"picked":"Dagger Spray","floor":4.0},{"not_picked":["Footwork","Expertise"],"picked":"Crippling Poison","floor":7.0},{"not_picked":["Blade Dance","All Out Attack"],"picked":"Prepared","floor":8.0},{"not_picked":["Deflect","Underhanded Strike"],"picked":"Escape Plan","floor":13.0},{"not_picked":["Terror","Poisoned Stab"],"picked":"Acrobatics","floor":14.0},{"not_picked":["Night Terror","Venomology"],"picked":"Storm of Steel","floor":16.0},{"not_picked":["Leg Sweep","Outmaneuver+1"],"picked":"Cloak And Dagger","floor":18.0},{"not_picked":["Dodge and Roll","Deadly Poison","Flying Knee"],"picked":"SKIP","floor":20.0},{"not_picked":["Flechettes","Acrobatics+1"],"picked":"Calculated Gamble","floor":22.0},{"not_picked":["Flying Knee+1","Poisoned Stab+1"],"picked":"Backflip","floor":25.0},{"not_picked":["Infinite Blades+1","Sucker Punch+1","PiercingWail"],"picked":"SKIP","floor":27.0},{"not_picked":["Infinite Blades+1","Sucker Punch+1","PiercingWail"],"picked":"SKIP","floor":27.0},{"not_picked":["Dagger Spray+1","Poisoned Stab","Dash"],"picked":"SKIP","floor":31.0},{"not_picked":["Doppelganger","Envenom"],"picked":"Venomology","floor":33.0},{"not_picked":["Quick Slash+1","Setup+1","Caltrops"],"picked":"SKIP","floor":35.0},{"not_picked":["Slice","Deadly Poison+1","Flying Knee"],"picked":"SKIP","floor":37.0},{"not_picked":["Catalyst+1","Infinite Blades+1","Prepared"],"picked":"SKIP","floor":39.0},{"not_picked":["Flying Knee","Poisoned Stab"],"picked":"Blade Dance+1","floor":41.0},{"not_picked":["Well Laid Plans+1","Distraction"],"picked":"Backflip+1","floor":44.0},{"not_picked":["Backflip","Heel Hook+1","Dodge and Roll"],"picked":"SKIP","floor":47.0},{"not_picked":["Leg Sweep","Prepared+1"],"picked":"Escape Plan+1","floor":48.0}],"player_experience":268921,"relics_obtained":[{"floor":9.0,"key":"Letter Opener"},{"floor":11.0,"key":"Bottled Flame"},{"floor":26.0,"key":"FossilizedHelix"},{"floor":43.0,"key":"Akabeko"}],"event_choices":[{"damage_healed":0.0,"max_hp_gain":0.0,"max_hp_loss":0.0,"gold_gain":0.0,"event_name":"Scrap Ooze","player_choice":"Success","floor":3.0,"gold_loss":0.0,"damage_taken":7.0,"relics_obtained":["Tough Bandages"]},{"damage_healed":0.0,"max_hp_gain":0.0,"max_hp_loss":5.0,"gold_gain":0.0,"event_name":"Golden Idol","player_choice":"Lose Max HP","floor":5.0,"gold_loss":0.0,"damage_taken":0.0,"relics_obtained":["Golden Idol"]},{"cards_removed":["Strike_G"],"damage_healed":0.0,"max_hp_gain":0.0,"max_hp_loss":0.0,"gold_gain":0.0,"event_name":"Beggar","player_choice":"Gave Gold","floor":19.0,"gold_loss":75.0,"damage_taken":0.0},{"damage_healed":0.0,"max_hp_gain":0.0,"max_hp_loss":0.0,"gold_gain":0.0,"event_name":"The Library","player_choice":"Read","floor":21.0,"gold_loss":0.0,"damage_taken":0.0,"cards_obtained":["Accuracy"]},{"damage_healed":0.0,"max_hp_gain":0.0,"max_hp_loss":0.0,"gold_gain":0.0,"event_name":"The Mausoleum","player_choice":"Ignored","floor":29.0,"gold_loss":0.0,"damage_taken":0.0},{"cards_removed":["Defend_G"],"damage_healed":0.0,"max_hp_gain":0.0,"max_hp_loss":0.0,"gold_gain":0.0,"event_name":"Bonfire Elementals","player_choice":"Offered Basic","floor":38.0,"gold_loss":0.0,"damage_taken":0.0}],"is_beta":false,"boss_relics":[{"not_picked":["Busted Crown","Sozu"],"picked":"WristBlade"},{"not_picked":["Runic Pyramid","Snecko Eye"],"picked":"HoveringKite"}],"items_purged_floors":[24,36],"is_endless":false,"potions_floor_spawned":[2,4,8,14,16,18,20,22,35,44,48],"ascension_level":4}}