{"host":"g60qzgg9idfs5btx","time":1607565862,"event":{"gold_per_floor":[139,176,176,176,192,227,267,295,295,315,240,252,11,47,47,152,152,165,165,176,176,207,207,207,254,271,290,290,290,290,290,290,290],"floor_reached":33,"playtime":929,"items_purged":[],"score":323,"play_id":"c3daa414-4abd-4792-8fad-2c0b4cc26607","local_time":"20201209200422","is_ascension_mode":true,"campfire_choices":[{"floor":15,"key":"REST"},{"floor":24,"key":"REST"},{"floor":32,"key":"REST"}],"neow_cost":"","seed_source_timestamp":9989771696200,"circlet_count":0,"master_deck":["Strike_G","Strike_G","Strike_G","Strike_G","Strike_G","Defend_G","Defend_G","Defend_G","Defend_G","Survivor","Neutralize","HandOfGreed+1","Slice","Backflip","Outmaneuver","Slice","Dagger Spray","Noxious Fumes","A Thousand Cuts","Cloak And Dagger","Footwork+1","PiercingWail+1","Cloak And Dagger","Bane","Storm of Steel","CurseOfTheBell","Accuracy","infinitespire:Neurotoxin","Deadly Poison+1","RitualDagger","Riddle With Holes","All Out Attack","Riddle With Holes","hubris:Rewind","infinitespire:Collect"],"special_seed":0,"relics":["Ring of the Snake","Snake Skull","TwistedFunnel","MealTicket","hubris:TinFlute","hubris:Teleporter","Meat on the Bone","Calling Bell","FossilizedHelix","Bag of Preparation","hubris:MysteriousPyramids","Nunchaku","hubris:BlackHole","Membership Card"],"potions_floor_usage":[2,6,12,14],"damage_taken":[{"damage":0,"enemies":"2 Louse","floor":1,"turns":3},{"damage":0,"enemies":"Jaw Worm","floor":2,"turns":1},{"damage":0,"enemies":"Cultist","floor":5,"turns":2},{"damage":13,"enemies":"3 Sentries","floor":6,"turns":5},{"damage":4,"enemies":"Gremlin Gang","floor":7,"turns":2},{"damage":11,"enemies":"Lagavulin","floor":8,"turns":5},{"damage":0,"enemies":"Large Slime","floor":10,"turns":4},{"damage":0,"enemies":"Red Slaver","floor":12,"turns":2},{"damage":0,"enemies":"Exordium Wildlife","floor":14,"turns":2},{"damage":45,"enemies":"The Guardian","floor":16,"turns":10},{"damage":27,"enemies":"2 Thieves","floor":18,"turns":4},{"damage":20,"enemies":"Spheric Guardian","floor":21,"turns":4},{"damage":0,"enemies":"Centurion and Healer","floor":23,"turns":6},{"damage":44,"enemies":"Cultist and Chosen","floor":27,"turns":7},{"damage":0,"enemies":"Snake Plant","floor":28,"turns":3},{"damage":53,"enemies":"Champ","floor":33,"turns":7}],"seed_played":"3402881312228727069","potions_obtained":[{"floor":1,"key":"LiquidMemories"},{"floor":2,"key":"SkillPotion"},{"floor":10,"key":"DistilledChaos"},{"floor":12,"key":"Energy Potion"}],"is_trial":false,"path_per_floor":["M","M","?","?","M","E","M","E","T","M","?","M","$","M","R","B",null,"M","?","M","?","M","R","?","T","M","M","?","AVR","?","R","B"],"character_chosen":"THE_SILENT","items_purchased":["Snake Skull","TwistedFunnel","HandOfGreed","Meat on the Bone"],"campfire_rested":3,"item_purchase_floors":[0,0,0,13],"current_hp_per_floor":[30,30,30,30,30,17,13,2,2,2,2,2,17,29,50,17,70,43,43,35,29,41,62,62,62,30,42,42,42,25,46,0,0],"gold":290,"neow_bonus":"","is_prod":false,"is_daily":false,"chose_seed":false,"campfire_upgraded":0,"win_rate":0,"timestamp":1607565862,"path_taken":["M","M","?","?","M","E","?","E","T","?","?","M","?","M","R","BOSS","M","?","M","?","M","R","?","T","M","?","?","AVR","?","R","BOSS"],"build_version":"2020-11-30","purchased_purges":0,"victory":false,"max_hp_per_floor":[70,70,70,70,70,70,70,70,70,70,70,70,70,70,70,70,70,70,70,70,70,70,70,70,70,70,70,70,70,70,70,70,70],"relic_stats":{"Nunchaku":[3],"counters":[184,600],"MealTicket":15,"Snake Skull":[70],"Bag of Preparation":[13],"obtain_stats":[{"TwistedFunnel":0,"Ginger":114,"Whetstone":127,"hubris:MysteriousPyramids":17,"Boot":0,"Sling":0,"Blood Vial":0,"Sundial":87,"hubris:DeckOfHolding":17,"MealTicket":97,"Fusion Hammer":95,"HandDrill":0,"Kunai":7,"hubris:TinFlute":129,"Pear":110,"Blue Candle":84,"hubris:SphereOfDissonance":104,"BreadOfAWashokuLover":44,"Pen Nib":29,"Akabeko":7,"SlaversCollar":68,"Hallownest:BankAccountRelic":7,"MutagenicStrength":124,"hubris:TenFootPole":0,"MiniHakkero":0,"StrikeDummy":108,"infinitespire:PuzzleCube":9,"Unceasing Top":140,"infinitespire:Cupcake":17,"AmplifyWand":93,"Regal Pillow":12,"hubris:Metronome":62,"Singing Bowl":111,"Torii":155,"Bag of Preparation":24,"SproutingBranch":85,"Smiling Mask":8,"Cursed Key":17,"hubris:BlackHole":17,"Matryoshka":0,"hubris:Backtick":85,"hubris:CuriousFeather":30,"hubris:FunFungus":45,"HandmadeGrimoire":106,"BewitchedHakkero":153,"InkBottle":141,"Ring of the Snake":0,"Potion Belt":39,"Lee\u0027s Waffle":121,"MagicBroom":26,"Golden Idol":116,"Circlet":13,"PreservedInsect":9,"infinitespire:Joker Card":12,"The Courier":145,"Omamori":94,"infinitespire:CheckeredPen":9,"infinitespire:Lucky Rock":39,"hubris:Towel":20,"MawBank":48,"ExperimentalFamiliar":51,"Ornamental Fan":37,"Bottled Lightning":143,"Toy Ornithopter":46,"infinitespire:Midas Blood":0,"hubris:BottledRain":7,"hubris:CrystalStatue":43,"Calipers":30,"Tiny House":34,"Gremlin Horn":27,"CeramicFish":22,"Vajra":0,"Uniform":0,"DollysMirror":12,"Strawberry":127,"Prayer Wheel":88,"Toxic Egg 2":59,"hubris:Teleporter":17,"StoneMask":34,"Dead Branch":12,"Oddly Smooth Stone":125,"Letter Opener":81,"War Paint":17,"Question Card":9,"Shuriken":25,"Bronze Scales":121,"Molten Egg 2":10,"hubris:PeanutButter":110,"hubris:ToyBattleship":12,"Black Star":102,"infinitespire:EmpoweringShard":129,"CatCart":138,"Meat on the Bone":80,"SacredBark":17,"Snake Skull":0,"hubris:SlimyHat":8,"Hallownest:DreamNailRelic":3,"Incense Burner":54,"Juzu Bracelet":0,"ClockworkSouvenir":5,"Nunchaku":73,"Dream Catcher":78,"hubris:Icosahedron":14,"Mummified Hand":88,"Pantograph":3,"Tiny Chest":12,"Red Mask":70,"Hallownest:BeastSealRelic":47,"Runic Pyramid":119,"Hallownest:SalubrasBlessingRelic":10,"infinitespire:FocusingShard":9,"Orichalcum":13,"Mercury Hourglass":6,"Calling Bell":17,"Peace Pipe":5,"Strange Spoon":12,"ShroomBag":125,"CaptainsWheel":46,"Anchor":64,"infinitespire:WardingShard":81,"infinitespire:Satchel":74,"Bag of Marbles":3,"Membership Card":0,"FossilizedHelix":12,"hubris:OldNail":64,"hubris:Potato":95},{"TwistedFunnel":168,"Ginger":143,"Whetstone":149,"hubris:MysteriousPyramids":178,"Boot":11,"Sling":88,"Blood Vial":88,"Sundial":129,"hubris:DeckOfHolding":7,"MealTicket":135,"Fusion Hammer":133,"HandDrill":11,"Kunai":65,"hubris:TinFlute":150,"Pear":142,"Blue Candle":127,"hubris:SphereOfDissonance":139,"BreadOfAWashokuLover":108,"Pen Nib":38,"Akabeko":2,"SlaversCollar":119,"Hallownest:BankAccountRelic":29,"MutagenicStrength":147,"hubris:TenFootPole":42,"MiniHakkero":0,"StrikeDummy":141,"infinitespire:PuzzleCube":18,"Unceasing Top":157,"infinitespire:Cupcake":21,"AmplifyWand":133,"Regal Pillow":60,"hubris:Metronome":117,"Singing Bowl":142,"Torii":162,"Bag of Preparation":73,"SproutingBranch":127,"Smiling Mask":30,"Cursed Key":97,"hubris:BlackHole":69,"Matryoshka":39,"hubris:Backtick":127,"hubris:CuriousFeather":75,"hubris:FunFungus":109,"HandmadeGrimoire":140,"BewitchedHakkero":162,"InkBottle":157,"Ring of the Snake":0,"Potion Belt":106,"Lee\u0027s Waffle":145,"MagicBroom":100,"Golden Idol":143,"Circlet":32,"PreservedInsect":49,"infinitespire:Joker Card":94,"The Courier":158,"Omamori":133,"infinitespire:CheckeredPen":59,"infinitespire:Lucky Rock":106,"hubris:Towel":34,"MawBank":111,"ExperimentalFamiliar":112,"Ornamental Fan":78,"Bottled Lightning":158,"Toy Ornithopter":110,"infinitespire:Midas Blood":46,"hubris:BottledRain":92,"hubris:CrystalStatue":82,"Calipers":102,"Tiny House":104,"Gremlin Horn":101,"CeramicFish":98,"Vajra":88,"Uniform":0,"DollysMirror":60,"Strawberry":149,"Prayer Wheel":130,"Toxic Egg 2":116,"hubris:Teleporter":7,"StoneMask":77,"Dead Branch":67,"Oddly Smooth Stone":148,"Letter Opener":126,"War Paint":7,"Question Card":3,"Shuriken":100,"Bronze Scales":145,"Molten Egg 2":50,"hubris:PeanutButter":142,"hubris:ToyBattleship":5,"Black Star":138,"infinitespire:EmpoweringShard":150,"CatCart":155,"Meat on the Bone":125,"SacredBark":33,"Snake Skull":168,"hubris:SlimyHat":18,"Hallownest:DreamNailRelic":27,"Incense Burner":87,"Juzu Bracelet":88,"ClockworkSouvenir":47,"Nunchaku":122,"Dream Catcher":124,"hubris:Icosahedron":32,"Mummified Hand":130,"Pantograph":1,"Tiny Chest":18,"Red Mask":121,"Hallownest:BeastSealRelic":84,"Runic Pyramid":144,"Hallownest:SalubrasBlessingRelic":3,"infinitespire:FocusingShard":66,"Orichalcum":19,"Mercury Hourglass":29,"Calling Bell":7,"Peace Pipe":57,"Strange Spoon":18,"ShroomBag":148,"CaptainsWheel":84,"Anchor":118,"infinitespire:WardingShard":126,"infinitespire:Satchel":123,"Bag of Marbles":90,"Membership Card":11,"FossilizedHelix":67,"hubris:OldNail":118,"hubris:Potato":133},{"TwistedFunnel":533,"Ginger":480,"Whetstone":488,"hubris:MysteriousPyramids":569,"Boot":58,"Sling":343,"Blood Vial":343,"Sundial":449,"hubris:DeckOfHolding":34,"MealTicket":465,"Fusion Hammer":458,"HandDrill":58,"Kunai":295,"hubris:TinFlute":492,"Pear":479,"Blue Candle":443,"hubris:SphereOfDissonance":476,"BreadOfAWashokuLover":399,"Pen Nib":163,"Akabeko":9,"SlaversCollar":431,"Hallownest:BankAccountRelic":126,"MutagenicStrength":486,"hubris:TenFootPole":188,"MiniHakkero":0,"StrikeDummy":478,"infinitespire:PuzzleCube":77,"Unceasing Top":500,"infinitespire:Cupcake":90,"AmplifyWand":458,"Regal Pillow":274,"hubris:Metronome":429,"Singing Bowl":479,"Torii":515,"Bag of Preparation":325,"SproutingBranch":446,"Smiling Mask":130,"Cursed Key":374,"hubris:BlackHole":317,"Matryoshka":167,"hubris:Backtick":446,"hubris:CuriousFeather":327,"hubris:FunFungus":403,"HandmadeGrimoire":477,"BewitchedHakkero":515,"InkBottle":500,"Ring of the Snake":0,"Potion Belt":395,"Lee\u0027s Waffle":484,"MagicBroom":381,"Golden Idol":480,"Circlet":136,"PreservedInsect":214,"infinitespire:Joker Card":360,"The Courier":501,"Omamori":458,"infinitespire:CheckeredPen":267,"infinitespire:Lucky Rock":395,"hubris:Towel":149,"MawBank":410,"ExperimentalFamiliar":416,"Ornamental Fan":330,"Bottled Lightning":501,"Toy Ornithopter":404,"infinitespire:Midas Blood":202,"hubris:BottledRain":355,"hubris:CrystalStatue":335,"Calipers":385,"Tiny House":392,"Gremlin Horn":382,"CeramicFish":376,"Vajra":343,"Uniform":0,"DollysMirror":274,"Strawberry":488,"Prayer Wheel":454,"Toxic Egg 2":426,"hubris:Teleporter":34,"StoneMask":329,"Dead Branch":301,"Oddly Smooth Stone":487,"Letter Opener":441,"War Paint":34,"Question Card":10,"Shuriken":381,"Bronze Scales":484,"Molten Egg 2":220,"hubris:PeanutButter":479,"hubris:ToyBattleship":22,"Black Star":474,"infinitespire:EmpoweringShard":492,"CatCart":498,"Meat on the Bone":439,"SacredBark":144,"Snake Skull":533,"hubris:SlimyHat":77,"Hallownest:DreamNailRelic":117,"Incense Burner":340,"Juzu Bracelet":343,"ClockworkSouvenir":207,"Nunchaku":436,"Dream Catcher":438,"hubris:Icosahedron":136,"Mummified Hand":452,"Pantograph":4,"Tiny Chest":77,"Red Mask":434,"Hallownest:BeastSealRelic":337,"Runic Pyramid":483,"Hallownest:SalubrasBlessingRelic":10,"infinitespire:FocusingShard":299,"Orichalcum":81,"Mercury Hourglass":126,"Calling Bell":34,"Peace Pipe":257,"Strange Spoon":77,"ShroomBag":487,"CaptainsWheel":337,"Anchor":430,"infinitespire:WardingShard":442,"infinitespire:Satchel":437,"Bag of Marbles":348,"Membership Card":58,"FossilizedHelix":301,"hubris:OldNail":430,"hubris:Potato":458}],"Ring of the Snake":[41],"Meat on the Bone":72},"card_choices":[{"not_picked":["Crippling Poison","Dagger Throw"],"picked":"Slice","floor":1},{"not_picked":["Outmaneuver","Quick Slash"],"picked":"Backflip","floor":2},{"not_picked":["Prepared","Well Laid Plans"],"picked":"Slice","floor":5},{"not_picked":["hubris:SlightOfHand","Bane"],"picked":"Dagger Spray","floor":6},{"not_picked":["Infinite Blades","Storm of Steel"],"picked":"Noxious Fumes","floor":7},{"not_picked":["Slice","Deflect"],"picked":"A Thousand Cuts","floor":8},{"not_picked":["Outmaneuver","Dagger Throw"],"picked":"Cloak And Dagger","floor":10},{"not_picked":["Flechettes+1","Dash+1"],"picked":"Footwork+1","floor":11},{"not_picked":["Sucker Punch+1","Acrobatics+1"],"picked":"PiercingWail+1","floor":11},{"not_picked":["All Out Attack","Reflex"],"picked":"Cloak And Dagger","floor":12},{"not_picked":["Dagger Spray","Quick Slash"],"picked":"Bane","floor":14},{"not_picked":["Doppelganger","Tools of the Trade"],"picked":"Storm of Steel","floor":16},{"not_picked":["Deadly Poison+1","Dodge and Roll"],"picked":"Accuracy","floor":18},{"not_picked":["Acrobatics","Finisher"],"picked":"Deadly Poison+1","floor":21},{"not_picked":["Blur","Outmaneuver"],"picked":"Riddle With Holes","floor":23},{"not_picked":["Outmaneuver+1","Flechettes"],"picked":"All Out Attack","floor":27},{"not_picked":["Tools of the Trade","Prepared"],"picked":"Riddle With Holes","floor":28},{"not_picked":["hubris:InfiniteBlow","infinitespire:Fortify"],"picked":"infinitespire:Collect","floor":31}],"player_experience":243645,"relics_obtained":[{"floor":6,"key":"hubris:TinFlute"},{"floor":8,"key":"hubris:Teleporter"},{"floor":17,"key":"FossilizedHelix"},{"floor":17,"key":"Bag of Preparation"},{"floor":17,"key":"hubris:MysteriousPyramids"},{"floor":26,"key":"Nunchaku"}],"event_choices":[{"damage_healed":0,"gold_gain":0,"player_choice":"Leave","damage_taken":0,"max_hp_gain":0,"max_hp_loss":0,"event_name":"The Cleric","floor":3,"gold_loss":0},{"damage_healed":0,"gold_gain":0,"cards_transformed":["Defend_G"],"player_choice":"Transformed","damage_taken":0,"max_hp_gain":0,"max_hp_loss":0,"event_name":"Transmorgrifier","floor":4,"gold_loss":0,"cards_obtained":["Outmaneuver"]},{"damage_healed":0,"gold_gain":0,"player_choice":"2","damage_taken":0,"max_hp_gain":0,"max_hp_loss":0,"event_name":"betterMatch:BetterMatch","floor":11,"gold_loss":0,"cards_obtained":["betterMatch:UncommonCard","betterMatch:CommonCard"]},{"damage_healed":0,"gold_gain":0,"player_choice":"Joined the Cult","damage_taken":6,"max_hp_gain":0,"max_hp_loss":0,"event_name":"Nest","floor":22,"gold_loss":0,"cards_obtained":["RitualDagger"]},{"damage_healed":0,"gold_gain":0,"player_choice":"Forge","damage_taken":0,"max_hp_gain":0,"max_hp_loss":0,"event_name":"Accursed Blacksmith","floor":25,"gold_loss":0,"cards_upgraded":["HandOfGreed"]},{"damage_healed":0,"gold_gain":0,"player_choice":"Ignored","damage_taken":0,"max_hp_gain":0,"max_hp_loss":0,"event_name":"Vampires","floor":29,"gold_loss":0}],"is_beta":false,"boss_relics":[{"not_picked":["Cursed Key","hubris:TerracottaHorce"],"picked":"Calling Bell"}],"items_purged_floors":[],"is_endless":false,"potions_floor_spawned":[1,2,6,10,12],"killed_by":"Champ","ascension_level":1}}