{"host":"yuhibl5o0ay6idau","time":1607619634,"event":{"mods":["BaseMod","StSLib","Better Altar","Better Match","Better Note","Better Sensory Stone","Better Skull","Better Third Choice","Colored Map","Replay The Spire","Minty Spire (QoL Compilation)","Aspiration","Conspire"],"gold_per_floor":[115,128,78,78,98,124,124,155,155,0,31,31,31,31,31,31,31],"floor_reached":16,"playtime":885,"items_purged":[],"score":133,"play_id":"098ad1ac-1345-4956-9a98-2bce7a9bf742","local_time":"20201210090034","is_ascension_mode":true,"campfire_choices":[{"floor":7,"key":"REST"},{"floor":13,"key":"REST"},{"floor":15,"key":"DIG"}],"circlet_count":0,"master_deck":["Strike_B","Strike_B","Defend_B","Defend_B+1","Defend_B+1","Defend_B","Zap","Dualcast","Chill","Cold Snap","Cold Snap","Clothesline","Compile Driver"],"relics":["Cracked Core","aspiration:Nostalgia","Replay:M_StaffOfTheSnake","aspiration:HummingbirdHeart","InkBottle","Symbiotic Virus","Blue Candle","PrismaticShard","Centennial Puzzle","Simple Rune"],"acts_visited":["Exordium"],"potions_floor_usage":[],"damage_taken":[{"damage":2,"enemies":"Jaw Worm","floor":1,"turns":3},{"damage":0,"enemies":"Cultist","floor":2,"turns":3},{"damage":0,"enemies":"Small Slimes","floor":5,"turns":3},{"damage":31,"enemies":"Lagavulin","floor":6,"turns":8},{"damage":38,"enemies":"Gremlin Nob","floor":8,"turns":6},{"damage":16,"enemies":"Lagavulin","floor":11,"turns":6},{"damage":0,"enemies":"The Guardian","floor":16,"turns":1}],"seed_played":"-8856771955588250687","potions_obtained":[{"floor":2,"key":"Elixir"},{"floor":6,"key":"Venom Potion"},{"floor":8,"key":"Explosive Potion"}],"is_trial":false,"path_per_floor":["M","M","?","T","M","E","R","E","T","$","E","?","R","$","R_BF","B"],"character_chosen":"DEFECT","items_purchased":["PrismaticShard"],"campfire_rested":2,"item_purchase_floors":[10],"current_hp_per_floor":[73,73,73,73,73,42,64,26,26,26,10,10,32,32,32,32,32],"gold":31,"neow_bonus":"NOSTALGIA","is_daily":false,"chose_seed":false,"campfire_upgraded":0,"win_rate":0,"timestamp":1607619634,"path_taken":["M","M","?","?","?","E","R","E","T","?","E","?","R","$","R_BF","BOSS"],"build_version":"2020-11-30","purchased_purges":0,"victory":false,"max_hp_per_floor":[75,75,75,75,75,75,75,75,75,75,75,75,75,75,75,75,75],"card_choices":[{"not_picked":["Hologram","Sweeping Beam","Acrobatics"],"picked":"SKIP","floor":1},{"not_picked":["Stack","BasicCrystalCard"],"picked":"Chill","floor":2},{"not_picked":["Sweeping Beam","Outmaneuver","conspire:SharedLibrary"],"picked":"SKIP","floor":5},{"not_picked":["ClearTheMind","Predator"],"picked":"Cold Snap","floor":6},{"not_picked":["Skim","SashWhip"],"picked":"Cold Snap","floor":8},{"not_picked":["ReplayTheSpireMod:Corrosion Curse","Atom Bomb"],"picked":"Clothesline","floor":11}],"player_experience":359660,"relics_obtained":[{"floor":4,"key":"aspiration:HummingbirdHeart"},{"floor":6,"key":"InkBottle"},{"floor":8,"key":"Symbiotic Virus"},{"floor":9,"key":"Blue Candle"},{"floor":11,"key":"Centennial Puzzle"},{"floor":15,"key":"Simple Rune"}],"event_choices":[{"cards_removed":["Strike_B"],"damage_healed":0,"gold_gain":0,"player_choice":"Card Removal","damage_taken":0,"max_hp_gain":0,"max_hp_loss":0,"event_name":"The Cleric","floor":3,"gold_loss":50},{"damage_healed":0,"gold_gain":0,"cards_transformed":["Strike_B"],"player_choice":"Change","damage_taken":0,"max_hp_gain":0,"max_hp_loss":0,"event_name":"Living Wall","floor":12,"gold_loss":0,"cards_obtained":["Compile Driver"]}],"is_beta":false,"boss_relics":[],"items_purged_floors":[],"is_endless":false,"potions_floor_spawned":[2,6,8],"killed_by":"The Guardian","ascension_level":3}}