{"host":"tfkz8stxzb1up54p","time":1607562950,"event":{"gold_per_floor":[2097,1587,1587,1601,969,969,995,1010,1010,1010,1028,1056,1067,1092,1092,1166,1166,1179,1197,442,442,459,492,503,503,556,583,593,612,642,657,657,657,657],"floor_reached":33,"playtime":3344,"items_purged":["Pain","Defend_B","Strike_B"],"score":658,"play_id":"4b30cf48-1048-4419-b058-80a981e1c0c7","local_time":"20201210011550","is_ascension_mode":true,"campfire_choices":[{"data":"Zap","floor":6,"key":"SMITH"},{"data":"Self Repair","floor":10,"key":"SMITH"},{"data":"Glacier","floor":15,"key":"SMITH"},{"data":"Defragment","floor":25,"key":"SMITH"},{"floor":32,"key":"REST"}],"neow_cost":"CURSE","seed_source_timestamp":227149041325000,"circlet_count":0,"master_deck":["AscendersBane","Strike_B","Strike_B","Strike_B","Defend_B","Defend_B","Zap+1","Dualcast","Go for the Eyes","Self Repair+1","Beam Cell","Leap","Dramatic Entrance","Core Surge","Glacier+1","All For One","Core Surge","Zap","Defragment+1","Sweeping Beam+1","BootSequence","White Noise","Coolheaded","Leap"],"relics":["Cracked Core","Incense Burner","DataDisk","Lantern","Gremlin Horn","TheAbacus","Blue Candle","MealTicket","Bottled Flame","Girya","Busted Crown","Pear","Art of War","Strawberry","Bronze Scales","InkBottle","Akabeko"],"potions_floor_usage":[4,7,8,14,23,27,28,33],"damage_taken":[{"damage":4,"enemies":"Cultist","floor":1,"turns":3},{"damage":6,"enemies":"Small Slimes","floor":4,"turns":2},{"damage":8,"enemies":"Gremlin Nob","floor":7,"turns":3},{"damage":0,"enemies":"Jaw Worm","floor":8,"turns":2},{"damage":0,"enemies":"Gremlin Gang","floor":11,"turns":2},{"damage":14,"enemies":"Lagavulin","floor":12,"turns":7},{"damage":5,"enemies":"Large Slime","floor":13,"turns":5},{"damage":9,"enemies":"3 Sentries","floor":14,"turns":6},{"damage":12,"enemies":"The Guardian","floor":16,"turns":16},{"damage":7,"enemies":"Spheric Guardian","floor":18,"turns":4},{"damage":21,"enemies":"Shell Parasite","floor":19,"turns":4},{"damage":19,"enemies":"3 Cultists","floor":22,"turns":6},{"damage":21,"enemies":"Gremlin Leader","floor":23,"turns":5},{"damage":19,"enemies":"Snake Plant","floor":24,"turns":4},{"damage":19,"enemies":"Slavers","floor":27,"turns":5},{"damage":13,"enemies":"Centurion and Healer","floor":28,"turns":5},{"damage":26,"enemies":"Snecko","floor":29,"turns":4},{"damage":17,"enemies":"Book of Stabbing","floor":30,"turns":5},{"damage":0,"enemies":"Chosen and Byrds","floor":31,"turns":3},{"damage":68,"enemies":"Champ","floor":33,"turns":15}],"seed_played":"-3359544859585179897","potions_obtained":[{"floor":1,"key":"AttackPotion"},{"floor":4,"key":"AttackPotion"},{"floor":7,"key":"Block Potion"},{"floor":8,"key":"GamblersBrew"},{"floor":19,"key":"SpeedPotion"},{"floor":22,"key":"EssenceOfDarkness"},{"floor":27,"key":"Strength Potion"},{"floor":31,"key":"Block Potion"}],"is_trial":false,"path_per_floor":["M","$","?","M","$","R","E","M","T","R","M","E","M","E","R","B",null,"M","M","$","?","M","E","M","R","T","E","M","M","E","M","R","B"],"character_chosen":"DEFECT","items_purchased":["DataDisk","Lantern","Self Repair","Beam Cell","Gremlin Horn","TheAbacus","Dramatic Entrance","Pear","Art of War","Core Surge"],"campfire_rested":1,"item_purchase_floors":[2,2,2,2,5,5,5,20,20,20],"current_hp_per_floor":[60,60,60,61,61,61,60,67,67,67,71,67,71,71,71,69,71,71,60,81,81,72,68,59,59,59,50,47,41,24,34,60,0,0],"gold":657,"neow_bonus":"ONE_RARE_RELIC","is_prod":false,"is_daily":false,"chose_seed":false,"campfire_upgraded":4,"win_rate":0,"timestamp":1607562950,"path_taken":["M","?","?","M","$","R","E","M","T","R","?","E","M","E","R","BOSS","M","M","$","?","M","E","M","R","T","E","M","?","E","M","R","BOSS"],"build_version":"2020-11-30","purchased_purges":3,"victory":false,"max_hp_per_floor":[71,71,71,71,71,71,71,71,71,71,71,71,71,71,71,71,71,71,71,81,81,81,88,88,88,88,88,88,88,88,88,88,88,88],"card_choices":[{"not_picked":["Steam","Ball Lightning"],"picked":"Go for the Eyes","floor":1},{"not_picked":["Recycle","Cold Snap"],"picked":"Leap","floor":4},{"not_picked":["White Noise","Stack","Undo"],"picked":"SKIP","floor":7},{"not_picked":["Barrage","Leap"],"picked":"Core Surge","floor":8},{"not_picked":["Turbo","Reprogram"],"picked":"Glacier","floor":11},{"not_picked":["Turbo","Hello World","Tempest"],"picked":"SKIP","floor":12},{"not_picked":["Steam","Hologram","Gash"],"picked":"SKIP","floor":13},{"not_picked":["Barrage","Hologram","Skim"],"picked":"SKIP","floor":14},{"not_picked":["Buffer","Hyperbeam"],"picked":"All For One","floor":16},{"not_picked":["Steam Power"],"picked":"SKIP","floor":18},{"not_picked":["Lockon"],"picked":"SKIP","floor":19},{"not_picked":[],"picked":"Sweeping Beam+1","floor":22},{"not_picked":[],"picked":"BootSequence","floor":23},{"not_picked":[],"picked":"White Noise","floor":24},{"not_picked":["Hello World"],"picked":"SKIP","floor":27},{"not_picked":["BootSequence"],"picked":"SKIP","floor":28},{"not_picked":[],"picked":"Coolheaded","floor":29},{"not_picked":[],"picked":"Leap","floor":30},{"not_picked":["Streamline"],"picked":"SKIP","floor":31}],"player_experience":1200210,"relics_obtained":[{"floor":7,"key":"Blue Candle"},{"floor":9,"key":"MealTicket"},{"floor":12,"key":"Bottled Flame"},{"floor":14,"key":"Girya"},{"floor":23,"key":"Strawberry"},{"floor":26,"key":"Bronze Scales"},{"floor":27,"key":"InkBottle"},{"floor":30,"key":"Akabeko"}],"event_choices":[{"cards_removed":["Defend_B"],"damage_healed":0,"gold_gain":0,"player_choice":"Offered Basic","damage_taken":0,"max_hp_gain":0,"max_hp_loss":0,"event_name":"Bonfire Elementals","floor":3,"gold_loss":0},{"damage_healed":0,"gold_gain":0,"player_choice":"2 cards matched","damage_taken":0,"max_hp_gain":0,"max_hp_loss":0,"event_name":"Match and Keep!","floor":21,"gold_loss":0,"cards_obtained":["Zap","Defragment"]}],"is_beta":false,"boss_relics":[{"not_picked":["Velvet Choker","Snecko Eye"],"picked":"Busted Crown"}],"items_purged_floors":[2,5,20],"is_endless":false,"potions_floor_spawned":[1,4,7,8,19,22,27,31],"killed_by":"Champ","ascension_level":20}}