{"host":"0tiuc76yumknr6qf","time":1607571403,"event":{"gold_per_floor":[117,117,135,185,204,204,204,236,236,236,249,249,264,292,292,364,364,383,0,0,20,20,20],"floor_reached":22,"playtime":12540,"items_purged":["Strike_R"],"score":538,"play_id":"1991a5f7-b7ed-4279-a7da-73ff1b03a9a4","local_time":"20201209213643","is_ascension_mode":true,"campfire_choices":[{"data":"Pommel Strike","floor":6,"key":"SMITH"},{"data":"Iron Wave","floor":10,"key":"SMITH"},{"floor":15,"key":"REST"}],"neow_cost":"NONE","seed_source_timestamp":47214135751600,"circlet_count":0,"master_deck":["AscendersBane","Strike_R","Strike_R","Strike_R","Strike_R","Defend_R+1","Defend_R","Defend_R","Defend_R","Bash","Fiend Fire+1","Shockwave","Pommel Strike+1","Thunderclap","Iron Wave+1","Second Wind","Armaments","Dual Wield","Barricade","Shrug It Off","Shrug It Off","Ghostly","Ghostly","Ghostly","Dark Embrace"],"relics":["Burning Blood","Bottled Flame","Toy Ornithopter","Ornamental Fan","Ice Cream","Runic Pyramid","Membership Card","Gambling Chip"],"potions_floor_usage":[16,22,22],"damage_taken":[{"damage":12,"enemies":"Jaw Worm","floor":1,"turns":2},{"damage":4,"enemies":"2 Louse","floor":3,"turns":3},{"damage":0,"enemies":"Cultist","floor":5,"turns":2},{"damage":0,"enemies":"Gremlin Nob","floor":8,"turns":2},{"damage":5,"enemies":"Exordium Wildlife","floor":11,"turns":5},{"damage":0,"enemies":"Blue Slaver","floor":13,"turns":2},{"damage":18,"enemies":"Lagavulin","floor":14,"turns":7},{"damage":0,"enemies":"Slime Boss","floor":16,"turns":4},{"damage":0,"enemies":"Spheric Guardian","floor":18,"turns":3},{"damage":0,"enemies":"Chosen","floor":21,"turns":3},{"damage":51,"enemies":"Masked Bandits","floor":22,"turns":6}],"seed_played":"-6038248842060882930","potions_obtained":[{"floor":1,"key":"Fire Potion"},{"floor":3,"key":"PowerPotion"},{"floor":21,"key":"BlessingOfTheForge"}],"is_trial":false,"path_per_floor":["M","?","M","?","M","R","?","E","T","R","M","?","M","E","R","B",null,"M","$","?","M","?"],"character_chosen":"IRONCLAD","items_purchased":["Membership Card","Gambling Chip","Shrug It Off"],"campfire_rested":1,"item_purchase_floors":[19,19,19],"current_hp_per_floor":[62,39,41,41,47,47,47,53,53,53,54,28,34,22,44,55,70,75,75,37,37,0,0],"gold":20,"neow_bonus":"ONE_RANDOM_RARE_CARD","is_prod":false,"is_daily":false,"chose_seed":false,"campfire_upgraded":2,"win_rate":0,"timestamp":1607571403,"path_taken":["M","?","M","?","?","R","?","E","T","R","M","?","M","E","R","BOSS","M","$","?","M","?"],"build_version":"2020-11-30","purchased_purges":1,"victory":false,"max_hp_per_floor":[75,75,75,75,75,75,75,75,75,75,75,75,75,75,75,75,75,75,75,37,37,37,37],"card_choices":[{"not_picked":["Battle Trance","Blood for Blood"],"picked":"Shockwave","floor":1},{"not_picked":["Heavy Blade","Warcry"],"picked":"Pommel Strike","floor":3},{"not_picked":["Fire Breathing","Anger"],"picked":"Thunderclap","floor":5},{"not_picked":["Ghostly Armor","Clothesline"],"picked":"Iron Wave","floor":8},{"not_picked":["Searing Blow","Heavy Blade"],"picked":"Second Wind","floor":11},{"not_picked":["Warcry","Entrench"],"picked":"Armaments","floor":13},{"not_picked":["Sword Boomerang","Immolate"],"picked":"Dual Wield","floor":14},{"not_picked":["Double Tap","Reaper"],"picked":"Barricade","floor":16},{"not_picked":["Cleave","Sword Boomerang"],"picked":"Shrug It Off","floor":18},{"not_picked":["Sword Boomerang","Blood for Blood"],"picked":"Dark Embrace","floor":21}],"player_experience":1761817,"relics_obtained":[{"floor":8,"key":"Bottled Flame"},{"floor":9,"key":"Toy Ornithopter"},{"floor":14,"key":"Ice Cream"}],"event_choices":[{"damage_healed":0,"gold_gain":0,"player_choice":"Entered Light","damage_taken":23,"max_hp_gain":0,"max_hp_loss":0,"event_name":"Shining Light","floor":2,"gold_loss":0,"cards_upgraded":["Fiend Fire","Defend_R"]},{"damage_healed":0,"gold_gain":50,"player_choice":"Pray","damage_taken":0,"max_hp_gain":0,"max_hp_loss":0,"event_name":"Golden Shrine","floor":4,"gold_loss":0},{"damage_healed":0,"gold_gain":0,"player_choice":"Ignored","damage_taken":0,"max_hp_gain":0,"max_hp_loss":0,"event_name":"Liars Game","floor":7,"gold_loss":0},{"damage_healed":0,"gold_gain":0,"player_choice":"Success","damage_taken":26,"relics_obtained":["Ornamental Fan"],"max_hp_gain":0,"max_hp_loss":0,"event_name":"Scrap Ooze","floor":12,"gold_loss":0},{"damage_healed":0,"gold_gain":0,"player_choice":"Became a Ghost","damage_taken":0,"max_hp_gain":0,"max_hp_loss":38,"event_name":"Ghosts","floor":20,"gold_loss":0,"cards_obtained":["Ghostly","Ghostly","Ghostly"]},{"damage_healed":0,"gold_gain":0,"player_choice":"Fought Bandits","damage_taken":0,"max_hp_gain":0,"max_hp_loss":0,"event_name":"Masked Bandits","floor":22,"gold_loss":0}],"is_beta":false,"boss_relics":[{"not_picked":["SlaversCollar","Calling Bell"],"picked":"Runic Pyramid"}],"items_purged_floors":[19],"is_endless":false,"potions_floor_spawned":[1,3,21],"killed_by":"Masked Bandits","ascension_level":20}}