{"host":"brlhu57vzmgrzvkq","time":1607567148,"event":{"gold_per_floor":[112,11,11,11,11,46,46,79,132,195,195,320,353,403,403,403,403],"floor_reached":16,"playtime":269,"items_purged":["Strike_G"],"score":180,"play_id":"322d8b90-98ee-4186-8b99-1a64ac1fb3de","local_time":"20201209192548","is_ascension_mode":true,"campfire_choices":[{"data":"Neutralize","floor":7,"key":"SMITH"},{"data":"Leg Sweep","floor":11,"key":"SMITH"},{"floor":15,"key":"REST"}],"neow_cost":"NONE","seed_source_timestamp":750946562880700,"circlet_count":0,"master_deck":["Strike_G","Strike_G","Strike_G+1","Defend_G","Defend_G","Defend_G","Defend_G","Defend_G","Survivor+1","Neutralize+1","Crippling Poison","Backflip","Injury","Flying Knee","Leg Sweep+1","Catalyst","Well Laid Plans"],"relics":["Ring of the Snake","NeowsBlessing","Golden Idol","SsserpentHead","TungstenRod","WingedGreaves","Centennial Puzzle","CaptainsWheel"],"potions_floor_usage":[16,16],"damage_taken":[{"damage":0,"enemies":"Small Slimes","floor":1,"turns":1},{"damage":0,"enemies":"Lagavulin","floor":6,"turns":1},{"damage":0,"enemies":"3 Sentries","floor":8,"turns":2},{"damage":0,"enemies":"Jaw Worm","floor":10,"turns":7},{"damage":29,"enemies":"Gremlin Nob","floor":13,"turns":6},{"damage":12,"enemies":"Hexaghost","floor":16,"turns":13}],"seed_played":"-5644705508494985481","potions_obtained":[{"floor":1,"key":"EssenceOfSteel"},{"floor":10,"key":"Block Potion"}],"is_trial":false,"path_per_floor":["M","$","?","?","?","E","R","E","T","M","R","?","E","?","R","B"],"character_chosen":"THE_SILENT","items_purchased":["Backflip"],"campfire_rested":1,"item_purchase_floors":[2],"current_hp_per_floor":[70,70,63,63,63,63,63,63,63,63,63,53,24,11,32,20,20],"gold":403,"neow_bonus":"THREE_ENEMY_KILL","is_prod":false,"is_daily":false,"chose_seed":false,"campfire_upgraded":2,"win_rate":0,"timestamp":1607567148,"path_taken":["M","$","?","?","?","E","R","E","T","?","R","?","E","?","R","BOSS"],"build_version":"2020-11-30","purchased_purges":1,"victory":false,"max_hp_per_floor":[70,70,70,70,70,70,70,70,70,70,70,70,70,70,70,70,70],"card_choices":[{"not_picked":["Backflip","Quick Slash"],"picked":"Crippling Poison","floor":1},{"not_picked":["Backflip","Acrobatics"],"picked":"Flying Knee","floor":6},{"not_picked":["All Out Attack","Deflect"],"picked":"Leg Sweep","floor":8},{"not_picked":["Deadly Poison","Poisoned Stab"],"picked":"Catalyst","floor":10},{"not_picked":["Footwork","Bane"],"picked":"Well Laid Plans","floor":13}],"player_experience":56804,"relics_obtained":[{"floor":6,"key":"TungstenRod"},{"floor":8,"key":"WingedGreaves"},{"floor":9,"key":"Centennial Puzzle"},{"floor":13,"key":"CaptainsWheel"}],"event_choices":[{"cards_removed":["Strike_G"],"damage_healed":0,"gold_gain":0,"player_choice":"Card Removal","damage_taken":7,"max_hp_gain":0,"max_hp_loss":0,"event_name":"Golden Wing","floor":3,"gold_loss":0},{"damage_healed":0,"gold_gain":0,"player_choice":"Take Wound","damage_taken":0,"relics_obtained":["Golden Idol"],"max_hp_gain":0,"max_hp_loss":0,"event_name":"Golden Idol","floor":4,"gold_loss":0,"cards_obtained":["Injury"]},{"damage_healed":0,"gold_gain":0,"player_choice":"Trade","damage_taken":0,"relics_obtained":["SsserpentHead"],"max_hp_gain":0,"max_hp_loss":0,"event_name":"FaceTrader","floor":5,"gold_loss":0},{"damage_healed":0,"gold_gain":75,"player_choice":"Gather Gold","damage_taken":11,"max_hp_gain":0,"max_hp_loss":0,"event_name":"World of Goop","floor":12,"gold_loss":0},{"damage_healed":0,"gold_gain":0,"player_choice":"Entered Light","damage_taken":14,"max_hp_gain":0,"max_hp_loss":0,"event_name":"Shining Light","floor":14,"gold_loss":0,"cards_upgraded":["Strike_G","Survivor"]}],"is_beta":false,"boss_relics":[],"items_purged_floors":[2],"is_endless":false,"potions_floor_spawned":[1,10],"killed_by":"Hexaghost","ascension_level":2}}