{"host":"3m3t6u1636lvefx4","time":1607614163,"event":{"mods":["BaseMod","StSLib","AchievementEnabler","Highlight Path","Quick Restart","Block Reminder","Colored Powertips","Slay-I","Minty Spire (QoL Compilation)"],"gold_per_floor":[117,117,117,132,132,171,196,31,331,354,390,411,33,33,33,162,162,102,102,5,5,5,5,5,5,5,5,5,5,5,5,5,5,5],"floor_reached":33,"playtime":1197,"items_purged":["Dualcast"],"score":274,"play_id":"491c65cf-3991-4939-98f2-453eb772e605","local_time":"20201210182923","is_ascension_mode":false,"campfire_choices":[{"floor":15,"key":"DIG"},{"floor":23,"key":"DIG"},{"floor":28,"key":"DIG"},{"floor":32,"key":"REST"}],"circlet_count":0,"master_deck":["Strike_B","Strike_B","Strike_B","Defend_B","Defend_B","Defend_B","Defend_B","Zap","Hello World","Steam","Gash","Scrape","Flash of Steel","Beam Cell","Scrape","BootSequence","Apotheosis","Gash","Steam","Cold Snap","Creative AI","Redo+1","Beam Cell","Good Instincts","Melter+1","Beam Cell","Hologram+1","Purity","Chill+1","All For One"],"special_seed":0,"relics":["Cracked Core","NeowsBlessing","Golden Idol","Bird Faced Urn","Old Coin","Odd Mushroom","Shovel","Tiny Chest","Ectoplasm","Question Card","Mercury Hourglass","MealTicket"],"acts_visited":["TheCity"],"potions_floor_usage":[16,18],"damage_taken":[{"damage":0,"enemies":"Cultist","floor":1,"turns":1},{"damage":0,"enemies":"2 Louse","floor":4,"turns":1},{"damage":0,"enemies":"Lagavulin","floor":6,"turns":1},{"damage":0,"enemies":"Jaw Worm","floor":7,"turns":3},{"damage":0,"enemies":"Large Slime","floor":10,"turns":4},{"damage":8,"enemies":"The Mushroom Lair","floor":11,"turns":3},{"damage":6,"enemies":"Blue Slaver","floor":12,"turns":3},{"damage":18,"enemies":"The Guardian","floor":16,"turns":10},{"damage":14,"enemies":"2 Thieves","floor":18,"turns":4},{"damage":0,"enemies":"Shell Parasite","floor":19,"turns":4},{"damage":0,"enemies":"Centurion and Healer","floor":21,"turns":5},{"damage":21,"enemies":"3 Cultists","floor":22,"turns":5},{"damage":17,"enemies":"Shelled Parasite and Fungi","floor":24,"turns":4},{"damage":23,"enemies":"Centurion and Healer","floor":29,"turns":6},{"damage":18,"enemies":"Snake Plant","floor":31,"turns":5},{"damage":67,"enemies":"Automaton","floor":33,"turns":6}],"seed_played":"-4675645673788726625","potions_obtained":[{"floor":1,"key":"Explosive Potion"},{"floor":4,"key":"DuplicationPotion"},{"floor":7,"key":"EssenceOfSteel"},{"floor":16,"key":"SkillPotion"},{"floor":19,"key":"LiquidBronze"}],"is_trial":false,"path_per_floor":["M","?","?","M","?","E","M","$","T","M","?","M","$","?","R","B",null,"M","M","$","M","M","R","M","$","T","?","R","M","T","M","R","B"],"character_chosen":"DEFECT","items_purchased":["Scrape","Flash of Steel","Apotheosis","Gash","Steam","Cold Snap","Good Instincts"],"campfire_rested":1,"item_purchase_floors":[8,8,13,13,13,13,20],"current_hp_per_floor":[75,75,75,75,57,57,57,57,57,59,53,47,47,47,47,31,75,65,65,65,69,52,52,43,43,43,43,43,30,30,14,36,0,0],"gold":5,"neow_bonus":"THREE_ENEMY_KILL","is_daily":false,"chose_seed":false,"campfire_upgraded":0,"win_rate":0,"timestamp":1607614163,"path_taken":["M","?","?","?","?","E","M","$","T","M","?","M","?","?","R","BOSS","M","M","$","M","M","R","M","?","T","?","R","?","?","M","R","BOSS"],"build_version":"2020-11-30","purchased_purges":1,"victory":false,"max_hp_per_floor":[75,75,75,75,75,75,75,75,75,75,75,75,75,75,75,75,75,75,75,75,75,75,75,75,75,75,75,75,75,75,75,75,75,75],"card_choices":[{"not_picked":["Static Discharge","Blizzard","Stack"],"picked":"SKIP","floor":1},{"not_picked":["Hologram","Chill"],"picked":"Steam","floor":4},{"not_picked":["Go for the Eyes","Lockon"],"picked":"Gash","floor":6},{"not_picked":["Barrage","Sweeping Beam","Tempest"],"picked":"SKIP","floor":7},{"not_picked":["Sunder","Doom and Gloom"],"picked":"Beam Cell","floor":10},{"not_picked":["Fission","Hologram"],"picked":"Scrape","floor":11},{"not_picked":["Redo","Auto Shields"],"picked":"BootSequence","floor":12},{"not_picked":["Rainbow","Echo Form"],"picked":"Creative AI","floor":16},{"not_picked":["Redo+1","Capacitor+1","Reprogram+1"],"picked":"SKIP","floor":18},{"not_picked":["Capacitor+1","Reprogram+1"],"picked":"Redo+1","floor":18},{"not_picked":["Leap+1","Ball Lightning"],"picked":"Beam Cell","floor":19},{"not_picked":["Capacitor","Glacier"],"picked":"Melter+1","floor":21},{"not_picked":["Heatsinks","Consume+1"],"picked":"Beam Cell","floor":22},{"not_picked":["Hologram+1","Melter+1","Redo","Blizzard+1"],"picked":"SKIP","floor":24},{"not_picked":["Melter+1","Redo","Blizzard+1"],"picked":"Hologram+1","floor":24},{"not_picked":["Leap","Turbo","Reinforced Body"],"picked":"Chill+1","floor":29},{"not_picked":["Double Energy","Scrape","BootSequence"],"picked":"All For One","floor":31}],"player_experience":243776,"relics_obtained":[{"floor":6,"key":"Bird Faced Urn"},{"floor":9,"key":"Old Coin"},{"floor":11,"key":"Odd Mushroom"},{"floor":14,"key":"Shovel"},{"floor":15,"key":"Tiny Chest"},{"floor":23,"key":"Question Card"},{"floor":28,"key":"Mercury Hourglass"},{"floor":30,"key":"MealTicket"}],"event_choices":[{"damage_healed":0,"gold_gain":0,"cards_transformed":["Strike_B"],"player_choice":"Change","damage_taken":0,"max_hp_gain":0,"max_hp_loss":0,"event_name":"Living Wall","floor":2,"gold_loss":0,"cards_obtained":["Hello World"]},{"damage_healed":0,"gold_gain":0,"player_choice":"0 cards matched","damage_taken":0,"max_hp_gain":0,"max_hp_loss":0,"event_name":"Match and Keep!","floor":3,"gold_loss":0,"cards_obtained":[]},{"damage_healed":0,"gold_gain":0,"player_choice":"Take Damage","damage_taken":18,"relics_obtained":["Golden Idol"],"max_hp_gain":0,"max_hp_loss":0,"event_name":"Golden Idol","floor":5,"gold_loss":0},{"damage_healed":0,"gold_gain":0,"player_choice":"Fought Mushrooms","damage_taken":0,"max_hp_gain":0,"max_hp_loss":0,"event_name":"Mushrooms","floor":11,"gold_loss":0},{"damage_healed":0,"gold_gain":0,"player_choice":"Relic","damage_taken":0,"max_hp_gain":0,"max_hp_loss":0,"event_name":"Wheel of Change","floor":14,"gold_loss":0},{"damage_healed":0,"gold_gain":0,"player_choice":"1 cards matched","damage_taken":0,"max_hp_gain":0,"max_hp_loss":0,"event_name":"Match and Keep!","floor":27,"gold_loss":0,"cards_obtained":["Purity"]}],"is_beta":false,"boss_relics":[{"not_picked":["Philosopher\u0027s Stone","Busted Crown"],"picked":"Ectoplasm"}],"items_purged_floors":[13],"is_endless":false,"potions_floor_spawned":[1,4,7,11,12,16,19,22,24,31],"killed_by":"Automaton","ascension_level":0}}