{"host":"v0kr0xkqfgnh389p","time":1607622382,"event":{"mods":["BaseMod","StSLib","2.2 Compatiblity","AchievementEnabler","BetterRewards","Colored Map","Custom Start","Highlight Path","Hubris","Infinite Spire","Minty Spire (QoL Compilation)","Quick Restart","Replay The Spire","Shop Mod"],"gold_per_floor":[119,171,121,121,137,167,167,202,256,256,256,274,74,101,101,101,101],"floor_reached":16,"playtime":465,"items_purged":["Strike_P"],"score":133,"play_id":"aa37e264-91d1-4ef0-99db-7fb67a3f4aea","local_time":"20201210124622","is_ascension_mode":true,"campfire_choices":[{"floor":7,"key":"RECALL"},{"floor":10,"key":"REST"},{"floor":15,"key":"REST"}],"circlet_count":0,"master_deck":["Strike_P","Strike_P+1","Strike_P","Defend_P","Defend_P","Eruption+1","Vigilance","Wireheading","TalkToTheHand"],"relics":["Busted Crown","Centennial Puzzle","hubris:AstralHammer","ReplayFunnel","infinitespire:Cubic Diamond","MerchantsRug","Whetstone"],"acts_visited":["Exordium"],"potions_floor_usage":[6,6],"damage_taken":[{"damage":0,"enemies":"Cultist","floor":1,"turns":4},{"damage":0,"enemies":"Small Slimes","floor":5,"turns":2},{"damage":12,"enemies":"Lagavulin","floor":6,"turns":4},{"damage":27,"enemies":"3 Sentries","floor":8,"turns":6},{"damage":0,"enemies":"2 Louse","floor":12,"turns":1},{"damage":24,"enemies":"Gremlin Nob","floor":14,"turns":3},{"damage":71,"enemies":"Fading Forest","floor":16,"turns":9}],"seed_played":"-7980067518400355342","potions_obtained":[{"floor":1,"key":"DuplicationPotion"},{"floor":5,"key":"GamblersBrew"},{"floor":12,"key":"Ancient Potion"}],"is_trial":false,"path_per_floor":["M","T","?","?","M","E","R","E","T","R","?","M","$","E","R_BF","B"],"character_chosen":"WATCHER","items_purchased":["MerchantsRug"],"campfire_rested":2,"item_purchase_floors":[13],"current_hp_per_floor":[72,72,72,65,65,53,53,26,26,47,47,47,47,23,44,0,0],"gold":101,"neow_bonus":"BOSS_RELIC","is_daily":false,"chose_seed":false,"campfire_upgraded":0,"win_rate":0,"timestamp":1607622382,"path_taken":["M","?","?","?","M","E","R","E","T","R","?","M","$","E","R_BF","BOSS"],"build_version":"2020-11-30","purchased_purges":1,"victory":false,"max_hp_per_floor":[72,72,72,72,72,72,72,72,72,72,72,72,72,72,72,72,72],"card_choices":[{"not_picked":["EmptyBody"],"picked":"SKIP","floor":1},{"not_picked":["FlyingSleeves"],"picked":"SKIP","floor":5},{"not_picked":["EmptyFist"],"picked":"SKIP","floor":6},{"not_picked":["EmptyFist"],"picked":"SKIP","floor":6},{"not_picked":["Protect"],"picked":"SKIP","floor":8},{"not_picked":[],"picked":"Wireheading","floor":12},{"not_picked":[],"picked":"TalkToTheHand","floor":14}],"player_experience":710127,"relics_obtained":[{"floor":6,"key":"Centennial Puzzle"},{"floor":8,"key":"hubris:AstralHammer"},{"floor":9,"key":"ReplayFunnel"},{"floor":14,"key":"Whetstone"}],"event_choices":[{"cards_removed":["Defend_P"],"damage_healed":0,"gold_gain":0,"player_choice":"Card Removal","damage_taken":0,"max_hp_gain":0,"max_hp_loss":0,"event_name":"The Cleric","floor":3,"gold_loss":50},{"cards_removed":["Defend_P"],"damage_healed":0,"gold_gain":0,"player_choice":"Card Removal","damage_taken":7,"max_hp_gain":0,"max_hp_loss":0,"event_name":"Golden Wing","floor":4,"gold_loss":0}],"is_beta":false,"boss_relics":[],"items_purged_floors":[13],"is_endless":false,"potions_floor_spawned":[1,5,12],"killed_by":"Fading Forest","ascension_level":3}}