{"host":"j06fkfseroga8i8e","time":1607565101,"event":{"gold_per_floor":[111,286,286,286,305,305,339,370,393,393,92,92,92,161,161,161,161],"floor_reached":16,"playtime":423,"items_purged":["Doubt"],"score":131,"play_id":"145f4912-8833-462e-8475-3fdeaa08727e","local_time":"20201209205141","is_ascension_mode":false,"campfire_choices":[{"data":"hermit:GoldenBullet","floor":6.0,"key":"SMITH"},{"data":"hermit:DeadOrAlive","floor":10.0,"key":"SMITH"},{"data":"hermit:TakeAim","floor":13.0,"key":"SMITH"},{"data":"hermit:Midnight","floor":15.0,"key":"SMITH"}],"neow_cost":"NONE","seed_source_timestamp":10463185078600,"circlet_count":0,"master_deck":["hermit:Strike_Hermit","hermit:Strike_Hermit","hermit:Strike_Hermit","hermit:Strike_Hermit","hermit:Defend_Hermit","hermit:Defend_Hermit","hermit:Defend_Hermit","hermit:Defend_Hermit","hermit:Snapshot","hermit:Covet","hermit:ItchyTrigger+1","hermit:GoldenBullet+1","hermit:DeadOrAlive+1","hermit:BigShot","hermit:TakeAim+1","hermit:Midnight+1"],"special_seed":0,"relics":["hermit:Momento","NeowsBlessing","Regal Pillow","Happy Flower","Sling","Bag of Preparation"],"potions_floor_usage":[16],"damage_taken":[{"damage":0.0,"enemies":"Jaw Worm","floor":1.0,"turns":1.0},{"damage":0.0,"enemies":"Small Slimes","floor":5.0,"turns":1.0},{"damage":0.0,"enemies":"Gremlin Nob","floor":7.0,"turns":1.0},{"damage":1.0,"enemies":"Cultist","floor":8.0,"turns":3.0},{"damage":21.0,"enemies":"3 Sentries","floor":14.0,"turns":6.0},{"damage":55,"enemies":"Hexaghost","floor":16,"turns":9}],"seed_played":"-2453533892279462393","potions_obtained":[{"floor":5.0,"key":"SmokeBomb"},{"floor":7.0,"key":"Explosive Potion"},{"floor":12.0,"key":"LiquidMemories"}],"is_trial":false,"path_per_floor":["M","?","?","?","M","R","E","M","T","R","$","?","R","E","R","B"],"character_chosen":"HERMIT","items_purchased":["hermit:TakeAim","Sling"],"campfire_rested":0,"item_purchase_floors":[11,11],"current_hp_per_floor":[75,75,75,75,75,75,75,74,74,74,74,74,74,53,53,0,0],"gold":161,"neow_bonus":"THREE_ENEMY_KILL","is_prod":false,"is_daily":false,"chose_seed":false,"campfire_upgraded":4,"win_rate":0.0,"timestamp":1607565101,"path_taken":["M","?","?","?","M","R","E","M","T","R","?","?","R","E","R","BOSS"],"build_version":"2020-11-30","purchased_purges":1,"victory":false,"max_hp_per_floor":[75,75,75,75,75,75,75,75,75,75,75,75,75,75,75,75,75],"relic_stats":{"Regal Pillow":0,"Happy Flower":[5],"counters":[6,21],"Bag of Preparation":[2],"obtain_stats":[{"Regal Pillow":7,"NeowsBlessing":0,"Happy Flower":9,"Bag of Preparation":14,"Sling":11,"hermit:Momento":0},{"Regal Pillow":3,"NeowsBlessing":0,"Happy Flower":4,"Bag of Preparation":5,"Sling":4,"hermit:Momento":0},{"Regal Pillow":3,"NeowsBlessing":0,"Happy Flower":6,"Bag of Preparation":12,"Sling":6,"hermit:Momento":0}]},"card_choices":[{"not_picked":["hermit:Dive","hermit:Enervate"],"picked":"hermit:ItchyTrigger","floor":1.0},{"not_picked":["hermit:NoHoldsBarred","hermit:Scavenge"],"picked":"hermit:GoldenBullet","floor":5.0},{"not_picked":["hermit:EyeOfTheStorm","hermit:Quickdraw"],"picked":"hermit:DeadOrAlive","floor":7.0},{"not_picked":["hermit:HoleUp","hermit:EyeOfTheStorm"],"picked":"hermit:BigShot","floor":8.0},{"not_picked":["hermit:TakeAim","hermit:Dive"],"picked":"hermit:Midnight","floor":14.0}],"player_experience":497585,"relics_obtained":[{"floor":7.0,"key":"Regal Pillow"},{"floor":9.0,"key":"Happy Flower"},{"floor":14.0,"key":"Bag of Preparation"}],"event_choices":[{"damage_healed":0.0,"max_hp_gain":0.0,"max_hp_loss":0.0,"gold_gain":175.0,"event_name":"Liars Game","player_choice":"AGREE","floor":2.0,"gold_loss":0.0,"damage_taken":0.0,"cards_obtained":["Doubt"]},{"damage_healed":0.0,"max_hp_gain":0.0,"max_hp_loss":0.0,"gold_gain":0.0,"event_name":"Shining Light","player_choice":"Ignored","floor":3.0,"gold_loss":0.0,"damage_taken":0.0},{"damage_healed":0.0,"max_hp_gain":0.0,"max_hp_loss":0.0,"gold_gain":0.0,"event_name":"Living Wall","player_choice":"Grow","floor":4.0,"gold_loss":0.0,"damage_taken":0.0,"cards_upgraded":["hermit:ItchyTrigger"]},{"damage_healed":0.0,"max_hp_gain":0.0,"max_hp_loss":0.0,"gold_gain":0.0,"event_name":"Lab","player_choice":"Got Potions","floor":12.0,"gold_loss":0.0,"damage_taken":0.0}],"is_beta":false,"boss_relics":[],"items_purged_floors":[11],"is_endless":false,"potions_floor_spawned":[5,7],"killed_by":"Hexaghost","ascension_level":0}}