{"host":"u5hfrceatticevdm","time":1607576126,"event":{"gold_per_floor":[110,122,7,18,18,18,18,18,41,69,88,122,122,63,63,166,166,180,190,130,57,57,57,57,67,114,114,114,148,167,167,167],"floor_reached":31,"playtime":1599,"items_purged":[],"score":261,"play_id":"943694c2-aa7d-47e6-b591-337efd06bc2b","local_time":"20201209235526","is_ascension_mode":false,"campfire_choices":[{"floor":6,"key":"REST"},{"floor":8,"key":"REST"},{"floor":15,"key":"REST"},{"floor":23,"key":"REST"},{"floor":28,"key":"REST"}],"neow_cost":"PERCENT_DAMAGE","seed_source_timestamp":1136541100431900,"circlet_count":0,"master_deck":["Strike_B","Strike_B","Strike_B","Strike_B","Defend_B","Defend_B","Defend_B","Defend_B","Zap","Dualcast","Electrodynamics","StuffTheSpire:NuclearReactor","Static Discharge","Ball Lightning","Self Repair","StuffTheSpire:LoadUp","hubris:PowerSurge","hubris:PowerSurge","Machine Learning","StuffTheSpire:Plugnplay","LessonLearned","Protect","Coolheaded"],"relics":["Cracked Core","Pet Ghost","Juzu Bracelet","halation:KoshaPiece","hubris:Spice","aspiration:WatcherSkillbook","vexMod:MemoryStick","Molten Egg 2"],"potions_floor_usage":[30,31],"damage_taken":[{"damage":15,"enemies":"Cultist","floor":1,"turns":4},{"damage":6,"enemies":"2 Louse","floor":2,"turns":2},{"damage":11,"enemies":"Jaw Worm","floor":4,"turns":3},{"damage":31,"enemies":"3 Sentries","floor":10,"turns":3},{"damage":0,"enemies":"Blue Slaver","floor":11,"turns":2},{"damage":16,"enemies":"Gremlin Nob","floor":12,"turns":3},{"damage":45,"enemies":"Fading Forest","floor":16,"turns":11},{"damage":25,"enemies":"2 Thieves","floor":18,"turns":2},{"damage":19,"enemies":"Shell Parasite","floor":19,"turns":3},{"damage":20,"enemies":"Snake Plant","floor":25,"turns":2},{"damage":51,"enemies":"Book of Stabbing","floor":29,"turns":4},{"damage":30,"enemies":"Shelled Parasite and Fungi","floor":30,"turns":3},{"damage":14,"enemies":"Centurion and Healer","floor":31,"turns":2}],"seed_played":"8416948195044246617","potions_obtained":[{"floor":11,"key":"hexamod:EctoCoolerPotion"},{"floor":12,"key":"AttackPotion"},{"floor":16,"key":"FocusPotion"}],"is_trial":false,"path_per_floor":["M","M","$","M","?","R","?","R","T","E","M","E","T","?","R","B",null,"M","M","?","$","?","R","?","M","T","T","R","E","M","M"],"character_chosen":"DEFECT","items_purchased":["Static Discharge","Ball Lightning","LessonLearned"],"campfire_rested":5,"item_purchase_floors":[3,3,21],"current_hp_per_floor":[39,33,33,22,22,44,44,66,66,35,42,33,33,41,65,51,83,65,53,53,53,53,77,77,57,57,57,81,37,14,0,0],"gold":167,"neow_bonus":"THREE_RARE_CARDS","is_prod":false,"is_daily":false,"chose_seed":false,"campfire_upgraded":0,"win_rate":0,"timestamp":1607576126,"path_taken":["M","M","$","?","?","R","?","R","T","E","M","E","?","?","R","BOSS","M","M","?","$","?","R","?","M","T","?","R","E","M","M"],"build_version":"2020-11-30","purchased_purges":0,"victory":false,"max_hp_per_floor":[75,75,75,75,75,75,75,75,75,75,75,75,75,83,83,83,83,83,83,83,83,83,83,83,83,83,83,83,83,83,83,83],"card_choices":[{"not_picked":["StuffTheSpire:LaunchingStrike","ReplayTheSpireMod:Omega Cannon"],"picked":"Electrodynamics","floor":0},{"not_picked":["BasicCrystalCard","Redo","Sweeping Beam"],"picked":"SKIP","floor":1},{"not_picked":["Crystallizer","Gash"],"picked":"StuffTheSpire:NuclearReactor","floor":2},{"not_picked":["DiskWipe","Coolheaded"],"picked":"Self Repair","floor":4},{"not_picked":["ReplayTheSpireMod:Omega Cannon","Barrage"],"picked":"StuffTheSpire:LoadUp","floor":10},{"not_picked":["Hologram","BasicCrystalCard"],"picked":"hubris:PowerSurge","floor":11},{"not_picked":["Panic Button","ReplayTheSpireMod:Omega Cannon"],"picked":"hubris:PowerSurge","floor":12},{"not_picked":["Reboot","Biased Cognition"],"picked":"Machine Learning","floor":16},{"not_picked":["Wireheading","Replay:Vibes+1","EmptyBody"],"picked":"StuffTheSpire:Plugnplay","floor":18},{"not_picked":["Replay:DivineShield","Compile Driver+1","Redo","Evaluate"],"picked":"SKIP","floor":19},{"not_picked":["Wireheading+1","Replay:Vibes","Rebound"],"picked":"Protect","floor":25},{"not_picked":["Beam Cell+1","Chaos","Streamline+1"],"picked":"Coolheaded","floor":29},{"not_picked":["Wallop+1","Replay:ManipulateFuture","ClearTheMind+1","Go for the Eyes+1"],"picked":"SKIP","floor":30}],"player_experience":746872,"relics_obtained":[{"floor":10,"key":"Pet Ghost"},{"floor":12,"key":"Juzu Bracelet"},{"floor":13,"key":"halation:KoshaPiece"},{"floor":26,"key":"vexMod:MemoryStick"},{"floor":27,"key":"Molten Egg 2"}],"event_choices":[{"damage_healed":0,"gold_gain":0,"player_choice":"Paid Gold","damage_taken":0,"relics_obtained":["hubris:Spice"],"max_hp_gain":0,"max_hp_loss":0,"event_name":"WeMeetAgain","floor":14,"gold_loss":59},{"damage_healed":0,"gold_gain":0,"player_choice":"Opened","damage_taken":0,"relics_obtained":["aspiration:AnachronicSnailShell"],"max_hp_gain":0,"max_hp_loss":0,"event_name":"The Mausoleum","floor":22,"gold_loss":0}],"is_beta":false,"boss_relics":[{"not_picked":["vexMod:EndlessSickness","Pandora\u0027s Box"],"picked":"aspiration:WatcherSkillbook"}],"items_purged_floors":[],"is_endless":false,"potions_floor_spawned":[11,12,16,18,19,29],"killed_by":"Centurion and Healer","ascension_level":0}}