{"host":"7tvb1em0d2fx72q7","time":1607637012,"event":{"mods":["BaseMod","Minty Spire (QoL Compilation)","Challenge The Spire","StSLib","everything is the same but u backflip on backflip"],"gold_per_floor":[110,15,15,84,6,41,41,13,13,29,29,62,75,109,109,187,187,207,79,79,98,109,109,144,44,67,67,77,77,109,128,128,128,128],"floor_reached":33,"playtime":2084,"items_purged":["Strike_G","Strike_G"],"score":636,"play_id":"1be65d3d-b2cb-4049-bfcd-db96dd3cb47a","local_time":"20201210165012","is_ascension_mode":true,"campfire_choices":[{"data":"Deadly Poison","floor":7.0,"key":"SMITH"},{"data":"Predator","floor":11.0,"key":"SMITH"},{"floor":15.0,"key":"REST"},{"floor":23.0,"key":"REST"},{"floor":27.0,"key":"REST"},{"data":"Ghostly","floor":32.0,"key":"SMITH"}],"circlet_count":0,"master_deck":["AscendersBane","Strike_G","Strike_G","Defend_G","Defend_G","Defend_G","Defend_G","Defend_G","Survivor","Neutralize","Dash","Slice","Infinite Blades","Quick Slash","PiercingWail","Deadly Poison+1","Poisoned Stab","Predator+1","Finisher","Dagger Spray","Crippling Poison","A Thousand Cuts","Terror","Cloak And Dagger","Ghostly","Ghostly","Ghostly+1","Bullet Time","Cloak And Dagger"],"special_seed":0,"relics":["Ring of the Snake","NeowsBlessing","Darkstone Periapt","Torii","Mummified Hand","Shuriken","Toy Ornithopter","Runic Pyramid","Akabeko","Oddly Smooth Stone","Calipers"],"acts_visited":["Exordium","TheCity"],"potions_floor_usage":[33],"damage_taken":[{"damage":0.0,"enemies":"Cultist","floor":1.0,"turns":1.0},{"damage":0.0,"enemies":"Lagavulin","floor":6.0,"turns":1.0},{"damage":0.0,"enemies":"Jaw Worm","floor":10.0,"turns":1.0},{"damage":23.0,"enemies":"Gremlin Nob","floor":12.0,"turns":4.0},{"damage":0.0,"enemies":"Small Slimes","floor":13.0,"turns":3.0},{"damage":11.0,"enemies":"3 Sentries","floor":14.0,"turns":5.0},{"damage":11.0,"enemies":"Hexaghost","floor":16.0,"turns":9.0},{"damage":10.0,"enemies":"3 Byrds","floor":18.0,"turns":5.0},{"damage":13.0,"enemies":"Spheric Guardian","floor":21.0,"turns":4.0},{"damage":16.0,"enemies":"Shelled Parasite and Fungi","floor":22.0,"turns":6.0},{"damage":20.0,"enemies":"Gremlin Leader","floor":24.0,"turns":7.0},{"damage":0.0,"enemies":"Snecko","floor":28.0,"turns":3.0},{"damage":19.0,"enemies":"Book of Stabbing","floor":30.0,"turns":6.0},{"damage":1.0,"enemies":"Snake Plant","floor":31.0,"turns":5.0},{"damage":28,"enemies":"Champ","floor":33,"turns":2}],"seed_played":"5353072765900627315","potions_obtained":[{"floor":6.0,"key":"EssenceOfSteel"},{"floor":10.0,"key":"SteroidPotion"},{"floor":12.0,"key":"Strength Potion"},{"floor":18.0,"key":"Weak Potion"},{"floor":21.0,"key":"CultistPotion"},{"floor":22.0,"key":"DuplicationPotion"},{"floor":28.0,"key":"ColorlessPotion"},{"floor":31.0,"key":"Poison Potion"}],"is_trial":false,"path_per_floor":["M","$","?","T","$","E","R","$","T","M","R","E","M","E","R","B",null,"M","$","?","M","M","R","E","$","T","R","M","?","E","M","R","B"],"character_chosen":"THE_SILENT","items_purchased":["Slice","Infinite Blades","Quick Slash","PiercingWail","Poisoned Stab","Cloak And Dagger"],"campfire_rested":3,"item_purchase_floors":[2,2,5,5,8,19],"current_hp_per_floor":[59,59,52,52,52,52,52,52,52,52,52,29,29,18,37,26,56,46,46,28,20,4,25,10,10,10,31,31,31,17,16,16,0,0],"gold":128,"neow_bonus":"THREE_ENEMY_KILL","is_daily":false,"chose_seed":false,"campfire_upgraded":3,"win_rate":0,"timestamp":1607637012,"path_taken":["M","$","?","?","?","E","R","$","T","M","R","E","M","E","R","BOSS","M","?","?","M","M","R","E","?","T","R","?","?","E","M","R","BOSS"],"build_version":"2020-11-30","purchased_purges":2,"victory":false,"max_hp_per_floor":[66,66,66,66,66,66,66,66,66,66,66,66,66,66,66,66,66,66,66,71,71,71,71,71,71,71,71,71,35,35,35,35,35,35],"card_choices":[{"not_picked":["Cloak And Dagger","Riddle With Holes"],"picked":"Dash","floor":1.0},{"not_picked":["Deflect","Setup"],"picked":"Deadly Poison","floor":6.0},{"not_picked":["Flying Knee","Distraction"],"picked":"Predator","floor":10.0},{"not_picked":["Masterful Stab","Deflect"],"picked":"Finisher","floor":12.0},{"not_picked":["Finisher","Flechettes"],"picked":"Dagger Spray","floor":13.0},{"not_picked":["Burst","Deadly Poison"],"picked":"Crippling Poison","floor":14.0},{"not_picked":["Burst","Glass Knife"],"picked":"A Thousand Cuts","floor":16.0},{"not_picked":["Sucker Punch","Prepared"],"picked":"Terror","floor":18.0},{"not_picked":["Dagger Spray","Reflex","Terror"],"picked":"SKIP","floor":21.0},{"not_picked":["Flying Knee+1","Dodge and Roll","Quick Slash"],"picked":"SKIP","floor":22.0},{"not_picked":["Bane","Finisher","Acrobatics"],"picked":"SKIP","floor":24.0},{"not_picked":["Bane","Dagger Throw","Deadly Poison"],"picked":"SKIP","floor":28.0},{"not_picked":["All Out Attack","Acrobatics+1"],"picked":"Bullet Time","floor":30.0},{"not_picked":["Prepared","Deadly Poison"],"picked":"Cloak And Dagger","floor":31.0}],"player_experience":1807509,"relics_obtained":[{"floor":4.0,"key":"Darkstone Periapt"},{"floor":6.0,"key":"Torii"},{"floor":9.0,"key":"Mummified Hand"},{"floor":12.0,"key":"Shuriken"},{"floor":14.0,"key":"Toy Ornithopter"},{"floor":24.0,"key":"Akabeko"},{"floor":26.0,"key":"Oddly Smooth Stone"},{"floor":30.0,"key":"Calipers"}],"event_choices":[{"cards_removed":["Strike_G"],"damage_healed":0.0,"max_hp_gain":0.0,"max_hp_loss":0.0,"gold_gain":0.0,"event_name":"Golden Wing","player_choice":"Card Removal","floor":3.0,"gold_loss":0.0,"damage_taken":7.0},{"damage_healed":0.0,"max_hp_gain":5.0,"max_hp_loss":0.0,"gold_gain":0.0,"event_name":"Forgotten Altar","player_choice":"Shed Blood","floor":20.0,"gold_loss":0.0,"damage_taken":23.0},{"damage_healed":0.0,"max_hp_gain":0.0,"max_hp_loss":36.0,"gold_gain":0.0,"event_name":"Ghosts","player_choice":"Became a Ghost","floor":29.0,"gold_loss":0.0,"damage_taken":0.0,"cards_obtained":["Ghostly","Ghostly","Ghostly"]}],"is_beta":false,"boss_relics":[{"not_picked":["WristBlade","Ring of the Serpent"],"picked":"Runic Pyramid"}],"items_purged_floors":[19,25],"is_endless":false,"potions_floor_spawned":[6,10,12,18,21,22,28,31],"killed_by":"Champ","ascension_level":19}}