{"host":"0vkf1k7bkmi4whcf","time":1607602216,"event":{"gold_per_floor":[132,132,132,145,155,155,190,204,228,248,261,279,33,68,68,142,142,152,152,67,67,39,67,67,67],"floor_reached":24,"playtime":1251,"items_purged":[],"score":418,"play_id":"662c65cc-2601-4e08-8fdf-d4970e737706","local_time":"20201210131016","is_ascension_mode":true,"campfire_choices":[{"data":"Apotheosis","floor":6,"key":"SMITH"},{"floor":15,"key":"REST"}],"neow_cost":"NONE","seed_source_timestamp":1755431324500,"circlet_count":0,"master_deck":["AscendersBane","AT_purpleEX","AT_purpleEX","Defend_purpleEX","Defend_purpleEX","Defend_purpleEX+1","Observe_purple_1","Observe_purple_2","AdvanceAttack_purple","Apotheosis+1","StateErode_purple","SharpContractionReality_purple","BarrageBoundary_PipeDream_purple","DimensionStaggered_purple","MetroBOOM_purple","OpenedBox_purple","D_absorption_purple+1","Charmbait_purple","MeetDecomposer_purple","CommonSense_AntiCommonSense_purple","MNeedle_purple","OmniscientAndOmnipotent_Monster_purple","Monsters_DoubleDeathButterfly_purple","Price_of_realm_purpleEX+1","MonsterNeedle_purple+1","Umbrella_purple+1","MonsterNeedle_purple","RuleDissolution_purple","ExistenceContinue_purple+1"],"relics":["Boundary_crack","Memoryfragments_purpleEX","Blood Vial","War Paint","Astrolabe","Protect_Vest","Antimatter_spacedebris"],"potions_floor_usage":[],"damage_taken":[{"damage":3,"enemies":"Cultist","floor":1,"turns":4},{"damage":0,"enemies":"Jaw Worm","floor":4,"turns":4},{"damage":9,"enemies":"Small Slimes","floor":5,"turns":4},{"damage":31,"enemies":"Gremlin Nob","floor":7,"turns":4},{"damage":4,"enemies":"3 Louse","floor":8,"turns":5},{"damage":4,"enemies":"Exordium Wildlife","floor":10,"turns":4},{"damage":3,"enemies":"Looter","floor":11,"turns":4},{"damage":8,"enemies":"2 Fungi Beasts","floor":12,"turns":3},{"damage":16,"enemies":"3 Sentries","floor":14,"turns":8},{"damage":11,"enemies":"Hexaghost","floor":16,"turns":11},{"damage":20,"enemies":"Shell Parasite","floor":18,"turns":7},{"damage":21,"enemies":"Gremlin Leader","floor":23,"turns":7},{"damage":37,"enemies":"3 Byrds","floor":24,"turns":5}],"seed_played":"5270413830651414633","potions_obtained":[{"floor":4,"key":"DemoMod:LeadSkinPotion"},{"floor":7,"key":"SpeedPotion"}],"is_trial":false,"path_per_floor":["M","?","?","M","M","R","E","M","T","M","M","M","$","E","R","B",null,"M","?","?","$","$","E","M"],"character_chosen":"Youkari","items_purchased":["Charmbait_purple","MeetDecomposer_purple","CommonSense_AntiCommonSense_purple","MNeedle_purple","RuleDissolution_purple"],"campfire_rested":1,"item_purchase_floors":[13,13,13,13,22],"current_hp_per_floor":[64,64,64,68,60,60,30,28,28,31,32,30,30,21,42,36,62,54,54,54,54,54,35,0,0],"gold":67,"neow_bonus":"TEN_PERCENT_HP_BONUS","is_prod":false,"is_daily":false,"chose_seed":false,"campfire_upgraded":1,"win_rate":0,"timestamp":1607602216,"path_taken":["M","?","?","M","M","R","E","M","T","M","M","M","?","E","R","BOSS","M","?","?","?","$","E","M"],"build_version":"2020-11-30","purchased_purges":0,"victory":false,"max_hp_per_floor":[71,71,71,71,71,71,71,71,71,71,71,71,71,71,71,71,71,71,71,71,71,71,71,71,71],"relic_stats":{"Blood Vial":18,"counters":[13,70],"Astrolabe":["Price_of_realm_purpleEX","MonsterNeedle_purple","Umbrella_purple"],"War Paint":["D_absorption_purple","Defend_purpleEX"],"obtain_stats":[{"Blood Vial":7,"Antimatter_spacedebris":23,"Astrolabe":17,"DemoMod:GlassGuonStoneRelic":4,"Protect_Vest":20,"Boundary_crack":0,"War Paint":14,"Memoryfragments_purpleEX":0},{"Blood Vial":4,"Antimatter_spacedebris":12,"Astrolabe":10,"DemoMod:GlassGuonStoneRelic":2,"Protect_Vest":11,"Boundary_crack":0,"War Paint":9,"Memoryfragments_purpleEX":0},{"Blood Vial":16,"Antimatter_spacedebris":65,"Astrolabe":51,"DemoMod:GlassGuonStoneRelic":8,"Protect_Vest":58,"Boundary_crack":0,"War Paint":40,"Memoryfragments_purpleEX":0}]},"card_choices":[{"not_picked":["Mirror_WaveAndshot_purple","ExistenceContinue_purple"],"picked":"AdvanceAttack_purple","floor":1},{"not_picked":["Boundary_DreamRealityDamnation_purple","Extrememeaning_purpleEX"],"picked":"StateErode_purple","floor":4},{"not_picked":["Mirror_WaveAndshot_purple","SfantasyHide_purple"],"picked":"SharpContractionReality_purple","floor":5},{"not_picked":["PositiveMatter_Antimatter_Universe_purple","MNeedle_purple"],"picked":"BarrageBoundary_PipeDream_purple","floor":7},{"not_picked":["PositiveMatter_Antimatter_Universe_purple","StateDuplicate_purple"],"picked":"DimensionStaggered_purple","floor":8},{"not_picked":["StateErode_purple","AdvanceAttack_purple"],"picked":"MetroBOOM_purple","floor":10},{"not_picked":["Realm_recovery_purpleEX","FragmentationRealm_purple"],"picked":"OpenedBox_purple","floor":11},{"not_picked":["CommonSense_AntiCommonSense_purple","Boundary_ObjectiveBoundary_purple"],"picked":"D_absorption_purple","floor":12},{"not_picked":["MeetDecomposer_purple","StretchesForeverDream_purple"],"picked":"OmniscientAndOmnipotent_Monster_purple","floor":14},{"not_picked":["ProofOfUnderstanding_purple","Fancifulhole_purple"],"picked":"Monsters_DoubleDeathButterfly_purple","floor":16},{"not_picked":["ExistenceContinue_purple","StateErode_purple"],"picked":"MonsterNeedle_purple","floor":18},{"not_picked":["AdvanceAttack_purple+1","OpenedBox_purple"],"picked":"ExistenceContinue_purple+1","floor":23}],"player_experience":700055,"relics_obtained":[{"floor":7,"key":"Blood Vial"},{"floor":14,"key":"War Paint"},{"floor":23,"key":"Antimatter_spacedebris"}],"event_choices":[{"damage_healed":64,"gold_gain":0,"player_choice":"Embrace","damage_taken":0,"max_hp_gain":0,"max_hp_loss":71,"event_name":"betterThird:BetterShining","floor":2,"gold_loss":0},{"damage_healed":0,"gold_gain":0,"player_choice":"Ignored","damage_taken":0,"max_hp_gain":0,"max_hp_loss":0,"event_name":"Golden Wing","floor":3,"gold_loss":0},{"damage_healed":0,"gold_gain":0,"player_choice":"Ignored","damage_taken":0,"max_hp_gain":0,"max_hp_loss":0,"event_name":"Ghosts","floor":19,"gold_loss":0},{"damage_healed":0,"gold_gain":0,"player_choice":"Obtained Relic","damage_taken":0,"relics_obtained":["Protect_Vest"],"max_hp_gain":0,"max_hp_loss":0,"event_name":"Addict","floor":20,"gold_loss":85}],"is_beta":false,"boss_relics":[{"not_picked":["RedLine:ReiMu","Coffee Dripper"],"picked":"Astrolabe"}],"items_purged_floors":[],"is_endless":false,"potions_floor_spawned":[4,7,8,11,16],"killed_by":"3 Byrds","ascension_level":17}}