{"host":"6wux4armhsntp4yb","time":1607594051,"event":{"gold_per_floor":[111,111,125,125,275,275,44,44,44,44,76,93,118,41,41,118,118,128,146,0,0,20,20,49,60,60,90,109,109,109,122,122,195,195,207,207,207,220,63,98,123,123,148,183,183,217,267,267,267,267,267,267,267,58,58,58],"floor_reached":55,"playtime":3436,"items_purged":["Doubt","Strike_G+1"],"score":2048,"play_id":"caef655e-3f53-44ef-92b8-2f1622dc8943","local_time":"20201210185411","is_ascension_mode":true,"campfire_choices":[{"data":"Neutralize","floor":6.0,"key":"SMITH"},{"data":"Catalyst","floor":8.0,"key":"SMITH"},{"data":"Catalyst","floor":15.0,"key":"SMITH"},{"data":"Burst","floor":23.0,"key":"SMITH"},{"data":"Footwork","floor":30.0,"key":"SMITH"},{"data":"Well Laid Plans","floor":32.0,"key":"SMITH"},{"data":"Noxious Fumes","floor":42.0,"key":"SMITH"},{"floor":45.0,"key":"RECALL"},{"data":"Crippling Poison","floor":49.0,"key":"SMITH"},{"data":"Strike_G+1","floor":53,"key":"PURGE"}],"neow_cost":"NONE","seed_source_timestamp":0,"circlet_count":0,"master_deck":["AscendersBane","Strike_G+1","Strike_G+1","Defend_G+1","Defend_G+1","Defend_G+1","Defend_G+1","Defend_G+1","Survivor","Neutralize+1","Noxious Fumes+1","PiercingWail","Predator","Catalyst+1","Noxious Fumes+1","Deadly Poison","Catalyst+1","Burst+1","Footwork+1","Leg Sweep","Well Laid Plans+1","Die Die Die","Master of Strategy","Master of Strategy","Violence","Bullet Time","Crippling Poison+1","Skewer"],"special_seed":0,"relics":["Ring of the Snake","NeowsBlessing","Lantern","Meat on the Bone","Pear","Lizard Tail","Philosopher\u0027s Stone","StrikeDummy","Anchor","CaptainsWheel","SacredBark","OrangePellets","Happy Flower","Peace Pipe","Eternal Feather","Bag of Preparation","Calipers"],"potions_floor_usage":[51],"damage_taken":[{"damage":0.0,"enemies":"2 Louse","floor":1.0,"turns":1.0},{"damage":0.0,"enemies":"Cultist","floor":3.0,"turns":1.0},{"damage":0.0,"enemies":"Gremlin Nob","floor":11.0,"turns":1.0},{"damage":4.0,"enemies":"Jaw Worm","floor":12.0,"turns":4.0},{"damage":36.0,"enemies":"3 Sentries","floor":13.0,"turns":6.0},{"damage":13.0,"enemies":"Hexaghost","floor":16.0,"turns":6.0},{"damage":2.0,"enemies":"2 Thieves","floor":18.0,"turns":4.0},{"damage":0.0,"enemies":"Chosen","floor":19.0,"turns":2.0},{"damage":8.0,"enemies":"Shelled Parasite and Fungi","floor":22.0,"turns":5.0},{"damage":14.0,"enemies":"Gremlin Leader","floor":24.0,"turns":4.0},{"damage":6.0,"enemies":"Snake Plant","floor":25.0,"turns":4.0},{"damage":42.0,"enemies":"Slavers","floor":27.0,"turns":6.0},{"damage":14.0,"enemies":"Centurion and Healer","floor":28.0,"turns":6.0},{"damage":0.0,"enemies":"Chosen and Byrds","floor":29.0,"turns":2.0},{"damage":0.0,"enemies":"Snecko","floor":31.0,"turns":5.0},{"damage":26.0,"enemies":"Collector","floor":33.0,"turns":5.0},{"damage":0.0,"enemies":"3 Shapes","floor":35.0,"turns":3.0},{"damage":17.0,"enemies":"3 Darklings","floor":38.0,"turns":7.0},{"damage":22.0,"enemies":"Nemesis","floor":40.0,"turns":9.0},{"damage":3.0,"enemies":"Mind Bloom Boss Battle","floor":41.0,"turns":6.0},{"damage":0.0,"enemies":"Reptomancer","floor":44.0,"turns":5.0},{"damage":4.0,"enemies":"Giant Head","floor":46.0,"turns":6.0},{"damage":13.0,"enemies":"2 Orb Walkers","floor":47.0,"turns":3.0},{"damage":4.0,"enemies":"Time Eater","floor":50.0,"turns":4.0},{"damage":28,"enemies":"Awakened One","floor":51,"turns":8},{"damage":121,"enemies":"Shield and Spear","floor":55,"turns":6}],"seed_played":"3965234119255398102","potions_obtained":[{"floor":1.0,"key":"GamblersBrew"},{"floor":12.0,"key":"Block Potion"},{"floor":16.0,"key":"Poison Potion"},{"floor":19.0,"key":"EssenceOfSteel"},{"floor":24.0,"key":"SmokeBomb"},{"floor":28.0,"key":"GamblersBrew"},{"floor":35.0,"key":"ColorlessPotion"},{"floor":38.0,"key":"CultistPotion"},{"floor":44.0,"key":"SkillPotion"},{"floor":47.0,"key":"GamblersBrew"}],"is_trial":false,"path_per_floor":["M","?","M","?","?","R","$","R","T","?","E","M","E","$","R","B",null,"M","M","?","?","M","R","E","M","T","E","M","M","R","M","R","B",null,"M","?","?","M","$","E","?","R","T","E","R","E","?","?","R","B","B",null,"R","$","E"],"character_chosen":"THE_SILENT","items_purchased":["Predator","Catalyst","Catalyst","OrangePellets","EntropicBrew"],"campfire_rested":0,"item_purchase_floors":[7,7,14,39,54],"current_hp_per_floor":[59,59,59,59,59,59,59,59,59,59,69,65,41,41,41,40,67,65,65,65,65,57,57,43,49,49,19,17,29,29,41,41,27,64,64,64,54,49,49,39,48,48,48,48,66,62,49,49,67,63,47,69,76,76,0,0],"gold":58,"neow_bonus":"THREE_ENEMY_KILL","is_prod":false,"is_daily":false,"chose_seed":false,"campfire_upgraded":8,"win_rate":0,"timestamp":1607594051,"path_taken":["M","?","M","?","?","R","?","R","T","?","E","M","E","$","R","BOSS","M","M","?","?","M","R","E","M","T","E","M","M","R","M","R","BOSS","M","?","?","M","$","E","?","R","T","E","R","E","?","?","R","BOSS","BOSS","R","$","E"],"build_version":"2020-11-30","purchased_purges":2,"victory":false,"max_hp_per_floor":[66,66,66,66,66,66,66,66,66,66,76,76,76,76,76,76,76,76,76,76,76,76,76,76,76,76,76,76,76,76,76,76,76,76,76,76,76,76,76,76,76,76,76,76,76,76,76,76,76,76,76,76,76,76,76,76],"relic_stats":{"Peace Pipe":1,"OrangePellets":[6],"Lizard Tail":38,"Happy Flower":[12],"counters":[26,119],"Eternal Feather":43,"Bag of Preparation":[8],"obtain_stats":[{"Lantern":2,"Pear":11,"Calipers":47,"NeowsBlessing":0,"Happy Flower":40,"SacredBark":34,"Eternal Feather":44,"Bag of Preparation":46,"Peace Pipe":41,"OrangePellets":39,"Lizard Tail":13,"Anchor":26,"CaptainsWheel":27,"Philosopher\u0027s Stone":17,"StrikeDummy":24,"Ring of the Snake":0,"Meat on the Bone":9},{"Lantern":1,"Pear":3,"Calipers":23,"NeowsBlessing":0,"Happy Flower":19,"SacredBark":16,"Eternal Feather":21,"Bag of Preparation":22,"Peace Pipe":20,"OrangePellets":18,"Lizard Tail":5,"Anchor":11,"CaptainsWheel":12,"Philosopher\u0027s Stone":6,"StrikeDummy":10,"Ring of the Snake":0,"Meat on the Bone":2},{"Lantern":1,"Pear":3,"Calipers":101,"NeowsBlessing":0,"Happy Flower":81,"SacredBark":62,"Eternal Feather":92,"Bag of Preparation":98,"Peace Pipe":87,"OrangePellets":72,"Lizard Tail":13,"Anchor":38,"CaptainsWheel":44,"Philosopher\u0027s Stone":19,"StrikeDummy":34,"Ring of the Snake":0,"Meat on the Bone":2}],"Ring of the Snake":[52],"Meat on the Bone":144},"card_choices":[{"not_picked":["Flechettes","Outmaneuver"],"picked":"Noxious Fumes","floor":1.0},{"not_picked":["Dodge and Roll","Slice"],"picked":"PiercingWail","floor":3.0},{"not_picked":["Phantasmal Killer","PiercingWail"],"picked":"Noxious Fumes","floor":11.0},{"not_picked":["Flying Knee","Outmaneuver"],"picked":"Deadly Poison","floor":12.0},{"not_picked":["Deadly Poison","Masterful Stab","Accuracy"],"picked":"SKIP","floor":13.0},{"not_picked":["Storm of Steel","Doppelganger"],"picked":"Burst","floor":16.0},{"not_picked":["Deadly Poison","Tactician","Blade Dance"],"picked":"SKIP","floor":18.0},{"not_picked":["Deadly Poison","Tactician","Blade Dance"],"picked":"SKIP","floor":18.0},{"not_picked":["Dash","Prepared","Slice"],"picked":"SKIP","floor":19.0},{"not_picked":["Prepared","Outmaneuver","Skewer"],"picked":"SKIP","floor":22.0},{"not_picked":["Prepared","Outmaneuver","Skewer"],"picked":"SKIP","floor":22.0},{"not_picked":["Choke","Bullet Time"],"picked":"Footwork","floor":24.0},{"not_picked":["Finisher","Blade Dance"],"picked":"Leg Sweep","floor":25.0},{"not_picked":["Deadly Poison","Sucker Punch"],"picked":"Well Laid Plans","floor":27.0},{"not_picked":["Dodge and Roll","Flying Knee","Caltrops"],"picked":"SKIP","floor":28.0},{"not_picked":["Dodge and Roll","Flying Knee","Caltrops"],"picked":"SKIP","floor":28.0},{"not_picked":["Underhanded Strike","Deflect","Slice"],"picked":"SKIP","floor":31.0},{"not_picked":["Glass Knife","Doppelganger"],"picked":"Die Die Die","floor":33.0},{"not_picked":["Deflect+1","Outmaneuver","Dodge and Roll"],"picked":"SKIP","floor":35.0},{"not_picked":["HandOfGreed","Deep Breath"],"picked":"Master of Strategy","floor":37.0},{"not_picked":["Dramatic Entrance","Enlightenment"],"picked":"Master of Strategy","floor":37.0},{"not_picked":["Panache","Dark Shackles"],"picked":"Violence","floor":37.0},{"not_picked":["Outmaneuver+1","Terror","Poisoned Stab"],"picked":"SKIP","floor":38.0},{"not_picked":["Concentrate+1","Cloak And Dagger+1","Outmaneuver+1"],"picked":"SKIP","floor":40.0},{"not_picked":["Concentrate+1","Cloak And Dagger+1","Outmaneuver+1"],"picked":"SKIP","floor":40.0},{"not_picked":["Infinite Blades","All Out Attack"],"picked":"Bullet Time","floor":41.0},{"not_picked":["Dagger Spray","Quick Slash"],"picked":"Crippling Poison","floor":44.0},{"not_picked":["Poisoned Stab+1","Deadly Poison","Blade Dance+1"],"picked":"SKIP","floor":46.0}],"player_experience":5600391,"relics_obtained":[{"floor":9.0,"key":"Meat on the Bone"},{"floor":11.0,"key":"Pear"},{"floor":13.0,"key":"Lizard Tail"},{"floor":24.0,"key":"StrikeDummy"},{"floor":26.0,"key":"Anchor"},{"floor":27.0,"key":"CaptainsWheel"},{"floor":40.0,"key":"Happy Flower"},{"floor":41.0,"key":"Peace Pipe"},{"floor":44.0,"key":"Eternal Feather"},{"floor":46.0,"key":"Bag of Preparation"},{"floor":47.0,"key":"Calipers"}],"event_choices":[{"damage_healed":0.0,"max_hp_gain":0.0,"max_hp_loss":0.0,"gold_gain":0.0,"event_name":"WeMeetAgain","player_choice":"Gave Potion","floor":2.0,"gold_loss":0.0,"damage_taken":0.0,"relics_obtained":["Lantern"]},{"damage_healed":0.0,"max_hp_gain":0.0,"max_hp_loss":0.0,"gold_gain":0.0,"event_name":"Living Wall","player_choice":"Grow","floor":4.0,"gold_loss":0.0,"damage_taken":0.0,"cards_upgraded":["Noxious Fumes"]},{"damage_healed":0.0,"max_hp_gain":0.0,"max_hp_loss":0.0,"gold_gain":150.0,"event_name":"Liars Game","player_choice":"AGREE","floor":5.0,"gold_loss":0.0,"damage_taken":0.0,"cards_obtained":["Doubt"]},{"damage_healed":0.0,"max_hp_gain":0.0,"max_hp_loss":0.0,"gold_gain":0.0,"event_name":"The Cleric","player_choice":"Leave","floor":10.0,"gold_loss":0.0,"damage_taken":0.0},{"damage_healed":0.0,"max_hp_gain":0.0,"max_hp_loss":0.0,"gold_gain":0.0,"event_name":"Masked Bandits","player_choice":"Paid Fearfully","floor":20.0,"gold_loss":146.0,"damage_taken":0.0},{"damage_healed":0.0,"max_hp_gain":0.0,"max_hp_loss":0.0,"gold_gain":0.0,"event_name":"Back to Basics","player_choice":"Simplicity","floor":21.0,"gold_loss":0.0,"damage_taken":0.0,"cards_upgraded":["Strike_G","Strike_G","Strike_G","Strike_G","Strike_G","Defend_G","Defend_G","Defend_G","Defend_G","Defend_G"]},{"damage_healed":0.0,"max_hp_gain":0.0,"max_hp_loss":0.0,"gold_gain":0.0,"event_name":"Tomb of Lord Red Mask","player_choice":"Ignored","floor":36.0,"gold_loss":0.0,"damage_taken":0.0},{"damage_healed":0.0,"max_hp_gain":0.0,"max_hp_loss":0.0,"gold_gain":0.0,"event_name":"SensoryStone","player_choice":"Memory 3","floor":37.0,"gold_loss":0.0,"damage_taken":10.0},{"damage_healed":0.0,"max_hp_gain":0.0,"max_hp_loss":0.0,"gold_gain":0.0,"event_name":"MindBloom","player_choice":"Fight","floor":41.0,"gold_loss":0.0,"damage_taken":0.0},{"damage_healed":0.0,"max_hp_gain":0.0,"max_hp_loss":0.0,"gold_gain":0.0,"event_name":"Mysterious Sphere","player_choice":"Fight","floor":47.0,"gold_loss":0.0,"damage_taken":0.0},{"damage_healed":0.0,"max_hp_gain":0.0,"max_hp_loss":0.0,"gold_gain":0.0,"cards_transformed":["Strike_G"],"event_name":"Transmorgrifier","player_choice":"Transformed","floor":48.0,"gold_loss":0.0,"damage_taken":0.0,"cards_obtained":["Skewer"]}],"is_beta":false,"boss_relics":[{"not_picked":["Velvet Choker","Pandora\u0027s Box"],"picked":"Philosopher\u0027s Stone"},{"not_picked":["Black Star","Busted Crown"],"picked":"SacredBark"}],"items_purged_floors":[7,54],"is_endless":false,"potions_floor_spawned":[1,12,16,19,24,28,29,35,38,44,47],"killed_by":"Shield and Spear","ascension_level":20}}