{"host":"mi1ox2k6wy3juh8w","time":1607590614,"event":{"gold_per_floor":[112,132,132,142,106,106,125,160,160,160,235,265,282,282,282,282,282],"floor_reached":16,"playtime":286,"items_purged":[],"score":160,"play_id":"e37c39f6-66db-4155-bd9a-fa7e368ffcc8","local_time":"20201210175654","is_ascension_mode":true,"campfire_choices":[{"data":"SandsOfTime","floor":6,"key":"SMITH"},{"floor":15,"key":"REST"}],"neow_cost":"NONE","seed_source_timestamp":17010227024900,"circlet_count":0,"master_deck":["Strike_P","Strike_P","Strike_P","Defend_P","Defend_P","Defend_P","Defend_P+1","Eruption","Vigilance+1","SandsOfTime+1","Judgement"],"relics":["PureWater","NeowsBlessing","Frozen Egg 2","Mango","GoldenEye"],"potions_floor_usage":[8,13,16],"damage_taken":[{"damage":0,"enemies":"Cultist","floor":1,"turns":1},{"damage":0,"enemies":"Jaw Worm","floor":2,"turns":1},{"damage":0,"enemies":"Small Slimes","floor":4,"turns":1},{"damage":7,"enemies":"2 Fungi Beasts","floor":7,"turns":3},{"damage":12,"enemies":"Gremlin Nob","floor":8,"turns":3},{"damage":8,"enemies":"Lagavulin","floor":12,"turns":5},{"damage":11,"enemies":"Lots of Slimes","floor":13,"turns":4},{"damage":42,"enemies":"Hexaghost","floor":16,"turns":9}],"seed_played":"8018480140890927842","potions_obtained":[{"floor":2,"key":"Weak Potion"},{"floor":8,"key":"AttackPotion"},{"floor":12,"key":"AttackPotion"}],"is_trial":false,"path_per_floor":["M","M","?","M","$","R","M","E","T","?","?","E","M","?","R","B"],"character_chosen":"WATCHER","items_purchased":["SandsOfTime"],"campfire_rested":1,"item_purchase_floors":[5],"current_hp_per_floor":[65,65,65,65,65,65,58,46,60,43,32,24,13,13,38,0,0],"gold":282,"neow_bonus":"THREE_ENEMY_KILL","is_prod":false,"is_daily":false,"chose_seed":false,"campfire_upgraded":1,"win_rate":0,"timestamp":1607590614,"path_taken":["M","?","?","?","$","R","M","E","T","?","?","E","M","?","R","BOSS"],"build_version":"2020-11-30","purchased_purges":0,"victory":false,"max_hp_per_floor":[72,72,72,72,72,72,72,72,86,86,86,86,86,86,86,86,86],"card_choices":[{"not_picked":["PathToVictory","FlurryOfBlows","EmptyBody"],"picked":"SKIP","floor":1},{"not_picked":["EmptyBody","Protect","Halt"],"picked":"SKIP","floor":2},{"not_picked":["CutThroughFate","FlurryOfBlows","Collect"],"picked":"SKIP","floor":4},{"not_picked":["BowlingBash","Evaluate"],"picked":"Judgement","floor":7},{"not_picked":["Wallop","SignatureMove","FollowUp"],"picked":"SKIP","floor":8},{"not_picked":["Consecrate","BowlingBash","Wireheading+1"],"picked":"SKIP","floor":12},{"not_picked":["Fasting2+1","EmptyMind","BowlingBash"],"picked":"SKIP","floor":13}],"player_experience":238736,"relics_obtained":[{"floor":8,"key":"Frozen Egg 2"},{"floor":9,"key":"Mango"},{"floor":12,"key":"GoldenEye"}],"event_choices":[{"cards_removed":["Strike_P"],"damage_healed":0,"gold_gain":0,"player_choice":"Offered Basic","damage_taken":0,"max_hp_gain":0,"max_hp_loss":0,"event_name":"Bonfire Elementals","floor":3,"gold_loss":0},{"damage_healed":0,"gold_gain":0,"player_choice":"Entered Light","damage_taken":17,"max_hp_gain":0,"max_hp_loss":0,"event_name":"Shining Light","floor":10,"gold_loss":0,"cards_upgraded":["Defend_P","Vigilance"]},{"damage_healed":0,"gold_gain":75,"player_choice":"Gather Gold","damage_taken":11,"max_hp_gain":0,"max_hp_loss":0,"event_name":"World of Goop","floor":11,"gold_loss":0},{"damage_healed":0,"gold_gain":0,"player_choice":"Ignored","damage_taken":0,"max_hp_gain":0,"max_hp_loss":0,"event_name":"Liars Game","floor":14,"gold_loss":0}],"is_beta":false,"boss_relics":[],"items_purged_floors":[],"is_endless":false,"potions_floor_spawned":[2,8,12],"killed_by":"Hexaghost","ascension_level":9}}