{"host":"dpbezu80jg8zk7un","time":1607616820,"event":{"mods":["BaseMod","Colored Map","Colored Powertips","Minty Spire (QoL Compilation)","StSLib","SuperFastMode","Custom Start","Quick Restart","DeckTracker"],"gold_per_floor":[10,10,27,27,39,39,64,64,87,101,120,134,169,169,169,242,242,257,274,274,289,307,307,307,307],"floor_reached":24,"playtime":609,"items_purged":[],"score":520,"play_id":"de885bd6-6e8d-4cf3-b27c-2a94fddc32f2","local_time":"20201211011340","is_ascension_mode":true,"campfire_choices":[{"data":"Eruption","floor":6.0,"key":"SMITH"},{"data":"WheelKick","floor":8.0,"key":"SMITH"},{"data":"MentalFortress","floor":15.0,"key":"SMITH"},{"data":"ConjureBlade","floor":23,"key":"SMITH"}],"circlet_count":0,"master_deck":["AscendersBane","Strike_P","Defend_P","Eruption+1","Vigilance","FlurryOfBlows","WheelKick+1","MentalFortress+1","InnerPeace","DeusExMachina","SandsOfTime+1","Perseverance+1","Fasting2+1","ConjureBlade+1"],"special_seed":0,"relics":["PureWater","Ginger","Oddly Smooth Stone","Blood Vial","Astrolabe"],"acts_visited":["Exordium","TheCity"],"potions_floor_usage":[22],"damage_taken":[{"damage":3.0,"enemies":"Small Slimes","floor":1.0,"turns":4.0},{"damage":0.0,"enemies":"Cultist","floor":3.0,"turns":3.0},{"damage":0.0,"enemies":"2 Louse","floor":5.0,"turns":2.0},{"damage":33.0,"enemies":"3 Sentries","floor":7.0,"turns":5.0},{"damage":7.0,"enemies":"Lots of Slimes","floor":10.0,"turns":4.0},{"damage":0.0,"enemies":"Looter","floor":11.0,"turns":2.0},{"damage":0.0,"enemies":"Large Slime","floor":12.0,"turns":2.0},{"damage":13.0,"enemies":"Gremlin Nob","floor":13.0,"turns":3.0},{"damage":0.0,"enemies":"Slime Boss","floor":16.0,"turns":4.0},{"damage":10.0,"enemies":"2 Thieves","floor":18.0,"turns":3.0},{"damage":6.0,"enemies":"Shell Parasite","floor":19.0,"turns":2.0},{"damage":4,"enemies":"3 Cultists","floor":21,"turns":3},{"damage":18,"enemies":"Chosen and Byrds","floor":22,"turns":3},{"damage":29,"enemies":"Slavers","floor":24,"turns":2}],"seed_played":"8382474450598452112","potions_obtained":[{"floor":5.0,"key":"Block Potion"},{"floor":7.0,"key":"ColorlessPotion"},{"floor":11.0,"key":"SteroidPotion"},{"floor":16.0,"key":"Explosive Potion"},{"floor":22,"key":"Ancient Potion"}],"is_trial":false,"path_per_floor":["M","?","M","?","M","R","E","R","T","M","M","M","E","?","R","B",null,"M","M","?","M","M","R","E"],"character_chosen":"WATCHER","items_purchased":[],"campfire_rested":0,"item_purchase_floors":[],"current_hp_per_floor":[58,58,58,58,58,58,25,25,25,20,22,24,13,13,13,15,55,47,43,43,41,25,25,0,0],"gold":307,"neow_bonus":"ONE_RARE_RELIC","is_daily":false,"chose_seed":false,"campfire_upgraded":4,"win_rate":0,"timestamp":1607616820,"path_taken":["M","?","?","?","M","R","E","R","T","M","?","M","E","?","R","BOSS","M","M","?","?","M","R","E"],"build_version":"2020-11-30","purchased_purges":0,"victory":false,"max_hp_per_floor":[68,68,68,68,68,68,68,68,68,68,68,68,68,68,68,68,68,68,68,68,68,68,68,68,68],"card_choices":[{"not_picked":["CrushJoints","ThirdEye"],"picked":"FlurryOfBlows","floor":1.0},{"not_picked":["Collect","Protect","FlurryOfBlows"],"picked":"SKIP","floor":3.0},{"not_picked":["Nirvana","DeceiveReality","BowlingBash"],"picked":"SKIP","floor":5.0},{"not_picked":["Protect","Study","ReachHeaven"],"picked":"SKIP","floor":7.0},{"not_picked":["Protect","FollowUp","Prostrate"],"picked":"SKIP","floor":10.0},{"not_picked":["BowlingBash","Perseverance"],"picked":"MentalFortress","floor":11.0},{"not_picked":["ClearTheMind","Study","FlurryOfBlows"],"picked":"SKIP","floor":12.0},{"not_picked":["Crescendo","Swivel"],"picked":"InnerPeace","floor":13.0},{"not_picked":["Judgement","DevaForm"],"picked":"DeusExMachina","floor":16.0},{"not_picked":["EmptyFist","MentalFortress","CutThroughFate"],"picked":"SKIP","floor":18.0},{"not_picked":["Evaluate","Nirvana+1","JustLucky"],"picked":"SKIP","floor":19.0},{"not_picked":["MentalFortress","EmptyBody","BowlingBash"],"picked":"SKIP","floor":21},{"not_picked":["BowlingBash","Vengeance","Protect"],"picked":"SKIP","floor":22}],"player_experience":2735638,"relics_obtained":[{"floor":7.0,"key":"Oddly Smooth Stone"},{"floor":9.0,"key":"Blood Vial"}],"event_choices":[{"damage_healed":0.0,"max_hp_gain":0.0,"max_hp_loss":0.0,"gold_gain":0.0,"cards_transformed":["Defend_P"],"event_name":"Transmorgrifier","player_choice":"Transformed","floor":2.0,"gold_loss":0.0,"damage_taken":0.0,"cards_obtained":["WheelKick"]},{"cards_removed":["Strike_P"],"damage_healed":0.0,"max_hp_gain":0.0,"max_hp_loss":0.0,"gold_gain":0.0,"event_name":"Purifier","player_choice":"Purged","floor":4.0,"gold_loss":0.0,"damage_taken":0.0},{"damage_healed":0.0,"max_hp_gain":0.0,"max_hp_loss":0.0,"gold_gain":0.0,"event_name":"Liars Game","player_choice":"Ignored","floor":14.0,"gold_loss":0.0,"damage_taken":0.0},{"damage_healed":0,"gold_gain":0,"cards_transformed":["Strike_P"],"player_choice":"Transformed","damage_taken":0,"max_hp_gain":0,"max_hp_loss":0,"event_name":"Transmorgrifier","floor":20,"gold_loss":0,"cards_obtained":["ConjureBlade"]}],"is_beta":false,"boss_relics":[{"not_picked":["Cursed Key","Pandora\u0027s Box"],"picked":"Astrolabe"}],"items_purged_floors":[],"is_endless":false,"potions_floor_spawned":[5,7,11,13,16,22],"killed_by":"Slavers","ascension_level":20}}