{"host":"r6jigiblrojhp6xe","time":1607584028,"event":{"gold_per_floor":[116,129,143,159,84,117,117,128,153,153,163,173,190,204,204,204,204],"floor_reached":16,"playtime":382,"items_purged":["Strike_R"],"score":216,"play_id":"6440e4d0-37f3-4282-8626-737856bde4ca","local_time":"20201210160708","is_ascension_mode":true,"campfire_choices":[{"data":"Pommel Strike","floor":7.0,"key":"SMITH"},{"data":"Carnage","floor":10.0,"key":"SMITH"},{"data":"Perfected Strike","floor":15.0,"key":"SMITH"}],"neow_cost":"NONE","seed_source_timestamp":405647325957500,"circlet_count":0,"master_deck":["AscendersBane","Strike_R","Strike_R","Strike_R","Strike_R","Defend_R","Defend_R","Defend_R","Defend_R","Bash+1","Pommel Strike+1","Pommel Strike","True Grit","Carnage+1","Inflame","Dropkick","Perfected Strike+1"],"special_seed":0,"relics":["Burning Blood","Boot","Omamori"],"potions_floor_usage":[16],"damage_taken":[{"damage":1.0,"enemies":"Cultist","floor":1.0,"turns":3.0},{"damage":12.0,"enemies":"Jaw Worm","floor":2.0,"turns":3.0},{"damage":11.0,"enemies":"2 Louse","floor":3.0,"turns":3.0},{"damage":16.0,"enemies":"Red Slaver","floor":4.0,"turns":3.0},{"damage":20.0,"enemies":"Gremlin Nob","floor":6.0,"turns":4.0},{"damage":13.0,"enemies":"3 Louse","floor":8.0,"turns":5.0},{"damage":7.0,"enemies":"Blue Slaver","floor":11.0,"turns":4.0},{"damage":24.0,"enemies":"Exordium Wildlife","floor":12.0,"turns":5.0},{"damage":0.0,"enemies":"Gremlin Gang","floor":13.0,"turns":3.0},{"damage":9.0,"enemies":"Red Slaver","floor":14.0,"turns":2.0},{"damage":24,"enemies":"Slime Boss","floor":16,"turns":5}],"seed_played":"1914244250987762083","potions_obtained":[{"floor":2.0,"key":"Explosive Potion"},{"floor":3.0,"key":"Block Potion"},{"floor":11.0,"key":"EssenceOfSteel"},{"floor":14.0,"key":"ColorlessPotion"}],"is_trial":false,"path_per_floor":["M","M","M","M","$","E","R","M","T","R","M","M","M","M","R","B"],"character_chosen":"IRONCLAD","items_purchased":[],"campfire_rested":0,"item_purchase_floors":[],"current_hp_per_floor":[73,67,62,52,52,38,38,31,31,31,30,12,18,15,15,0,0],"gold":204,"neow_bonus":"UPGRADE_CARD","is_prod":false,"is_daily":false,"chose_seed":false,"campfire_upgraded":3,"win_rate":0,"timestamp":1607584028,"path_taken":["M","?","M","M","$","E","R","M","T","R","?","M","M","?","R","BOSS"],"build_version":"2020-11-30","purchased_purges":1,"victory":false,"max_hp_per_floor":[75,75,75,75,75,75,75,75,75,75,75,75,75,75,75,75,75],"relic_stats":{"counters":[11,40],"Boot":[2],"obtain_stats":[{"Omamori":9,"Boot":6,"Burning Blood":0},{"Omamori":6,"Boot":5,"Burning Blood":0},{"Omamori":21,"Boot":16,"Burning Blood":0}],"Burning Blood":60},"card_choices":[{"not_picked":["Feel No Pain","Bloodletting"],"picked":"Pommel Strike","floor":1.0},{"not_picked":["Sever Soul","Sword Boomerang"],"picked":"Pommel Strike","floor":2.0},{"not_picked":["Sword Boomerang","Feel No Pain"],"picked":"True Grit","floor":3.0},{"not_picked":["Clothesline","Flex","Heavy Blade"],"picked":"SKIP","floor":4.0},{"not_picked":["Bloodletting","Double Tap","Burning Pact"],"picked":"SKIP","floor":6.0},{"not_picked":["Body Slam","Seeing Red"],"picked":"Carnage","floor":8.0},{"not_picked":["Iron Wave","Havoc"],"picked":"Inflame","floor":11.0},{"not_picked":["Rupture","Sentinel","Headbutt"],"picked":"SKIP","floor":12.0},{"not_picked":["Pommel Strike","Warcry"],"picked":"Dropkick","floor":13.0},{"not_picked":["Body Slam","Armaments"],"picked":"Perfected Strike","floor":14.0}],"player_experience":492881,"relics_obtained":[{"floor":6.0,"key":"Boot"},{"floor":9.0,"key":"Omamori"}],"event_choices":[],"is_beta":false,"boss_relics":[],"items_purged_floors":[5],"is_endless":false,"potions_floor_spawned":[2,3,11,14],"killed_by":"Slime Boss","ascension_level":20}}