{"host":"9ndbo4kgsfoemf7y","time":1607595213,"event":{"gold_per_floor":[118,43,59,78,3,32,52,63,63,74,74,87,87,87,87,165,165,184,5,21,21,39,39,39,39,65,97,116,116,116,130,130,206,206,216,229,104,104,123,123,149,149,201,201,476,486,486,486],"floor_reached":47,"playtime":1542,"items_purged":["Strike_G","Strike_G","Shame"],"score":835,"play_id":"8aefe560-ce05-4426-bdbc-b136d4106341","local_time":"20201210191333","is_ascension_mode":true,"campfire_choices":[{"floor":11.0,"key":"REST"},{"floor":13.0,"key":"REST"},{"data":"Crippling Poison","floor":15.0,"key":"SMITH"},{"floor":23.0,"key":"REST"},{"data":"Burst","floor":25.0,"key":"SMITH"},{"data":"Ghostly","floor":32.0,"key":"SMITH"},{"floor":40.0,"key":"REST"},{"floor":42.0,"key":"REST"},{"data":"Ghostly","floor":44.0,"key":"SMITH"}],"neow_cost":"TEN_PERCENT_HP_LOSS","seed_source_timestamp":2571690407500,"circlet_count":0,"master_deck":["AscendersBane","Defend_G","Defend_G","Defend_G","Survivor","Neutralize","A Thousand Cuts","Cloak And Dagger","Infinite Blades","Crippling Poison+1","Deadly Poison","Burst+1","Deadly Poison","Blur","After Image","Cloak And Dagger","Footwork","Well Laid Plans","Phantasmal Killer","Night Terror","Ghostly+1","Ghostly+1","Ghostly","Venomology","Grand Finale+1","Backstab+1","Sucker Punch+1","Blur","Madness","Madness","Parasite","Backflip","Regret"],"special_seed":0,"relics":["Ring of the Snake","Oddly Smooth Stone","StoneCalendar","Philosopher\u0027s Stone","Lizard Tail","Snake Skull","HornCleat","Astrolabe","Orichalcum","PreservedInsect"],"potions_floor_usage":[46,46,47],"damage_taken":[{"damage":0.0,"enemies":"2 Louse","floor":1.0,"turns":3.0},{"damage":0.0,"enemies":"Cultist","floor":3.0,"turns":5.0},{"damage":0.0,"enemies":"Jaw Worm","floor":4.0,"turns":5.0},{"damage":39.0,"enemies":"3 Sentries","floor":6.0,"turns":8.0},{"damage":6.0,"enemies":"Blue Slaver","floor":7.0,"turns":5.0},{"damage":0.0,"enemies":"Large Slime","floor":8.0,"turns":5.0},{"damage":6.0,"enemies":"3 Louse","floor":10.0,"turns":4.0},{"damage":3.0,"enemies":"Red Slaver","floor":12.0,"turns":3.0},{"damage":27.0,"enemies":"Hexaghost","floor":16.0,"turns":9.0},{"damage":0.0,"enemies":"3 Byrds","floor":18.0,"turns":2.0},{"damage":16.0,"enemies":"Chosen","floor":20.0,"turns":7.0},{"damage":16.0,"enemies":"Snake Plant","floor":22.0,"turns":5.0},{"damage":30.0,"enemies":"Book of Stabbing","floor":27.0,"turns":7.0},{"damage":12.0,"enemies":"Centurion and Healer","floor":28.0,"turns":5.0},{"damage":0.0,"enemies":"Snecko","floor":31.0,"turns":7.0},{"damage":18.0,"enemies":"Champ","floor":33.0,"turns":18.0},{"damage":2.0,"enemies":"3 Shapes","floor":35.0,"turns":3.0},{"damage":12.0,"enemies":"Orb Walker","floor":36.0,"turns":4.0},{"damage":3.0,"enemies":"Writhing Mass","floor":39.0,"turns":6.0},{"damage":3.0,"enemies":"Nemesis","floor":41.0,"turns":9.0},{"damage":6,"enemies":"Maw","floor":46,"turns":8},{"damage":13,"enemies":"Reptomancer","floor":47,"turns":3}],"seed_played":"-4470782897270642931","potions_obtained":[{"floor":6.0,"key":"Fire Potion"},{"floor":7.0,"key":"Poison Potion"},{"floor":8.0,"key":"GhostInAJar"},{"floor":10.0,"key":"Fire Potion"},{"floor":14.0,"key":"Dexterity Potion"},{"floor":22.0,"key":"CultistPotion"},{"floor":28.0,"key":"SpeedPotion"},{"floor":31.0,"key":"ColorlessPotion"},{"floor":33.0,"key":"GamblersBrew"},{"floor":39.0,"key":"CunningPotion"}],"is_trial":false,"path_per_floor":["M","?","M","M","$","E","M","M","T","M","R","M","R","?","R","B",null,"M","$","M","?","M","R","?","R","T","E","M","?","?","M","R","B",null,"M","M","$","?","M","R","E","R","T","R","?","M","E"],"character_chosen":"THE_SILENT","items_purchased":["Footwork"],"campfire_rested":5,"item_purchase_floors":[19],"current_hp_per_floor":[59,59,59,59,59,20,14,14,14,8,26,23,41,41,41,14,49,49,49,33,33,17,35,35,35,35,5,30,30,30,30,30,12,26,24,12,12,7,4,13,10,19,19,19,19,13,0,0],"gold":486,"neow_bonus":"THREE_RARE_CARDS","is_prod":false,"is_daily":false,"chose_seed":false,"campfire_upgraded":4,"win_rate":0,"timestamp":1607595213,"path_taken":["M","?","M","M","$","E","M","M","T","M","R","M","R","?","R","BOSS","M","$","M","?","M","R","?","R","T","E","M","?","?","M","R","BOSS","M","M","$","?","M","R","E","R","T","R","?","?","E"],"build_version":"2020-11-30","purchased_purges":3,"victory":false,"max_hp_per_floor":[60,60,60,60,60,60,60,60,60,60,60,60,60,60,60,60,60,60,60,60,60,60,60,60,60,60,60,60,60,30,30,30,30,30,30,30,30,30,30,30,30,30,30,30,30,30,30,30],"relic_stats":{"Lizard Tail":30,"counters":[22,131],"Astrolabe":["Grand Finale","Backstab","Sucker Punch"],"StoneCalendar":[238],"Snake Skull":[53],"PreservedInsect":62,"Orichalcum":[0],"obtain_stats":[{"Lizard Tail":24,"HornCleat":27,"Astrolabe":34,"Oddly Smooth Stone":6,"StoneCalendar":9,"Philosopher\u0027s Stone":17,"Snake Skull":26,"PreservedInsect":43,"Orichalcum":41,"Ring of the Snake":0},{"Lizard Tail":12,"HornCleat":13,"Astrolabe":16,"Oddly Smooth Stone":4,"StoneCalendar":6,"Philosopher\u0027s Stone":9,"Snake Skull":12,"PreservedInsect":20,"Orichalcum":20,"Ring of the Snake":0},{"Lizard Tail":61,"HornCleat":68,"Astrolabe":98,"Oddly Smooth Stone":21,"StoneCalendar":31,"Philosopher\u0027s Stone":47,"Snake Skull":61,"PreservedInsect":120,"Orichalcum":120,"Ring of the Snake":0}],"Ring of the Snake":[44]},"card_choices":[{"not_picked":["Wraith Form v2","Malaise"],"picked":"A Thousand Cuts","floor":0.0},{"not_picked":["Dodge and Roll","Calculated Gamble"],"picked":"Cloak And Dagger","floor":1.0},{"not_picked":["All Out Attack","Bane"],"picked":"Infinite Blades","floor":3.0},{"not_picked":["Reflex","Quick Slash"],"picked":"Crippling Poison","floor":4.0},{"not_picked":["Backstab","Outmaneuver"],"picked":"Deadly Poison","floor":6.0},{"not_picked":["PiercingWail","Dagger Spray"],"picked":"Burst","floor":7.0},{"not_picked":["Masterful Stab","Acrobatics"],"picked":"Deadly Poison","floor":8.0},{"not_picked":["Deadly Poison","Infinite Blades","Flying Knee"],"picked":"SKIP","floor":10.0},{"not_picked":["Underhanded Strike","Deflect"],"picked":"Blur","floor":12.0},{"not_picked":["Burst","Glass Knife"],"picked":"After Image","floor":16.0},{"not_picked":["Backstab","Acrobatics"],"picked":"Cloak And Dagger","floor":18.0},{"not_picked":["Flying Knee+1","Riddle With Holes","Distraction"],"picked":"SKIP","floor":20.0},{"not_picked":["Deadly Poison","Cloak And Dagger"],"picked":"Well Laid Plans","floor":22.0},{"not_picked":["Expertise","Deflect","Skewer"],"picked":"SKIP","floor":27.0},{"not_picked":["Skewer","Distraction"],"picked":"Phantasmal Killer","floor":28.0},{"not_picked":["Dash","Skewer","Poisoned Stab"],"picked":"SKIP","floor":31.0},{"not_picked":["Night Terror","Doppelganger"],"picked":"Venomology","floor":33.0},{"not_picked":["Deadly Poison","Bane","Dagger Spray+1"],"picked":"SKIP","floor":35.0},{"not_picked":["All Out Attack","PiercingWail"],"picked":"Blur","floor":36.0},{"not_picked":["Choke","Cloak And Dagger","Slice"],"picked":"SKIP","floor":39.0},{"not_picked":["Accuracy","Finisher"],"picked":"Backflip","floor":41.0},{"not_picked":["Malaise","PiercingWail","Bane"],"picked":"SKIP","floor":46}],"player_experience":667404,"relics_obtained":[{"floor":6.0,"key":"Oddly Smooth Stone"},{"floor":9.0,"key":"StoneCalendar"},{"floor":26.0,"key":"Snake Skull"},{"floor":27.0,"key":"HornCleat"},{"floor":41.0,"key":"Orichalcum"},{"floor":43.0,"key":"PreservedInsect"}],"event_choices":[{"cards_removed":["Strike_G"],"damage_healed":0.0,"max_hp_gain":0.0,"max_hp_loss":0.0,"gold_gain":0.0,"event_name":"The Cleric","player_choice":"Card Removal","floor":2.0,"gold_loss":75.0,"damage_taken":0.0},{"damage_healed":0.0,"max_hp_gain":0.0,"max_hp_loss":0.0,"gold_gain":0.0,"event_name":"Lab","player_choice":"Got Potions","floor":14.0,"gold_loss":0.0,"damage_taken":0.0},{"damage_healed":0.0,"max_hp_gain":0.0,"max_hp_loss":0.0,"gold_gain":0.0,"event_name":"Vampires","player_choice":"Ignored","floor":21.0,"gold_loss":0.0,"damage_taken":0.0},{"damage_healed":0.0,"max_hp_gain":0.0,"max_hp_loss":0.0,"gold_gain":0.0,"event_name":"Addict","player_choice":"Stole Relic","floor":24.0,"gold_loss":0.0,"damage_taken":0.0,"relics_obtained":["Lizard Tail"],"cards_obtained":["Shame"]},{"damage_healed":0.0,"max_hp_gain":0.0,"max_hp_loss":0.0,"gold_gain":0.0,"cards_transformed":["Strike_G","Strike_G"],"event_name":"Drug Dealer","player_choice":"Became Test Subject","floor":29.0,"gold_loss":0.0,"damage_taken":0.0,"cards_obtained":["Night Terror","Storm of Steel"]},{"damage_healed":0.0,"max_hp_gain":0.0,"max_hp_loss":30.0,"gold_gain":0.0,"event_name":"Ghosts","player_choice":"Became a Ghost","floor":30.0,"gold_loss":0.0,"damage_taken":0.0,"cards_obtained":["Ghostly","Ghostly","Ghostly"]},{"damage_healed":0.0,"max_hp_gain":0.0,"max_hp_loss":0.0,"gold_gain":0.0,"event_name":"Winding Halls","player_choice":"Embrace Madness","floor":38.0,"gold_loss":0.0,"damage_taken":5.0,"cards_obtained":["Madness","Madness"]},{"damage_healed":0.0,"max_hp_gain":0.0,"max_hp_loss":0.0,"gold_gain":275.0,"event_name":"Golden Shrine","player_choice":"Desecrate","floor":45.0,"gold_loss":0.0,"damage_taken":0.0,"cards_obtained":["Regret"]}],"is_beta":false,"boss_relics":[{"not_picked":["HoveringKite","Calling Bell"],"picked":"Philosopher\u0027s Stone"},{"not_picked":["Runic Dome","Runic Pyramid"],"picked":"Astrolabe"}],"items_purged_floors":[5,19,37],"is_endless":false,"potions_floor_spawned":[6,7,8,10,22,28,31,33,35,39],"killed_by":"Reptomancer","ascension_level":15}}