{"host":"gc6vr5n3q8f0hswe","time":1607607075,"event":{"gold_per_floor":[117,117,162,177,204,232,242,272,272,305,326,361,361,361,361,460,460,475,475,449,469,218,249,264,300,300,256,256,256],"floor_reached":27,"playtime":1568,"items_purged":[],"score":372,"play_id":"2b1408ae-f888-42f6-9838-c621bc9efd05","local_time":"20201210133115","is_ascension_mode":true,"metric_token":1874,"campfire_choices":[],"neow_cost":"NONE","seed_source_timestamp":124848418495700,"circlet_count":0,"master_deck":["PokerPlayerMod:Diamond1","PokerPlayerMod:Diamond2","PokerPlayerMod:Diamond3","PokerPlayerMod:Diamond4","PokerPlayerMod:Diamond5","PokerPlayerMod:Spade1","PokerPlayerMod:Spade2","PokerPlayerMod:Spade3","PokerPlayerMod:Spade4","PokerPlayerMod:Club1","PokerPlayerMod:Club2","PokerPlayerMod:Heart2","PokerPlayerMod:TrumpStrike","PokerPlayerMod:BadJoker","PokerPlayerMod:Mulligan","PokerPlayerMod:Promotion+1","PokerPlayerMod:ClubsClub","PokerPlayerMod:Diamond10+","PokerPlayerMod:SecretDealer+1","PokerPlayerMod:Diamond5","PokerPlayerMod:Raise","PokerPlayerMod:Harden","hubris:EnhanceAbility","PokerPlayerMod:ItsShowtime+1","Survey Options","PokerPlayerMod:CardPrinter+1","PokerPlayerMod:FlyingCard+1","PokerPlayerMod:Raise"],"special_seed":0,"relics":["PokerPlayerMod:DeckCase","Vajra","infinitespire:Midas Blood","hubris:TenFootPole","infinitespire:BottledMercury","ChewingGum","LetterFromLob","Guide Book","MealTicket","hubris:ToyBattleship","Replay:Bottled Snecko"],"potions_floor_usage":[],"damage_taken":[{"damage":8.0,"enemies":"2_ Uuma","floor":1.0,"turns":3.0},{"damage":1.0,"enemies":"Hallownest:2_Baldur","floor":4.0,"turns":2.0},{"damage":0.0,"enemies":"Hallownest:eliteMossKnight","floor":6.0,"turns":5.0},{"damage":0.0,"enemies":"Hallownest:monsterHuskWarrior","floor":7.0,"turns":2.0},{"damage":0.0,"enemies":"Hallownest:eliteVengeflyKing","floor":8.0,"turns":4.0},{"damage":0.0,"enemies":"Hallownest:eliteMossKnight","floor":10.0,"turns":4.0},{"damage":6.0,"enemies":"Hallownest:1_Baldur_1_Crawlid_1_Warrior","floor":11.0,"turns":2.0},{"damage":16.0,"enemies":"Hallownest:eliteCrystalGuardian","floor":12.0,"turns":4.0},{"damage":16.0,"enemies":"Hallownest:BossFalseKnight","floor":16.0,"turns":7.0},{"damage":0.0,"enemies":"3 Byrds","floor":18.0,"turns":3.0},{"damage":28.0,"enemies":"conspire:FuzzyDice","floor":20.0,"turns":7.0},{"damage":0.0,"enemies":"Snake Plant","floor":21.0,"turns":3.0},{"damage":13.0,"enemies":"conspire:Head Lice","floor":23.0,"turns":8.0},{"damage":15.0,"enemies":"Centurion and Healer","floor":24.0,"turns":6.0},{"damage":24.0,"enemies":"Nightmare","floor":25.0,"turns":8.0},{"damage":18,"enemies":"conspire:HollyBat","floor":27,"turns":5}],"seed_played":"-3978037368855626040","potions_obtained":[{"floor":6.0,"key":"Weak Potion"},{"floor":10.0,"key":"Fire Potion"},{"floor":12.0,"key":"DuplicationPotion"},{"floor":20.0,"key":"Languid Potion"}],"is_trial":false,"path_per_floor":["M","?","?","M","T","E","M","E","T","E","M","E","?","?","R","B",null,"M","?","M","M","$","E","M","NM","T","M"],"character_chosen":"THE_POKER_PLAYER","items_purchased":["Guide Book","conspire:TimeTravelPotion"],"campfire_rested":0,"item_purchase_floors":[22,22],"current_hp_per_floor":[50,50,50,52,52,52,52,52,52,52,46,33,33,33,33,21,52,52,52,24,30,30,24,27,6,6,0,0,0],"gold":256,"neow_bonus":"ONE_RANDOM_RARE_CARD","is_prod":false,"is_daily":false,"chose_seed":false,"campfire_upgraded":0,"win_rate":0,"timestamp":1607607075,"path_taken":["M","?","?","M","?","E","M","E","T","E","M","E","?","?","R","BOSS","M","?","M","?","$","E","M","NM","T","M"],"build_version":"2020-11-30","purchased_purges":0,"victory":false,"max_hp_per_floor":[52,52,52,52,52,52,52,52,52,52,52,52,52,52,52,52,52,52,52,52,52,52,52,52,52,52,52,52,52],"relic_stats":{"counters":[16,73],"MealTicket":0,"obtain_stats":[{"infinitespire:BottledMercury":12,"Guide Book":22,"Vajra":5,"Hallownest:DreamNailRelic":14,"PokerPlayerMod:DeckCase":0,"ChewingGum":17,"MealTicket":23,"Iron Hammer":6,"hubris:TenFootPole":10,"LetterFromLob":21,"hubris:ToyBattleship":25,"Replay:Bottled Snecko":26,"infinitespire:Midas Blood":8},{"infinitespire:BottledMercury":8,"Guide Book":12,"Vajra":2,"Hallownest:DreamNailRelic":8,"PokerPlayerMod:DeckCase":0,"ChewingGum":9,"MealTicket":13,"Iron Hammer":3,"hubris:TenFootPole":6,"LetterFromLob":12,"hubris:ToyBattleship":15,"Replay:Bottled Snecko":15,"infinitespire:Midas Blood":5},{"infinitespire:BottledMercury":26,"Guide Book":46,"Vajra":5,"Hallownest:DreamNailRelic":26,"PokerPlayerMod:DeckCase":0,"ChewingGum":33,"MealTicket":54,"Iron Hammer":10,"hubris:TenFootPole":20,"LetterFromLob":46,"hubris:ToyBattleship":68,"Replay:Bottled Snecko":68,"infinitespire:Midas Blood":16}]},"card_choices":[{"not_picked":["PokerPlayerMod:Club3","PokerPlayerMod:Club4"],"picked":"PokerPlayerMod:ClubsClub","floor":1.0},{"not_picked":["PokerPlayerMod:Club7","PokerPlayerMod:Spade1"],"picked":"PokerPlayerMod:Diamond10+","floor":4.0},{"not_picked":["PokerPlayerMod:Spade6","PokerPlayerMod:Diamond1"],"picked":"PokerPlayerMod:SecretDealer","floor":6.0},{"not_picked":["PokerPlayerMod:Diamond2","PokerPlayerMod:Diamond4"],"picked":"PokerPlayerMod:Diamond5","floor":7.0},{"not_picked":["PokerPlayerMod:HotShotCut","PokerPlayerMod:Spade8","PokerPlayerMod:Diamond3"],"picked":"SKIP","floor":8.0},{"not_picked":["PokerPlayerMod:Diamond8","PokerPlayerMod:Diamond4"],"picked":"PokerPlayerMod:Raise","floor":10.0},{"not_picked":["PokerPlayerMod:ClubsClub","PokerPlayerMod:DiamondStrike","PokerPlayerMod:Diamond4"],"picked":"SKIP","floor":11.0},{"not_picked":["PokerPlayerMod:CloakAndDiamond","PokerPlayerMod:WildCard"],"picked":"PokerPlayerMod:Harden","floor":12.0},{"not_picked":["Specialist","Good Instincts"],"picked":"hubris:EnhanceAbility","floor":15.0},{"not_picked":["PokerPlayerMod:Spade9","PokerPlayerMod:Club8"],"picked":"PokerPlayerMod:ItsShowtime","floor":16.0},{"not_picked":["PokerPlayerMod:Club4","PokerPlayerMod:SpadeStrike","PokerPlayerMod:Spade5"],"picked":"SKIP","floor":18.0},{"not_picked":["PokerPlayerMod:CardBurn+1","PokerPlayerMod:Club4"],"picked":"PokerPlayerMod:CardPrinter+1","floor":20.0},{"not_picked":["PokerPlayerMod:Spade5","PokerPlayerMod:HiddenCard","PokerPlayerMod:DiamondStrike"],"picked":"SKIP","floor":21.0},{"not_picked":["PokerPlayerMod:Diamond5","PokerPlayerMod:Club8"],"picked":"PokerPlayerMod:FlyingCard+1","floor":23.0},{"not_picked":["PokerPlayerMod:Spade4","PokerPlayerMod:Diamond5"],"picked":"PokerPlayerMod:Raise","floor":24.0},{"not_picked":["PokerPlayerMod:Diamond9","PokerPlayerMod:Spade2","PokerPlayerMod:Configure"],"picked":"SKIP","floor":25.0}],"player_experience":449432,"relics_obtained":[{"floor":5.0,"key":"Vajra"},{"floor":6.0,"key":"Iron Hammer"},{"floor":8.0,"key":"infinitespire:Midas Blood"},{"floor":10.0,"key":"hubris:TenFootPole"},{"floor":12.0,"key":"infinitespire:BottledMercury"},{"floor":21.0,"key":"LetterFromLob"},{"floor":23.0,"key":"MealTicket"},{"floor":25.0,"key":"hubris:ToyBattleship"},{"floor":26.0,"key":"Replay:Bottled Snecko"}],"event_choices":[{"damage_healed":0.0,"max_hp_gain":0.0,"max_hp_loss":0.0,"gold_gain":1.0,"event_name":"betterStone:BetterStone","player_choice":"1","floor":15.0,"gold_loss":0.0,"damage_taken":0.0},{"damage_healed":0.0,"max_hp_gain":0.0,"max_hp_loss":0.0,"gold_gain":0.0,"event_name":"Match and Keep!","player_choice":"1 cards matched","floor":19.0,"gold_loss":0.0,"damage_taken":0.0,"cards_obtained":["Survey Options"]}],"is_beta":false,"boss_relics":[{"not_picked":["conspire:SpecialSausage","conspire:SeveredTorchhead"],"picked":"ChewingGum"}],"items_purged_floors":[],"is_endless":true,"potions_floor_spawned":[6,10,12,20,23],"killed_by":"conspire:HollyBat","ascension_level":1}}