{"host":"ezpyhq51vb66cjag","time":1607607860,"event":{"mods":["BaseMod","Highlight Path","StSLib","Replay The Spire","Colored Map","Hubris","Minty Spire (QoL Compilation)","The Jungle","vexMod","Friendly Minions","Aspiration","Act Like it!","Gensokyo","GifTheSpireLib","Quick Restart","Conspire","Downfall","Hermit","The Bladedancer"],"gold_per_floor":[109,122,72,72,72,98,120,138,138,58,58,58,70,87,87,187,187,211,211,234,258,258,258,258],"floor_reached":23,"playtime":1386,"items_purged":[],"score":218,"play_id":"d34d2073-ac1b-47e9-a127-2586b1fff4b7","local_time":"20201210214420","is_ascension_mode":false,"campfire_choices":[{"floor":15.0,"key":"REST"}],"circlet_count":0,"master_deck":["hermit:Strike_Hermit","hermit:Strike_Hermit","hermit:Defend_Hermit","hermit:Defend_Hermit","hermit:Defend_Hermit","hermit:Snapshot","hermit:Covet","hermit:Malice","hermit:Scavenge","hermit:Snipe","hermit:Deadeye","hermit:CursedWeapon","Injury","hermit:Dive+1","hermit:FatalDesire","hermit:LuckOfTheDraw+1","hexamod:FourthSeal","hermit:DeadMansHand+1"],"special_seed":0,"relics":["hermit:Momento","NeowsBlessing","hubris:DeckOfHolding","Toxic Egg 2","hubris:TerracottaHorce","Nunchaku"],"acts_visited":["Exordium","TheCity"],"potions_floor_usage":[23,23],"damage_taken":[{"damage":0.0,"enemies":"2 Louse","floor":1.0,"turns":1.0},{"damage":2.0,"enemies":"conspire:RoseBush","floor":2.0,"turns":1.0},{"damage":0.0,"enemies":"Gremlin Nob","floor":6.0,"turns":1.0},{"damage":7.0,"enemies":"Jaw Worm","floor":7.0,"turns":3.0},{"damage":0.0,"enemies":"Gremlin Gang","floor":8.0,"turns":3.0},{"damage":17.0,"enemies":"conspire:2 RoseBushes","floor":13.0,"turns":5.0},{"damage":12.0,"enemies":"Looter","floor":14.0,"turns":3.0},{"damage":51.0,"enemies":"The Guardian","floor":16.0,"turns":15.0},{"damage":25.0,"enemies":"3 Byrds","floor":18.0,"turns":6.0},{"damage":13.0,"enemies":"2 Thieves","floor":20.0,"turns":4.0},{"damage":7.0,"enemies":"conspire:HollyBat","floor":21.0,"turns":10.0},{"damage":18,"enemies":"Gremlin Leader","floor":23,"turns":2}],"seed_played":"-5781025651597216089","potions_obtained":[{"floor":1.0,"key":"LifebloodPotion"},{"floor":7.0,"key":"SkillPotion"},{"floor":14.0,"key":"Regen Potion"},{"floor":16.0,"key":"Swift Potion"},{"floor":18.0,"key":"Strength Potion"},{"floor":20.0,"key":"EssenceOfSteel"},{"floor":20.0,"key":"BlessingOfTheForge"}],"is_trial":false,"path_per_floor":["M","M","?","?","?","E","M","M","T","$","?","?","M","M","R","B",null,"M","?","M","M","T","E"],"character_chosen":"HERMIT","items_purchased":["hermit:CursedWeapon"],"campfire_rested":1,"item_purchase_floors":[10],"current_hp_per_floor":[75,73,73,73,73,73,66,66,66,66,66,66,49,37,59,23,62,37,37,24,17,17,0,0],"gold":258,"neow_bonus":"THREE_ENEMY_KILL","is_daily":false,"chose_seed":false,"campfire_upgraded":0,"win_rate":0.0,"timestamp":1607607860,"path_taken":["M","M","?","?","?","E","?","?","T","$","?","?","M","?","R","BOSS","M","?","M","M","?","E"],"build_version":"2020-11-30","purchased_purges":0,"victory":false,"max_hp_per_floor":[75,75,75,75,75,75,75,75,75,75,75,75,75,75,75,75,75,75,75,75,75,75,75,75],"card_choices":[{"not_picked":["hermit:Horror","hermit:BodyArmor"],"picked":"hermit:Malice","floor":1.0},{"not_picked":["hermit:TakeCover","hermit:ItchyTrigger","hermit:Desperado"],"picked":"SKIP","floor":2.0},{"not_picked":["hermit:LowProfile","hermit:Brawl"],"picked":"hermit:Scavenge","floor":6.0},{"not_picked":["hermit:WideOpen","hermit:Malice"],"picked":"hermit:Snipe","floor":7.0},{"not_picked":["hermit:WideOpen","hermit:Ricochet"],"picked":"hermit:Deadeye","floor":8.0},{"not_picked":["hermit:Spite","hermit:Roulette","hermit:Malice"],"picked":"SKIP","floor":13.0},{"not_picked":["hermit:BigShot","hermit:Desperado"],"picked":"hermit:Dive+1","floor":14.0},{"not_picked":["hermit:Reprieve+1","hermit:Adapt"],"picked":"hermit:FatalDesire","floor":16.0},{"not_picked":["hermit:Quickdraw+1","hermit:Scavenge+1"],"picked":"hermit:LuckOfTheDraw+1","floor":18.0},{"not_picked":["hermit:HighCaliber+1","hermit:CalledShot"],"picked":"hermit:DeadMansHand+1","floor":20.0},{"not_picked":["hermit:Glare+1","hermit:Desperado","hermit:Quickdraw"],"picked":"SKIP","floor":21.0}],"player_experience":175574,"relics_obtained":[{"floor":6.0,"key":"hubris:DeckOfHolding"},{"floor":22.0,"key":"Nunchaku"}],"event_choices":[{"cards_removed":["hermit:Defend_Hermit"],"damage_healed":0.0,"max_hp_gain":0.0,"max_hp_loss":0.0,"gold_gain":0.0,"event_name":"The Cleric","player_choice":"Card Removal","floor":3.0,"gold_loss":50.0,"damage_taken":0.0},{"damage_healed":0.0,"max_hp_gain":0.0,"max_hp_loss":0.0,"gold_gain":0.0,"event_name":"conspire:LoneGhost","player_choice":"Disagree","floor":4.0,"gold_loss":0.0,"damage_taken":0.0},{"cards_removed":["hermit:Strike_Hermit"],"damage_healed":0.0,"max_hp_gain":0.0,"max_hp_loss":0.0,"gold_gain":0.0,"event_name":"Bonfire Elementals","player_choice":"Offered Basic","floor":12.0,"gold_loss":0.0,"damage_taken":0.0},{"damage_healed":0.0,"max_hp_gain":0.0,"max_hp_loss":0.0,"gold_gain":0.0,"event_name":"The Library","player_choice":"Read","floor":19.0,"gold_loss":0.0,"damage_taken":0.0,"cards_obtained":["hexamod:FourthSeal"]}],"is_beta":false,"boss_relics":[{"not_picked":["hubris:Stopwatch","hermit:BartenderGlass"],"picked":"hubris:TerracottaHorce"}],"items_purged_floors":[],"is_endless":false,"potions_floor_spawned":[1,7,14,16,18,20],"killed_by":"Gremlin Leader","ascension_level":0}}