{"host":"49c2zf0lajbcs427","time":1607588494,"event":{"gold_per_floor":[110,122,122,133,153,185,185,185,185,229,253,218,241,284,284,405,405,430,430,41,41,41,41,106,106,155,194,206,259,317,399,411,553,565,626,638,983,474,474,474,551,551,551,622,922,870,234,234,234,234],"floor_reached":51,"playtime":2920,"items_purged":["JustLucky","Prostrate","Perseverance"],"score":1405,"play_id":"3f61a2e6-e309-45ba-bd31-dc4d1112ab93","local_time":"20201210212134","is_ascension_mode":true,"campfire_choices":[{"floor":7,"key":"REST"},{"data":"SandsOfTime","floor":15,"key":"SMITH"},{"data":"Ghostly","floor":23,"key":"SMITH"},{"data":"Ghostly","floor":25,"key":"SMITH"},{"data":"Wish","floor":28,"key":"SMITH"},{"data":"Blasphemy","floor":32,"key":"SMITH"},{"data":"Ghostly","floor":40,"key":"SMITH"},{"data":"Ghostly","floor":42,"key":"SMITH"},{"floor":49,"key":"RECALL"}],"neow_cost":"NONE","seed_source_timestamp":46757043774600,"circlet_count":0,"master_deck":["AscendersBane","Eruption+1","Vigilance+1","CrushJoints+1","CutThroughFate+1","Omniscience+1","SandsOfTime+1","Wish+1","SashWhip+1","ForeignInfluence+1","Indignation+1","ClearTheMind+1","WindmillStrike+1","Ghostly+1","Ghostly+1","Ghostly+1","Ghostly+1","Ghostly+1","Ragnarok+1","Meditate+1","Blasphemy+1","ConjureBlade+1","SandsOfTime+1","Tantrum+1","Wireheading+1"],"relics":["Velvet Choker","Strawberry","TeardropLocket","Mercury Hourglass","Tiny Chest","Pandora\u0027s Box","Thread and Needle","Bird Faced Urn","MawBank","MealTicket","Mango","PreservedInsect","Coffee Dripper","Happy Flower","Juzu Bracelet","Old Coin","Letter Opener","Toy Ornithopter","Molten Egg 2","Mark of the Bloom"],"potions_floor_usage":[10,14,33,38,50,50],"damage_taken":[{"damage":0,"enemies":"Jaw Worm","floor":1,"turns":3},{"damage":1,"enemies":"2 Louse","floor":2,"turns":2},{"damage":0,"enemies":"Small Slimes","floor":4,"turns":2},{"damage":6,"enemies":"Looter","floor":5,"turns":3},{"damage":55,"enemies":"Lagavulin","floor":6,"turns":6},{"damage":37,"enemies":"3 Sentries","floor":10,"turns":12},{"damage":0,"enemies":"2 Fungi Beasts","floor":11,"turns":1},{"damage":5,"enemies":"Large Slime","floor":13,"turns":5},{"damage":0,"enemies":"Lagavulin","floor":14,"turns":4},{"damage":0,"enemies":"Slime Boss","floor":16,"turns":5},{"damage":0,"enemies":"Spheric Guardian","floor":18,"turns":3},{"damage":0,"enemies":"Book of Stabbing","floor":24,"turns":5},{"damage":17,"enemies":"Slavers","floor":29,"turns":6},{"damage":0,"enemies":"Shell Parasite","floor":30,"turns":4},{"damage":1,"enemies":"Book of Stabbing","floor":31,"turns":6},{"damage":8,"enemies":"Automaton","floor":33,"turns":6},{"damage":4,"enemies":"3 Shapes","floor":35,"turns":4},{"damage":0,"enemies":"Orb Walker","floor":41,"turns":3},{"damage":0,"enemies":"Spire Growth","floor":44,"turns":4},{"damage":0,"enemies":"Time Eater","floor":50,"turns":5}],"seed_played":"-4683958999553974011","potions_obtained":[{"floor":2,"key":"LiquidBronze"},{"floor":10,"key":"BlessingOfTheForge"},{"floor":13,"key":"Explosive Potion"},{"floor":14,"key":"Strength Potion"},{"floor":24,"key":"StancePotion"},{"floor":30,"key":"CultistPotion"}],"is_trial":false,"path_per_floor":["M","M","?","M","M","E","R","?","T","E","M","?","M","E","R","B",null,"M","?","$","?","?","R","E","R","T","T","R","E","M","E","R","B",null,"M","?","?","$","?","R","M","R","T","M","T","?","$","?","R","B",null],"character_chosen":"WATCHER","items_purchased":["Thread and Needle","Happy Flower","Fruit Juice","CultistPotion","SandsOfTime","Tantrum","Wireheading","Toy Ornithopter","Molten Egg 2"],"campfire_rested":1,"item_purchase_floors":[20,38,38,38,38,47,47,47,47],"current_hp_per_floor":[65,64,69,69,63,15,40,40,40,3,3,22,17,17,17,17,63,63,39,39,39,39,39,39,39,39,39,39,36,36,35,35,27,47,43,43,43,55,55,55,55,55,55,55,55,55,55,55,55,55],"gold":234,"neow_bonus":"BOSS_RELIC","is_prod":false,"is_daily":false,"chose_seed":false,"campfire_upgraded":7,"win_rate":0,"timestamp":1607588494,"path_taken":["M","M","?","M","M","E","R","?","T","E","?","?","M","E","R","BOSS","M","?","$","?","?","R","E","R","T","?","R","E","M","E","R","BOSS","M","?","?","$","?","R","M","R","T","M","?","?","?","?","R","BOSS"],"build_version":"2020-11-30","purchased_purges":3,"victory":true,"max_hp_per_floor":[72,72,77,77,77,84,84,78,78,78,78,78,78,78,78,78,78,78,39,39,39,39,39,39,39,39,39,39,53,53,53,53,53,53,53,50,50,55,55,55,55,55,55,55,55,55,55,55,55,55],"relic_stats":{"Mark of the Bloom":12,"Happy Flower":[4],"counters":[20,89],"PreservedInsect":0,"Juzu Bracelet":2,"Letter Opener":[5],"MawBank":144,"Mercury Hourglass":[232],"Bird Faced Urn":[0],"Tiny Chest":2,"Pandora\u0027s Box":["Prostrate","SashWhip","ForeignInfluence","MentalFortress","Perseverance","JustLucky","Indignation","ClearTheMind"],"MealTicket":7,"obtain_stats":[{"Mark of the Bloom":48,"Happy Flower":38,"Golden Idol":8,"Velvet Choker":0,"Thread and Needle":20,"Mango":29,"PreservedInsect":31,"Juzu Bracelet":43,"TeardropLocket":9,"Letter Opener":46,"MawBank":26,"Mercury Hourglass":10,"Old Coin":45,"Strawberry":6,"Bird Faced Urn":24,"Tiny Chest":14,"Pandora\u0027s Box":17,"MealTicket":27,"Molten Egg 2":47,"Coffee Dripper":34,"PureWater":0,"Toy Ornithopter":47},{"Mark of the Bloom":19,"Happy Flower":17,"Golden Idol":5,"Velvet Choker":0,"Thread and Needle":11,"Mango":13,"PreservedInsect":15,"Juzu Bracelet":18,"TeardropLocket":5,"Letter Opener":19,"MawBank":12,"Mercury Hourglass":6,"Old Coin":19,"Strawberry":5,"Bird Faced Urn":12,"Tiny Chest":9,"Pandora\u0027s Box":10,"MealTicket":12,"Molten Egg 2":19,"Coffee Dripper":16,"PureWater":0,"Toy Ornithopter":19},{"Mark of the Bloom":84,"Happy Flower":77,"Golden Idol":16,"Velvet Choker":0,"Thread and Needle":46,"Mango":57,"PreservedInsect":67,"Juzu Bracelet":80,"TeardropLocket":16,"Letter Opener":84,"MawBank":51,"Mercury Hourglass":28,"Old Coin":84,"Strawberry":16,"Bird Faced Urn":51,"Tiny Chest":38,"Pandora\u0027s Box":43,"MealTicket":51,"Molten Egg 2":84,"Coffee Dripper":73,"PureWater":0,"Toy Ornithopter":84}],"Toy Ornithopter":0},"card_choices":[{"not_picked":["Protect","CutThroughFate"],"picked":"CrushJoints","floor":1},{"not_picked":["Evaluate","FlyingSleeves"],"picked":"CutThroughFate","floor":2},{"not_picked":["Consecrate","BowlingBash","Halt"],"picked":"SKIP","floor":4},{"not_picked":["FollowUp","Halt","Vengeance"],"picked":"SKIP","floor":5},{"not_picked":["BattleHymn","Study"],"picked":"Omniscience","floor":6},{"not_picked":["Adaptation","ClearTheMind","Sanctity"],"picked":"SKIP","floor":10},{"not_picked":["FlyingSleeves","Halt"],"picked":"SandsOfTime","floor":11},{"not_picked":["CrushJoints","BattleHymn","Halt"],"picked":"SKIP","floor":13},{"not_picked":["EmptyBody","FollowUp","ClearTheMind"],"picked":"SKIP","floor":14},{"not_picked":["Alpha","Omniscience"],"picked":"Wish","floor":16},{"not_picked":["Consecrate+1","JustLucky"],"picked":"WindmillStrike+1","floor":18},{"not_picked":["PathToVictory+1","Crescendo"],"picked":"Ragnarok","floor":24},{"not_picked":["Weave+1","JustLucky","FollowUp"],"picked":"SKIP","floor":29},{"not_picked":["EmptyFist+1","Weave"],"picked":"Meditate+1","floor":30},{"not_picked":["CutThroughFate","Halt"],"picked":"Blasphemy","floor":31},{"not_picked":["DeusExMachina","Judgement"],"picked":"ConjureBlade","floor":33},{"not_picked":["EmptyBody+1","FlyingSleeves","EmptyFist"],"picked":"SKIP","floor":35},{"not_picked":["Collect","Protect+1","Adaptation"],"picked":"SKIP","floor":41},{"not_picked":["SignatureMove+1","JustLucky+1","CrushJoints+1"],"picked":"SKIP","floor":44}],"player_experience":2055919,"relics_obtained":[{"floor":6,"key":"Strawberry"},{"floor":9,"key":"TeardropLocket"},{"floor":10,"key":"Mercury Hourglass"},{"floor":14,"key":"Tiny Chest"},{"floor":24,"key":"Bird Faced Urn"},{"floor":26,"key":"MawBank"},{"floor":27,"key":"MealTicket"},{"floor":29,"key":"Mango"},{"floor":31,"key":"PreservedInsect"},{"floor":43,"key":"Juzu Bracelet"},{"floor":45,"key":"Old Coin"}],"event_choices":[{"damage_healed":0,"gold_gain":0,"player_choice":"Donut","damage_taken":0,"max_hp_gain":5,"max_hp_loss":0,"event_name":"Big Fish","floor":3,"gold_loss":0},{"damage_healed":0,"gold_gain":0,"player_choice":"Lose Max HP","damage_taken":0,"relics_obtained":["Golden Idol"],"max_hp_gain":0,"max_hp_loss":6,"event_name":"Golden Idol","floor":8,"gold_loss":0},{"damage_healed":19,"gold_gain":0,"player_choice":"Healed","damage_taken":0,"max_hp_gain":0,"max_hp_loss":0,"event_name":"The Cleric","floor":12,"gold_loss":35},{"damage_healed":0,"gold_gain":0,"player_choice":"Became a Ghost","damage_taken":0,"max_hp_gain":0,"max_hp_loss":39,"event_name":"Ghosts","floor":19,"gold_loss":0,"cards_obtained":["Ghostly","Ghostly","Ghostly","Ghostly","Ghostly"]},{"cards_removed":["MentalFortress"],"damage_healed":0,"gold_gain":0,"player_choice":"Elegance","damage_taken":0,"max_hp_gain":0,"max_hp_loss":0,"event_name":"Back to Basics","floor":21,"gold_loss":0},{"damage_healed":0,"gold_gain":0,"player_choice":"Ignored","damage_taken":0,"max_hp_gain":0,"max_hp_loss":0,"event_name":"Vampires","floor":22,"gold_loss":0},{"damage_healed":0,"gold_gain":0,"player_choice":"Max HP","damage_taken":0,"max_hp_gain":0,"max_hp_loss":3,"event_name":"Winding Halls","floor":36,"gold_loss":0},{"damage_healed":0,"gold_gain":333,"player_choice":"Gave Idol","damage_taken":0,"max_hp_gain":0,"max_hp_loss":0,"event_name":"The Moai Head","floor":37,"relics_lost":["Golden Idol"],"gold_loss":0},{"damage_healed":0,"gold_gain":0,"player_choice":"Ignored","damage_taken":0,"max_hp_gain":0,"max_hp_loss":0,"event_name":"Tomb of Lord Red Mask","floor":39,"gold_loss":0},{"damage_healed":0,"gold_gain":0,"player_choice":"Paid Gold","damage_taken":0,"relics_obtained":["Letter Opener"],"max_hp_gain":0,"max_hp_loss":0,"event_name":"WeMeetAgain","floor":46,"gold_loss":52},{"damage_healed":0,"gold_gain":0,"player_choice":"Upgrade","damage_taken":0,"relics_obtained":["Mark of the Bloom"],"max_hp_gain":0,"max_hp_loss":0,"event_name":"MindBloom","floor":48,"gold_loss":0,"cards_upgraded":["Eruption","Vigilance","CrushJoints","CutThroughFate","Omniscience","SashWhip","ForeignInfluence","Indignation","ClearTheMind","Ghostly","Ragnarok","ConjureBlade","SandsOfTime","Tantrum","Wireheading"]}],"is_beta":false,"boss_relics":[{"not_picked":["SacredBark","SlaversCollar"],"picked":"Pandora\u0027s Box"},{"not_picked":["Runic Pyramid","Tiny House"],"picked":"Coffee Dripper"}],"items_purged_floors":[20,38,47],"is_endless":false,"potions_floor_spawned":[2,10,13,14,24,30,44],"ascension_level":11}}