{"host":"bq4pt811tk9yrmjl","time":1607624945,"event":{"mods":["BaseMod","AchievementEnabler","Colored Map","Colored Powertips","Defuse TimeMaze Blight","Minty Spire (QoL Compilation)","StSLib","SuperFastMode","UnlockEverythingMod"],"gold_per_floor":[113,288,288,317,98,98,126,126,152,117,136,136,179,194,194,292,292,292],"floor_reached":17,"playtime":232,"items_purged":[],"score":197,"play_id":"b1a5a382-bb85-490c-ad3c-b47957ed0adf","local_time":"20201210162905","is_ascension_mode":true,"campfire_choices":[{"data":"Zap","floor":6,"key":"SMITH"},{"data":"Loop","floor":8,"key":"SMITH"},{"floor":12,"key":"RECALL"},{"floor":15,"key":"REST"}],"circlet_count":0,"master_deck":["Strike_B","Strike_B","Strike_B","Strike_B","Defend_B","Defend_B","Defend_B","Defend_B","Zap+1","Dualcast","Chill","Doubt","Ball Lightning","Loop+1","Redo+1"],"relics":["Cracked Core","NeowsBlessing","CeramicFish","PreservedInsect","Shovel","Toxic Egg 2","Inserter"],"acts_visited":["Exordium","TheCity"],"potions_floor_usage":[16,16],"damage_taken":[{"damage":0,"enemies":"Small Slimes","floor":1,"turns":1},{"damage":0,"enemies":"2 Louse","floor":4,"turns":1},{"damage":0,"enemies":"3 Sentries","floor":7,"turns":1},{"damage":1,"enemies":"Jaw Worm","floor":11,"turns":3},{"damage":14,"enemies":"Gremlin Nob","floor":13,"turns":3},{"damage":14,"enemies":"Large Slime","floor":14,"turns":5},{"damage":10,"enemies":"Slime Boss","floor":16,"turns":9}],"seed_played":"-6915676507107208709","potions_obtained":[{"floor":1,"key":"PowerPotion"},{"floor":7,"key":"DuplicationPotion"},{"floor":16,"key":"EssenceOfDarkness"}],"is_trial":false,"path_per_floor":["M","?","?","M","$","R","E","R","T","?","M","R","E","M","R","B",null],"character_chosen":"DEFECT","items_purchased":["PreservedInsect","Loop"],"campfire_rested":1,"item_purchase_floors":[5,5],"current_hp_per_floor":[75,75,68,68,68,68,68,68,68,75,74,74,60,46,68,58,75,75],"gold":292,"neow_bonus":"THREE_ENEMY_KILL","is_daily":false,"chose_seed":false,"campfire_upgraded":2,"win_rate":0,"timestamp":1607624945,"path_taken":["M","?","?","M","$","R","E","R","T","?","M","R","E","M","R","BOSS"],"build_version":"2020-11-30","purchased_purges":0,"victory":false,"max_hp_per_floor":[75,75,75,75,75,75,75,75,75,75,75,75,75,75,75,75,75,75],"card_choices":[{"not_picked":["Undo","Hologram"],"picked":"Chill","floor":1},{"not_picked":["Darkness","Compile Driver"],"picked":"Ball Lightning","floor":4},{"not_picked":["Skim","Chaos","Streamline"],"picked":"SKIP","floor":7},{"not_picked":["Steam","Ball Lightning","White Noise"],"picked":"SKIP","floor":11},{"not_picked":["Lockon","Compile Driver"],"picked":"Redo+1","floor":13},{"not_picked":["Multi-Cast+1","Steam Power+1","Lockon"],"picked":"SKIP","floor":14}],"player_experience":51769,"relics_obtained":[{"floor":7,"key":"Shovel"},{"floor":13,"key":"Toxic Egg 2"}],"event_choices":[{"damage_healed":0,"gold_gain":175,"player_choice":"AGREE","damage_taken":0,"max_hp_gain":0,"max_hp_loss":0,"event_name":"Liars Game","floor":2,"gold_loss":0,"cards_obtained":["Doubt"]},{"damage_healed":0,"gold_gain":0,"player_choice":"Success","damage_taken":7,"relics_obtained":["CeramicFish"],"max_hp_gain":0,"max_hp_loss":0,"event_name":"Scrap Ooze","floor":3,"gold_loss":0},{"damage_healed":18,"gold_gain":0,"player_choice":"Healed","damage_taken":0,"max_hp_gain":0,"max_hp_loss":0,"event_name":"The Cleric","floor":10,"gold_loss":35}],"is_beta":false,"boss_relics":[{"not_picked":["SlaversCollar","Runic Pyramid"],"picked":"Inserter"}],"items_purged_floors":[],"is_endless":false,"potions_floor_spawned":[1,7,16],"ascension_level":1}}