{"host":"2lo6hma6kymb0g9i","time":1607606617,"event":{"gold_per_floor":[111,111,129,154,168,203,203,233,260,42,52,52,79,79,79,180,180,197,197,217,217,236,236,236,254,254,254,272,286,286,286,286,390,390,405,420,173,223,323,323,336,356,356,368,385,402,402,420,420,420,420],"floor_reached":50,"playtime":3577,"items_purged":["Strike_G"],"score":584,"play_id":"b8cabdd3-54de-4cc7-86e7-5dcacd609ae3","local_time":"20201210222337","is_ascension_mode":true,"campfire_choices":[{"floor":7.0,"key":"REST"},{"floor":12.0,"key":"REST"},{"data":"Backstab","floor":15.0,"key":"SMITH"},{"data":"Glass Knife","floor":23.0,"key":"SMITH"},{"data":"Backstab","floor":27,"key":"SMITH"},{"data":"Distraction","floor":30,"key":"SMITH"},{"floor":32,"key":"REST"},{"data":"Phantasmal Killer","floor":40,"key":"SMITH"},{"floor":47,"key":"REST"},{"floor":49,"key":"REST"}],"neow_cost":"NONE","seed_source_timestamp":0,"circlet_count":0,"master_deck":["Survivor","Neutralize","Flechettes","Doppelganger","Cloak And Dagger","Predator","Backstab+1","Distraction+1","Deadly Poison","Blade Dance","Backstab+1","Glass Knife+1","Catalyst","Distraction+1","Corpse Explosion","Bullet Time","Backstab","Distraction","Escape Plan","Phantasmal Killer+1","Leg Sweep","Endless Agony","Poisoned Stab","Catalyst","Finisher","Terror+1","Predator+1","Noxious Fumes+1","Flying Knee+1"],"special_seed":0,"relics":["Ring of the Snake","NeowsBlessing","Bronze Scales","Centennial Puzzle","Darkstone Periapt","Regal Pillow","TwistedFunnel","Singing Bowl","Cursed Key","Pandora\u0027s Box","Potion Belt","Bird Faced Urn"],"potions_floor_usage":[33,33,46,46],"damage_taken":[{"damage":0.0,"enemies":"Small Slimes","floor":1.0,"turns":1.0},{"damage":0.0,"enemies":"Cultist","floor":3.0,"turns":1.0},{"damage":0.0,"enemies":"Jaw Worm","floor":5.0,"turns":1.0},{"damage":44.0,"enemies":"Lagavulin","floor":6.0,"turns":6.0},{"damage":28.0,"enemies":"Gremlin Nob","floor":8.0,"turns":4.0},{"damage":0.0,"enemies":"Exordium Wildlife","floor":11.0,"turns":2.0},{"damage":4.0,"enemies":"3 Sentries","floor":13.0,"turns":6.0},{"damage":34.0,"enemies":"Slime Boss","floor":16.0,"turns":11.0},{"damage":0.0,"enemies":"Chosen","floor":18.0,"turns":2.0},{"damage":1.0,"enemies":"3 Byrds","floor":20.0,"turns":2.0},{"damage":4.0,"enemies":"3 Cultists","floor":22.0,"turns":4.0},{"damage":18.0,"enemies":"Shelled Parasite and Fungi","floor":25.0,"turns":2.0},{"damage":2,"enemies":"Cultist and Chosen","floor":28,"turns":3},{"damage":1,"enemies":"Centurion and Healer","floor":29,"turns":3},{"damage":72,"enemies":"Champ","floor":33,"turns":11},{"damage":6,"enemies":"3 Darklings","floor":35,"turns":3},{"damage":16,"enemies":"Orb Walker","floor":36,"turns":2},{"damage":22,"enemies":"Mind Bloom Boss Battle","floor":38,"turns":6},{"damage":10,"enemies":"Spire Growth","floor":41,"turns":2},{"damage":0,"enemies":"3 Darklings","floor":42,"turns":1},{"damage":14,"enemies":"Maw","floor":44,"turns":4},{"damage":9,"enemies":"4 Shapes","floor":45,"turns":3},{"damage":0,"enemies":"Jaw Worm Horde","floor":46,"turns":2},{"damage":20,"enemies":"Maw","floor":48,"turns":4},{"damage":109,"enemies":"Time Eater","floor":50,"turns":4}],"seed_played":"-5708280897334448037","potions_obtained":[{"floor":5.0,"key":"Dexterity Potion"},{"floor":11.0,"key":"Strength Potion"},{"floor":13.0,"key":"PowerPotion"},{"floor":22.0,"key":"BlessingOfTheForge"},{"floor":35,"key":"Explosive Potion"},{"floor":44,"key":"AttackPotion"},{"floor":45,"key":"SpeedPotion"}],"is_trial":false,"path_per_floor":["M","?","M","T","M","E","R","E","T","$","M","R","E","?","R","B",null,"M","?","M","?","M","R","?","M","T","R","M","M","R","T","R","B",null,"M","M","$","?","?","R","M","M","T","M","M","M","R","M","R","B"],"character_chosen":"THE_SILENT","items_purchased":["TwistedFunnel","Potion Belt","Poisoned Stab","Catalyst"],"campfire_rested":5,"item_purchase_floors":[10,37,37,37],"current_hp_per_floor":[70,70,70,70,70,26,47,19,19,19,19,55,51,44,44,10,70,72,72,71,58,56,56,56,40,40,40,38,39,39,39,78,6,83,79,65,65,45,45,45,35,37,37,23,14,14,56,38,80,0,0],"gold":420,"neow_bonus":"THREE_ENEMY_KILL","is_prod":false,"is_daily":false,"chose_seed":false,"campfire_upgraded":5,"win_rate":0,"timestamp":1607606617,"path_taken":["M","?","?","?","M","E","R","E","T","$","M","R","E","?","R","BOSS","M","?","M","?","M","R","?","?","T","R","M","M","R","?","R","BOSS","M","M","$","?","?","R","?","?","T","M","M","M","R","M","R","BOSS"],"build_version":"2020-11-30","purchased_purges":1,"victory":false,"max_hp_per_floor":[70,70,70,70,70,70,70,70,70,70,70,70,70,70,70,70,70,72,72,72,77,79,79,79,81,81,81,81,83,83,83,83,83,83,85,87,87,89,89,89,89,91,91,91,91,91,91,91,91,91,91],"card_choices":[{"not_picked":["Deflect","Bane"],"picked":"Flechettes","floor":1.0},{"not_picked":["Deflect","Heel Hook"],"picked":"Predator","floor":3.0},{"not_picked":["Dodge and Roll","Finisher"],"picked":"Backstab","floor":5.0},{"not_picked":["Malaise","Backflip"],"picked":"Distraction","floor":6.0},{"not_picked":["Poisoned Stab","Caltrops"],"picked":"Deadly Poison","floor":8.0},{"not_picked":["Crippling Poison","Masterful Stab"],"picked":"Blade Dance","floor":11.0},{"not_picked":["Envenom","Cloak And Dagger"],"picked":"Backstab","floor":13.0},{"not_picked":["Storm of Steel","After Image"],"picked":"Glass Knife","floor":16.0},{"not_picked":["Dagger Throw","Underhanded Strike+1","Flechettes"],"picked":"Singing Bowl","floor":18.0},{"not_picked":["Terror+1","Dagger Throw"],"picked":"Catalyst","floor":20.0},{"not_picked":["Blade Dance","Dagger Spray","Accuracy+1"],"picked":"Singing Bowl","floor":22.0},{"not_picked":["Slice","Flechettes","Bane"],"picked":"Singing Bowl","floor":25},{"not_picked":["Expertise","All Out Attack"],"picked":"Distraction+1","floor":28},{"not_picked":["Choke","Blade Dance","Dagger Throw"],"picked":"Singing Bowl","floor":29},{"not_picked":["Unload","Grand Finale"],"picked":"Corpse Explosion","floor":33},{"not_picked":["Slice","Skewer+1","PiercingWail"],"picked":"Singing Bowl","floor":35},{"not_picked":["Caltrops","Setup+1","Underhanded Strike+1"],"picked":"Singing Bowl","floor":36},{"not_picked":["Choke+1","Dagger Spray+1","Calculated Gamble+1"],"picked":"Singing Bowl","floor":38},{"not_picked":["Skewer+1","Deadly Poison+1"],"picked":"Finisher","floor":41},{"not_picked":["Outmaneuver","Underhanded Strike+1","Infinite Blades+1"],"picked":"Singing Bowl","floor":42},{"not_picked":["Blade Dance","Sucker Punch"],"picked":"Terror+1","floor":44},{"not_picked":["Prepared","Expertise"],"picked":"Predator+1","floor":45},{"not_picked":["Endless Agony+1","Outmaneuver+1"],"picked":"Noxious Fumes+1","floor":46},{"not_picked":["Blade Dance+1","Dagger Spray"],"picked":"Flying Knee+1","floor":48}],"player_experience":734572,"relics_obtained":[{"floor":4.0,"key":"Bronze Scales"},{"floor":6.0,"key":"Centennial Puzzle"},{"floor":8.0,"key":"Darkstone Periapt"},{"floor":9.0,"key":"Regal Pillow"},{"floor":13.0,"key":"Singing Bowl"},{"floor":38,"key":"Bird Faced Urn"}],"event_choices":[{"damage_healed":0.0,"max_hp_gain":0.0,"max_hp_loss":0.0,"gold_gain":0.0,"event_name":"Match and Keep!","player_choice":"2 cards matched","floor":2.0,"gold_loss":0.0,"damage_taken":0.0,"cards_obtained":["Doppelganger","Cloak And Dagger"]},{"cards_removed":["Strike_G"],"damage_healed":0.0,"max_hp_gain":0.0,"max_hp_loss":0.0,"gold_gain":0.0,"event_name":"Golden Wing","player_choice":"Card Removal","floor":14.0,"gold_loss":0.0,"damage_taken":7.0},{"damage_healed":0.0,"max_hp_gain":0.0,"max_hp_loss":0.0,"gold_gain":0.0,"event_name":"Vampires","player_choice":"Ignored","floor":19.0,"gold_loss":0.0,"damage_taken":0.0},{"damage_healed":0.0,"max_hp_gain":5.0,"max_hp_loss":0.0,"gold_gain":0.0,"event_name":"Forgotten Altar","player_choice":"Shed Blood","floor":21.0,"gold_loss":0.0,"damage_taken":18.0},{"cards_removed":["Strike_G"],"damage_healed":0.0,"max_hp_gain":0.0,"max_hp_loss":0.0,"gold_gain":0.0,"event_name":"Back to Basics","player_choice":"Elegance","floor":24.0,"gold_loss":0.0,"damage_taken":0.0},{"damage_healed":0,"gold_gain":0,"player_choice":"Fight","damage_taken":0,"max_hp_gain":0,"max_hp_loss":0,"event_name":"MindBloom","floor":38,"gold_loss":0},{"damage_healed":0,"gold_gain":100,"player_choice":"Pray","damage_taken":0,"max_hp_gain":0,"max_hp_loss":0,"event_name":"Golden Shrine","floor":39,"gold_loss":0}],"is_beta":false,"boss_relics":[{"not_picked":["Calling Bell","Runic Dome"],"picked":"Cursed Key"},{"not_picked":["SacredBark","Runic Pyramid"],"picked":"Pandora\u0027s Box"}],"items_purged_floors":[10],"is_endless":false,"potions_floor_spawned":[5,11,13,16,20,22,29,35,44,45],"killed_by":"Time Eater","ascension_level":4}}