{"host":"hzyv8pm5uot6l4n9","time":1607634604,"event":{"mods":["BaseMod","StSLib","Aspiration","Replay The Spire","Minty Spire (QoL Compilation)","Dota2Spire","The Dragon Tamer","Act Like it!","Better Note","Better Third Choice","BetterRewards","Conspire","Energized Spire","GifTheSpireLib","Halation","Hallownest","QueenMod","Quick Restart","Stuff the Spire","vexMod","The Cursed","The Servant 0.9.4"],"gold_per_floor":[117,18,33,48,66,97,47,47,47,72,72,88,161,176,176,280,280,291,310,330,161,176,176,205,205,260,410,420,25,25,98,110,218,230,258,270,300,324,336,336],"floor_reached":39,"playtime":8917,"items_purged":["Strike_S","Strike_S"],"score":667,"play_id":"91f89586-8103-4345-95d2-5ed1ebbe84cc","local_time":"20201210221004","is_ascension_mode":true,"campfire_choices":[{"data":"Luminosity","floor":15,"key":"SMITH"},{"data":"Potential","floor":23,"key":"SMITH"},{"data":"Duplication","floor":25,"key":"SMITH"},{"floor":30,"key":"REST"},{"data":"Collapse","floor":32,"key":"SMITH"}],"circlet_count":0,"master_deck":["Strike_S","Strike_S","Defend_S","Defend_S","Defend_S","Defend_S","KidneyShot","Exchange","Luminosity+1","Defy","Acrobatics","DualDimension","SpecialFormula","Contraction","Spin","Nirvana+1","SpecialFormula","Unruled+1","Dagger Throw","CutThroughFate","Duplication+1","AbeCurse","BottledTime+1","Defy","Potential+1","ShiftingGears","BottledTime","TheWorld","Foresight+1","Luminosity","Collapse+1","Initiator","Spreading Infection","Replace+1","Barrier"],"relics":["Uniform","aspiration:Nostalgia","Replay:M_StaffOfTheSnake","Dota2Spire:Mjollnir","ReplayTheSpireMod:CursedCoin","Chameleon Ring","Strawberry","Kunai","Abe\u0027s Treasure","conspire:GiftBox","Divine Protection","Blood Vial","MawBank","Replay:Bronze Core","Ring of Panic","ReplayTheSpireMod:Ring of Exchange"],"acts_visited":["Exordium","Hallownest:Greenpath","Hallownest:CityofTears"],"potions_floor_usage":[6,10,16,33,38,38],"damage_taken":[{"damage":6,"enemies":"Hallownest:2_Tiktiks_and_1_Crawlid","floor":1,"turns":6},{"damage":0,"enemies":"Hallownest:2_Baldur","floor":3,"turns":6},{"damage":0,"enemies":"Hallownest:2_MossCreeps","floor":4,"turns":8},{"damage":27,"enemies":"Hallownest:2_Tiktiks_1_Baldur_1_Crawlid","floor":5,"turns":12},{"damage":0,"enemies":"Hallownest:eliteCrystalGuardian","floor":6,"turns":14},{"damage":2,"enemies":"Hallownest:eliteVengeflyKing","floor":10,"turns":10},{"damage":0,"enemies":"Hallownest:MossCreep_and_Mosskin","floor":12,"turns":6},{"damage":0,"enemies":"Hallownest:monsterAspidMother","floor":14,"turns":5},{"damage":43,"enemies":"Hallownest:BossFalseKnight","floor":16,"turns":10},{"damage":1,"enemies":"Hallownest:2_Mistakes","floor":18,"turns":7},{"damage":1,"enemies":"Hallownest:Flukemon_and_Top","floor":19,"turns":4},{"damage":5,"enemies":"Hallownest:Warrior_and_Youth","floor":20,"turns":6},{"damage":22,"enemies":"Hallownest:2_Husk_Sentries","floor":22,"turns":5},{"damage":12,"enemies":"Hallownest:eliteWatcherKnight","floor":24,"turns":11},{"damage":38,"enemies":"Hallownest:3_Mistakes","floor":28,"turns":8},{"damage":39,"enemies":"Hallownest:BossMantisLord","floor":33,"turns":8},{"damage":10,"enemies":"Hallownest:Shield_Heavy","floor":35,"turns":4},{"damage":4,"enemies":"Hallownest:2_Littles","floor":37,"turns":5},{"damage":53,"enemies":"Hallownest:monsterPrimalAspid","floor":38,"turns":5},{"damage":58,"enemies":"Hallownest:2_Wandering_and_1_Horned","floor":39,"turns":5}],"seed_played":"-6821397261000369803","potions_obtained":[{"floor":1,"key":"Dota2Spire:Clarity"},{"floor":3,"key":"GamblersBrew"},{"floor":18,"key":"Elixir"},{"floor":19,"key":"Ancient Potion"},{"floor":31,"key":"Swift Potion"},{"floor":33,"key":"Dota2Spire:HealingSalve"},{"floor":37,"key":"Fruit Juice"}],"is_trial":false,"path_per_floor":["M","$","M","M","M","E","$","?","T","E","?","M","T","M","R","B",null,"M","M","M","$","M","R","E","R","T","?","M","$","R","?","R","B",null,"M","?","M","M","M"],"character_chosen":"THE_SERVANT","items_purchased":["Defy","Acrobatics","Nirvana+1","ReplayTheSpireMod:CursedCoin","SpecialFormula","ShiftingGears","Divine Protection","Blood Vial"],"campfire_rested":1,"item_purchase_floors":[2,2,7,7,7,21,29,29],"current_hp_per_floor":[53,53,53,53,31,36,36,36,36,72,72,72,72,72,72,34,63,67,71,67,67,55,55,53,53,53,53,25,25,46,46,46,19,59,61,61,64,39,0,0],"gold":336,"neow_bonus":"NOSTALGIA","is_daily":false,"chose_seed":false,"campfire_upgraded":4,"win_rate":0,"timestamp":1607634604,"path_taken":["M","$","?","M","M","E","$","?","T","E","?","M","?","M","R","BOSS","M","?","M","$","M","R","E","R","T","?","M","$","R","?","R","BOSS","M","?","M","M","M"],"build_version":"2020-11-30","purchased_purges":2,"victory":false,"max_hp_per_floor":[65,65,65,65,65,65,65,65,65,72,72,72,72,72,72,72,72,72,72,72,72,72,72,72,72,72,72,72,72,72,72,72,72,72,72,72,72,79,79,79],"card_choices":[{"not_picked":["Replace","TimeWarp"],"picked":"Luminosity","floor":1},{"not_picked":["Rearm","ReturningBlade"],"picked":"DualDimension","floor":3},{"not_picked":["Outmaneuver","Orbit"],"picked":"SpecialFormula","floor":4},{"not_picked":["Acrobatics","Dagger Throw"],"picked":"Contraction","floor":5},{"not_picked":["Solidify","SurpressingFire"],"picked":"Spin","floor":6},{"not_picked":["Replace","Revamp"],"picked":"Unruled","floor":10},{"not_picked":["FastForward","Escape Plan"],"picked":"Dagger Throw","floor":12},{"not_picked":["Starlight","Predator"],"picked":"CutThroughFate","floor":14},{"not_picked":["MasterReality","Phantasmal Killer"],"picked":"Duplication","floor":16},{"not_picked":["Revamp+1","Rewind"],"picked":"BottledTime+1","floor":18},{"not_picked":["RealityMarble+1","DancingSilver"],"picked":"Defy","floor":19},{"not_picked":["TimeWarp","LightFlow"],"picked":"Potential","floor":20},{"not_picked":["BestPractice","FastForward"],"picked":"BottledTime","floor":22},{"not_picked":["Solidify","SilverMatrix"],"picked":"TheWorld","floor":24},{"not_picked":["Gouge","Read"],"picked":"Foresight+1","floor":24},{"not_picked":["Rearm+1","Barrier"],"picked":"Luminosity","floor":28},{"not_picked":["Starlight","Rearm+1"],"picked":"Collapse","floor":31},{"not_picked":["LightFlow","Solidify"],"picked":"Initiator","floor":33},{"not_picked":["FastForward","SilverBlades+1","Ricochet"],"picked":"SKIP","floor":35},{"not_picked":["Advance","Foresight"],"picked":"Replace+1","floor":37},{"not_picked":["Defy","Foresight"],"picked":"Barrier","floor":38}],"player_experience":465594,"relics_obtained":[{"floor":6,"key":"Dota2Spire:Mjollnir"},{"floor":9,"key":"Chameleon Ring"},{"floor":10,"key":"Strawberry"},{"floor":13,"key":"Kunai"},{"floor":24,"key":"conspire:GiftBox"},{"floor":31,"key":"MawBank"},{"floor":36,"key":"Ring of Panic"},{"floor":36,"key":"ReplayTheSpireMod:Ring of Exchange"}],"event_choices":[],"is_beta":false,"boss_relics":[{"not_picked":["halation:MonkeysPaw","Runic Dome"],"picked":"Abe\u0027s Treasure"},{"not_picked":["StuffTheSpire:RunicHypercube","halation:Prosthetics"],"picked":"Replay:Bronze Core"}],"items_purged_floors":[7,21],"is_endless":false,"potions_floor_spawned":[1,3,6,18,19,33,37],"killed_by":"Hallownest:2_Wandering_and_1_Horned","ascension_level":9}}