{"host":"usewcu4ohw2wtmxk","time":1607636309,"event":{"mods":["BaseMod","AchievementEnabler","Colored Powertips","Minty Spire (QoL Compilation)","Permanent Neow","Quick Restart","Relic Sorter","Relic Stats","Shop Mod","StSLib","BetterRewards","UnlockEverythingMod"],"gold_per_floor":[110,120,20,20,36,36,79,104,104,33,33,72,97,97,97,188,188,204,224,224,249,299,299,299],"floor_reached":23,"playtime":668,"items_purged":["Strike_G","Strike_G"],"score":452,"play_id":"74669690-c657-4fcb-8ed4-3e2c54871df9","local_time":"20201211053829","is_ascension_mode":true,"campfire_choices":[{"data":"Sadistic Nature","floor":6.0,"key":"SMITH"},{"data":"Neutralize","floor":11.0,"key":"SMITH"},{"data":"Noxious Fumes","floor":15.0,"key":"SMITH"}],"circlet_count":0,"master_deck":["AscendersBane","Strike_G","Defend_G","Defend_G","Defend_G","Defend_G","Defend_G","Survivor","Neutralize+1","Sadistic Nature+1","Noxious Fumes+1","PiercingWail","PiercingWail","Footwork","PiercingWail","Acrobatics","Tactician","Wraith Form v2+1","Envenom+1","Backflip"],"special_seed":0,"relics":["Ring of the Snake","Orrery","Golden Idol","Eternal Feather","White Beast Statue","Frozen Egg 2","Empty Cage"],"acts_visited":["Exordium","TheCity"],"potions_floor_usage":[19],"damage_taken":[{"damage":0.0,"enemies":"Small Slimes","floor":1.0,"turns":3.0},{"damage":0.0,"enemies":"Jaw Worm","floor":2.0,"turns":5.0},{"damage":4.0,"enemies":"Cultist","floor":5.0,"turns":5.0},{"damage":0.0,"enemies":"3 Sentries","floor":7.0,"turns":5.0},{"damage":0.0,"enemies":"2 Fungi Beasts","floor":8.0,"turns":3.0},{"damage":6.0,"enemies":"Lagavulin","floor":12.0,"turns":9.0},{"damage":2.0,"enemies":"Lots of Slimes","floor":13.0,"turns":2.0},{"damage":34.0,"enemies":"Hexaghost","floor":16.0,"turns":12.0},{"damage":13.0,"enemies":"2 Thieves","floor":18.0,"turns":4.0},{"damage":12,"enemies":"Spheric Guardian","floor":19,"turns":10},{"damage":11,"enemies":"Snake Plant","floor":21,"turns":5},{"damage":60,"enemies":"Slavers","floor":23,"turns":5}],"seed_played":"6442966075030632024","potions_obtained":[{"floor":2.0,"key":"FairyPotion"},{"floor":7.0,"key":"GhostInAJar"},{"floor":19,"key":"FairyPotion"}],"is_trial":false,"path_per_floor":["M","M","$","?","M","R","E","M","T","?","R","E","M","?","R","B",null,"M","M","?","M","?","E"],"character_chosen":"THE_SILENT","items_purchased":["Sadistic Nature","Noxious Fumes","Orrery","Footwork","PiercingWail"],"campfire_rested":0,"item_purchase_floors":[0,0,0,0,0],"current_hp_per_floor":[28,28,28,28,24,24,24,24,24,24,33,27,25,25,37,3,46,33,21,21,10,10,0,0],"gold":299,"neow_bonus":"","is_daily":false,"chose_seed":false,"campfire_upgraded":3,"win_rate":0,"timestamp":1607636309,"path_taken":["M","M","$","?","M","R","E","M","T","?","R","E","M","?","R","BOSS","M","M","?","M","?","E"],"build_version":"2020-11-30","purchased_purges":2,"victory":false,"max_hp_per_floor":[66,66,66,60,60,60,60,60,60,60,60,60,60,60,60,60,60,60,60,60,60,60,60,60],"relic_stats":{"counters":[12,68],"Golden Idol":60,"Eternal Feather":21,"obtain_stats":[{"Golden Idol":4,"Orrery":0,"Eternal Feather":7,"Membership Card":0,"Frozen Egg 2":12,"Empty Cage":17,"White Beast Statue":9,"Ring of the Snake":0},{"Golden Idol":2,"Orrery":0,"Eternal Feather":4,"Membership Card":0,"Frozen Egg 2":6,"Empty Cage":8,"White Beast Statue":5,"Ring of the Snake":0},{"Golden Idol":8,"Orrery":0,"Eternal Feather":18,"Membership Card":0,"Frozen Egg 2":30,"Empty Cage":44,"White Beast Statue":21,"Ring of the Snake":0}],"Ring of the Snake":[24]},"card_choices":[{"not_picked":["Venomology","Dagger Spray"],"picked":"PiercingWail","floor":0.0},{"not_picked":["Skewer","Underhanded Strike"],"picked":"PiercingWail","floor":0.0},{"not_picked":["Choke","Dagger Throw"],"picked":"Acrobatics","floor":1.0},{"not_picked":["Endless Agony","Deadly Poison"],"picked":"Tactician","floor":2.0},{"not_picked":["Sucker Punch","Blade Dance","Tactician"],"picked":"SKIP","floor":5.0},{"not_picked":["Expertise","Dagger Throw","Crippling Poison"],"picked":"SKIP","floor":7.0},{"not_picked":["Distraction","PiercingWail","Blur"],"picked":"SKIP","floor":8.0},{"not_picked":["Glass Knife","Venomology"],"picked":"Wraith Form v2+1","floor":12.0},{"not_picked":["Sucker Punch","Quick Slash","Setup"],"picked":"SKIP","floor":13.0},{"not_picked":["Tools of the Trade+1","Night Terror"],"picked":"Envenom+1","floor":16.0},{"not_picked":["Flying Knee","Dodge and Roll","Catalyst"],"picked":"SKIP","floor":18.0},{"not_picked":["Bane+1","Dagger Throw"],"picked":"Backflip","floor":19},{"not_picked":["Quick Slash","Prepared","Terror"],"picked":"SKIP","floor":21}],"player_experience":236949,"relics_obtained":[{"floor":7.0,"key":"Eternal Feather"},{"floor":9.0,"key":"White Beast Statue"},{"floor":12.0,"key":"Frozen Egg 2"}],"event_choices":[{"damage_healed":0.0,"max_hp_gain":0.0,"max_hp_loss":6.0,"gold_gain":0.0,"event_name":"Golden Idol","player_choice":"Lose Max HP","floor":4.0,"gold_loss":0.0,"damage_taken":0.0,"relics_obtained":["Golden Idol"]},{"damage_healed":0.0,"max_hp_gain":0.0,"max_hp_loss":0.0,"gold_gain":0.0,"event_name":"World of Goop","player_choice":"Left Gold","floor":10.0,"gold_loss":71.0,"damage_taken":0.0},{"damage_healed":0.0,"max_hp_gain":0.0,"max_hp_loss":0.0,"gold_gain":0.0,"event_name":"Scrap Ooze","player_choice":"Fled","floor":14.0,"gold_loss":0.0,"damage_taken":0.0},{"damage_healed":0,"gold_gain":0,"player_choice":"Ignored","damage_taken":0,"max_hp_gain":0,"max_hp_loss":0,"event_name":"Vampires","floor":20,"gold_loss":0},{"damage_healed":0,"gold_gain":50,"player_choice":"Stole From Cult","damage_taken":0,"max_hp_gain":0,"max_hp_loss":0,"event_name":"Nest","floor":22,"gold_loss":0}],"is_beta":false,"boss_relics":[{"not_picked":["Busted Crown","Ectoplasm"],"picked":"Empty Cage"}],"items_purged_floors":[0,3],"is_endless":false,"potions_floor_spawned":[2,7,8,12,13,16,18,19,21],"killed_by":"Slavers","ascension_level":20}}