{"host":"jr9f8lmgw9kaplsw","time":1607629249,"event":{"mods":["BaseMod","BetterRewards","Colored Map","StSLib","Hubris","Replay The Spire","Shop Mod","AchievementEnabler","Minty Spire (QoL Compilation)","The Cursed"],"gold_per_floor":[114,129,144,159,174,204,204,219,219,219,234,84,84,114,114,214,214,529,544,571,598,610,643,655,667,704,731,758,800,812,839,851,963,1075,1102,1129,2140,2152,2179,2191,2218,2230,2317,2344,2375,2402,2429,2441,2453,2465],"floor_reached":51,"playtime":2155,"items_purged":[],"score":987,"play_id":"3a9a6eea-cf9e-4e4d-bae1-c048a648d9d7","local_time":"20201210144049","daily_mods":["Allstar","Vintage","Night Terrors"],"is_ascension_mode":false,"campfire_choices":[{"data":"Panache","floor":7.0,"key":"SMITH"},{"data":"Panache","floor":13.0,"key":"SMITH"},{"data":"Corruption","floor":32,"key":"SMITH"},{"data":"Life Link","floor":40,"key":"SMITH"},{"data":"Infernal Blade","floor":42,"key":"SMITH"},{"data":"Offering","floor":49,"key":"SMITH"}],"circlet_count":0,"master_deck":["ReplayTheSpireMod:Brewmster+1","Strike_R+1","Strike_R+1","Strike_R+1","Strike_R+1","Strike_R+1","Defend_R","Defend_R","Defend_R","Defend_R","Bash","Panache+1","ReplayTheSpireMod:Necrogeddon+1","Discovery","Panache+1","Metamorphosis+1","Flex+1","Shrug It Off","Hallucinations","Corruption+1","Thunderclap+1","Infernal Blade+1","Offering+1","Normality","Normality","Life Link+1","Inflame+1"],"special_seed":18606,"relics":["Burning Blood","Replay:Baseball","Du-Vu Doll","Bottled Flame","Pear","hubris:Potato","Red Skull","Replay:Bottled Snecko","hubris:DeckOfHolding","Replay:Rubber Ducky","hubris:EmptyBottle","War Paint","hubris:Backtick","Mummified Hand","Old Coin","MawBank","hubris:IronBody","hubris:TinFlute","Red Mask","hubris:Icosahedron","Dream Catcher","Question Card","Blood Vial","WingedGreaves","Onion Ring","Replay:Wanted Poster","Replay:Bottled Flurry","Another Sword","Replay:Bottled Eggs","Bag of Preparation","Golden Egg","hubris:BottledRain","Replay:Towering Pillar of Hats","hubris:CuriousFeather","Whetstone"],"acts_visited":["TheBeyond"],"potions_floor_usage":[28,36,39,39,41,41,44,44,45,45,50,50,50,50,50,50,50,50,50,50,50],"damage_taken":[{"damage":12.0,"enemies":"Cultist","floor":1.0,"turns":5.0},{"damage":0.0,"enemies":"2 Louse","floor":2.0,"turns":2.0},{"damage":0.0,"enemies":"Jaw Worm","floor":3.0,"turns":1.0},{"damage":9.0,"enemies":"Blue Slaver","floor":4.0,"turns":3.0},{"damage":0.0,"enemies":"Large Slime","floor":5.0,"turns":4.0},{"damage":1.0,"enemies":"Lagavulin","floor":6.0,"turns":5.0},{"damage":8.0,"enemies":"2 Fungi Beasts","floor":8.0,"turns":3.0},{"damage":7.0,"enemies":"Blue Slaver","floor":11.0,"turns":2.0},{"damage":18.0,"enemies":"Replay:BlueRogue","floor":14.0,"turns":4.0},{"damage":18.0,"enemies":"Slime Boss","floor":16.0,"turns":7.0},{"damage":5.0,"enemies":"Shell Parasite","floor":18.0,"turns":5.0},{"damage":10.0,"enemies":"Chosen","floor":19.0,"turns":5.0},{"damage":0.0,"enemies":"Snake Plant","floor":20.0,"turns":3.0},{"damage":12.0,"enemies":"Snecko","floor":21.0,"turns":6.0},{"damage":14.0,"enemies":"Masked Bandits","floor":23.0,"turns":4.0},{"damage":0,"enemies":"Cultist and Chosen","floor":27,"turns":5},{"damage":0,"enemies":"Chosen and Byrds","floor":28,"turns":6},{"damage":14,"enemies":"Book of Stabbing","floor":29,"turns":5},{"damage":0,"enemies":"Centurion and Healer","floor":31,"turns":5},{"damage":14,"enemies":"Pondfish","floor":33,"turns":11},{"damage":13,"enemies":"Orb Walker","floor":35,"turns":4},{"damage":6,"enemies":"3 Darklings","floor":36,"turns":3},{"damage":0,"enemies":"Writhing Mass","floor":39,"turns":4},{"damage":6,"enemies":"4 Shapes","floor":41,"turns":4},{"damage":0,"enemies":"Transient","floor":44,"turns":5},{"damage":0,"enemies":"2 Orb Walkers","floor":45,"turns":3},{"damage":3,"enemies":"Maw","floor":46,"turns":5},{"damage":3,"enemies":"3 Darklings","floor":47,"turns":3},{"damage":32,"enemies":"hubris:GrandSnecko","floor":50,"turns":11}],"seed_played":"8996604888150855735","potions_obtained":[{"floor":3.0,"key":"Explosive Potion"},{"floor":5.0,"key":"AttackPotion"},{"floor":11.0,"key":"SpeedPotion"},{"floor":36,"key":"Languid Potion"},{"floor":45,"key":"Dexterity Potion"}],"is_trial":false,"path_per_floor":["M","M","M","M","M","E","R","M","T","$","M","$","R","E","R_BF","B",null,"M","M","M","M","?","?","?","?","T","M","M","E","$","M","R","B",null,"M","M","?","?","M","R","M","R","T","M","?","M","M","?","R","B",null],"character_chosen":"IRONCLAD","items_purchased":["hubris:EmptyBottle"],"campfire_rested":0,"item_purchase_floors":[12],"current_hp_per_floor":[74,80,80,87,90,90,90,88,88,88,87,87,87,75,75,63,90,90,86,90,84,84,76,76,76,76,82,88,82,82,90,90,82,90,83,85,85,85,90,90,90,90,90,90,90,90,90,90,90,82],"gold":2477,"neow_bonus":"","is_daily":true,"chose_seed":false,"campfire_upgraded":6,"win_rate":0,"timestamp":1607629249,"path_taken":["M","M","M","M","M","E","R","M","T","$","M","$","R","E","R_BF","BOSS","M","M","M","M","?","?","?","?","T","M","M","E","$","M","R","BOSS","M","M","?","?","M","R","?","R","T","M","?","M","M","?","R","BOSS"],"build_version":"2020-11-30","purchased_purges":0,"victory":true,"max_hp_per_floor":[80,80,80,90,90,90,90,90,90,90,90,90,90,90,90,90,90,90,90,90,90,90,90,90,90,90,90,90,90,90,90,90,90,90,90,90,90,90,90,90,90,90,90,90,90,90,90,90,90,90],"card_choices":[{"not_picked":["Eclipse","Armaments"],"picked":"Flex","floor":6.0},{"not_picked":["Pummel","Dropkick"],"picked":"Shrug It Off","floor":14.0},{"not_picked":["Demonic Infusion","Eclipse"],"picked":"Corruption","floor":16.0},{"not_picked":["Clothesline","Massacre+1"],"picked":"Thunderclap","floor":23.0},{"not_picked":["Body Slam","Pommel Strike+1","hubris:ReadiedAction"],"picked":"Infernal Blade","floor":29},{"not_picked":["Exhume","Demonic Infusion","Bludgeon"],"picked":"Offering","floor":33},{"not_picked":["Clothesline","Flex+1","Clash+1"],"picked":"Inflame+1","floor":45}],"player_experience":2765147,"relics_obtained":[{"floor":1.0,"key":"Replay:Baseball"},{"floor":2.0,"key":"Du-Vu Doll"},{"floor":3.0,"key":"Bottled Flame"},{"floor":4.0,"key":"Pear"},{"floor":5.0,"key":"hubris:Potato"},{"floor":6.0,"key":"Red Skull"},{"floor":8.0,"key":"Replay:Bottled Snecko"},{"floor":9.0,"key":"hubris:DeckOfHolding"},{"floor":11.0,"key":"Replay:Rubber Ducky"},{"floor":14.0,"key":"War Paint"},{"floor":18.0,"key":"Old Coin"},{"floor":19.0,"key":"MawBank"},{"floor":20.0,"key":"hubris:IronBody"},{"floor":21.0,"key":"hubris:TinFlute"},{"floor":23.0,"key":"Red Mask"},{"floor":26.0,"key":"Dream Catcher"},{"floor":27,"key":"Question Card"},{"floor":28,"key":"Blood Vial"},{"floor":29,"key":"WingedGreaves"},{"floor":31,"key":"Onion Ring"},{"floor":35,"key":"Replay:Bottled Flurry"},{"floor":36,"key":"Another Sword"},{"floor":39,"key":"Replay:Bottled Eggs"},{"floor":41,"key":"Bag of Preparation"},{"floor":43,"key":"Golden Egg"},{"floor":44,"key":"hubris:BottledRain"},{"floor":45,"key":"Replay:Towering Pillar of Hats"},{"floor":46,"key":"hubris:CuriousFeather"},{"floor":47,"key":"Whetstone"}],"event_choices":[{"damage_healed":0.0,"max_hp_gain":0.0,"max_hp_loss":0.0,"gold_gain":0.0,"event_name":"Match and Keep!","player_choice":"1 cards matched","floor":15.0,"gold_loss":0.0,"damage_taken":0.0,"cards_obtained":["Hallucinations"]},{"damage_healed":0.0,"max_hp_gain":0.0,"max_hp_loss":0.0,"gold_gain":0.0,"event_name":"Ghosts","player_choice":"Ignored","floor":22.0,"gold_loss":0.0,"damage_taken":0.0},{"damage_healed":0.0,"max_hp_gain":0.0,"max_hp_loss":0.0,"gold_gain":0.0,"event_name":"Masked Bandits","player_choice":"Fought Bandits","floor":23.0,"gold_loss":0.0,"damage_taken":0.0},{"damage_healed":0,"gold_gain":999,"player_choice":"Gold","damage_taken":0,"max_hp_gain":0,"max_hp_loss":0,"event_name":"MindBloom","floor":37,"gold_loss":0,"cards_obtained":["Normality","Normality"]},{"damage_healed":0,"gold_gain":0,"player_choice":"Fight","damage_taken":0,"max_hp_gain":0,"max_hp_loss":0,"event_name":"Mysterious Sphere","floor":45,"gold_loss":0}],"is_beta":false,"boss_relics":[{"not_picked":["SlaversCollar","SacredBark"],"picked":"hubris:Backtick"},{"not_picked":["Coffee Dripper","Sozu"],"picked":"Replay:Wanted Poster"}],"items_purged_floors":[],"is_endless":false,"potions_floor_spawned":[3,5,11,18,19,29,36,45,46,47],"ascension_level":0}}