{"host":"d8hh7rr4yzitjeuj","time":1607617654,"event":{"mods":["BaseMod","AchievementEnabler","StSLib","CapriCore","Colored Powertips","Highlight Path","Minty Spire (QoL Compilation)","Quick Restart","SuperFastMode","Keyboard Shortcuts","Permanent Neow","Colored Map","2.2 Compatiblity"],"gold_per_floor":[112,124,137,148,148,148,73,73,97,116,0,11,38,55,55,134,134,154,124,134,83,83,83],"floor_reached":22,"playtime":618,"items_purged":[],"score":380,"play_id":"017e140a-8ca9-48b7-adcc-4ecaef69a419","local_time":"20201211012734","is_ascension_mode":true,"campfire_choices":[{"floor":6.0,"key":"REST"},{"data":"Reprogram","floor":8.0,"key":"SMITH"},{"floor":15.0,"key":"REST"}],"circlet_count":0,"master_deck":["AscendersBane","Strike_B","Strike_B+1","Strike_B+1","Defend_B","Defend_B","Defend_B","Defend_B","Zap","Dualcast","Reprogram+1","Stack","Coolheaded","Rip and Tear","Reprogram","Beam Cell","Leap","Rip and Tear","Hologram","Reinforced Body","Go for the Eyes","Seek","Recycle","Self Repair","Sweeping Beam"],"special_seed":0,"relics":["Velvet Choker","Oddly Smooth Stone","Dream Catcher","SlaversCollar"],"acts_visited":["Exordium","TheCity"],"potions_floor_usage":[20],"damage_taken":[{"damage":7.0,"enemies":"2 Louse","floor":1.0,"turns":4.0},{"damage":6.0,"enemies":"Small Slimes","floor":2.0,"turns":3.0},{"damage":12.0,"enemies":"Jaw Worm","floor":3.0,"turns":5.0},{"damage":2.0,"enemies":"2 Fungi Beasts","floor":4.0,"turns":4.0},{"damage":0.0,"enemies":"Looter","floor":10.0,"turns":4.0},{"damage":2.0,"enemies":"Blue Slaver","floor":12.0,"turns":3.0},{"damage":68.0,"enemies":"Gremlin Nob","floor":13.0,"turns":5.0},{"damage":7.0,"enemies":"Exordium Wildlife","floor":14.0,"turns":5.0},{"damage":20.0,"enemies":"Hexaghost","floor":16.0,"turns":9.0},{"damage":8,"enemies":"Shell Parasite","floor":18,"turns":7},{"damage":7,"enemies":"2 Thieves","floor":19,"turns":4},{"damage":21,"enemies":"Snake Plant","floor":20,"turns":6},{"damage":43,"enemies":"Chosen and Byrds","floor":22,"turns":5}],"seed_played":"2860327869248861012","potions_obtained":[{"floor":3.0,"key":"FairyPotion"},{"floor":4.0,"key":"Block Potion"},{"floor":13.0,"key":"AttackPotion"},{"floor":16.0,"key":"PotionOfCapacity"},{"floor":19,"key":"Regen Potion"}],"is_trial":false,"path_per_floor":["M","M","M","M","?","R","?","R","T","M","$","M","E","M","R","B",null,"M","M","M","$","M"],"character_chosen":"DEFECT","items_purchased":["Beam Cell","Leap","Sweeping Beam"],"campfire_rested":2,"item_purchase_floors":[11,11,21],"current_hp_per_floor":[57,51,39,37,16,37,37,37,37,37,37,35,21,14,35,15,57,49,42,36,36,0,0],"gold":83,"neow_bonus":"BOSS_RELIC","is_daily":false,"chose_seed":false,"campfire_upgraded":1,"win_rate":0,"timestamp":1607617654,"path_taken":["M","M","M","M","?","R","?","R","T","M","?","M","E","M","R","BOSS","M","M","M","$","M"],"build_version":"2020-11-30","purchased_purges":0,"victory":false,"max_hp_per_floor":[71,71,71,71,71,71,71,71,71,71,71,71,71,71,71,71,71,71,71,71,71,71,71],"card_choices":[{"not_picked":["Ball Lightning","Double Energy"],"picked":"Reprogram","floor":1.0},{"not_picked":["Ball Lightning","Coolheaded"],"picked":"Stack","floor":2.0},{"not_picked":["Barrage","Tempest"],"picked":"Coolheaded","floor":3.0},{"not_picked":["Force Field","Doom and Gloom"],"picked":"Rip and Tear","floor":4.0},{"not_picked":["Rebound","Streamline"],"picked":"Reprogram","floor":10.0},{"not_picked":["Leap","Steam"],"picked":"Rip and Tear","floor":12.0},{"not_picked":["Genetic Algorithm","Heatsinks"],"picked":"Hologram","floor":13.0},{"not_picked":["BootSequence","Steam"],"picked":"Reinforced Body","floor":14.0},{"not_picked":["Lockon","Leap"],"picked":"Go for the Eyes","floor":15.0},{"not_picked":["Fission","Biased Cognition"],"picked":"Seek","floor":16.0},{"not_picked":["Darkness","Consume"],"picked":"Recycle","floor":18},{"not_picked":["Steam","Melter"],"picked":"Self Repair","floor":19},{"not_picked":["Conserve Battery","Scrape","Beam Cell"],"picked":"SKIP","floor":20}],"player_experience":1318370,"relics_obtained":[{"floor":9.0,"key":"Oddly Smooth Stone"},{"floor":13.0,"key":"Dream Catcher"}],"event_choices":[{"damage_healed":0.0,"max_hp_gain":0.0,"max_hp_loss":0.0,"gold_gain":0.0,"event_name":"Shining Light","player_choice":"Entered Light","floor":5.0,"gold_loss":0.0,"damage_taken":21.0,"cards_upgraded":["Strike_B","Strike_B"]},{"cards_removed":["Strike_B"],"damage_healed":0.0,"max_hp_gain":0.0,"max_hp_loss":0.0,"gold_gain":0.0,"event_name":"The Cleric","player_choice":"Card Removal","floor":7.0,"gold_loss":75.0,"damage_taken":0.0}],"is_beta":false,"boss_relics":[{"not_picked":["Inserter","Fusion Hammer"],"picked":"SlaversCollar"}],"items_purged_floors":[],"is_endless":false,"potions_floor_spawned":[3,4,13,16,19],"killed_by":"Chosen and Byrds","ascension_level":20}}