{"host":"aeidq2c3auzxo1yh","time":1607614021,"event":{"mods":["BaseMod","AchievementEnabler","StSLib","Minty Spire (QoL Compilation)","Relic Stats","Colored Map","Colored Powertips"],"gold_per_floor":[18,35,55,70,15,48,48,60,60,60,135,135,152,184,184,258,258,273,290,301,37,53,53,85,85,139,172,172,172,172,11,11,11,11],"floor_reached":33,"playtime":1581,"items_purged":["Strike_R"],"score":630,"play_id":"b3c73f67-5036-4c64-8c5e-8161b454c481","local_time":"20201210202701","is_ascension_mode":true,"campfire_choices":[{"data":"Fire Breathing","floor":7,"key":"SMITH"},{"data":"Evolve","floor":10,"key":"SMITH"},{"data":"Flame Barrier","floor":12,"key":"SMITH"},{"data":"Disarm","floor":15,"key":"SMITH"},{"data":"True Grit","floor":23,"key":"SMITH"},{"data":"Feel No Pain","floor":25,"key":"SMITH"},{"floor":28,"key":"REST"},{"floor":32,"key":"REST"}],"circlet_count":0,"master_deck":["AscendersBane","Strike_R","Strike_R","Strike_R","Strike_R","Defend_R","Defend_R","Defend_R","Defend_R","Bash","The Bomb","Flame Barrier+1","Evolve+1","Fiend Fire","Fire Breathing+1","Wild Strike","Burning Pact","Sentinel","Disarm+1","Immolate","Metallicize","Wild Strike","True Grit+1","Feel No Pain+1","Reckless Charge","Necronomicurse"],"relics":["Burning Blood","Bag of Preparation","TungstenRod","Magic Flower","Runic Cube","Pen Nib","WingedGreaves","Red Skull","Necronomicon","ClockworkSouvenir"],"acts_visited":["Exordium","TheCity"],"potions_floor_usage":[6,6,16,16,19,22,24,24,30],"damage_taken":[{"damage":6,"enemies":"Cultist","floor":1,"turns":3},{"damage":7,"enemies":"Jaw Worm","floor":2,"turns":3},{"damage":3,"enemies":"2 Louse","floor":3,"turns":4},{"damage":7,"enemies":"Looter","floor":4,"turns":3},{"damage":13,"enemies":"Lagavulin","floor":6,"turns":5},{"damage":3,"enemies":"2 Fungi Beasts","floor":8,"turns":4},{"damage":16,"enemies":"Exordium Wildlife","floor":13,"turns":4},{"damage":7,"enemies":"Gremlin Nob","floor":14,"turns":3},{"damage":6,"enemies":"Hexaghost","floor":16,"turns":6},{"damage":0,"enemies":"Spheric Guardian","floor":18,"turns":3},{"damage":3,"enemies":"3 Byrds","floor":19,"turns":3},{"damage":28,"enemies":"Sentry and Sphere","floor":20,"turns":5},{"damage":34,"enemies":"Shelled Parasite and Fungi","floor":22,"turns":6},{"damage":28,"enemies":"Slavers","floor":24,"turns":3},{"damage":31,"enemies":"Book of Stabbing","floor":27,"turns":7},{"damage":0,"enemies":"Slavers","floor":30,"turns":1},{"damage":71,"enemies":"Collector","floor":33,"turns":7}],"seed_played":"6601539633699522733","potions_obtained":[{"floor":3,"key":"DuplicationPotion"},{"floor":6,"key":"Strength Potion"},{"floor":14,"key":"BlessingOfTheForge"},{"floor":16,"key":"SkillPotion"},{"floor":19,"key":"Regen Potion"},{"floor":20,"key":"Fruit Juice"},{"floor":22,"key":"DuplicationPotion"},{"floor":27,"key":"SmokeBomb"}],"is_trial":false,"path_per_floor":["M","M","M","M","$","E","R","M","T","R","?","R","M","E","R","B",null,"M","M","M","$","M","R","E","R","T","E","R","?","E","$","R","B"],"character_chosen":"IRONCLAD","items_purchased":["Dexterity Potion","True Grit","Pen Nib","ClockworkSouvenir"],"campfire_rested":2,"item_purchase_floors":[5,21,21,31],"current_hp_per_floor":[68,67,70,69,69,62,62,65,65,65,55,55,45,44,44,47,68,75,75,56,56,39,39,39,39,39,17,41,24,33,33,57,0,0],"gold":11,"neow_bonus":"RANDOM_COLORLESS_2","is_daily":false,"chose_seed":false,"campfire_upgraded":6,"win_rate":0,"timestamp":1607614021,"path_taken":["M","M","?","M","$","E","R","M","T","R","?","R","M","E","R","BOSS","M","M","M","$","M","R","E","R","T","E","R","?","E","$","R","BOSS"],"build_version":"2020-11-30","purchased_purges":1,"victory":false,"max_hp_per_floor":[75,75,75,75,75,75,75,75,75,75,75,75,75,75,75,75,75,75,75,75,75,80,80,80,80,80,80,80,80,80,80,80,80,80],"relic_stats":{"counters":[17,70],"Magic Flower":[29],"Pen Nib":[2],"Bag of Preparation":[24],"Necronomicon":[3],"obtain_stats":[{"Magic Flower":14,"Pen Nib":21,"WingedGreaves":24,"Bag of Preparation":6,"Necronomicon":29,"Burning Blood":0,"TungstenRod":9,"Red Skull":27,"Runic Cube":17,"ClockworkSouvenir":31},{"Magic Flower":8,"Pen Nib":12,"WingedGreaves":14,"Bag of Preparation":5,"Necronomicon":15,"Burning Blood":0,"TungstenRod":6,"Red Skull":15,"Runic Cube":9,"ClockworkSouvenir":16},{"Magic Flower":29,"Pen Nib":46,"WingedGreaves":55,"Bag of Preparation":18,"Necronomicon":62,"Burning Blood":0,"TungstenRod":22,"Red Skull":62,"Runic Cube":35,"ClockworkSouvenir":63}],"Burning Blood":112,"TungstenRod":47,"Runic Cube":[22]},"card_choices":[{"not_picked":["Violence","Secret Weapon"],"picked":"The Bomb","floor":0},{"not_picked":["Pommel Strike","Shrug It Off"],"picked":"Flame Barrier","floor":1},{"not_picked":["Burning Pact","Thunderclap"],"picked":"Evolve","floor":2},{"not_picked":["Perfected Strike","Havoc"],"picked":"Fiend Fire","floor":3},{"not_picked":["Armaments","Wild Strike"],"picked":"Fire Breathing","floor":4},{"not_picked":["Rupture","Body Slam"],"picked":"Wild Strike","floor":6},{"not_picked":["Flame Barrier","Dual Wield"],"picked":"Burning Pact","floor":8},{"not_picked":["Clash","Sword Boomerang"],"picked":"Sentinel","floor":13},{"not_picked":["Dark Embrace","Pummel"],"picked":"Disarm","floor":14},{"not_picked":["Juggernaut","Corruption"],"picked":"Immolate","floor":16},{"not_picked":["Intimidate","Pommel Strike","Searing Blow"],"picked":"SKIP","floor":18},{"not_picked":["Iron Wave","Clothesline"],"picked":"Metallicize","floor":19},{"not_picked":["Thunderclap","Flame Barrier"],"picked":"Wild Strike","floor":20},{"not_picked":["Havoc","Clothesline"],"picked":"Feel No Pain","floor":22},{"not_picked":["Entrench","Evolve"],"picked":"Reckless Charge","floor":24},{"not_picked":["Heavy Blade","Uppercut+1","Spot Weakness"],"picked":"SKIP","floor":27}],"player_experience":825628,"relics_obtained":[{"floor":6,"key":"Bag of Preparation"},{"floor":9,"key":"TungstenRod"},{"floor":14,"key":"Magic Flower"},{"floor":24,"key":"WingedGreaves"},{"floor":27,"key":"Red Skull"},{"floor":29,"key":"Necronomicon"}],"event_choices":[{"damage_healed":0,"gold_gain":75,"player_choice":"Gather Gold","damage_taken":11,"max_hp_gain":0,"max_hp_loss":0,"event_name":"World of Goop","floor":11,"gold_loss":0},{"damage_healed":0,"gold_gain":0,"player_choice":"Obtained Book","damage_taken":21,"max_hp_gain":0,"max_hp_loss":0,"event_name":"Cursed Tome","floor":29,"gold_loss":0}],"is_beta":false,"boss_relics":[{"not_picked":["Runic Pyramid","Busted Crown"],"picked":"Runic Cube"}],"items_purged_floors":[21],"is_endless":false,"potions_floor_spawned":[3,6,14,16,19,20,22,27],"killed_by":"Collector","ascension_level":20}}