{"host":"61ejhfsushs0xmcl","time":1607612913,"event":{"mods":["BaseMod","StSLib","Colored Map","Gold Saver","Minty Spire (QoL Compilation)","TestMod","Waifu the Spire","Act Like it!","篝火指南","Spicy Shops","MostiFishMod","Marisa（F雨　魔理沙）","Replay The Spire","Dota2Spire","The Dragon Tamer"],"gold_per_floor":[1717,1642,942,942,953,978,994,1013,1013,1039,1039,1049,1069,1097,1097,1174,1174,1192,1253,1253,1653,1673,1702,1715,1743,1743,1068,1094,1107,237,250,250,324,324,342,358,372,297,435,460,233,390,390,409,798,954,954,1108,1108,1858,1983,1983,1983,1459,1615,1615],"floor_reached":57,"playtime":1979,"items_purged":["Defend_P","Strike_P","Strike_P","MostiFishMod:UniPurple+1","Strike_P","Strike_P","Adaptation","MostiFishMod:DustFall+1","CutThroughFate+1"],"score":4383,"play_id":"90b8e464-fae3-41fe-b720-962e910c265f","local_time":"20201210230833","is_ascension_mode":true,"campfire_choices":[{"data":"MentalFortress","floor":15.0,"key":"SMITH"},{"floor":32.0,"key":"RECALL"},{"floor":47.0,"key":"DIG"},{"floor":49.0,"key":"DIG"},{"floor":53,"key":"DIG"}],"circlet_count":0,"master_deck":["AscendersBane","Eruption+1","FearNoEvil+1","MentalFortress+1","Vault+1","Brilliance+1","Replay:Vibes+1","TalkToTheHand+1","TalkToTheHand+1","Vault+1","MostiFishMod:ButterFly+1","MostiFishMod:NightSea+1","MostiFishMod:Disappear+1","MostiFishMod:CyberBuddha+1","MostiFishMod:LegendTransform+1"],"special_seed":0,"relics":["PureWater","testmod-TestBox","testmod-ArcanaOfDestiny","Technique","Question Card","SynthV","Dota2Spire:AghanimScepter","Bronze Scales","Golden Egg","Replay:Baseball","Blue Doll","ImportantClient","Sozu","SynthV:C4","Technique","Akabeko","Bottled Flame","Replay:Bottled Eggs","Chameleon Ring","DollysMirror","Dota2Spire:PowerTreads","Shuriken","BrkXgEgg","ReplayTheSpireMod:ShopPack","Shovel","testmod-Fanaticism","Gremlin Horn","Membership Card","Omamori","Mercury Hourglass","Snack Pack","Dota2Spire:ArcaneBoots","ReplayTheSpireMod:Lightbulb","Ancient Tea Set","Unceasing Top","Mummified Hand","testmod-FatalChain","Centennial Puzzle","testmod-Maize","ReplayTheSpireMod:CursedCoin","Dota2Spire:EtherealBlade"],"acts_visited":["Exordium","TheCity","TheBeyond","TheEnding"],"potions_floor_usage":[50,50],"damage_taken":[{"damage":0.0,"enemies":"Small Slimes","floor":1.0,"turns":2.0},{"damage":0.0,"enemies":"Cultist","floor":5.0,"turns":3.0},{"damage":4.0,"enemies":"Lagavulin","floor":6.0,"turns":5.0},{"damage":0.0,"enemies":"2 Louse","floor":7.0,"turns":3.0},{"damage":5.0,"enemies":"Blue Slaver","floor":8.0,"turns":3.0},{"damage":1.0,"enemies":"3 Sentries","floor":10.0,"turns":6.0},{"damage":0.0,"enemies":"Exordium Wildlife","floor":12.0,"turns":2.0},{"damage":0.0,"enemies":"Looter","floor":13.0,"turns":1.0},{"damage":0.0,"enemies":"Gremlin Nob","floor":14.0,"turns":3.0},{"damage":9.0,"enemies":"Slime Boss","floor":16.0,"turns":6.0},{"damage":0.0,"enemies":"Spheric Guardian","floor":18.0,"turns":3.0},{"damage":0.0,"enemies":"Shell Parasite","floor":22.0,"turns":2.0},{"damage":21.0,"enemies":"Book of Stabbing","floor":23.0,"turns":3.0},{"damage":0.0,"enemies":"Snake Plant","floor":24.0,"turns":3.0},{"damage":0.0,"enemies":"Gremlin Leader","floor":25.0,"turns":3.0},{"damage":0.0,"enemies":"Book of Stabbing","floor":28.0,"turns":3.0},{"damage":0.0,"enemies":"Shelled Parasite and Fungi","floor":29.0,"turns":3.0},{"damage":0.0,"enemies":"Centurion and Healer","floor":31.0,"turns":2.0},{"damage":0.0,"enemies":"Pondfish","floor":33.0,"turns":3.0},{"damage":0.0,"enemies":"3 Darklings","floor":35.0,"turns":1.0},{"damage":0.0,"enemies":"Orb Walker","floor":36.0,"turns":1.0},{"damage":0.0,"enemies":"Writhing Mass","floor":37.0,"turns":1.0},{"damage":0.0,"enemies":"Sphere and 2 Shapes","floor":39.0,"turns":3.0},{"damage":0.0,"enemies":"R_Hoarder","floor":40.0,"turns":1.0},{"damage":0.0,"enemies":"Giant Head","floor":42.0,"turns":2.0},{"damage":0.0,"enemies":"Jaw Worm Horde","floor":44.0,"turns":1.0},{"damage":27.0,"enemies":"Writhing Mass","floor":45.0,"turns":2.0},{"damage":0.0,"enemies":"R_Hoarder","floor":46.0,"turns":4.0},{"damage":0.0,"enemies":"Nemesis","floor":48.0,"turns":3.0},{"damage":73,"enemies":"Time Eater","floor":50,"turns":7},{"damage":0,"enemies":"Awakened One","floor":51,"turns":5},{"damage":45,"enemies":"Shield and Spear","floor":55,"turns":2},{"damage":32,"enemies":"The Heart","floor":56,"turns":6}],"seed_played":"-4083211384599182550","potions_obtained":[{"floor":1.0,"key":"DistilledChaos"},{"floor":5.0,"key":"BlessingOfTheForge"},{"floor":10.0,"key":"ColorlessPotion"},{"floor":16.0,"key":"AttackPotion"}],"is_trial":false,"path_per_floor":["M","?","$","?","M","E","M","M","T","E","?","M","M","E","R","B",null,"M","?","?","?","M","E","M","E","T","$","E","M","$","M","R","B",null,"M","M","M","?","M","E","$","E","T","M","M","E","R","E","R","B","B",null,"R","$","E","B",null],"character_chosen":"WATCHER","items_purchased":["SynthV","Dota2Spire:AghanimScepter","FearNoEvil","MentalFortress","Chameleon Ring","TalkToTheHand","DollysMirror","Dota2Spire:PowerTreads","BrkXgEgg","ReplayTheSpireMod:ShopPack","Shovel","CutThroughFate+1","Membership Card","Omamori","MostiFishMod:LegendTransform+1","testmod-FatalChain","Centennial Puzzle","testmod-Maize","ReplayTheSpireMod:CursedCoin"],"campfire_rested":0,"item_purchase_floors":[3,3,3,3,27,27,27,27,30,30,30,30,41,41,41,54,54,54,54],"current_hp_per_floor":[61,61,61,61,61,57,57,52,52,51,51,51,51,51,51,42,62,61,39,39,39,39,18,18,18,18,18,18,18,18,38,38,42,62,62,62,66,66,66,66,66,68,68,68,68,68,68,68,68,68,68,68,68,68,68,68],"gold":1615,"neow_bonus":"REMOVE_CARD","is_daily":false,"chose_seed":false,"campfire_upgraded":1,"win_rate":0,"timestamp":1607612913,"path_taken":["M","?","$","?","?","E","M","M","T","E","?","M","M","E","R","BOSS","M","?","?","?","?","E","M","E","T","$","E","M","$","M","R","BOSS","M","M","M","?","M","E","$","E","T","M","M","E","R","E","R","BOSS","BOSS","R","$","E","BOSS"],"build_version":"2020-11-30","purchased_purges":9,"victory":true,"max_hp_per_floor":[68,68,68,68,68,68,68,68,68,68,68,68,68,68,68,68,68,68,68,68,68,68,68,68,68,68,68,68,68,68,68,68,68,68,68,68,68,68,68,68,68,68,68,68,68,68,68,68,68,68,68,68,68,68,68,68],"card_choices":[{"not_picked":["MostiFishMod:Clarity","Crescendo","Prostrate"],"picked":"SKIP","floor":1.0},{"not_picked":["Crescendo","Evaluate","ClearTheMind","Replay:AtTheReady"],"picked":"SKIP","floor":5.0},{"not_picked":["Halt","BowlingBash","Collect"],"picked":"Vault","floor":6.0},{"not_picked":["CrushJoints","FollowUp","FearNoEvil","Weave"],"picked":"SKIP","floor":7.0},{"not_picked":["Pray","BowlingBash","Prostrate","FlyingSleeves"],"picked":"SKIP","floor":8.0},{"not_picked":["Replay:AtTheReady","CrushJoints","Halt","Consecrate"],"picked":"SKIP","floor":10.0},{"not_picked":["ClearTheMind","MostiFishMod:Clarity","EmptyMind","EmptyFist"],"picked":"SKIP","floor":12.0},{"not_picked":["CrushJoints","Crescendo","PathToVictory","Replay:Battleflow"],"picked":"SKIP","floor":13.0},{"not_picked":["CrushJoints","Blasphemy","DeceiveReality","Swivel"],"picked":"SKIP","floor":14.0},{"not_picked":["Judgement","LessonLearned","MostiFishMod:StarHerder"],"picked":"Brilliance","floor":16.0},{"not_picked":["EmptyBody","Meditate","FlyingSleeves","Study"],"picked":"SKIP","floor":18.0},{"not_picked":["EmptyBody","Meditate","FlyingSleeves","Study"],"picked":"SKIP","floor":18.0},{"not_picked":["Replay:BluntJabs","MentalFortress","SignatureMove"],"picked":"Wallop","floor":19.0},{"not_picked":["EmptyMind","WindmillStrike","SashWhip","Halt"],"picked":"SKIP","floor":22.0},{"not_picked":["BowlingBash","Evaluate","Collect"],"picked":"Replay:Vibes","floor":23.0},{"not_picked":["ClearTheMind","FlurryOfBlows","TalkToTheHand"],"picked":"MostiFishMod:UniPurple","floor":24.0},{"not_picked":["SashWhip","Study","PathToVictory","CutThroughFate"],"picked":"SKIP","floor":25.0},{"not_picked":["Crescendo","ThirdEye","ConjureBlade"],"picked":"MostiFishMod:DustFall","floor":28.0},{"not_picked":["SandsOfTime","TalkToTheHand","JustLucky","Replay:BluntJabs"],"picked":"SKIP","floor":29.0},{"not_picked":["testmod-BackupPower","Panacea","Madness"],"picked":"MostiFishMod:ButterFly","floor":30.0},{"not_picked":["MostiFishMod:SupremeArchaeology","testmod-ShutDown","MostiFishMod:Neptune"],"picked":"MostiFishMod:NightSea","floor":30.0},{"not_picked":["FlurryOfBlows","EmptyBody","Swivel","Protect"],"picked":"SKIP","floor":31.0},{"not_picked":["MostiFishMod:UniPurple+1","Omniscience+1","MostiFishMod:ScryFuture+1"],"picked":"MostiFishMod:Disappear+1","floor":33.0},{"not_picked":["BowlingBash+1","BattleHymn","ClearTheMind","Wallop"],"picked":"SKIP","floor":35.0},{"not_picked":["FollowUp+1","Indignation","Study","Swivel+1"],"picked":"SKIP","floor":36.0},{"not_picked":["BowlingBash","CutThroughFate","FearNoEvil","WindmillStrike"],"picked":"SKIP","floor":37.0},{"not_picked":["MostiFishMod:Speedup+1","Study","CrushJoints","Replay:ManipulateFuture"],"picked":"SKIP","floor":39.0},{"not_picked":["CutThroughFate","Replay:AtTheReady+1","ThirdEye","BowlingBash"],"picked":"SKIP","floor":40.0},{"not_picked":["CarveReality+1","EmptyBody","Replay:AtTheReady","SandsOfTime"],"picked":"SKIP","floor":42.0},{"not_picked":["Indignation+1","Prostrate","Halt","Crescendo+1"],"picked":"SKIP","floor":44.0},{"not_picked":["Protect","Crescendo","MostiFishMod:LegendTransform","Ragnarok+1"],"picked":"SKIP","floor":45.0},{"not_picked":["CutThroughFate","Replay:Battleflow","Replay:DivineShield+1","FlyingSleeves"],"picked":"SKIP","floor":46.0},{"not_picked":["MostiFishMod:FlowState+1","JustLucky+1","ReachHeaven","Halt"],"picked":"SKIP","floor":48.0},{"not_picked":["Prostrate","JustLucky","MostiFishMod:ScryFuture+1","Consecrate"],"picked":"SKIP","floor":55}],"player_experience":772169,"relics_obtained":[{"floor":1.0,"key":"Question Card"},{"floor":6.0,"key":"Golden Egg"},{"floor":10.0,"key":"Replay:Baseball"},{"floor":14.0,"key":"Blue Doll"},{"floor":16.0,"key":"ImportantClient"},{"floor":19.0,"key":"SynthV:C4"},{"floor":23.0,"key":"Akabeko"},{"floor":25.0,"key":"Bottled Flame"},{"floor":26.0,"key":"Replay:Bottled Eggs"},{"floor":28.0,"key":"Shuriken"},{"floor":40.0,"key":"Gremlin Horn"},{"floor":42.0,"key":"Mercury Hourglass"},{"floor":43.0,"key":"Snack Pack"},{"floor":46.0,"key":"Dota2Spire:ArcaneBoots"},{"floor":47.0,"key":"ReplayTheSpireMod:Lightbulb"},{"floor":48.0,"key":"Ancient Tea Set"},{"floor":49.0,"key":"Unceasing Top"},{"floor":53,"key":"Mummified Hand"},{"floor":55,"key":"Dota2Spire:EtherealBlade"}],"event_choices":[{"cards_removed":["Defend_P"],"damage_healed":0.0,"max_hp_gain":0.0,"max_hp_loss":0.0,"gold_gain":0.0,"event_name":"The Cleric","player_choice":"Card Removal","floor":2.0,"gold_loss":75.0,"damage_taken":0.0},{"damage_healed":0.0,"max_hp_gain":0.0,"max_hp_loss":0.0,"gold_gain":0.0,"event_name":"WeMeetAgain","player_choice":"Gave Potion","floor":4.0,"gold_loss":0.0,"damage_taken":0.0,"relics_obtained":["Bronze Scales"]},{"cards_removed":["Defend_P"],"damage_healed":0.0,"max_hp_gain":0.0,"max_hp_loss":0.0,"gold_gain":0.0,"event_name":"Living Wall","player_choice":"Forget","floor":11.0,"gold_loss":0.0,"damage_taken":0.0},{"damage_healed":0.0,"max_hp_gain":0.0,"max_hp_loss":0.0,"gold_gain":0.0,"event_name":"给自己的盒子","player_choice":"Swap Relic","floor":20.0,"relics_lost":["DaveBox"],"gold_loss":0.0,"damage_taken":0.0,"relics_obtained":["DaveBox"]},{"damage_healed":0.0,"max_hp_gain":0.0,"max_hp_loss":0.0,"gold_gain":400.0,"event_name":"恩洛斯的盘子","player_choice":"Sell","floor":21.0,"relics_lost":["DaveBox"],"gold_loss":0.0,"damage_taken":0.0},{"damage_healed":0.0,"max_hp_gain":0.0,"max_hp_loss":0.0,"gold_gain":0.0,"cards_transformed":["Wallop","Vigilance"],"event_name":"Designer","player_choice":"Transformed Cards","floor":38.0,"gold_loss":75.0,"damage_taken":0.0,"cards_obtained":["Adaptation","MostiFishMod:CyberBuddha"]}],"is_beta":false,"boss_relics":[{"not_picked":["BirthdayGift-Tetrahedron","SacredBark"],"picked":"Sozu"},{"not_picked":["xbg","Snecko Eye"],"picked":"testmod-Fanaticism"}],"items_purged_floors":[3,3,27,27,30,30,41,54,54],"is_endless":false,"potions_floor_spawned":[1,5,10,16,18,23,24,28,31,36,44,45,46,48,55],"ascension_level":20}}