{"host":"se2kry7a7ac49ar7","time":1607591269,"event":{"gold_per_floor":[110,127,141,157,157,184,184,209,209,222,222,235,250,265,265,370,370,387,87,87,105,122,122,149,149,149],"floor_reached":25,"playtime":2550,"items_purged":[],"score":266,"play_id":"c248a336-9334-483c-8dbc-d5b90c802653","local_time":"20201210010749","is_ascension_mode":true,"campfire_choices":[{"floor":7,"key":"REST"},{"floor":11,"key":"REST"},{"data":"HollowMod:FocusHealStart","floor":15,"key":"SMITH"},{"floor":23,"key":"REST"}],"neow_cost":"NONE","seed_source_timestamp":55086149003767,"circlet_count":0,"master_deck":["HollowMod:NailStrikeStart","HollowMod:NailStrikeStart","HollowMod:NailStrikeStart","HollowMod:NailStrikeStart","HollowMod:QuickDashStart","HollowMod:QuickDashStart","HollowMod:QuickDashStart","HollowMod:QuickDashStart","HollowMod:FocusHealStart+1","HollowMod:PogoStrike","HollowMod:NewJinnsSoul","HollowMod:HuntersJournal","HollowMod:HuntersJournal","HollowMod:ShadowDash","HollowMod:ShadowDash","HollowMod:CloakDash","HollowMod:VoidDash","HollowMod:DashSlash","HollowMod:WraithStrike","HollowMod:ShapeofUnn","HollowMod:NewJinnsSoul","HollowMod:SoulMaster","HollowMod:PerfectDash+1","HollowMod:NewLastStag","HollowMod:TaintedHusks+1","HollowMod:WraithStrike","HollowMod:RecoilStrike"],"relics":["Runic Pyramid","Darkstone Periapt","Pen Nib","HollowMod:LumaflyLanternRelic","HollowMod:VoidIdolRelic","HollowMod:GreatKnightMask"],"potions_floor_usage":[6,6,16,16,21,25],"damage_taken":[{"damage":1,"enemies":"2 Louse","floor":1,"turns":2},{"damage":1,"enemies":"Cultist","floor":2,"turns":3},{"damage":0,"enemies":"Small Slimes","floor":3,"turns":3},{"damage":22,"enemies":"Exordium Thugs","floor":4,"turns":4},{"damage":17,"enemies":"3 Sentries","floor":6,"turns":6},{"damage":44,"enemies":"Lagavulin","floor":8,"turns":7},{"damage":0,"enemies":"2 Fungi Beasts","floor":10,"turns":3},{"damage":0,"enemies":"Exordium Wildlife","floor":12,"turns":4},{"damage":0,"enemies":"Blue Slaver","floor":13,"turns":2},{"damage":7,"enemies":"3 Louse","floor":14,"turns":4},{"damage":20,"enemies":"Slime Boss","floor":16,"turns":9},{"damage":16,"enemies":"Chosen","floor":18,"turns":10},{"damage":18,"enemies":"Spheric Guardian","floor":21,"turns":10},{"damage":67,"enemies":"Chosen and Byrds","floor":22,"turns":11},{"damage":0,"enemies":"HollowMod:Zote","floor":24,"turns":2},{"damage":44,"enemies":"Slavers","floor":25,"turns":3}],"seed_played":"-3697865374535564170","potions_obtained":[{"floor":2,"key":"PowerPotion"},{"floor":4,"key":"CultistPotion"},{"floor":13,"key":"SteroidPotion"},{"floor":14,"key":"Energy Potion"},{"floor":16,"key":"Block Potion"},{"floor":24,"key":"LiquidBronze"}],"is_trial":false,"path_per_floor":["M","M","M","M","?","E","R","E","T","M","R","M","M","M","R","B",null,"M","?","$","M","M","R","?","E"],"character_chosen":"THE_BUGKNIGHT","items_purchased":[],"campfire_rested":3,"item_purchase_floors":[],"current_hp_per_floor":[74,73,73,51,51,34,56,12,12,12,34,34,34,27,27,17,75,71,71,71,63,6,28,34,0,0],"gold":149,"neow_bonus":"BOSS_RELIC","is_prod":false,"is_daily":false,"chose_seed":false,"campfire_upgraded":1,"win_rate":0,"timestamp":1607591269,"path_taken":["M","M","M","M","?","E","R","E","T","M","R","M","M","?","R","BOSS","M","?","?","M","M","R","?","E"],"build_version":"2020-11-30","purchased_purges":0,"victory":false,"max_hp_per_floor":[75,75,75,75,75,75,75,75,75,75,75,75,75,75,75,75,75,75,75,75,75,75,75,75,75,75],"card_choices":[{"not_picked":["HollowMod:CornifersMapStart","HollowMod:CycloneSlash"],"picked":"HollowMod:NewJinnsSoul","floor":1},{"not_picked":["HollowMod:CornifersMapStart","HollowMod:TaintedHusks"],"picked":"HollowMod:HuntersJournal","floor":2},{"not_picked":["HollowMod:CornifersMapStart","HollowMod:NewJinnsSoul"],"picked":"HollowMod:HuntersJournal","floor":3},{"not_picked":["HollowMod:NewGlowingWomb","HollowMod:FastStrike"],"picked":"HollowMod:ShadowDash","floor":4},{"not_picked":["HollowMod:ShadowDash","HollowMod:CornifersMapStart"],"picked":"HollowMod:CloakDash","floor":6},{"not_picked":["HollowMod:MonomonsArchive","HollowMod:SoulEater"],"picked":"HollowMod:VoidDash","floor":8},{"not_picked":["HollowMod:SoulSplash","HollowMod:VengefulVoid"],"picked":"HollowMod:DashSlash","floor":10},{"not_picked":["HollowMod:VengefulVoid","HollowMod:SoulEater"],"picked":"HollowMod:WraithStrike","floor":12},{"not_picked":["HollowMod:SoulVessel","HollowMod:CycloneSlash"],"picked":"HollowMod:ShapeofUnn","floor":13},{"not_picked":["HollowMod:LuriensSpire","HollowMod:MawleksShell"],"picked":"HollowMod:NewJinnsSoul","floor":14},{"not_picked":["HollowMod:NewInfectedGuardian","HollowMod:MidwifesHunger"],"picked":"HollowMod:SoulMaster","floor":16},{"not_picked":["HollowMod:InfectedCysts","HollowMod:Grubsong"],"picked":"HollowMod:PerfectDash+1","floor":18},{"not_picked":["HollowMod:VengefulSpirit","HollowMod:GoodIntentions"],"picked":"HollowMod:TaintedHusks+1","floor":21},{"not_picked":["HollowMod:InfectedCysts","HollowMod:SoulStrike"],"picked":"HollowMod:WraithStrike","floor":22},{"not_picked":["HollowMod:SoulEater","HollowMod:GrimmsGift"],"picked":"HollowMod:RecoilStrike","floor":24}],"player_experience":629373,"relics_obtained":[{"floor":6,"key":"Darkstone Periapt"},{"floor":8,"key":"Pen Nib"},{"floor":9,"key":"HollowMod:LumaflyLanternRelic"},{"floor":24,"key":"HollowMod:GreatKnightMask"}],"event_choices":[{"damage_healed":0,"gold_gain":0,"player_choice":"1 cards matched","damage_taken":0,"max_hp_gain":0,"max_hp_loss":0,"event_name":"Match and Keep!","floor":5,"gold_loss":0,"cards_obtained":["HollowMod:ShadowDash"]}],"is_beta":false,"boss_relics":[{"not_picked":["SacredBark","Fusion Hammer"],"picked":"HollowMod:VoidIdolRelic"}],"items_purged_floors":[],"is_endless":false,"potions_floor_spawned":[2,4,13,14,16,24],"killed_by":"Slavers","ascension_level":2}}