{"host":"usewcu4ohw2wtmxk","time":1607634290,"event":{"mods":["BaseMod","AchievementEnabler","Colored Powertips","Minty Spire (QoL Compilation)","Permanent Neow","Quick Restart","Relic Sorter","Relic Stats","Shop Mod","StSLib","BetterRewards","UnlockEverythingMod"],"gold_per_floor":[111,111,131,56,56,56,56,56],"floor_reached":7,"playtime":157,"items_purged":["Strike_G"],"score":78,"play_id":"6c5553c0-c313-4476-8910-dd9a5762aa2b","local_time":"20201211050450","is_ascension_mode":true,"campfire_choices":[{"data":"Neutralize","floor":6,"key":"SMITH"}],"circlet_count":0,"master_deck":["AscendersBane","Strike_G","Strike_G","Strike_G","Defend_G","Defend_G","Defend_G","Defend_G","Defend_G","Survivor","Neutralize+1","Sadistic Nature","Concentrate+1","Acrobatics+1","Cloak And Dagger+1"],"special_seed":0,"relics":["Ring of the Snake","Toxic Egg 2","Ninja Scroll"],"acts_visited":["Exordium"],"potions_floor_usage":[],"damage_taken":[{"damage":0.0,"enemies":"2 Louse","floor":1.0,"turns":3.0},{"damage":7,"enemies":"Small Slimes","floor":3,"turns":3},{"damage":44,"enemies":"Gremlin Nob","floor":7,"turns":4}],"seed_played":"-1038359472438654292","potions_obtained":[],"is_trial":false,"path_per_floor":["M","?","M","$","?","R","E"],"character_chosen":"THE_SILENT","items_purchased":["Toxic Egg 2","Ninja Scroll","Sadistic Nature","Concentrate+1","Acrobatics+1"],"campfire_rested":0,"item_purchase_floors":[0,0,0,0,0],"current_hp_per_floor":[28,28,21,21,43,43,0,0],"gold":56,"neow_bonus":"","is_daily":false,"chose_seed":false,"campfire_upgraded":1,"win_rate":0,"timestamp":1607634290,"path_taken":["M","?","M","$","?","R","E"],"build_version":"2020-11-30","purchased_purges":1,"victory":false,"max_hp_per_floor":[66,66,66,66,66,66,66,66],"relic_stats":{"counters":[3,10],"obtain_stats":[{"Girya":0,"Shuriken":0,"Ninja Scroll":0,"Orrery":0,"Snake Skull":0,"Omamori":0,"Membership Card":0,"Toxic Egg 2":0,"Ring of the Snake":0},{"Girya":0,"Shuriken":0,"Ninja Scroll":0,"Orrery":0,"Snake Skull":0,"Omamori":0,"Membership Card":0,"Toxic Egg 2":0,"Ring of the Snake":0},{"Girya":0,"Shuriken":0,"Ninja Scroll":0,"Orrery":0,"Snake Skull":0,"Omamori":0,"Membership Card":0,"Toxic Egg 2":0,"Ring of the Snake":0}],"Ring of the Snake":[6]},"card_choices":[{"not_picked":["Bane","Blur+1"],"picked":"Cloak And Dagger+1","floor":1.0},{"not_picked":["Escape Plan+1","Distraction+1","Dodge and Roll+1"],"picked":"SKIP","floor":3}],"player_experience":236126,"relics_obtained":[],"event_choices":[{"cards_removed":["Strike_G"],"damage_healed":0,"gold_gain":0,"player_choice":"Forget","damage_taken":0,"max_hp_gain":0,"max_hp_loss":0,"event_name":"Living Wall","floor":2,"gold_loss":0},{"damage_healed":22,"gold_gain":0,"player_choice":"Banana","damage_taken":0,"max_hp_gain":0,"max_hp_loss":0,"event_name":"Big Fish","floor":5,"gold_loss":0}],"is_beta":false,"boss_relics":[],"items_purged_floors":[4],"is_endless":false,"potions_floor_spawned":[],"killed_by":"Gremlin Nob","ascension_level":20}}