{"host":"dl5mjdlimopbuch5","time":1607571817,"event":{"gold_per_floor":[110,110,71,87,60,86,161,195,273,273,292,292,303,303,303,401,401,415,429,344,344,372,75,75,75,99,108,120,146,108,108,108],"floor_reached":31,"playtime":581,"items_purged":[],"score":293,"play_id":"696bb42a-b0b0-471c-b722-37501a15fb75","local_time":"20201210034337","is_ascension_mode":true,"campfire_choices":[{"data":"Phantasmal Killer","floor":12,"key":"SMITH"},{"floor":15,"key":"REST"},{"data":"Noxious Fumes","floor":24,"key":"SMITH"}],"neow_cost":"NONE","seed_source_timestamp":112493173943100,"circlet_count":0,"master_deck":["Strike_G","Strike_G","Strike_G","Strike_G","Defend_G","Defend_G","Defend_G","Defend_G","Survivor","Neutralize","Bouncing Flask","Poisoned Stab","Phantasmal Killer+1","Corpse Explosion","Cloak And Dagger+1","Noxious Fumes+1","Decay","Deadly Poison"],"relics":["Ring of the Serpent","NeowsBlessing","Vajra","Bronze Scales","Ninja Scroll","CultistMask","CeramicFish","Bottled Lightning","Oddly Smooth Stone","Pen Nib"],"potions_floor_usage":[8,22,22,31],"damage_taken":[{"damage":0,"enemies":"2 Louse","floor":1,"turns":1},{"damage":0,"enemies":"Cultist","floor":4,"turns":1},{"damage":0,"enemies":"Lagavulin","floor":6,"turns":1},{"damage":27,"enemies":"3 Sentries","floor":8,"turns":9},{"damage":0,"enemies":"Small Slimes","floor":11,"turns":2},{"damage":1,"enemies":"3 Louse","floor":13,"turns":2},{"damage":29,"enemies":"The Guardian","floor":16,"turns":8},{"damage":12,"enemies":"3 Byrds","floor":18,"turns":2},{"damage":3,"enemies":"Spheric Guardian","floor":19,"turns":3},{"damage":24,"enemies":"Centurion and Healer","floor":22,"turns":3},{"damage":10,"enemies":"Snecko","floor":28,"turns":4},{"damage":27,"enemies":"Slavers","floor":31,"turns":1}],"seed_played":"1413077156297524957","potions_obtained":[{"floor":4,"key":"FearPotion"},{"floor":8,"key":"Ancient Potion"},{"floor":11,"key":"Weak Potion"},{"floor":18,"key":"Poison Potion"},{"floor":22,"key":"CunningPotion"}],"is_trial":false,"path_per_floor":["M","?","$","M","$","E","?","E","T","?","M","R","M","?","R","B",null,"M","M","?","?","M","$","R","$","T","?","M","T","$","E"],"character_chosen":"THE_SILENT","items_purchased":["Bouncing Flask","Poisoned Stab","Noxious Fumes","Bottled Lightning","Deadly Poison"],"campfire_rested":1,"item_purchase_floors":[3,5,23,23,30],"current_hp_per_floor":[70,70,70,70,70,70,59,32,32,25,25,25,24,24,45,16,70,58,55,55,55,31,31,31,31,31,31,21,21,21,0,0],"gold":108,"neow_bonus":"THREE_ENEMY_KILL","is_prod":false,"is_daily":false,"chose_seed":false,"campfire_upgraded":2,"win_rate":0,"timestamp":1607571817,"path_taken":["M","?","?","M","$","E","?","E","T","?","M","R","M","?","R","BOSS","M","M","?","?","M","$","R","?","T","?","?","?","$","E"],"build_version":"2020-11-30","purchased_purges":0,"victory":false,"max_hp_per_floor":[70,70,70,70,70,70,70,70,70,70,70,70,70,70,70,70,70,70,70,70,70,70,70,70,70,70,70,70,70,70,70,70],"card_choices":[{"not_picked":["Slice","Endless Agony","PiercingWail"],"picked":"SKIP","floor":1},{"not_picked":["Dodge and Roll","Underhanded Strike","Eviscerate"],"picked":"SKIP","floor":4},{"not_picked":["Acrobatics","Bane","Setup"],"picked":"SKIP","floor":6},{"not_picked":["Finisher","Dagger Spray"],"picked":"Phantasmal Killer","floor":8},{"not_picked":["Masterful Stab","Sucker Punch","Dagger Throw"],"picked":"SKIP","floor":11},{"not_picked":["Masterful Stab","Night Terror","Quick Slash"],"picked":"SKIP","floor":13},{"not_picked":["Venomology","Die Die Die"],"picked":"Corpse Explosion","floor":16},{"not_picked":["Bane","PiercingWail","Reflex"],"picked":"SKIP","floor":18},{"not_picked":["PiercingWail","Blur","All Out Attack"],"picked":"SKIP","floor":19},{"not_picked":["Sucker Punch","Dagger Throw"],"picked":"Cloak And Dagger+1","floor":22},{"not_picked":["Deflect","Blade Dance","Prepared"],"picked":"SKIP","floor":28}],"player_experience":197381,"relics_obtained":[{"floor":6,"key":"Vajra"},{"floor":8,"key":"Bronze Scales"},{"floor":9,"key":"Ninja Scroll"},{"floor":26,"key":"Oddly Smooth Stone"},{"floor":29,"key":"Pen Nib"}],"event_choices":[{"cards_removed":["Strike_G"],"damage_healed":0,"gold_gain":0,"player_choice":"Offered Basic","damage_taken":0,"max_hp_gain":0,"max_hp_loss":0,"event_name":"Bonfire Elementals","floor":2,"gold_loss":0},{"damage_healed":0,"gold_gain":75,"player_choice":"Gather Gold","damage_taken":11,"max_hp_gain":0,"max_hp_loss":0,"event_name":"World of Goop","floor":7,"gold_loss":0},{"cards_removed":["Defend_G"],"damage_healed":0,"gold_gain":0,"player_choice":"Card Removal","damage_taken":7,"max_hp_gain":0,"max_hp_loss":0,"event_name":"Golden Wing","floor":10,"gold_loss":0},{"damage_healed":0,"gold_gain":0,"player_choice":"Trade","damage_taken":0,"relics_obtained":["CultistMask"],"max_hp_gain":0,"max_hp_loss":0,"event_name":"FaceTrader","floor":14,"gold_loss":0},{"damage_healed":0,"gold_gain":0,"player_choice":"Obtained Relic","damage_taken":0,"relics_obtained":["CeramicFish"],"max_hp_gain":0,"max_hp_loss":0,"event_name":"Addict","floor":20,"gold_loss":85},{"damage_healed":0,"gold_gain":0,"player_choice":"Ignored","damage_taken":0,"max_hp_gain":0,"max_hp_loss":0,"event_name":"Beggar","floor":21,"gold_loss":0},{"damage_healed":0,"gold_gain":0,"player_choice":"Smashed Altar","damage_taken":0,"max_hp_gain":0,"max_hp_loss":0,"event_name":"Forgotten Altar","floor":27,"gold_loss":0,"cards_obtained":["Decay"]}],"is_beta":false,"boss_relics":[{"not_picked":["HoveringKite","Cursed Key"],"picked":"Ring of the Serpent"}],"items_purged_floors":[],"is_endless":false,"potions_floor_spawned":[4,8,11,18,22],"killed_by":"Slavers","ascension_level":2}}