{"host":"lctcqud4f9t1q6q5","time":1607567067,"event":{"gold_per_floor":[219,219,233,233,245,245,271,285,285,285,278,278,288,300,300,399,399,418,418,418,437,451,451,486,486,486,486,497,497,515,525,525,629,629,644,660,286,286,303,336,336,1335,1413,1427,928,928,945,971,971,971,971,971,782,810,810],"floor_reached":56,"playtime":3218,"items_purged":["sneckomod:Bewildered","HollowMod:CycloneSlash+1"],"score":1304,"play_id":"1275ece1-7f3f-4ebb-a6a1-76f5f91a5317","local_time":"20201210102427","is_ascension_mode":false,"campfire_choices":[{"data":"HollowMod:ShapeofUnn","floor":6.0,"key":"SMITH"},{"data":"HollowMod:CycloneSlash","floor":15.0,"key":"SMITH"},{"floor":23,"key":"RECALL"},{"data":"HollowMod:RecoilStrike","floor":32,"key":"SMITH"},{"floor":49,"key":"REST"},{"data":"testmod-SelfRegulatingSystem","floor":52,"key":"SMITH"}],"neow_cost":"NONE","seed_source_timestamp":0,"circlet_count":0,"master_deck":["HollowMod:BrokenVessel+1","HollowMod:DoubleDash+1","HollowMod:SoulSplash+1","HollowMod:MothsMistake+1","HollowMod:SlysStrikes","HollowMod:CoiledNail+1","HollowMod:NewGlowingWomb+1","testmod-SelfRegulatingSystem+1","HollowMod:FastStrike","HollowMod:SoulEater+1","HollowMod:theNailsmith+1","HollowMod:CycloneSlash+1","testmod-ChaoticCore+1","HollowMod:SlysStrikes+1","HollowMod:MantisMark+1","HollowMod:FallenFury+1"],"special_seed":0,"relics":["HollowMod:VesselMask","testmod-TestBox","testmod-GiftOfSatan","testmod-Antiphasic","Gremlin Food","GodSword4","ReplayTheSpireMod:CursedCoin","MerchantsRug","Ring of Hypnosis","LastBattle","sneckomod:BabySnecko","GodSword7","Cursed Key","Membership Card","Lantern","Pen Nib","Golden Egg","GodSword1","Medical Kit","MagicDraw1","testmod-BalancedPeriapt","SecretRecord","ReplayTheSpireMod:Ninjato","Blue Doll"],"potions_floor_usage":[22,31,33],"damage_taken":[{"damage":0.0,"enemies":"Cultist","floor":1.0,"turns":2.0},{"damage":0.0,"enemies":"Small Slimes","floor":3.0,"turns":2.0},{"damage":6.0,"enemies":"2 Louse","floor":5.0,"turns":2.0},{"damage":20.0,"enemies":"Gremlin Nob","floor":7.0,"turns":4.0},{"damage":16.0,"enemies":"Exordium Wildlife","floor":8.0,"turns":4.0},{"damage":14.0,"enemies":"2 Fungi Beasts","floor":13.0,"turns":3.0},{"damage":0.0,"enemies":"Exordium Thugs","floor":14.0,"turns":2.0},{"damage":73.0,"enemies":"HollowMod:FalseKnight","floor":16.0,"turns":7.0},{"damage":5,"enemies":"Chosen","floor":18,"turns":3},{"damage":2,"enemies":"Spheric Guardian","floor":21,"turns":4},{"damage":22,"enemies":"Shelled Parasite and Fungi","floor":22,"turns":3},{"damage":3,"enemies":"Gremlin Leader","floor":24,"turns":4},{"damage":4,"enemies":"Cultist and Chosen","floor":28,"turns":4},{"damage":1,"enemies":"Centurion and Healer","floor":30,"turns":4},{"damage":18,"enemies":"Sentry and Sphere","floor":31,"turns":3},{"damage":14,"enemies":"Pondfish","floor":33,"turns":5},{"damage":9,"enemies":"3 Shapes","floor":35,"turns":1},{"damage":0,"enemies":"3 Darklings","floor":36,"turns":2},{"damage":23,"enemies":"Writhing Mass","floor":39,"turns":4},{"damage":8,"enemies":"Giant Head","floor":40,"turns":5},{"damage":32,"enemies":"4 Shapes","floor":44,"turns":3},{"damage":16,"enemies":"Spire Growth","floor":47,"turns":3},{"damage":9,"enemies":"R_Hoarder","floor":48,"turns":4},{"damage":48,"enemies":"HollowMod:Radiance","floor":50,"turns":5},{"damage":51,"enemies":"Shield and Spear","floor":54,"turns":4},{"damage":72,"enemies":"The Heart","floor":55,"turns":5}],"seed_played":"-8920357266977334889","potions_obtained":[{"floor":1.0,"key":"EssenceOfSteel"},{"floor":8.0,"key":"BlessingOfTheForge"},{"floor":14.0,"key":"Elixir"},{"floor":16.0,"key":"AttackPotion"},{"floor":20,"key":"testmod-EscapePotion"},{"floor":24,"key":"Fire Potion"},{"floor":28,"key":"testmod-SpacePotion"},{"floor":31,"key":"Regen Potion"},{"floor":35,"key":"Block Potion"},{"floor":40,"key":"Adrenaline Potion"}],"is_trial":false,"path_per_floor":["M","?","M","?","M","R","E","M","T","?","$","?","M","M","R","B",null,"M","?","?","M","M","R","E","?","T","?","M","?","M","M","R_BF","B",null,"M","M","$","?","M","E","?","?","T","M","$","?","M","E","R","B",null,"R","$","E","B",null],"character_chosen":"THE_BUGKNIGHT","items_purchased":["ReplayTheSpireMod:CursedCoin","MerchantsRug","Membership Card","HollowMod:NewGlowingWomb","testmod-SelfRegulatingSystem","Lantern","Pen Nib","GodSword1","Medical Kit","MagicDraw1","HollowMod:CycloneSlash","testmod-ChaoticCore","SecretRecord","HollowMod:MantisMark","ReplayTheSpireMod:Ninjato"],"campfire_rested":1,"item_purchase_floors":[11,11,37,37,37,37,37,45,45,45,45,45,53,53,53],"current_hp_per_floor":[75,60,75,75,75,75,64,72,72,65,65,65,61,84,84,53,105,100,100,100,98,76,76,85,85,85,85,92,92,112,102,102,88,120,111,117,117,114,102,94,94,94,94,79,79,79,63,75,115,135,135,135,135,84,45],"gold":810,"neow_bonus":"HUNDRED_GOLD","is_prod":false,"is_daily":false,"chose_seed":false,"campfire_upgraded":4,"win_rate":0,"timestamp":1607567067,"path_taken":["M","?","M","?","?","R","E","M","T","?","?","?","M","M","R","BOSS","M","?","?","?","M","R","E","?","T","?","M","?","?","M","R_BF","BOSS","M","M","?","?","?","E","?","?","T","M","$","?","?","E","R","BOSS","R","$","E","BOSS"],"build_version":"2020-11-30","purchased_purges":2,"victory":true,"max_hp_per_floor":[75,75,80,80,85,85,90,100,100,100,100,100,100,105,105,105,105,105,105,105,105,105,105,105,105,105,105,110,110,120,120,120,120,120,120,120,120,120,125,125,125,125,125,135,135,135,135,135,135,135,135,135,135,135,135],"relic_stats":{"counters":[26,92],"Pen Nib":[6],"Cursed Key":1,"Medical Kit":[6],"obtain_stats":[{"Golden Egg":40,"Lantern":37,"HollowMod:VesselMask":0,"Blue Doll":54,"SecretRecord":53,"testmod-KeyOfTheVoid":17,"Cursed Key":34,"MagicDraw1":45,"Gremlin Food":9,"MerchantsRug":11,"testmod-TestBox":0,"ReplayTheSpireMod:Ninjato":53,"Ring of Hypnosis":19,"ReplayTheSpireMod:CursedCoin":11,"Pen Nib":37,"LastBattle":24,"Medical Kit":45,"testmod-Antiphasic":7,"sneckomod:BabySnecko":25,"testmod-GiftOfSatan":0,"GodSword7":26,"Membership Card":37,"GodSword4":10,"testmod-BalancedPeriapt":48,"GodSword1":45},{"Golden Egg":20,"Lantern":18,"HollowMod:VesselMask":0,"Blue Doll":25,"SecretRecord":24,"testmod-KeyOfTheVoid":8,"Cursed Key":16,"MagicDraw1":21,"Gremlin Food":5,"MerchantsRug":5,"testmod-TestBox":0,"ReplayTheSpireMod:Ninjato":24,"Ring of Hypnosis":9,"ReplayTheSpireMod:CursedCoin":5,"Pen Nib":18,"LastBattle":12,"Medical Kit":21,"testmod-Antiphasic":4,"sneckomod:BabySnecko":12,"testmod-GiftOfSatan":0,"GodSword7":12,"Membership Card":18,"GodSword4":5,"testmod-BalancedPeriapt":23,"GodSword1":21},{"Golden Egg":68,"Lantern":59,"HollowMod:VesselMask":0,"Blue Doll":87,"SecretRecord":83,"testmod-KeyOfTheVoid":26,"Cursed Key":56,"MagicDraw1":71,"Gremlin Food":14,"MerchantsRug":14,"testmod-TestBox":0,"ReplayTheSpireMod:Ninjato":83,"Ring of Hypnosis":29,"ReplayTheSpireMod:CursedCoin":14,"Pen Nib":59,"LastBattle":40,"Medical Kit":71,"testmod-Antiphasic":10,"sneckomod:BabySnecko":40,"testmod-GiftOfSatan":0,"GodSword7":40,"Membership Card":59,"GodSword4":14,"testmod-BalancedPeriapt":78,"GodSword1":71}]},"card_choices":[{"not_picked":["HollowMod:RecoilStrike","HollowMod:CrystalDash","HollowMod:DashSlash"],"picked":"SKIP","floor":1.0},{"not_picked":["HollowMod:NewJinnsSoul","HollowMod:LifebloodCocoon"],"picked":"HollowMod:PerfectDash","floor":3.0},{"not_picked":["HollowMod:QuirrelsAssistance","HollowMod:WraithStrike","HollowMod:SharpenedNail"],"picked":"SKIP","floor":5.0},{"not_picked":["HollowMod:InfectedCysts","HollowMod:DreamGate"],"picked":"HollowMod:RecoilStrike","floor":7.0},{"not_picked":["HollowMod:InfectedCysts","HollowMod:PerfectDash","HollowMod:HeavyBlow"],"picked":"SKIP","floor":8.0},{"not_picked":["HollowMod:ChannelNail","HollowMod:FallenFury","HollowMod:VengefulVoid"],"picked":"SKIP","floor":13.0},{"not_picked":["HollowMod:MonarchWings","HollowMod:InfectedAttack"],"picked":"HollowMod:CycloneSlash","floor":14.0},{"not_picked":["HollowMod:theNailsmith","HollowMod:Hiveblood"],"picked":"HollowMod:NewInfectedGuardian","floor":16.0},{"not_picked":["HollowMod:DescendingDark","HollowMod:SoulSplash"],"picked":"HollowMod:BrokenVessel+1","floor":18},{"not_picked":["HollowMod:SharpenedShadows","HollowMod:NewJinnsSoul"],"picked":"HollowMod:DoubleDash+1","floor":21},{"not_picked":["HollowMod:NewInfectedGuardian","HollowMod:TaintedHusks"],"picked":"HollowMod:SoulSplash+1","floor":22},{"not_picked":["HollowMod:SiblingsShadow","HollowMod:GreatSlash"],"picked":"HollowMod:InfectedAttack","floor":24},{"not_picked":["HollowMod:SharpenedShadows","HollowMod:SiblingsShadow+1","HollowMod:LifebloodCocoon"],"picked":"SKIP","floor":28},{"not_picked":["HollowMod:CloakDash","HollowMod:DescendingDark"],"picked":"HollowMod:MothsMistake+1","floor":30},{"not_picked":["HollowMod:ShapeofUnn+1","HollowMod:PerfectDash","HollowMod:FallenFury"],"picked":"SKIP","floor":31},{"not_picked":["HollowMod:theNailsmith","HollowMod:HornetsHelp"],"picked":"HollowMod:SlysStrikes","floor":33},{"not_picked":["HollowMod:DoubleDash+1","HollowMod:NewLittleFool"],"picked":"HollowMod:CornifersMapStart+1","floor":35},{"not_picked":["HollowMod:HeavyBlow","HollowMod:RecoilStrike"],"picked":"HollowMod:CoiledNail+1","floor":36},{"not_picked":["HollowMod:DescendingDark","HollowMod:DashSlash"],"picked":"HollowMod:FastStrike","floor":39},{"not_picked":["HollowMod:CrystalDash+1","HollowMod:InfectedCysts"],"picked":"HollowMod:SoulEater+1","floor":40},{"not_picked":["HollowMod:PerfectDash","HollowMod:HeavyBlow"],"picked":"HollowMod:theNailsmith","floor":44},{"not_picked":["HollowMod:HowlingWraiths","HollowMod:LifebloodCocoon","HollowMod:CoiledNail+1"],"picked":"SKIP","floor":47},{"not_picked":["HollowMod:DreamGate","HollowMod:ShadowDash+1"],"picked":"HollowMod:SlysStrikes","floor":48},{"not_picked":["HollowMod:DungDefenderAura","HollowMod:DescendingDark"],"picked":"HollowMod:FallenFury+1","floor":54}],"player_experience":312262,"relics_obtained":[{"floor":7.0,"key":"testmod-Antiphasic"},{"floor":9.0,"key":"Gremlin Food"},{"floor":19,"key":"Ring of Hypnosis"},{"floor":24,"key":"LastBattle"},{"floor":26,"key":"GodSword7"},{"floor":40,"key":"Golden Egg"},{"floor":48,"key":"testmod-BalancedPeriapt"},{"floor":54,"key":"Blue Doll"}],"event_choices":[{"damage_healed":0.0,"max_hp_gain":0.0,"max_hp_loss":0.0,"gold_gain":0.0,"event_name":"Shining Light","player_choice":"Entered Light","floor":2.0,"gold_loss":0.0,"damage_taken":15.0,"cards_upgraded":["HollowMod:FocusHealStart","HollowMod:NailStrikeStart"]},{"damage_healed":0.0,"max_hp_gain":0.0,"max_hp_loss":0.0,"gold_gain":0.0,"cards_transformed":["HollowMod:QuickDashStart"],"event_name":"Transmorgrifier","player_choice":"Transformed","floor":4.0,"gold_loss":0.0,"damage_taken":0.0,"cards_obtained":["HollowMod:ShapeofUnn"]},{"damage_healed":0.0,"max_hp_gain":0.0,"max_hp_loss":0.0,"gold_gain":0.0,"event_name":"Scrap Ooze","player_choice":"Success","floor":10.0,"gold_loss":0.0,"damage_taken":7.0,"relics_obtained":["GodSword4"]},{"damage_healed":0,"gold_gain":0,"player_choice":"Got Potions","damage_taken":0,"max_hp_gain":0,"max_hp_loss":0,"event_name":"Lab","floor":20,"gold_loss":0},{"damage_healed":0,"gold_gain":0,"player_choice":"Read","damage_taken":0,"max_hp_gain":0,"max_hp_loss":0,"event_name":"The Library","floor":27,"gold_loss":0,"cards_obtained":["HollowMod:InfectedCysts"]},{"damage_healed":0,"gold_gain":0,"player_choice":"Ignored","damage_taken":0,"max_hp_gain":0,"max_hp_loss":0,"event_name":"NoteForYourself","floor":29,"gold_loss":0},{"damage_healed":0,"gold_gain":0,"player_choice":"Punched","damage_taken":3,"max_hp_gain":0,"max_hp_loss":0,"event_name":"Designer","floor":38,"gold_loss":0},{"cards_removed":["HollowMod:CornifersMapStart"],"damage_healed":0,"gold_gain":0,"player_choice":"Removed Skill","damage_taken":0,"max_hp_gain":0,"max_hp_loss":0,"event_name":"Falling","floor":41,"gold_loss":0},{"damage_healed":0,"gold_gain":999,"player_choice":"Sell","damage_taken":0,"max_hp_gain":0,"max_hp_loss":0,"event_name":"¶÷ÂåË¹µÄÅÌ×Ó","floor":42,"relics_lost":["testmod-KeyOfTheVoid"],"gold_loss":0},{"damage_healed":0,"gold_gain":0,"player_choice":"Ignored","damage_taken":0,"max_hp_gain":0,"max_hp_loss":0,"event_name":"Tomb of Lord Red Mask","floor":46,"gold_loss":0}],"is_beta":false,"boss_relics":[{"not_picked":["Abe\u0027s Treasure","Sozu"],"picked":"testmod-KeyOfTheVoid"},{"not_picked":["testmod-NegativeEmotionEnhancer","Runic Dome"],"picked":"Cursed Key"}],"items_purged_floors":[45,53],"is_endless":false,"potions_floor_spawned":[1,8,14,16,21,24,28,31,35,40],"ascension_level":0}}