{"host":"nptej036rrbiurf5","time":1607579133,"event":{"gold_per_floor":[114,114,114,139,139,139,180,180,255,275,319,337,337,356,356,356,356],"floor_reached":16,"playtime":345,"items_purged":[],"score":224,"play_id":"8278f9b2-4ec6-48b7-b344-2683f7a45a64","local_time":"20201210144533","is_ascension_mode":true,"campfire_choices":[{"data":"Bash","floor":6.0,"key":"SMITH"},{"data":"Strike_R","floor":8.0,"key":"PURGE"},{"data":"Strike_R","floor":15,"key":"PURGE"}],"neow_cost":"NONE","seed_source_timestamp":1301042676929300,"circlet_count":0,"master_deck":["AscendersBane","Strike_R","Strike_R","Strike_R","Defend_R","Defend_R","Defend_R","Defend_R","Bash+1","Impervious","Pummel","Sword Boomerang","Shrug It Off","Clothesline+1","Ghostly Armor","Power Through"],"special_seed":0,"relics":["Burning Blood","Golden Idol","Peace Pipe","Molten Egg 2","The Courier"],"potions_floor_usage":[11,11,13,16],"damage_taken":[{"damage":4.0,"enemies":"Jaw Worm","floor":1.0,"turns":4.0},{"damage":9.0,"enemies":"2 Louse","floor":4.0,"turns":2.0},{"damage":8.0,"enemies":"Gremlin Nob","floor":7.0,"turns":3.0},{"damage":4.0,"enemies":"Small Slimes","floor":10.0,"turns":3.0},{"damage":42,"enemies":"3 Sentries","floor":11,"turns":9},{"damage":0,"enemies":"Exordium Wildlife","floor":12,"turns":3},{"damage":0,"enemies":"Gremlin Gang","floor":13,"turns":1},{"damage":3,"enemies":"Looter","floor":14,"turns":3},{"damage":27,"enemies":"Hexaghost","floor":16,"turns":9}],"seed_played":"7961653572339144219","potions_obtained":[{"floor":1.0,"key":"Strength Potion"},{"floor":7.0,"key":"EntropicBrew"},{"floor":11,"key":"SmokeBomb"}],"is_trial":false,"path_per_floor":["M","?","?","M","?","R","E","R","T","M","E","M","M","M","R","B"],"character_chosen":"IRONCLAD","items_purchased":[],"campfire_rested":0,"item_purchase_floors":[],"current_hp_per_floor":[70,44,49,46,46,46,44,44,44,46,10,16,22,25,25,0,0],"gold":356,"neow_bonus":"ONE_RANDOM_RARE_CARD","is_prod":false,"is_daily":false,"chose_seed":false,"campfire_upgraded":1,"win_rate":0,"timestamp":1607579133,"path_taken":["M","?","?","M","?","R","E","R","T","M","E","M","?","?","R","BOSS"],"build_version":"2020-11-30","purchased_purges":0,"victory":false,"max_hp_per_floor":[75,75,80,80,80,80,80,80,80,80,80,80,80,80,80,80,80],"card_choices":[{"not_picked":["Entrench","Clothesline"],"picked":"Pummel","floor":1.0},{"not_picked":["Clash","True Grit"],"picked":"Sword Boomerang","floor":4.0},{"not_picked":["Armaments","Feel No Pain"],"picked":"Shrug It Off","floor":7.0},{"not_picked":["Twin Strike+1","Power Through"],"picked":"Clothesline+1","floor":10.0},{"not_picked":["Clash+1","Headbutt+1"],"picked":"Ghostly Armor","floor":11},{"not_picked":["Clothesline+1","Headbutt+1","Brutality"],"picked":"SKIP","floor":12},{"not_picked":["Carnage+1","Fire Breathing"],"picked":"Power Through","floor":14}],"player_experience":825337,"relics_obtained":[{"floor":7.0,"key":"Peace Pipe"},{"floor":9.0,"key":"Molten Egg 2"},{"floor":11,"key":"The Courier"}],"event_choices":[{"damage_healed":0.0,"max_hp_gain":0.0,"max_hp_loss":0.0,"gold_gain":0.0,"event_name":"Golden Idol","player_choice":"Take Damage","floor":2.0,"gold_loss":0.0,"damage_taken":26.0,"relics_obtained":["Golden Idol"]},{"damage_healed":0.0,"max_hp_gain":5.0,"max_hp_loss":0.0,"gold_gain":0.0,"event_name":"Big Fish","player_choice":"Donut","floor":3.0,"gold_loss":0.0,"damage_taken":0.0},{"damage_healed":0.0,"max_hp_gain":0.0,"max_hp_loss":0.0,"gold_gain":0.0,"event_name":"Liars Game","player_choice":"Ignored","floor":5.0,"gold_loss":0.0,"damage_taken":0.0}],"is_beta":false,"boss_relics":[],"items_purged_floors":[],"is_endless":false,"potions_floor_spawned":[1,7,11,13],"killed_by":"Hexaghost","ascension_level":20}}