{"host":"yfjdi361m7pxsbqz","time":1607591356,"event":{"gold_per_floor":[110,110,130,144,163,163,190,247,298,328,328,342,377,390,390,469,469,483,62,74,74,94,94,107,139,139,171,171,171,171,184,184,260,260,274,1273,625,637,692,722,722,748,819,835,868,882,882,882,882,882,882],"floor_reached":52,"playtime":1735,"items_purged":["Strike_R","Normality"],"score":2375,"play_id":"d3e084fb-4954-4782-89b0-21c3de624acb","local_time":"20201210180916","is_ascension_mode":true,"campfire_choices":[{"data":"Bludgeon","floor":6.0,"key":"SMITH"},{"floor":11.0,"key":"REST"},{"data":"Barricade","floor":15.0,"key":"SMITH"},{"data":"Entrench","floor":23.0,"key":"SMITH"},{"floor":29.0,"key":"REST"},{"data":"Impervious","floor":32.0,"key":"SMITH"},{"data":"Madness","floor":49,"key":"SMITH"}],"neow_cost":"NONE","seed_source_timestamp":326644350961300,"circlet_count":0,"master_deck":["AscendersBane","Defend_R","Defend_R","Defend_R","Bludgeon+1","True Grit","Power Through","Shrug It Off","Barricade+1","Impervious+1","Offering","Shrug It Off","Entrench+1","Feel No Pain","Necronomicurse","Seeing Red+1","Ghostly Armor+1","Entrench+1","Normality","Dark Embrace","Master of Strategy","Body Slam+1","Pain","Offering","Madness+1","Madness"],"special_seed":0,"relics":["Burning Blood","Mercury Hourglass","Juzu Bracelet","Red Skull","Whetstone","PreservedInsect","Cursed Key","Medical Kit","Bag of Preparation","Ice Cream","Kunai","Necronomicon","Astrolabe","Blue Candle","Champion Belt","Akabeko","Magic Flower","Boot"],"potions_floor_usage":[],"damage_taken":[{"damage":7.0,"enemies":"Jaw Worm","floor":1.0,"turns":3.0},{"damage":0.0,"enemies":"Cultist","floor":3.0,"turns":4.0},{"damage":3.0,"enemies":"2 Louse","floor":4.0,"turns":3.0},{"damage":19.0,"enemies":"Large Slime","floor":5.0,"turns":5.0},{"damage":15.0,"enemies":"Gremlin Nob","floor":7.0,"turns":4.0},{"damage":37.0,"enemies":"Lagavulin Event","floor":8.0,"turns":4.0},{"damage":20.0,"enemies":"3 Sentries","floor":10.0,"turns":8.0},{"damage":2.0,"enemies":"Exordium Wildlife","floor":12.0,"turns":5.0},{"damage":0.0,"enemies":"Lagavulin","floor":13.0,"turns":6.0},{"damage":0.0,"enemies":"Red Slaver","floor":14.0,"turns":4.0},{"damage":24.0,"enemies":"The Guardian","floor":16.0,"turns":12.0},{"damage":19.0,"enemies":"3 Byrds","floor":18.0,"turns":5.0},{"damage":6.0,"enemies":"Chosen","floor":20.0,"turns":5.0},{"damage":0.0,"enemies":"Centurion and Healer","floor":22.0,"turns":9.0},{"damage":0.0,"enemies":"Snecko","floor":24.0,"turns":6.0},{"damage":26.0,"enemies":"Gremlin Leader","floor":25.0,"turns":7.0},{"damage":11.0,"enemies":"Slavers","floor":27.0,"turns":6.0},{"damage":6.0,"enemies":"3 Cultists","floor":31.0,"turns":6.0},{"damage":6.0,"enemies":"Champ","floor":33.0,"turns":11.0},{"damage":6.0,"enemies":"3 Shapes","floor":35.0,"turns":4.0},{"damage":3.0,"enemies":"Orb Walker","floor":38.0,"turns":4.0},{"damage":7.0,"enemies":"2 Orb Walkers","floor":39.0,"turns":5.0},{"damage":5.0,"enemies":"Reptomancer","floor":40.0,"turns":2.0},{"damage":1.0,"enemies":"Giant Head","floor":42.0,"turns":10.0},{"damage":3,"enemies":"Writhing Mass","floor":44,"turns":5},{"damage":8,"enemies":"Nemesis","floor":45,"turns":5},{"damage":3,"enemies":"Spire Growth","floor":46,"turns":3},{"damage":17,"enemies":"Donu and Deca","floor":50,"turns":5},{"damage":32,"enemies":"Awakened One","floor":51,"turns":4}],"seed_played":"-8350407333363844774","potions_obtained":[{"floor":3.0,"key":"Swift Potion"},{"floor":7.0,"key":"SteroidPotion"},{"floor":10.0,"key":"SkillPotion"},{"floor":12.0,"key":"Block Potion"},{"floor":22.0,"key":"BloodPotion"},{"floor":24.0,"key":"LiquidBronze"},{"floor":31.0,"key":"EssenceOfSteel"}],"is_trial":false,"path_per_floor":["M","?","M","M","M","R","E","?","T","E","R","M","E","M","R","B",null,"M","$","M","$","M","R","M","E","T","E","?","R","?","M","R","B",null,"M","?","$","M","?","E","?","E","T","M","E","M","?","?","R","B","B",null],"character_chosen":"IRONCLAD","items_purchased":["Medical Kit","Bag of Preparation","Shrug It Off","Blue Candle","Dark Embrace","Master of Strategy"],"campfire_rested":2,"item_purchase_floors":[19,19,19,37,37,37],"current_hp_per_floor":[67,67,73,75,62,62,53,22,22,8,30,34,40,46,46,28,63,50,50,50,50,56,56,62,42,42,37,16,38,38,38,38,38,66,66,66,66,69,68,69,69,74,74,75,75,75,75,61,61,53,30],"gold":882,"neow_bonus":"TRANSFORM_CARD","is_prod":false,"is_daily":false,"chose_seed":false,"campfire_upgraded":5,"win_rate":0,"timestamp":1607591356,"path_taken":["M","?","M","M","?","R","E","?","T","E","R","M","E","M","R","BOSS","M","$","M","$","M","R","M","E","T","E","?","R","?","M","R","BOSS","M","?","$","M","?","E","?","E","T","M","E","M","?","?","R","BOSS","BOSS"],"build_version":"2020-11-30","purchased_purges":2,"victory":true,"max_hp_per_floor":[75,75,75,75,75,75,75,75,75,75,75,75,75,75,75,75,75,75,75,75,75,75,75,75,75,75,75,75,75,75,75,75,75,75,75,75,75,75,75,75,75,75,75,75,75,75,75,75,75,75,75],"card_choices":[{"not_picked":["Pommel Strike","Clothesline"],"picked":"True Grit","floor":1.0},{"not_picked":["Sword Boomerang","Disarm"],"picked":"Power Through","floor":3.0},{"not_picked":["Sentinel","Clothesline"],"picked":"Shrug It Off","floor":4.0},{"not_picked":["Twin Strike","Disarm","Cleave"],"picked":"SKIP","floor":5.0},{"not_picked":["Anger","Twin Strike"],"picked":"Barricade","floor":7.0},{"not_picked":["Twin Strike","Clash","Havoc"],"picked":"SKIP","floor":10.0},{"not_picked":["Reckless Charge","True Grit","Cleave"],"picked":"SKIP","floor":12.0},{"not_picked":["Hemokinesis","Corruption"],"picked":"Impervious","floor":13.0},{"not_picked":["Whirlwind","Cleave","Searing Blow"],"picked":"SKIP","floor":14.0},{"not_picked":["Barricade","Feed"],"picked":"Offering","floor":16.0},{"not_picked":["Warcry","Dual Wield","Headbutt+1"],"picked":"SKIP","floor":18.0},{"not_picked":["Clash","Combust"],"picked":"Entrench","floor":20.0},{"not_picked":["Body Slam","Clash"],"picked":"Feel No Pain","floor":22.0},{"not_picked":["Cleave","Thunderclap","Pommel Strike"],"picked":"SKIP","floor":24.0},{"not_picked":["Cleave","Thunderclap","Pommel Strike"],"picked":"SKIP","floor":24.0},{"not_picked":["Ghostly Armor","Shrug It Off","Limit Break"],"picked":"SKIP","floor":25.0},{"not_picked":["Spot Weakness","Headbutt+1","Double Tap"],"picked":"SKIP","floor":27.0},{"not_picked":["Clothesline","Whirlwind","Combust"],"picked":"SKIP","floor":31.0},{"not_picked":["Uppercut","Iron Wave","Anger"],"picked":"SKIP","floor":35.0},{"not_picked":["Clothesline","Headbutt","Thunderclap+1"],"picked":"SKIP","floor":38.0},{"not_picked":["Dual Wield","Combust","Thunderclap"],"picked":"SKIP","floor":40.0},{"not_picked":["Twin Strike","Shrug It Off"],"picked":"Body Slam+1","floor":42.0},{"not_picked":["Havoc+1","Bludgeon","Perfected Strike"],"picked":"SKIP","floor":44},{"not_picked":["Spot Weakness","Ghostly Armor+1","Intimidate"],"picked":"SKIP","floor":45},{"not_picked":["Warcry+1","Armaments","Twin Strike"],"picked":"SKIP","floor":46}],"player_experience":1120322,"relics_obtained":[{"floor":7.0,"key":"Mercury Hourglass"},{"floor":8.0,"key":"Juzu Bracelet"},{"floor":9.0,"key":"Red Skull"},{"floor":10.0,"key":"Whetstone"},{"floor":13.0,"key":"PreservedInsect"},{"floor":25.0,"key":"Ice Cream"},{"floor":27.0,"key":"Kunai"},{"floor":28.0,"key":"Necronomicon"},{"floor":39.0,"key":"Champion Belt"},{"floor":40.0,"key":"Akabeko"},{"floor":42.0,"key":"Magic Flower"},{"floor":45,"key":"Boot"}],"event_choices":[{"damage_healed":0.0,"max_hp_gain":0.0,"max_hp_loss":0.0,"gold_gain":0.0,"cards_transformed":["Strike_R"],"event_name":"Transmorgrifier","player_choice":"Transformed","floor":2.0,"gold_loss":0.0,"damage_taken":0.0,"cards_obtained":["Inflame"]},{"damage_healed":0.0,"max_hp_gain":0.0,"max_hp_loss":0.0,"gold_gain":0.0,"event_name":"Dead Adventurer","player_choice":"Searched \u00272\u0027 times","floor":8.0,"gold_loss":0.0,"damage_taken":0.0},{"damage_healed":0.0,"max_hp_gain":0.0,"max_hp_loss":0.0,"gold_gain":0.0,"event_name":"Cursed Tome","player_choice":"Obtained Book","floor":28.0,"gold_loss":0.0,"damage_taken":21.0},{"cards_removed":["Inflame"],"damage_healed":0.0,"max_hp_gain":0.0,"max_hp_loss":0.0,"gold_gain":0.0,"event_name":"Purifier","player_choice":"Purged","floor":30.0,"gold_loss":0.0,"damage_taken":0.0},{"damage_healed":0.0,"max_hp_gain":0.0,"max_hp_loss":0.0,"gold_gain":999.0,"event_name":"MindBloom","player_choice":"Gold","floor":36.0,"gold_loss":0.0,"damage_taken":0.0,"cards_obtained":["Normality","Normality"]},{"damage_healed":0.0,"max_hp_gain":0.0,"max_hp_loss":0.0,"gold_gain":0.0,"event_name":"Mysterious Sphere","player_choice":"Fight","floor":39.0,"gold_loss":0.0,"damage_taken":0.0},{"cards_removed":["Bash"],"damage_healed":0.0,"max_hp_gain":0.0,"max_hp_loss":0.0,"gold_gain":0.0,"event_name":"Falling","player_choice":"Removed Attack","floor":41.0,"gold_loss":0.0,"damage_taken":0.0},{"damage_healed":0,"gold_gain":0,"player_choice":"Copied","damage_taken":0,"max_hp_gain":0,"max_hp_loss":0,"event_name":"Duplicator","floor":47,"gold_loss":0,"cards_obtained":["Offering"]},{"damage_healed":0,"gold_gain":0,"player_choice":"Embrace Madness","damage_taken":14,"max_hp_gain":0,"max_hp_loss":0,"event_name":"Winding Halls","floor":48,"gold_loss":0,"cards_obtained":["Madness","Madness"]}],"is_beta":false,"boss_relics":[{"not_picked":["SlaversCollar","Tiny House"],"picked":"Cursed Key"},{"not_picked":["Empty Cage","Velvet Choker"],"picked":"Astrolabe"}],"items_purged_floors":[19,37],"is_endless":false,"potions_floor_spawned":[3,7,10,12,14,22,24,31,35,40,42,45],"ascension_level":20}}