{"host":"f5n4tidiz2n5sooh","time":1607593908,"event":{"gold_per_floor":[111,111,261,75,85,112,112,147,171,183,213,242,254,281,293,400,412,400,452,464,499,511,523,535,535],"floor_reached":24,"playtime":1207,"items_purged":["Doubt"],"score":408,"play_id":"e761f3de-01d2-4a4c-9e7f-7aed6c323988","local_time":"20201210035148","is_ascension_mode":true,"campfire_choices":[{"floor":10,"key":"REST"},{"floor":15,"key":"REST"},{"floor":23,"key":"REST"}],"neow_cost":"NONE","seed_source_timestamp":4402226851200,"circlet_count":0,"master_deck":["AscendersBane","Strike_G","Strike_G","Strike_G","Defend_G","Defend_G","Defend_G","Defend_G","Defend_G","Survivor","Neutralize+1","Riddle With Holes","Noxious Fumes","Bane+1","Sucker Punch","Catalyst","PiercingWail","Catalyst","Wraith Form v2","Noxious Fumes","RitualDagger","Concentrate"],"relics":["Fusion Hammer","Whetstone","Meat on the Bone","MawBank","Bloody Idol","Runic Pyramid","Red Mask"],"potions_floor_usage":[8,16,16,19,24],"damage_taken":[{"damage":0,"enemies":"2 Louse","floor":1,"turns":4},{"damage":0,"enemies":"Cultist","floor":5,"turns":3},{"damage":27,"enemies":"3 Sentries","floor":6,"turns":8},{"damage":15,"enemies":"Lagavulin","floor":8,"turns":7},{"damage":11,"enemies":"Jaw Worm","floor":11,"turns":4},{"damage":7,"enemies":"Exordium Wildlife","floor":12,"turns":4},{"damage":4,"enemies":"2 Fungi Beasts","floor":14,"turns":4},{"damage":5,"enemies":"Hexaghost","floor":16,"turns":8},{"damage":14,"enemies":"2 Thieves","floor":18,"turns":4},{"damage":15,"enemies":"Masked Bandits","floor":19,"turns":6},{"damage":2,"enemies":"3 Byrds","floor":21,"turns":5},{"damage":70,"enemies":"Slavers","floor":24,"turns":6}],"seed_played":"8990237457414549435","potions_obtained":[{"floor":6,"key":"EssenceOfSteel"},{"floor":12,"key":"BlessingOfTheForge"},{"floor":14,"key":"Strength Potion"},{"floor":16,"key":"GhostInAJar"},{"floor":19,"key":"LiquidMemories"}],"is_trial":false,"path_per_floor":["M","?","?","$","M","E","?","E","T","R","M","M","?","M","R","B",null,"M","?","?","M","?","R","E"],"character_chosen":"THE_SILENT","items_purchased":["Noxious Fumes","Bane"],"campfire_rested":3,"item_purchase_floors":[4,4],"current_hp_per_floor":[59,52,52,52,52,25,25,10,10,29,30,35,35,31,49,44,56,42,39,33,31,31,54,0,0],"gold":535,"neow_bonus":"BOSS_RELIC","is_prod":false,"is_daily":false,"chose_seed":false,"campfire_upgraded":0,"win_rate":0,"timestamp":1607593908,"path_taken":["M","?","?","$","M","E","?","E","T","R","M","?","?","M","R","BOSS","M","?","?","M","?","R","E"],"build_version":"2020-11-30","purchased_purges":1,"victory":false,"max_hp_per_floor":[66,66,66,66,66,66,66,66,66,66,66,66,60,60,60,60,60,60,60,60,60,60,60,60,60],"relic_stats":{"counters":[12,63],"Bloody Idol":10,"Whetstone":["Bane","Neutralize"],"MawBank":180,"obtain_stats":[{"Golden Idol":13,"Bloody Idol":22,"Fusion Hammer":0,"Red Mask":19,"Whetstone":6,"MawBank":9,"Ring of the Snake":0,"Meat on the Bone":8,"Runic Pyramid":17},{"Golden Idol":6,"Bloody Idol":11,"Fusion Hammer":0,"Red Mask":10,"Whetstone":3,"MawBank":4,"Ring of the Snake":0,"Meat on the Bone":4,"Runic Pyramid":8},{"Golden Idol":30,"Bloody Idol":57,"Fusion Hammer":0,"Red Mask":52,"Whetstone":15,"MawBank":22,"Ring of the Snake":0,"Meat on the Bone":22,"Runic Pyramid":42}],"Meat on the Bone":36},"card_choices":[{"not_picked":["Blade Dance","Setup"],"picked":"Riddle With Holes","floor":1},{"not_picked":["Cloak And Dagger","Sucker Punch","Distraction"],"picked":"SKIP","floor":5},{"not_picked":["Slice","Deadly Poison"],"picked":"Sucker Punch","floor":6},{"not_picked":["Flying Knee","Phantasmal Killer"],"picked":"Catalyst","floor":8},{"not_picked":["Dagger Spray","Backflip"],"picked":"PiercingWail","floor":11},{"not_picked":["Underhanded Strike","Blade Dance","Accuracy"],"picked":"SKIP","floor":12},{"not_picked":["Dagger Spray","Tactician"],"picked":"Catalyst","floor":14},{"not_picked":["Glass Knife","Tools of the Trade"],"picked":"Wraith Form v2","floor":16},{"not_picked":["Underhanded Strike","Sucker Punch","Cloak And Dagger"],"picked":"SKIP","floor":18},{"not_picked":["Leg Sweep","Finisher"],"picked":"Noxious Fumes","floor":19},{"not_picked":["Dagger Throw","Acrobatics"],"picked":"Concentrate","floor":21}],"player_experience":1867019,"relics_obtained":[{"floor":6,"key":"Whetstone"},{"floor":8,"key":"Meat on the Bone"},{"floor":9,"key":"MawBank"},{"floor":19,"key":"Red Mask"}],"event_choices":[{"cards_removed":["Strike_G"],"damage_healed":0,"gold_gain":0,"player_choice":"Card Removal","damage_taken":7,"max_hp_gain":0,"max_hp_loss":0,"event_name":"Golden Wing","floor":2,"gold_loss":0},{"damage_healed":0,"gold_gain":150,"player_choice":"AGREE","damage_taken":0,"max_hp_gain":0,"max_hp_loss":0,"event_name":"Liars Game","floor":3,"gold_loss":0,"cards_obtained":["Doubt"]},{"cards_removed":["Strike_G"],"damage_healed":0,"gold_gain":0,"player_choice":"Card Removal","damage_taken":0,"max_hp_gain":0,"max_hp_loss":0,"event_name":"Wheel of Change","floor":7,"gold_loss":0},{"damage_healed":0,"gold_gain":0,"player_choice":"Lose Max HP","damage_taken":0,"relics_obtained":["Golden Idol"],"max_hp_gain":0,"max_hp_loss":6,"event_name":"Golden Idol","floor":13,"gold_loss":0},{"damage_healed":0,"gold_gain":0,"player_choice":"Fought Bandits","damage_taken":0,"max_hp_gain":0,"max_hp_loss":0,"event_name":"Masked Bandits","floor":19,"gold_loss":0},{"damage_healed":0,"gold_gain":0,"player_choice":"Joined the Cult","damage_taken":6,"max_hp_gain":0,"max_hp_loss":0,"event_name":"Nest","floor":20,"gold_loss":0,"cards_obtained":["RitualDagger"]},{"damage_healed":0,"gold_gain":0,"player_choice":"Gave Idol","damage_taken":0,"relics_obtained":["Bloody Idol"],"max_hp_gain":0,"max_hp_loss":0,"event_name":"Forgotten Altar","floor":22,"relics_lost":["Golden Idol"],"gold_loss":0}],"is_beta":false,"boss_relics":[{"not_picked":["Astrolabe","Philosopher\u0027s Stone"],"picked":"Runic Pyramid"}],"items_purged_floors":[4],"is_endless":false,"potions_floor_spawned":[6,12,14,16,19],"killed_by":"Slavers","ascension_level":20}}