{"host":"wbdly04l9mkn9nrc","time":1607606519,"event":{"gold_per_floor":[116,128,78,78,90,90,102,132,201,201,201,212,212,247,247,345,345,381,381,681,681,696,611,611,611,611,611,611,611,611,630,630,728,728,728,728,728,728,728,728,728,728,728,728,728,728,728,728,728,728],"floor_reached":51,"playtime":1427,"items_purged":["Neutralize","Survivor","Pain","Doubt"],"score":1268,"play_id":"48d446f8-e4b8-4444-b8bf-d13cc0583402","local_time":"20201210212159","is_ascension_mode":false,"campfire_choices":[{"floor":6,"key":"RECALL"},{"floor":15,"key":"DIG"},{"floor":24,"key":"DIG"},{"floor":32,"key":"DIG"},{"floor":40,"key":"DIG"},{"floor":44,"key":"DIG"},{"floor":47,"key":"DIG"},{"floor":49,"key":"REST"}],"neow_cost":"","seed_source_timestamp":283395468991200,"circlet_count":5,"master_deck":["Glass Knife","Skewer+1","Envenom","Glass Knife+1","Doppelganger","Blur","Blur","Dagger Throw+1","Infinite Blades","Flying Knee+1","BloodyBrimstone+1","Slice+1","Predator+1","Outmaneuver","Noxious Fumes+1","Poisoned Stab+1","Flying Knee+1","Catalyst","Die Die Die+1","A Thousand Cuts+1","Calculated Gamble","Poisoned Stab+1","Backstab+1","Accuracy+1","Sucker Punch+1","Noxious Fumes+1","Caltrops+1","Unload+1","Die Die Die+1","After Image+1","Poisoned Stab+1","Calculated Gamble","Riddle With Holes+1","Dagger Throw+1","Accuracy+1","All Out Attack+1","Backflip","Poisoned Stab+1","Dash+1","Masterful Stab+1","Finisher+1","Corpse Explosion","Infinite Blades+1","Quick Slash+1","Bane+1","Sucker Punch+1","Quick Slash+1","Flechettes+1","Calculated Gamble","Outmaneuver","Bane+1","Catalyst","Streamline+1","Defend_R","Caltrops+1","BattleHymn+1","ReachHeaven+1","Outmaneuver+1","Choke+1","Backflip+1","Flechettes+1","Accuracy+1","Storm of Steel+1"],"relics":["Ring of the Snake","HushsDoor","CaptainsWheel","GuppysTail","Membership Card","Ice Cream","SteamSale","Snake Skull","Nunchaku","Pantograph","Mummified Hand","TheBattery","Strawberry","Thread and Needle","Toolbox","White Beast Statue","Eternal Feather","Medical Kit","Singing Bowl","Tiny Chest","Frozen Eye","Bag of Marbles","Question Card","Sling","Orichalcum","Ninja Scroll","Lee\u0027s Waffle","Ornamental Fan","PunchingBag","Cauldron","Dream Catcher","OrangePellets","DoctorsRemote","Letter Opener","TwistedFunnel","Darkstone Periapt","WingedGreaves","TheBean","NineVolt","Blood Vial","Ancient Tea Set","Habit","Art of War","Happy Flower","BelialBook","Chaos","Regal Pillow","MealTicket","RottenBaby","MomsKnife","HornCleat","Pocketwatch","Pandora\u0027s Box","InkBottle","Chemical X","PillsDrop","Molten Egg 2","Lantern","Peace Pipe","Tough Bandages","DollysMirror","PrismaticShard","Diplopia","WristBlade","Calipers","Meat on the Bone","Bag of Preparation","Bottled Tornado","Frozen Egg 2","Sundial","PreservedInsect","Bottled Lightning","YumHeart","MyShadow","Oddly Smooth Stone","Toy Ornithopter","The Specimen","Self Forming Clay","Burning Blood","Du-Vu Doll","Strange Spoon","MagicMushroom","GuppysPaw","Shuriken","Cursed Key","DeadEye","Charon\u0027s Ashes","HoveringKite","Bird Faced Urn","SlaversCollar","EdensBlessing","GnawedLeaf","Mercury Hourglass","BookofShadows","MoneyPower","Mango","Bottled Flame","StoneCalendar","Centennial Puzzle","Juzu Bracelet","Runic Cube","BlankCard","Shovel","Bronze Scales","Void","Gremlin Horn","Philosopher\u0027s Stone","Kunai","DeathBook","SacredBark","Incense Burner","D6","Whetstone","Omamori","Potion Belt","Tingsha","TungstenRod","MegaBlast","Turnip","Dead Branch","Paper Crane","ClockworkSouvenir","UnicornStump","AnarchistCookbook","Toxic Egg 2","Champion Belt","Blue Candle","Boot","Pen Nib","Incubus","GuppysHead","FossilizedHelix","Empty Cage","D4","Black Blood","BookOfRevelations","Circlet","Ginger"],"potions_floor_usage":[],"damage_taken":[{"damage":0,"enemies":"2 Louse","floor":1,"turns":1},{"damage":0,"enemies":"Small Slimes","floor":2,"turns":1},{"damage":0,"enemies":"Cultist","floor":5,"turns":1},{"damage":0,"enemies":"Lots of Slimes","floor":7,"turns":1},{"damage":0,"enemies":"Blue Slaver","floor":12,"turns":1},{"damage":0,"enemies":"Gremlin Nob","floor":14,"turns":1},{"damage":0,"enemies":"Hexaghost","floor":16,"turns":1},{"damage":0,"enemies":"3 Byrds","floor":18,"turns":1},{"damage":0,"enemies":"Shell Parasite","floor":22,"turns":1},{"damage":0,"enemies":"Snecko","floor":31,"turns":1},{"damage":0,"enemies":"Collector","floor":33,"turns":1},{"damage":0,"enemies":"3 Darklings","floor":35,"turns":1},{"damage":0,"enemies":"3 Shapes","floor":37,"turns":1},{"damage":0,"enemies":"3 Darklings","floor":39,"turns":1},{"damage":1,"enemies":"Sphere and 2 Shapes","floor":42,"turns":1},{"damage":0,"enemies":"4 Shapes","floor":46,"turns":1},{"damage":0,"enemies":"3 Darklings","floor":48,"turns":1},{"damage":0,"enemies":"Donu and Deca","floor":50,"turns":1}],"seed_played":"609183855586545819","potions_obtained":[{"floor":0,"key":"SneckoOil"},{"floor":0,"key":"DuplicationPotion"},{"floor":0,"key":"DistilledChaos"},{"floor":0,"key":"CunningPotion"},{"floor":0,"key":"EntropicBrew"},{"floor":2,"key":"Explosive Potion"},{"floor":5,"key":"SmokeBomb"}],"is_trial":false,"path_per_floor":["M","M","?","?","M","R","M","?","T","$","T","M","$","E","R","B",null,"M","$","?","?","M","?","R","T","T","$","T","$","?","M","R","B",null,"M","?","M","$","M","R","T","M","T","R","?","M","R","M","R","B",null],"character_chosen":"THE_SILENT","items_purchased":["Membership Card","Ice Cream","SteamSale","Snake Skull","Nunchaku","Pantograph","Mummified Hand","TheBattery","Strawberry","Thread and Needle","Toolbox","White Beast Statue","Eternal Feather","Medical Kit","Singing Bowl","Tiny Chest","Frozen Eye","Bag of Marbles","Question Card","Sling","Orichalcum","Ninja Scroll","Lee\u0027s Waffle","Ornamental Fan","PunchingBag","Cauldron","Dream Catcher","OrangePellets","DoctorsRemote","Letter Opener","TwistedFunnel","Darkstone Periapt","WingedGreaves","TheBean","NineVolt","Blood Vial","Ancient Tea Set","Habit","Art of War","Happy Flower","BelialBook","Chaos","Regal Pillow","MealTicket","RottenBaby","MomsKnife","HornCleat","Pocketwatch","Pandora\u0027s Box","InkBottle","Chemical X","PillsDrop","Molten Egg 2","Lantern","Peace Pipe","Tough Bandages","DollysMirror","Dagger Throw+1","PrismaticShard","Infinite Blades","Diplopia","WristBlade","Calipers","Flying Knee+1","BloodyBrimstone+1","Meat on the Bone","Bag of Preparation","Slice+1","Predator+1","Bottled Tornado","Frozen Egg 2","Outmaneuver","Noxious Fumes+1","Poisoned Stab+1","Sundial","Flying Knee+1","PreservedInsect","Catalyst","Bottled Lightning","YumHeart","MyShadow","Die Die Die+1","A Thousand Cuts+1","Oddly Smooth Stone","Toy Ornithopter","Calculated Gamble","Poisoned Stab+1","Backstab+1","The Specimen","Self Forming Clay","Accuracy+1","Burning Blood","Du-Vu Doll","Strange Spoon","Sucker Punch+1","Noxious Fumes+1","MagicMushroom","GuppysPaw","Shuriken","Caltrops+1","Cursed Key","DeadEye","Charon\u0027s Ashes","Unload+1","HoveringKite","Bird Faced Urn","Die Die Die+1","After Image+1","SlaversCollar","EdensBlessing","GnawedLeaf","Mercury Hourglass","BookofShadows","MoneyPower","Mango","Bottled Flame","StoneCalendar","Centennial Puzzle","Poisoned Stab+1","Juzu Bracelet","Runic Cube","Calculated Gamble","BlankCard","Riddle With Holes+1","Shovel","Bronze Scales","Void","Dagger Throw+1","Accuracy+1","Gremlin Horn","All Out Attack+1","Philosopher\u0027s Stone","Backflip","Kunai","DeathBook","Poisoned Stab+1","SacredBark","Dash+1","Masterful Stab+1","Incense Burner","D6","Finisher+1","Corpse Explosion","Infinite Blades+1","Quick Slash+1","Whetstone","Omamori","Bane+1","Sucker Punch+1","Quick Slash+1","Potion Belt","Tingsha","Flechettes+1","Calculated Gamble","TungstenRod","MegaBlast","Turnip","Dead Branch","Paper Crane","ClockworkSouvenir","Outmaneuver","Bane+1","Catalyst","UnicornStump","AnarchistCookbook","Caltrops+1","Champion Belt","Blue Candle","GuppysHead","FossilizedHelix","Choke+1","Backflip+1","Flechettes+1","Circlet"],"campfire_rested":1,"item_purchase_floors":[0,0,0,0,0,0,0,0,0,0,0,0,0,0,0,0,0,0,0,0,0,0,0,0,0,0,0,0,0,0,0,0,0,0,0,0,0,0,0,0,0,0,0,0,0,0,0,0,0,0,0,0,0,0,0,0,0,0,0,0,0,0,0,0,0,0,0,0,0,0,0,0,0,0,0,0,0,0,0,0,0,0,0,0,0,0,0,0,0,0,0,0,0,0,0,0,0,0,0,0,0,0,0,0,0,0,0,0,0,0,0,0,0,0,0,0,0,0,0,0,0,0,0,0,0,0,0,0,0,0,0,0,0,0,0,0,0,0,0,0,0,0,0,0,0,0,0,0,0,0,0,0,0,0,0,0,0,0,0,0,0,0,0,10,10,10,13,13,17,19,19,19,19,29],"current_hp_per_floor":[107,107,107,107,109,109,111,111,111,111,111,106,106,106,106,108,98,98,98,98,98,100,100,100,106,112,112,112,117,117,119,124,124,124,124,124,120,120,120,125,125,127,127,132,134,133,138,138,140,134],"gold":728,"neow_bonus":"","is_prod":false,"is_daily":false,"chose_seed":false,"campfire_upgraded":0,"win_rate":0,"timestamp":1607606519,"path_taken":["M","M","?","?","M","R","M","?","T","$","?","M","$","E","R","BOSS","M","$","?","?","M","?","R","?","T","$","?","$","?","M","R","BOSS","M","?","M","$","M","R","?","M","T","R","?","M","R","M","R","BOSS"],"build_version":"2020-11-30","purchased_purges":4,"victory":true,"max_hp_per_floor":[107,107,107,107,109,109,111,111,111,111,111,106,106,106,106,108,98,98,98,98,98,100,100,100,106,112,112,112,117,117,119,124,124,124,124,124,120,120,120,125,125,127,127,132,134,133,138,138,140,134],"card_choices":[{"not_picked":[],"picked":"ChaosCard","floor":0},{"not_picked":["Dagger Spray+1","Self Repair+1","Dramatic Entrance+1","Worship"],"picked":"Singing Bowl","floor":1},{"not_picked":["Bandage Up","Gash+1","ThirdEye"],"picked":"Streamline+1","floor":2},{"not_picked":["Study+1","Backflip","Rage","Adaptation+1"],"picked":"Singing Bowl","floor":5},{"not_picked":["Bouncing Flask","Offering","Indignation","PathToVictory"],"picked":"Singing Bowl","floor":7},{"not_picked":["Aggregate+1","DeceiveReality+1","Heavy Blade+1"],"picked":"BattleHymn+1","floor":12},{"not_picked":["Flame Barrier+1","Aggregate+1","SuicideKing"],"picked":"ReachHeaven+1","floor":14},{"not_picked":["Ragnarok+1","Judgement+1","The Bomb+1","Machine Learning+1"],"picked":"Singing Bowl","floor":16},{"not_picked":["EmptyFist+1","FlurryOfBlows+1","Quick Slash+1"],"picked":"Outmaneuver+1","floor":18},{"not_picked":["Vault+1","Doom and Gloom+1","FollowUp+1","Go for the Eyes+1"],"picked":"Singing Bowl","floor":22},{"not_picked":["Cloak And Dagger+1","Static Discharge+1","Rebound+1","Redo+1"],"picked":"Singing Bowl","floor":31},{"not_picked":["Chrysalis+1","Metamorphosis+1","Judgement+1"],"picked":"Storm of Steel+1","floor":33},{"not_picked":["PiercingWail+1","Prepared+1","EmptyFist+1","Clash+1"],"picked":"SKIP","floor":35},{"not_picked":["Chill+1","All Out Attack+1","Blur+1","Swivel+1"],"picked":"Singing Bowl","floor":37},{"not_picked":["Tempest+1","Go for the Eyes+1","CutThroughFate+1","Spot Weakness+1"],"picked":"SKIP","floor":39},{"not_picked":["Heavy Blade+1","Redo+1","Master of Strategy+1","Hologram+1"],"picked":"Singing Bowl","floor":42},{"not_picked":["Impatience+1","Forethought+1","Trip+1","ChaosCard"],"picked":"Singing Bowl","floor":45},{"not_picked":["Cloak And Dagger+1","Feel No Pain+1","Deadly Poison+1","CutThroughFate+1"],"picked":"Singing Bowl","floor":46},{"not_picked":["PiercingWail+1","Self Repair+1","Acrobatics+1","Tactician+1"],"picked":"SKIP","floor":48},{"not_picked":["Gash+1","Stack+1","Conclude+1","PathToVictory+1"],"picked":"Singing Bowl","floor":49}],"player_experience":52747,"relics_obtained":[{"floor":11,"key":"Toxic Egg 2"},{"floor":14,"key":"Boot"},{"floor":15,"key":"Pen Nib"},{"floor":24,"key":"D4"},{"floor":25,"key":"Black Blood"},{"floor":26,"key":"BookOfRevelations"},{"floor":32,"key":"Circlet"},{"floor":40,"key":"Circlet"},{"floor":44,"key":"Circlet"},{"floor":47,"key":"Circlet"}],"event_choices":[{"cards_removed":["ChaosCard"],"damage_healed":0,"gold_gain":0,"player_choice":"Card Removal","damage_taken":0,"max_hp_gain":0,"max_hp_loss":0,"event_name":"The Cleric","floor":3,"gold_loss":50},{"cards_removed":["PiercingWail"],"damage_healed":0,"gold_gain":0,"player_choice":"Took Card","damage_taken":0,"max_hp_gain":0,"max_hp_loss":0,"event_name":"NoteForYourself","floor":4,"gold_loss":0,"cards_obtained":["Defend_R"]},{"damage_healed":0,"gold_gain":30,"player_choice":"Searched \u00271\u0027 times","damage_taken":0,"max_hp_gain":0,"max_hp_loss":0,"event_name":"Dead Adventurer","floor":8,"gold_loss":0},{"cards_removed":["Quick Slash"],"damage_healed":0,"gold_gain":0,"player_choice":"Elegance","damage_taken":0,"max_hp_gain":0,"max_hp_loss":0,"event_name":"Back to Basics","floor":21,"gold_loss":0},{"damage_healed":0,"gold_gain":0,"player_choice":"Obtained Relic","damage_taken":0,"relics_obtained":["Empty Cage"],"max_hp_gain":0,"max_hp_loss":0,"event_name":"Addict","floor":23,"gold_loss":85},{"damage_healed":0,"gold_gain":0,"player_choice":"Read","damage_taken":0,"max_hp_gain":0,"max_hp_loss":0,"event_name":"The Library","floor":30,"gold_loss":0,"cards_obtained":["Accuracy"]},{"damage_healed":0,"gold_gain":0,"player_choice":"Ignored","damage_taken":0,"max_hp_gain":0,"max_hp_loss":0,"event_name":"Mysterious Sphere","floor":36,"gold_loss":0},{"damage_healed":0,"gold_gain":0,"player_choice":"Memory 1","damage_taken":0,"max_hp_gain":0,"max_hp_loss":0,"event_name":"SensoryStone","floor":45,"gold_loss":0}],"is_beta":false,"boss_relics":[{"not_picked":["Paper Frog","Ring of the Serpent"],"picked":"Incubus"},{"not_picked":[]},{"not_picked":["SalivaCoin","TuHaoJin"],"picked":"Ginger"},{"not_picked":[]}],"items_purged_floors":[0,19,27,29],"is_endless":false,"potions_floor_spawned":[1,2,5,7,12,16,18,22,31,33,35,37,39,42,46,48],"ascension_level":0}}