{"host":"gk9qdtkqd8dwfeg2","time":1607611788,"event":{"mods":["BaseMod","StSLib","Shop Mod","Minty Spire (QoL Compilation)","Replay The Spire","TestMod","Waifu the Spire","【东方二次创作】八云紫mod","vexMod","RumiaBox-露米娅的神秘盒子","The Cursed"],"gold_per_floor":[116,116,47,47,62,89,101,101,126,39,39,39],"floor_reached":11,"playtime":142,"items_purged":[],"score":192,"play_id":"27f47343-b9d1-4df8-9e07-8bcda7ca43a9","local_time":"20201210224948","is_ascension_mode":true,"campfire_choices":[{"data":"Zap","floor":8,"key":"SMITH"}],"circlet_count":0,"master_deck":["AscendersBane","Strike_B","Strike_B","Strike_B+1","Strike_B","Defend_B","Defend_B","Defend_B+1","Defend_B","Zap+1","Dualcast","Consume","Coolheaded","Core Surge","ReplayTheSpireMod:Calculation Training"],"relics":["Cracked Core","testmod-TestBox","testmod-Nyarlathotep","NeowsBlessing","Baka","Happy Flower","vexMod:ConsolationPrize","Simple Rune"],"acts_visited":["Exordium"],"potions_floor_usage":[11,11],"damage_taken":[{"damage":0,"enemies":"Small Slimes","floor":1,"turns":1},{"damage":0,"enemies":"2 Louse","floor":5,"turns":1},{"damage":0,"enemies":"Lagavulin","floor":6,"turns":1},{"damage":0,"enemies":"Jaw Worm","floor":7,"turns":4},{"damage":6,"enemies":"Gremlin Nob","floor":11,"turns":2}],"seed_played":"-3986176449091429022","potions_obtained":[{"floor":1,"key":"BlessingOfTheForge"},{"floor":6,"key":"Weak Potion"}],"is_trial":false,"path_per_floor":["M","?","?","?","M","E","M","R","T","$","E"],"character_chosen":"DEFECT","items_purchased":["ReplayTheSpireMod:Calculation Training"],"campfire_rested":0,"item_purchase_floors":[10],"current_hp_per_floor":[32,6,6,6,6,6,6,6,6,6,0,0],"gold":39,"neow_bonus":"THREE_ENEMY_KILL","is_daily":false,"chose_seed":false,"campfire_upgraded":1,"win_rate":0,"timestamp":1607611788,"path_taken":["M","?","?","?","M","E","M","R","T","$","E"],"build_version":"2020-11-30","purchased_purges":0,"victory":false,"max_hp_per_floor":[35,35,35,35,35,35,35,35,35,35,35,35],"card_choices":[{"not_picked":["Static Discharge","Barrage"],"picked":"Consume","floor":1},{"not_picked":["Stack","Streamline","Conserve Battery"],"picked":"SKIP","floor":5},{"not_picked":["Barrage","Hologram"],"picked":"Coolheaded","floor":6},{"not_picked":["Conserve Battery","Auto Shields"],"picked":"Core Surge","floor":7}],"player_experience":1008395,"relics_obtained":[{"floor":1,"key":"Baka"},{"floor":6,"key":"vexMod:ConsolationPrize"},{"floor":9,"key":"Simple Rune"}],"event_choices":[{"damage_healed":0,"gold_gain":0,"player_choice":"Success","damage_taken":26,"relics_obtained":["Happy Flower"],"max_hp_gain":0,"max_hp_loss":0,"event_name":"Scrap Ooze","floor":2,"gold_loss":0},{"damage_healed":0,"gold_gain":0,"player_choice":"Left Gold","damage_taken":0,"max_hp_gain":0,"max_hp_loss":0,"event_name":"World of Goop","floor":3,"gold_loss":69},{"damage_healed":0,"gold_gain":0,"player_choice":"Ignored","damage_taken":0,"max_hp_gain":0,"max_hp_loss":0,"event_name":"Shining Light","floor":4,"gold_loss":0}],"is_beta":false,"boss_relics":[],"items_purged_floors":[],"is_endless":false,"potions_floor_spawned":[1,6,7],"killed_by":"Gremlin Nob","ascension_level":20}}