{"host":"0azimyi6n3ugndj4","time":1607631304,"event":{"mods":["BaseMod","StSLib","Curses Come First","Conspire","Hyrulean Relics","Infinite Spire","Minty Spire (QoL Compilation)","Relic Stats","Replay The Spire","Uncapped","¡¼?Úª?ø«¡½REMEMod","Bestiary","Defuse TimeMaze Blight","SuperFastMode"],"gold_per_floor":[99,99,99,135,195,291,154,235,235,265,245,245,245,293,293,512,512,572,572,139,199,304,400,400,123,123,123,123,201,237,288,288,523,523,593,155,219,219,219,320,320,320,320],"floor_reached":42,"playtime":852,"items_purged":[],"score":1640,"play_id":"2cbdbd57-4c61-46fc-83e2-e6248bc0fe1b","local_time":"20201211051504","daily_mods":["Draft","Hoarder","Insanity","Chimera","Specialized","Vintage","ControlledChaos","Allstar","Diverse","Colorless Cards","Heirloom","Time Dilation","Flight","Binary","Elite Swarm","Lethality","Midas","Night Terrors","Binary"],"is_ascension_mode":true,"campfire_choices":[{"floor":13,"key":"REST"},{"floor":15,"key":"REST"},{"floor":24,"key":"REST"},{"floor":32,"key":"DIG"},{"floor":41,"key":"REST"}],"circlet_count":0,"master_deck":["Demon Form","Wraith Form v2","Echo Form","DevaForm","AscendersBane","Survivor","Zap","Eruption","Strike_R","Strike_G+1","Strike_B","Defend_R","Defend_G+1","Defend_P","REME_MusicOfDeath","Quick Slash","Tempest","conspire:Banana","Run Through","Perfected Strike","Sweeping Beam","Heatsinks","FlurryOfBlows","Acrobatics","Whirlwind","Good Instincts","FlurryOfBlows","Massacre","REME_Repentance","Cloak And Dagger","SashWhip","Flying Knee","Perfected Strike","Vengeance","Meditate","Setup","Double Energy","Ghostly Armor","Warcry","Ball Lightning+1","Clash","Twin Strike","EmptyBody","Wireheading","Replay:AtTheReady","Pommel Strike","Replay:ManipulateFuture","Dagger Throw","Dash+1","Flying Knee","CutThroughFate","BowlingBash","Iron Wave","Ball Lightning","Slice","Rebound","REME_Repentance","Protect","Hidden Blade","REME_TheoryOfElimination","REME_FirmDetermination","Cleave","Cold Snap","REME_Repentance","Self Repair","Self Repair","Self Repair","Self Repair","Self Repair","Self Repair","Self Repair","Self Repair","Self Repair","Self Repair","Self Repair","Self Repair","Self Repair","Self Repair","Self Repair","Deep Breath","Deep Breath","Deep Breath","Leap","Leap","Leap","Hologram","Hologram","Hologram","LikeWater","LikeWater","LikeWater","Protect","Protect","Protect","Body Slam","Body Slam","Body Slam","Pommel Strike","Pommel Strike","Pommel Strike","Sentinel","Sentinel","Sentinel","Cloak And Dagger","Cloak And Dagger","Cloak And Dagger","Glacier","Glacier","Glacier","SashWhip","SashWhip","SashWhip","Loop","Loop","Loop","Seeing Red","Seeing Red","Seeing Red","Cloak And Dagger","Cloak And Dagger","Cloak And Dagger","CutThroughFate","CutThroughFate","CutThroughFate","Grand Finale","Grand Finale","Grand Finale","Eruption","Eruption","Eruption","Pain","Pain","Pain","Languid","Languid","Languid","Hallucinations","Hallucinations","Hallucinations","conspire:Banana","conspire:Banana","conspire:Banana"],"relics":["Frozen Eye","Busted Crown","REME_ComplimentaryCards","Replay:Kaleidoscope","Replay:M_SmolderingBlood","WarpedTongs","Garlic","Mercury Hourglass","zeldaRelics:CourageTriforce","ReplayTheSpireMod:CursedCoin","Eternal Feather","Dream Catcher","Lantern","Cursed Key","conspire:InfiniteJournal","TheAbacus","Paper Frog","Whetstone","Red Mask","zeldaRelics:WisdomTriforce","ReplayTheSpireMod:Ninjato","MutagenicStrength","Replay:WaspNest","infinitespire:Broken Mirror","infinitespire:Magic Flask","infinitespire:EvilPickle","conspire:RunicOctahedron","ReplayTheSpireMod:Lightbulb","Self Forming Clay","REME_HandOfSuture","Simple Rune","zeldaRelics:PowerPiece"],"acts_visited":["Exordium","TheCity","TheBeyond"],"potions_floor_usage":[40],"damage_taken":[{"damage":6,"enemies":"Jaw Worm","floor":4,"turns":5},{"damage":12,"enemies":"2 Louse","floor":5,"turns":2},{"damage":12,"enemies":"Gremlin Nob","floor":6,"turns":3},{"damage":16,"enemies":"3 Sentries","floor":8,"turns":5},{"damage":11,"enemies":"Cultist","floor":10,"turns":3},{"damage":41,"enemies":"Lots of Slimes","floor":14,"turns":4},{"damage":54,"enemies":"Hexaghost","floor":16,"turns":7},{"damage":9,"enemies":"conspire:FuzzyDice","floor":18,"turns":4},{"damage":26,"enemies":"Shell Parasite","floor":21,"turns":3},{"damage":0,"enemies":"Masked Bandits","floor":22,"turns":2},{"damage":44,"enemies":"REME_1_Revenger","floor":23,"turns":5},{"damage":34,"enemies":"Nightmare","floor":29,"turns":4},{"damage":11,"enemies":"Snake Plant","floor":30,"turns":5},{"damage":6,"enemies":"Centurion and Healer","floor":31,"turns":3},{"damage":54,"enemies":"Pondfish","floor":33,"turns":4},{"damage":46,"enemies":"3 Darklings","floor":35,"turns":3},{"damage":9,"enemies":"3 Shapes","floor":37,"turns":2},{"damage":47,"enemies":"Reptomancer","floor":40,"turns":3},{"damage":70,"enemies":"Giant Head","floor":42,"turns":5}],"seed_played":"1249221454392794567","potions_obtained":[{"floor":5,"key":"LiquidBronze"},{"floor":8,"key":"ElixirPotion"},{"floor":11,"key":"FairyPotion"},{"floor":14,"key":"AttackPotion"}],"is_trial":true,"path_per_floor":["?","$","?","M","M","E","$","E","T","M","?","WH","R","M","R","B",null,"M","?","$","M","?","E","R","$","T","?","$","NM","M","M","R","B",null,"M","$","M","?","?","E","R","E"],"character_chosen":"IRONCLAD","items_purchased":["ReplayTheSpireMod:CursedCoin","Eternal Feather","TheAbacus","Paper Frog","ReplayTheSpireMod:Ninjato","Self Forming Clay","REME_HandOfSuture"],"campfire_rested":4,"item_purchase_floors":[7,7,20,20,25,36,36],"current_hp_per_floor":[68,68,68,75,73,61,61,66,66,65,65,72,77,43,72,39,64,69,63,63,44,68,32,68,68,68,68,68,65,68,68,68,32,60,28,28,19,19,19,30,65,0,0],"gold":320,"neow_bonus":"TEN_PERCENT_HP_BONUS","is_daily":false,"chose_seed":false,"campfire_upgraded":0,"win_rate":0,"timestamp":1607631304,"path_taken":["?","?","?","?","?","E","$","E","T","M","?","WH","R","?","R","BOSS","M","?","$","?","?","E","R","$","T","?","?","NM","?","M","R","BOSS","M","$","M","?","?","E","R","E"],"build_version":"2020-11-30","purchased_purges":0,"victory":false,"max_hp_per_floor":[75,75,75,75,75,75,75,75,75,75,75,82,77,77,72,72,72,72,72,72,72,72,73,68,68,68,68,68,68,68,68,68,69,69,69,69,69,69,69,70,65,67,67],"relic_stats":{"Dream Catcher":4,"Busted Crown":44,"TheAbacus":[30],"counters":[19,70],"Self Forming Clay":[15],"Eternal Feather":125,"Whetstone":["Ball Lightning","Dash"],"Cursed Key":1,"obtain_stats":[{"Lantern":14,"Whetstone":21,"Cursed Key":17,"Burning Blood":0,"zeldaRelics:WisdomTriforce":29,"conspire:InfiniteJournal":18,"Frozen Eye":0,"Dream Catcher":10,"TheAbacus":20,"Replay:M_SmolderingBlood":1,"zeldaRelics:CouragePiece":6,"Red Mask":22,"zeldaRelics:PowerPiece":40,"Paper Frog":20,"zeldaRelics:WisdomPiece":23,"ReplayTheSpireMod:Ninjato":25,"ReplayTheSpireMod:CursedCoin":7,"Self Forming Clay":36,"Eternal Feather":7,"conspire:RunicOctahedron":34,"Replay:WaspNest":30,"Replay:Kaleidoscope":0,"infinitespire:Magic Flask":32,"zeldaRelics:CourageTriforce":9,"WarpedTongs":3,"Mercury Hourglass":5,"infinitespire:EvilPickle":33,"Busted Crown":0,"infinitespire:Broken Mirror":31,"MutagenicStrength":27,"Simple Rune":37,"REME_HandOfSuture":36,"Garlic":4,"ReplayTheSpireMod:Lightbulb":35,"REME_ComplimentaryCards":0},{"Lantern":6,"Whetstone":9,"Cursed Key":7,"Burning Blood":0,"zeldaRelics:WisdomTriforce":12,"conspire:InfiniteJournal":8,"Frozen Eye":0,"Dream Catcher":5,"TheAbacus":8,"Replay:M_SmolderingBlood":0,"zeldaRelics:CouragePiece":3,"Red Mask":10,"zeldaRelics:PowerPiece":18,"Paper Frog":8,"zeldaRelics:WisdomPiece":11,"ReplayTheSpireMod:Ninjato":11,"ReplayTheSpireMod:CursedCoin":3,"Self Forming Clay":16,"Eternal Feather":3,"conspire:RunicOctahedron":15,"Replay:WaspNest":13,"Replay:Kaleidoscope":0,"infinitespire:Magic Flask":14,"zeldaRelics:CourageTriforce":4,"WarpedTongs":0,"Mercury Hourglass":2,"infinitespire:EvilPickle":15,"Busted Crown":0,"infinitespire:Broken Mirror":14,"MutagenicStrength":11,"Simple Rune":17,"REME_HandOfSuture":16,"Garlic":1,"ReplayTheSpireMod:Lightbulb":16,"REME_ComplimentaryCards":0},{"Lantern":21,"Whetstone":35,"Cursed Key":28,"Burning Blood":0,"zeldaRelics:WisdomTriforce":46,"conspire:InfiniteJournal":32,"Frozen Eye":0,"Dream Catcher":17,"TheAbacus":32,"Replay:M_SmolderingBlood":0,"zeldaRelics:CouragePiece":10,"Red Mask":37,"zeldaRelics:PowerPiece":65,"Paper Frog":32,"zeldaRelics:WisdomPiece":42,"ReplayTheSpireMod:Ninjato":42,"ReplayTheSpireMod:CursedCoin":10,"Self Forming Clay":60,"Eternal Feather":10,"conspire:RunicOctahedron":57,"Replay:WaspNest":51,"Replay:Kaleidoscope":0,"infinitespire:Magic Flask":53,"zeldaRelics:CourageTriforce":14,"WarpedTongs":0,"Mercury Hourglass":7,"infinitespire:EvilPickle":57,"Busted Crown":0,"infinitespire:Broken Mirror":53,"MutagenicStrength":42,"Simple Rune":62,"REME_HandOfSuture":60,"Garlic":5,"ReplayTheSpireMod:Lightbulb":60,"REME_ComplimentaryCards":0}],"WarpedTongs":[70],"Mercury Hourglass":[282]},"card_choices":[{"not_picked":["Replay:BluntJabs","Slice"],"picked":"Deep Breath","floor":0},{"not_picked":["Rage","Jack Of All Trades"],"picked":"Leap","floor":0},{"not_picked":["Uppercut","Dagger Spray"],"picked":"Hologram","floor":0},{"not_picked":["Inflame","Flame Barrier"],"picked":"LikeWater","floor":0},{"not_picked":["Warcry","Accuracy"],"picked":"Protect","floor":0},{"not_picked":["Thunderclap","Forethought"],"picked":"Body Slam","floor":0},{"not_picked":["Go for the Eyes","Loop"],"picked":"Pommel Strike","floor":0},{"not_picked":["Leap","Redo"],"picked":"Sentinel","floor":0},{"not_picked":["Blade Dance","Go for the Eyes"],"picked":"Cloak And Dagger","floor":0},{"not_picked":["Seeing Red","Redo"],"picked":"Glacier","floor":0},{"not_picked":["Self Repair","Replay:ManipulateFuture"],"picked":"SashWhip","floor":0},{"not_picked":["Conserve Battery","Replay:ManipulateFuture"],"picked":"Loop","floor":0},{"not_picked":["Evaluate","Loop"],"picked":"Seeing Red","floor":0},{"not_picked":["conspire:DoublingDagger","Dodge and Roll"],"picked":"Cloak And Dagger","floor":0},{"not_picked":["BattleHymn","Acrobatics"],"picked":"CutThroughFate","floor":0}],"player_experience":1426898,"relics_obtained":[{"floor":4,"key":"Garlic"},{"floor":5,"key":"Mercury Hourglass"},{"floor":6,"key":"zeldaRelics:CouragePiece"},{"floor":8,"key":"zeldaRelics:CouragePiece"},{"floor":9,"key":"zeldaRelics:CouragePiece"},{"floor":10,"key":"Dream Catcher"},{"floor":14,"key":"Lantern"},{"floor":18,"key":"conspire:InfiniteJournal"},{"floor":21,"key":"Whetstone"},{"floor":22,"key":"Red Mask"},{"floor":23,"key":"zeldaRelics:WisdomPiece"},{"floor":26,"key":"zeldaRelics:WisdomPiece"},{"floor":29,"key":"zeldaRelics:WisdomPiece"},{"floor":30,"key":"Replay:WaspNest"},{"floor":31,"key":"infinitespire:Broken Mirror"},{"floor":32,"key":"infinitespire:Magic Flask"},{"floor":35,"key":"ReplayTheSpireMod:Lightbulb"},{"floor":37,"key":"Simple Rune"},{"floor":40,"key":"zeldaRelics:PowerPiece"}],"event_choices":[{"damage_healed":0,"gold_gain":0,"player_choice":"Rummage","damage_taken":0,"relics_obtained":["WarpedTongs"],"max_hp_gain":0,"max_hp_loss":0,"event_name":"Accursed Blacksmith","floor":3,"gold_loss":0,"cards_obtained":["Pain"]},{"damage_healed":0,"gold_gain":0,"player_choice":"Bought 1 Potion","damage_taken":0,"max_hp_gain":0,"max_hp_loss":0,"event_name":"The Woman in Blue","floor":11,"gold_loss":0},{"damage_healed":0,"gold_gain":0,"player_choice":"","damage_taken":6,"max_hp_gain":0,"max_hp_loss":0,"event_name":"Knowing Skull","floor":19,"potions_obtained":[],"gold_loss":0,"cards_obtained":[]},{"damage_healed":0,"gold_gain":0,"player_choice":"Fought Bandits","damage_taken":0,"max_hp_gain":0,"max_hp_loss":0,"event_name":"Masked Bandits","floor":22,"gold_loss":0},{"damage_healed":0,"gold_gain":0,"player_choice":"Inject Mutagens","damage_taken":0,"relics_obtained":["MutagenicStrength"],"max_hp_gain":0,"max_hp_loss":0,"event_name":"Drug Dealer","floor":27,"gold_loss":0},{"damage_healed":0,"gold_gain":0,"player_choice":"Memory 1","damage_taken":0,"max_hp_gain":0,"max_hp_loss":0,"event_name":"SensoryStone","floor":38,"gold_loss":0},{"damage_healed":0,"gold_gain":0,"player_choice":"Copied","damage_taken":0,"max_hp_gain":0,"max_hp_loss":0,"event_name":"Duplicator","floor":39,"gold_loss":0,"cards_obtained":["conspire:Banana"]}],"is_beta":false,"boss_relics":[{"not_picked":["ReplayTheSpireMod:DimensionalGlitch","Replay:Drink Me"],"picked":"Cursed Key"},{"not_picked":["conspire:SpecialSausage","Electric Blood"],"picked":"conspire:RunicOctahedron"}],"items_purged_floors":[],"is_endless":true,"potions_floor_spawned":[5,8,14,16,22,23,29,30,31,35,37],"killed_by":"Giant Head","ascension_level":20}}