{"host":"h0xw20cia6ppa69g","time":1607587812,"event":{"gold_per_floor":[112,132,132,31,51,82,92,118,118,147,11,11,11,11,11,111,111,123,123,133,168,182,214,214,246,270,270,121,121,121],"floor_reached":29,"playtime":1745,"items_purged":["Strike_R"],"score":293,"play_id":"6a35e5af-bb2d-46d2-b04e-406bfae8a81e","local_time":"20201210021012","is_ascension_mode":true,"campfire_choices":[{"data":"Limit Break","floor":12,"key":"SMITH"},{"data":"Demon Form","floor":15,"key":"SMITH"},{"data":"Barricade","floor":24,"key":"SMITH"}],"neow_cost":"PERCENT_DAMAGE","seed_source_timestamp":38927465176800,"circlet_count":0,"master_deck":["Strike_R","Strike_R","Defend_R","Defend_R","Defend_R","Defend_R","Bash","Demon Form+1","Reckless Charge","Thunderclap","True Grit","Headbutt","Shockwave","Dual Wield","Limit Break+1","Disarm+1","True Grit+1","Jack Of All Trades+1","Barricade+1","Burning Pact+1","Power Through+1","Flex+1","Metallicize","Ghostly Armor+1","Exhume+1","Shrug It Off+1","Havoc+1"],"relics":["Burning Blood","Incense Burner","Eternal Feather","Toxic Egg 2","Anchor","Runic Pyramid","Red Mask","Matryoshka","Boot","Happy Flower"],"potions_floor_usage":[8,21,23,25,25,29],"damage_taken":[{"damage":6,"enemies":"Jaw Worm","floor":1,"turns":5},{"damage":7,"enemies":"2 Louse","floor":2,"turns":3},{"damage":7,"enemies":"Small Slimes","floor":5,"turns":6},{"damage":19,"enemies":"Lagavulin","floor":6,"turns":7},{"damage":12,"enemies":"Red Slaver","floor":7,"turns":4},{"damage":19,"enemies":"Gremlin Nob","floor":8,"turns":5},{"damage":19,"enemies":"Lagavulin","floor":10,"turns":7},{"damage":4,"enemies":"The Guardian","floor":16,"turns":7},{"damage":24,"enemies":"2 Thieves","floor":18,"turns":4},{"damage":15,"enemies":"3 Byrds","floor":20,"turns":7},{"damage":20,"enemies":"Masked Bandits","floor":21,"turns":5},{"damage":9,"enemies":"Centurion and Healer","floor":22,"turns":6},{"damage":18,"enemies":"Slavers","floor":23,"turns":13},{"damage":41,"enemies":"Gremlin Leader","floor":25,"turns":8},{"damage":27,"enemies":"Slavers","floor":29,"turns":5}],"seed_played":"2882031735211958040","potions_obtained":[{"floor":1,"key":"BloodPotion"},{"floor":5,"key":"AttackPotion"},{"floor":8,"key":"SpeedPotion"},{"floor":10,"key":"Explosive Potion"},{"floor":20,"key":"Strength Potion"},{"floor":23,"key":"SkillPotion"},{"floor":25,"key":"Regen Potion"}],"is_trial":false,"path_per_floor":["M","M","?","$","M","E","M","E","T","E","$","R","?","?","R","B",null,"M","?","M","?","M","E","R","E","T","?","$","E"],"character_chosen":"IRONCLAD","items_purchased":["True Grit","True Grit+1","Jack Of All Trades+1","Shrug It Off+1","Havoc+1","ElixirPotion"],"campfire_rested":0,"item_purchase_floors":[4,11,11,28,28,28],"current_hp_per_floor":[56,55,60,60,59,46,40,27,27,14,14,26,26,19,28,30,85,67,67,58,44,41,29,41,23,23,7,7,0,0],"gold":121,"neow_bonus":"THREE_RARE_CARDS","is_prod":false,"is_daily":false,"chose_seed":false,"campfire_upgraded":3,"win_rate":0,"timestamp":1607587812,"path_taken":["M","M","?","$","M","E","M","E","T","E","$","R","?","?","R","BOSS","M","?","?","?","M","E","R","E","T","?","?","E"],"build_version":"2020-11-30","purchased_purges":1,"victory":false,"max_hp_per_floor":[80,80,85,85,85,85,85,85,85,85,85,85,85,85,85,85,85,85,85,85,85,85,85,85,85,85,90,90,90,90],"relic_stats":{"Happy Flower":[1],"counters":[15,92],"Eternal Feather":33,"Boot":[5],"obtain_stats":[{"Anchor":10,"Matryoshka":23,"Happy Flower":26,"Eternal Feather":8,"Incense Burner":6,"Red Mask":21,"Toxic Egg 2":9,"Boot":25,"Burning Blood":0,"Runic Pyramid":17},{"Anchor":7,"Matryoshka":13,"Happy Flower":14,"Eternal Feather":6,"Incense Burner":4,"Red Mask":11,"Toxic Egg 2":6,"Boot":14,"Burning Blood":0,"Runic Pyramid":8},{"Anchor":37,"Matryoshka":79,"Happy Flower":87,"Eternal Feather":30,"Incense Burner":21,"Red Mask":60,"Toxic Egg 2":30,"Boot":87,"Burning Blood":0,"Runic Pyramid":44}],"Burning Blood":84},"card_choices":[{"not_picked":["Brutality","Barricade"],"picked":"Demon Form","floor":0},{"not_picked":["Iron Wave","Shrug It Off"],"picked":"Reckless Charge","floor":1},{"not_picked":["Inflame","Perfected Strike"],"picked":"Thunderclap","floor":2},{"not_picked":["Barricade","Heavy Blade"],"picked":"Headbutt","floor":5},{"not_picked":["Sever Soul","Headbutt"],"picked":"Shockwave","floor":6},{"not_picked":["Blood for Blood","Armaments"],"picked":"Dual Wield","floor":7},{"not_picked":["Cleave","Hemokinesis"],"picked":"Limit Break","floor":8},{"not_picked":["Infernal Blade+1","Dropkick"],"picked":"Disarm+1","floor":10},{"not_picked":["Bludgeon","Demon Form"],"picked":"Barricade","floor":16},{"not_picked":["Thunderclap","Searing Blow"],"picked":"Burning Pact+1","floor":18},{"not_picked":["Carnage+1","True Grit+1"],"picked":"Flex+1","floor":20},{"not_picked":["Flex+1","Warcry+1"],"picked":"Metallicize","floor":21},{"not_picked":["Brutality","Evolve+1","Perfected Strike"],"picked":"SKIP","floor":22},{"not_picked":["Sever Soul","Twin Strike"],"picked":"Ghostly Armor+1","floor":23},{"not_picked":["Pommel Strike","Iron Wave"],"picked":"Exhume+1","floor":25}],"player_experience":3469905,"relics_obtained":[{"floor":6,"key":"Incense Burner"},{"floor":8,"key":"Eternal Feather"},{"floor":9,"key":"Toxic Egg 2"},{"floor":10,"key":"Anchor"},{"floor":21,"key":"Red Mask"},{"floor":23,"key":"Matryoshka"},{"floor":25,"key":"Boot"},{"floor":26,"key":"Happy Flower"}],"event_choices":[{"damage_healed":0,"gold_gain":0,"player_choice":"Donut","damage_taken":0,"max_hp_gain":5,"max_hp_loss":0,"event_name":"Big Fish","floor":3,"gold_loss":0},{"damage_healed":0,"gold_gain":0,"player_choice":"Ignored","damage_taken":0,"max_hp_gain":0,"max_hp_loss":0,"event_name":"Liars Game","floor":13,"gold_loss":0},{"cards_removed":["Strike_R"],"damage_healed":0,"gold_gain":0,"player_choice":"Card Removal","damage_taken":7,"max_hp_gain":0,"max_hp_loss":0,"event_name":"Golden Wing","floor":14,"gold_loss":0},{"damage_healed":0,"gold_gain":0,"cards_transformed":["Strike_R"],"player_choice":"Transformed","damage_taken":0,"max_hp_gain":0,"max_hp_loss":0,"event_name":"Transmorgrifier","floor":19,"gold_loss":0,"cards_obtained":["Power Through"]},{"damage_healed":0,"gold_gain":0,"player_choice":"Fought Bandits","damage_taken":0,"max_hp_gain":0,"max_hp_loss":0,"event_name":"Masked Bandits","floor":21,"gold_loss":0},{"damage_healed":0,"gold_gain":0,"player_choice":"Shed Blood","damage_taken":21,"max_hp_gain":5,"max_hp_loss":0,"event_name":"Forgotten Altar","floor":27,"gold_loss":0}],"is_beta":false,"boss_relics":[{"not_picked":["Cursed Key","SacredBark"],"picked":"Runic Pyramid"}],"items_purged_floors":[4],"is_endless":false,"potions_floor_spawned":[1,5,8,10,20,23,25],"killed_by":"Slavers","ascension_level":1}}