{"host":"mike","time":1607618921,"event":{"mods":["BaseMod","Highlight Path","Minty Spire (QoL Compilation)","StSLib","AchievementEnabler","Random Character Button","Relic Stats","Hermit","2.2 Compatiblity","Jorbs\u0027s Wanderer Trilogy","The Cursed","Dio Mod","The Bladedancer"],"gold_per_floor":[113,123,138,155,173,173,199,211,235,286,300,332,332,350,350,350,350],"floor_reached":16,"playtime":1017,"items_purged":[],"score":141,"play_id":"04a14ab6-45d6-4680-a3c9-bd890fe5731f","local_time":"20201210114841","is_ascension_mode":false,"campfire_choices":[{"data":"dioMod:SevenPageMuda","floor":6,"key":"SMITH"},{"data":"dioMod:ZaWarudo","floor":13,"key":"SMITH"},{"data":"dioMod:KonoDioDa","floor":15,"key":"SMITH"}],"circlet_count":0,"master_deck":["dioMod:Strike","dioMod:Strike","Bite","dioMod:Defend","dioMod:Defend","dioMod:Defend","dioMod:Defend","dioMod:GoodbyeJojo+1","dioMod:SevenPageMuda+1","dioMod:BloodTransfusion","dioMod:DominatingPresence","dioMod:MudaMudaMuda","dioMod:DaggerToss","dioMod:Muda","dioMod:KonoDioDa+1","dioMod:ComboFever+1","dioMod:HeavyLifting","dioMod:ZaWarudo+1","dioMod:BloodSplash"],"relics":["dioMod:VampireBlood","Sundial","Happy Flower","Tiny Chest","War Paint"],"acts_visited":["Exordium"],"potions_floor_usage":[],"damage_taken":[{"damage":0,"enemies":"Cultist","floor":1,"turns":2},{"damage":8,"enemies":"Jaw Worm","floor":2,"turns":3},{"damage":7,"enemies":"Small Slimes","floor":3,"turns":2},{"damage":20,"enemies":"Exordium Thugs","floor":4,"turns":4},{"damage":14,"enemies":"Blue Slaver","floor":5,"turns":3},{"damage":0,"enemies":"Gremlin Nob","floor":7,"turns":2},{"damage":25,"enemies":"Gremlin Gang","floor":8,"turns":4},{"damage":11,"enemies":"Large Slime","floor":11,"turns":3},{"damage":15,"enemies":"3 Sentries","floor":12,"turns":8},{"damage":1,"enemies":"Exordium Thugs","floor":14,"turns":4},{"damage":72,"enemies":"Hexaghost","floor":16,"turns":13}],"seed_played":"-8811279993878713911","potions_obtained":[{"floor":1,"key":"Swift Potion"},{"floor":5,"key":"AttackPotion"},{"floor":7,"key":"AttackPotion"}],"is_trial":false,"path_per_floor":["M","M","M","M","M","R","E","M","T","T","M","E","R","M","R","B"],"character_chosen":"THE_DEFAULT","items_purchased":[],"campfire_rested":0,"item_purchase_floors":[],"current_hp_per_floor":[68,68,68,63,64,64,67,68,68,68,63,68,68,68,68,0,0],"gold":350,"neow_bonus":"TRANSFORM_TWO_CARDS","is_daily":false,"chose_seed":false,"campfire_upgraded":3,"win_rate":0.0,"timestamp":1607618921,"path_taken":["M","M","?","M","M","R","E","M","T","?","M","E","R","M","R","BOSS"],"build_version":"2020-12-07","purchased_purges":0,"victory":false,"max_hp_per_floor":[68,68,68,68,68,68,68,68,68,68,68,68,68,68,68,68,68],"relic_stats":{"Happy Flower":[9],"counters":[11,48],"Sundial":[4],"Tiny Chest":0,"War Paint":["dioMod:ComboFever","dioMod:GoodbyeJojo"],"obtain_stats":[{"Happy Flower":9,"dioMod:VampireBlood":0,"Sundial":7,"Tiny Chest":10,"War Paint":12},{"Happy Flower":7,"dioMod:VampireBlood":0,"Sundial":6,"Tiny Chest":7,"War Paint":9},{"Happy Flower":20,"dioMod:VampireBlood":0,"Sundial":16,"Tiny Chest":20,"War Paint":31}]},"card_choices":[{"not_picked":["dioMod:FlyAway","dioMod:Roundabout"],"picked":"dioMod:BloodTransfusion","floor":1},{"not_picked":["dioMod:Minions","dioMod:Donut"],"picked":"dioMod:DominatingPresence","floor":2},{"not_picked":["dioMod:VengefulMuda","dioMod:HeavyLifting"],"picked":"dioMod:MudaMudaMuda","floor":3},{"not_picked":["dioMod:TripleThreat","dioMod:BlendIn"],"picked":"dioMod:DaggerToss","floor":4},{"not_picked":["dioMod:VengefulMuda","dioMod:SadisticLaugh"],"picked":"dioMod:Muda","floor":5},{"not_picked":["dioMod:HeavyLifting","dioMod:Minions"],"picked":"dioMod:KonoDioDa","floor":7},{"not_picked":["dioMod:DaggerSpree","dioMod:BloodSplash"],"picked":"dioMod:ComboFever","floor":8},{"not_picked":["dioMod:SecretPlan","dioMod:VengefulMuda"],"picked":"dioMod:HeavyLifting","floor":11},{"not_picked":["dioMod:BlendIn","dioMod:FlyAway"],"picked":"dioMod:ZaWarudo","floor":12},{"not_picked":["dioMod:DominatingPresence","dioMod:VengefulMuda"],"picked":"dioMod:BloodSplash","floor":14}],"player_experience":266530,"relics_obtained":[{"floor":7,"key":"Sundial"},{"floor":9,"key":"Happy Flower"},{"floor":10,"key":"Tiny Chest"},{"floor":12,"key":"War Paint"}],"event_choices":[],"is_beta":true,"boss_relics":[],"items_purged_floors":[],"is_endless":false,"potions_floor_spawned":[1,5,7,8],"killed_by":"Hexaghost","ascension_level":0}}