{"host":"ixl9a8gzl87gveif","time":1607559535,"event":{"gold_per_floor":[109,126,138,138,150,176,176,187,187,33,33,47,78,78,78,175,175,187,199,199,215,140,172,172,199,279,279,279],"floor_reached":27,"playtime":840,"items_purged":["Regret"],"score":368,"play_id":"197d9d59-1881-4a1f-acc8-cc6e75b55ddc","local_time":"20201210001855","is_ascension_mode":true,"campfire_choices":[{"data":"Armaments","floor":7,"key":"SMITH"},{"data":"Metallicize","floor":11,"key":"SMITH"},{"data":"Bash","floor":15,"key":"SMITH"},{"data":"Metallicize","floor":24,"key":"SMITH"}],"neow_cost":"NONE","seed_source_timestamp":372588465944400,"circlet_count":0,"master_deck":["Strike_R","Strike_R","Strike_R","Strike_R","Defend_R","Defend_R+1","Defend_R+1","Defend_R","Bash+1","Fiend Fire","Clash","Immolate","Headbutt","Armaments+1","Metallicize+1","Flex","Bludgeon","Hemokinesis+1","Shrug It Off","Havoc+1","Metallicize+1","Blood for Blood+1"],"relics":["Burning Blood","Centennial Puzzle","Orichalcum","War Paint","Matryoshka","Black Star","Darkstone Periapt","Prayer Wheel","Gremlin Horn","Molten Egg 2","Dream Catcher","Paper Frog"],"potions_floor_usage":[6,19,25,25],"damage_taken":[{"damage":0,"enemies":"Small Slimes","floor":1,"turns":3},{"damage":9,"enemies":"Jaw Worm","floor":2,"turns":3},{"damage":0,"enemies":"Cultist","floor":3,"turns":2},{"damage":0,"enemies":"3 Louse","floor":5,"turns":1},{"damage":17,"enemies":"Lagavulin","floor":6,"turns":5},{"damage":24,"enemies":"Exordium Thugs","floor":8,"turns":5},{"damage":0,"enemies":"Large Slime","floor":12,"turns":3},{"damage":5,"enemies":"3 Sentries","floor":13,"turns":5},{"damage":20,"enemies":"The Guardian","floor":16,"turns":13},{"damage":15,"enemies":"Shell Parasite","floor":18,"turns":3},{"damage":11,"enemies":"3 Byrds","floor":19,"turns":6},{"damage":30,"enemies":"Snake Plant","floor":21,"turns":5},{"damage":23,"enemies":"Book of Stabbing","floor":23,"turns":3},{"damage":24,"enemies":"Slavers","floor":25,"turns":4},{"damage":28,"enemies":"Shelled Parasite and Fungi","floor":27,"turns":3}],"seed_played":"6120107946655348216","potions_obtained":[{"floor":2,"key":"AttackPotion"},{"floor":6,"key":"FairyPotion"},{"floor":16,"key":"Explosive Potion"},{"floor":19,"key":"Explosive Potion"},{"floor":23,"key":"ColorlessPotion"}],"is_trial":false,"path_per_floor":["M","M","M","?","M","E","R","M","T","$","R","M","E","?","R","B",null,"M","M","?","M","?","E","R","E","T","M"],"character_chosen":"IRONCLAD","items_purchased":["Metallicize"],"campfire_rested":0,"item_purchase_floors":[10],"current_hp_per_floor":[78,75,80,80,80,69,69,51,51,51,51,57,58,58,58,44,71,62,57,57,33,33,16,16,28,28,0,0],"gold":279,"neow_bonus":"ONE_RANDOM_RARE_CARD","is_prod":false,"is_daily":false,"chose_seed":false,"campfire_upgraded":4,"win_rate":0,"timestamp":1607559535,"path_taken":["M","M","M","?","M","E","R","M","T","$","R","M","E","?","R","BOSS","M","M","?","M","?","E","R","E","T","M"],"build_version":"2020-11-30","purchased_purges":1,"victory":false,"max_hp_per_floor":[80,80,80,80,80,80,80,80,80,80,80,80,80,80,80,80,80,80,80,80,80,80,80,80,80,80,80,80],"relic_stats":{"Darkstone Periapt":0,"Centennial Puzzle":[30],"Dream Catcher":0,"Gremlin Horn":[0,0],"counters":[15,64],"Prayer Wheel":0,"Black Star":2,"Orichalcum":[114],"War Paint":["Defend_R","Defend_R"],"obtain_stats":[{"Darkstone Periapt":23,"Centennial Puzzle":4,"Dream Catcher":26,"Matryoshka":13,"Gremlin Horn":25,"Prayer Wheel":23,"Molten Egg 2":25,"Black Star":17,"Orichalcum":6,"War Paint":9,"Burning Blood":0,"Paper Frog":26},{"Darkstone Periapt":13,"Centennial Puzzle":3,"Dream Catcher":14,"Matryoshka":8,"Gremlin Horn":14,"Prayer Wheel":13,"Molten Egg 2":14,"Black Star":9,"Orichalcum":5,"War Paint":6,"Burning Blood":0,"Paper Frog":14},{"Darkstone Periapt":57,"Centennial Puzzle":8,"Dream Catcher":61,"Matryoshka":27,"Gremlin Horn":61,"Prayer Wheel":57,"Molten Egg 2":61,"Black Star":40,"Orichalcum":14,"War Paint":19,"Burning Blood":0,"Paper Frog":61}],"Burning Blood":77},"card_choices":[{"not_picked":["Body Slam","Entrench"],"picked":"Clash","floor":1},{"not_picked":["Shrug It Off","Perfected Strike"],"picked":"Immolate","floor":2},{"not_picked":["Carnage","Heavy Blade"],"picked":"Headbutt","floor":3},{"not_picked":["Headbutt","Cleave","Wild Strike"],"picked":"SKIP","floor":5},{"not_picked":["Ghostly Armor","Flex"],"picked":"Armaments","floor":6},{"not_picked":["Fire Breathing","Sword Boomerang","Berserk"],"picked":"SKIP","floor":8},{"not_picked":["Sword Boomerang","Heavy Blade"],"picked":"Flex","floor":12},{"not_picked":["Armaments","Wild Strike","Heavy Blade"],"picked":"SKIP","floor":13},{"not_picked":["Demon Form","Impervious"],"picked":"Bludgeon","floor":16},{"not_picked":["Pommel Strike","Dark Embrace"],"picked":"Hemokinesis+1","floor":18},{"not_picked":["Hemokinesis","Seeing Red"],"picked":"Shrug It Off","floor":19},{"not_picked":["Iron Wave","Searing Blow"],"picked":"Havoc+1","floor":21},{"not_picked":["Rupture","Carnage+1"],"picked":"Metallicize","floor":23},{"not_picked":["True Grit+1","Wild Strike+1"],"picked":"Blood for Blood+1","floor":25}],"player_experience":341518,"relics_obtained":[{"floor":6,"key":"Orichalcum"},{"floor":9,"key":"War Paint"},{"floor":13,"key":"Matryoshka"},{"floor":23,"key":"Darkstone Periapt"},{"floor":23,"key":"Prayer Wheel"},{"floor":25,"key":"Gremlin Horn"},{"floor":25,"key":"Molten Egg 2"},{"floor":26,"key":"Dream Catcher"},{"floor":26,"key":"Paper Frog"}],"event_choices":[{"damage_healed":0,"gold_gain":0,"player_choice":"Box","damage_taken":0,"relics_obtained":["Centennial Puzzle"],"max_hp_gain":0,"max_hp_loss":0,"event_name":"Big Fish","floor":4,"gold_loss":0,"cards_obtained":["Regret"]},{"damage_healed":0,"gold_gain":0,"player_choice":"Ignored","damage_taken":0,"max_hp_gain":0,"max_hp_loss":0,"event_name":"Liars Game","floor":14,"gold_loss":0},{"damage_healed":0,"gold_gain":0,"player_choice":"Ignored","damage_taken":0,"max_hp_gain":0,"max_hp_loss":0,"event_name":"betterNote:BetterNote","floor":20,"gold_loss":0,"cards_obtained":["A Thousand Cuts"]},{"cards_removed":["Strike_R"],"damage_healed":0,"gold_gain":0,"player_choice":"Gave Gold","damage_taken":0,"max_hp_gain":0,"max_hp_loss":0,"event_name":"Beggar","floor":22,"gold_loss":75}],"is_beta":false,"boss_relics":[{"not_picked":["Pandora\u0027s Box","Black Blood"],"picked":"Black Star"}],"items_purged_floors":[10],"is_endless":false,"potions_floor_spawned":[2,6,16,19,23],"killed_by":"Shelled Parasite and Fungi","ascension_level":8}}