{"host":"6jcxerjfmuawfds2","time":1607604015,"event":{"gold_per_floor":[111,111,111,186,186,186,222,222,274,286,1,176,220,239,239,369,369,392,283,298,213,16,16,34,34,34,34,57,57,7,7,7],"floor_reached":31,"playtime":760,"items_purged":[],"score":301,"play_id":"7e5999f3-1626-4001-b14b-32919b7247eb","local_time":"20201210214015","is_ascension_mode":true,"campfire_choices":[{"floor":6,"key":"REST"},{"data":"Gash","floor":8,"key":"SMITH"},{"floor":10,"key":"REST"},{"data":"Seek","floor":15,"key":"SMITH"},{"floor":23,"key":"REST"},{"floor":25,"key":"REST"},{"data":"Loop","floor":27,"key":"SMITH"}],"neow_cost":"NONE","seed_source_timestamp":40896522781400,"circlet_count":0,"master_deck":["Strike_B","Strike_B","Strike_B","Defend_B+1","Defend_B","Defend_B","Defend_B","Zap","Dualcast+1","Gash+1","Doubt","Seek+1","Self Repair","Echo Form","Loop+1","Coolheaded+1","Gash"],"relics":["Cracked Core","NeowsBlessing","Golden Idol","WingedGreaves","MawBank","Vajra","Strawberry","Lizard Tail","Nuclear Battery","Incense Burner","Lantern","Orichalcum","Bottled Tornado"],"potions_floor_usage":[16,24,31],"damage_taken":[{"damage":0,"enemies":"Jaw Worm","floor":1,"turns":1},{"damage":0,"enemies":"Gremlin Nob","floor":7,"turns":1},{"damage":0,"enemies":"Lagavulin","floor":13,"turns":2},{"damage":0,"enemies":"Small Slimes","floor":14,"turns":2},{"damage":103,"enemies":"Slime Boss","floor":16,"turns":14},{"damage":37,"enemies":"3 Byrds","floor":18,"turns":6},{"damage":27,"enemies":"Shell Parasite","floor":20,"turns":7},{"damage":51,"enemies":"Centurion and Healer","floor":24,"turns":11},{"damage":24,"enemies":"Snake Plant","floor":28,"turns":5},{"damage":40,"enemies":"Chosen and Byrds","floor":31,"turns":4}],"seed_played":"-6804321195795517148","potions_obtained":[{"floor":1,"key":"BlessingOfTheForge"},{"floor":24,"key":"SteroidPotion"},{"floor":28,"key":"DistilledChaos"}],"is_trial":false,"path_per_floor":["M","?","?","?","?","R","E","R","T","R","$","?","E","M","R","B",null,"M","?","M","?","$","R","M","R","T","R","M","?","$","M"],"character_chosen":"DEFECT","items_purchased":["Vajra","Strawberry","Orichalcum","ColorlessPotion","Gash"],"campfire_rested":4,"item_purchase_floors":[11,11,22,22,30],"current_hp_per_floor":[75,57,50,39,24,46,46,46,46,68,75,75,75,75,75,27,82,52,52,32,32,32,56,12,36,36,36,19,19,19,0,0],"gold":7,"neow_bonus":"THREE_ENEMY_KILL","is_prod":false,"is_daily":false,"chose_seed":false,"campfire_upgraded":3,"win_rate":0,"timestamp":1607604015,"path_taken":["M","?","?","?","?","R","E","R","T","R","$","?","E","M","R","BOSS","M","?","?","?","$","R","M","R","T","R","M","?","$","?"],"build_version":"2020-11-30","purchased_purges":0,"victory":false,"max_hp_per_floor":[75,75,75,75,75,75,75,75,75,75,82,82,82,82,82,82,82,82,82,82,82,82,82,82,82,82,82,82,82,82,82,82],"card_choices":[{"not_picked":["Sunder","Stack","Barrage"],"picked":"SKIP","floor":1},{"not_picked":["Rip and Tear","Coolheaded"],"picked":"Gash","floor":7},{"not_picked":["Defragment","Cold Snap"],"picked":"Seek","floor":13},{"not_picked":["Redo","Leap"],"picked":"Self Repair","floor":14},{"not_picked":["Biased Cognition","Reboot"],"picked":"Echo Form","floor":16},{"not_picked":["Coolheaded","Hello World","Reprogram"],"picked":"SKIP","floor":18},{"not_picked":["Static Discharge","Stack"],"picked":"Loop","floor":20},{"not_picked":["Hologram","Ball Lightning","Rebound"],"picked":"SKIP","floor":24},{"not_picked":["Capacitor+1","Undo"],"picked":"Coolheaded","floor":28}],"player_experience":117714,"relics_obtained":[{"floor":7,"key":"WingedGreaves"},{"floor":9,"key":"MawBank"},{"floor":13,"key":"Lizard Tail"},{"floor":26,"key":"Bottled Tornado"}],"event_choices":[{"damage_healed":0,"gold_gain":0,"player_choice":"Take Damage","damage_taken":18,"relics_obtained":["Golden Idol"],"max_hp_gain":0,"max_hp_loss":0,"event_name":"Golden Idol","floor":2,"gold_loss":0},{"cards_removed":["Strike_B"],"damage_healed":0,"gold_gain":0,"player_choice":"Card Removal","damage_taken":7,"max_hp_gain":0,"max_hp_loss":0,"event_name":"Golden Wing","floor":3,"gold_loss":0},{"damage_healed":0,"gold_gain":75,"player_choice":"Gather Gold","damage_taken":11,"max_hp_gain":0,"max_hp_loss":0,"event_name":"World of Goop","floor":4,"gold_loss":0},{"damage_healed":0,"gold_gain":0,"player_choice":"Entered Light","damage_taken":15,"max_hp_gain":0,"max_hp_loss":0,"event_name":"Shining Light","floor":5,"gold_loss":0,"cards_upgraded":["Dualcast","Defend_B"]},{"damage_healed":0,"gold_gain":175,"player_choice":"AGREE","damage_taken":0,"max_hp_gain":0,"max_hp_loss":0,"event_name":"Liars Game","floor":12,"gold_loss":0,"cards_obtained":["Doubt"]},{"damage_healed":0,"gold_gain":0,"player_choice":"Paid Gold","damage_taken":0,"relics_obtained":["Incense Burner"],"max_hp_gain":0,"max_hp_loss":0,"event_name":"WeMeetAgain","floor":19,"gold_loss":109},{"damage_healed":0,"gold_gain":0,"player_choice":"Obtained Relic","damage_taken":0,"relics_obtained":["Lantern"],"max_hp_gain":0,"max_hp_loss":0,"event_name":"Addict","floor":21,"gold_loss":85},{"damage_healed":0,"gold_gain":0,"player_choice":"Forge","damage_taken":0,"max_hp_gain":0,"max_hp_loss":0,"event_name":"Accursed Blacksmith","floor":29,"gold_loss":0,"cards_upgraded":["Coolheaded"]}],"is_beta":false,"boss_relics":[{"not_picked":["Tiny House","Astrolabe"],"picked":"Nuclear Battery"}],"items_purged_floors":[],"is_endless":false,"potions_floor_spawned":[1,24,28],"killed_by":"Chosen and Byrds","ascension_level":1}}