{"host":"q0qnzbgdx8oqogg9","time":1607639461,"event":{"mods":["BaseMod","Minty Spire (QoL Compilation)","StSLib","Slay-I"],"gold_per_floor":[118,132,146,162,178,178,178,211,211,271,271,289,320,6,6,101,101,101,41,41,41,41,41,41,41,41],"floor_reached":25,"playtime":924,"items_purged":["Doubt"],"score":317,"play_id":"cbd4b5b3-24a0-417f-bcc6-7ed4a285a350","local_time":"20201210173101","is_ascension_mode":true,"campfire_choices":[{"data":"Dagger Spray","floor":6.0,"key":"SMITH"},{"floor":11.0,"key":"REST"},{"data":"Skewer","floor":15.0,"key":"SMITH"},{"data":"Crippling Poison","floor":23,"key":"SMITH"}],"circlet_count":0,"master_deck":["Strike_G","Strike_G","Strike_G","Strike_G","Defend_G","Defend_G","Defend_G+1","Defend_G","Defend_G+1","Survivor","Neutralize","Poisoned Stab","Calculated Gamble","Backstab","Dagger Spray+1","Adrenaline","Footwork","Skewer+1","Sucker Punch+1","Wraith Form v2","Noxious Fumes","Dagger Throw+1","Crippling Poison+1"],"special_seed":0,"relics":["Cursed Key","Oddly Smooth Stone","Nunchaku","War Paint","Molten Egg 2","Pantograph","Ectoplasm","Omamori"],"acts_visited":["Exordium","TheCity"],"potions_floor_usage":[19],"damage_taken":[{"damage":4.0,"enemies":"Small Slimes","floor":1.0,"turns":5.0},{"damage":0.0,"enemies":"Jaw Worm","floor":2.0,"turns":4.0},{"damage":1.0,"enemies":"2 Louse","floor":3.0,"turns":3.0},{"damage":5.0,"enemies":"Red Slaver","floor":4.0,"turns":3.0},{"damage":7.0,"enemies":"Exordium Thugs","floor":5.0,"turns":5.0},{"damage":15.0,"enemies":"Lagavulin","floor":8.0,"turns":6.0},{"damage":17.0,"enemies":"Lagavulin Event","floor":10.0,"turns":6.0},{"damage":0.0,"enemies":"Gremlin Gang","floor":12.0,"turns":1.0},{"damage":11.0,"enemies":"Gremlin Nob","floor":13.0,"turns":4.0},{"damage":52.0,"enemies":"Slime Boss","floor":16.0,"turns":10.0},{"damage":3,"enemies":"Chosen","floor":18,"turns":2},{"damage":4,"enemies":"2 Thieves","floor":19,"turns":3},{"damage":24,"enemies":"Cultist and Chosen","floor":21,"turns":8},{"damage":7,"enemies":"Sentry and Sphere","floor":22,"turns":4},{"damage":7,"enemies":"Slavers","floor":24,"turns":5},{"damage":10,"enemies":"Centurion and Healer","floor":25,"turns":1}],"seed_played":"-640909277835210476","potions_obtained":[{"floor":4.0,"key":"Regen Potion"},{"floor":5.0,"key":"Strength Potion"},{"floor":8.0,"key":"Explosive Potion"},{"floor":12.0,"key":"Swift Potion"},{"floor":16.0,"key":"Block Potion"},{"floor":21,"key":"BlessingOfTheForge"}],"is_trial":false,"path_per_floor":["M","M","M","M","M","R","?","E","T","?","R","M","E","$","R","B",null,"M","M","?","M","M","R","E","M"],"character_chosen":"THE_SILENT","items_purchased":["Pantograph"],"campfire_rested":1,"item_purchase_floors":[14],"current_hp_per_floor":[59,59,58,53,46,46,39,24,24,21,42,42,31,31,31,4,54,51,47,47,23,16,16,9,0,0],"gold":41,"neow_bonus":"BOSS_RELIC","is_daily":false,"chose_seed":false,"campfire_upgraded":3,"win_rate":0,"timestamp":1607639461,"path_taken":["M","M","M","M","M","R","?","E","T","?","R","M","E","?","R","BOSS","M","M","?","M","M","R","E","?"],"build_version":"2020-11-30","purchased_purges":1,"victory":false,"max_hp_per_floor":[70,70,70,70,70,70,70,70,70,70,70,70,70,70,70,70,70,70,70,70,70,70,70,70,70,70],"card_choices":[{"not_picked":["PiercingWail","Slice"],"picked":"Poisoned Stab","floor":1.0},{"not_picked":["Accuracy","Setup"],"picked":"Calculated Gamble","floor":2.0},{"not_picked":["Well Laid Plans","Cloak And Dagger"],"picked":"Backstab","floor":3.0},{"not_picked":["Accuracy","Poisoned Stab"],"picked":"Dagger Spray","floor":4.0},{"not_picked":["Deadly Poison","Predator"],"picked":"Adrenaline","floor":5.0},{"not_picked":["Flying Knee","Bane","Terror"],"picked":"SKIP","floor":8.0},{"not_picked":["Sucker Punch","Quick Slash"],"picked":"Footwork","floor":10.0},{"not_picked":["Dagger Spray","Wraith Form v2"],"picked":"Skewer","floor":12.0},{"not_picked":["Dagger Spray+1","Acrobatics"],"picked":"Sucker Punch+1","floor":13.0},{"not_picked":["Storm of Steel","Venomology"],"picked":"Wraith Form v2","floor":16.0},{"not_picked":["Acrobatics","Bane+1","Backstab+1"],"picked":"SKIP","floor":18},{"not_picked":["Concentrate","Deadly Poison"],"picked":"Noxious Fumes","floor":19},{"not_picked":["Sucker Punch+1","Blade Dance"],"picked":"Dagger Throw+1","floor":21},{"not_picked":["Blade Dance+1","Dagger Spray+1"],"picked":"Crippling Poison","floor":22},{"not_picked":["Reflex+1","Setup","Wraith Form v2"],"picked":"SKIP","floor":24}],"player_experience":177038,"relics_obtained":[{"floor":8.0,"key":"Oddly Smooth Stone"},{"floor":9.0,"key":"Nunchaku"},{"floor":10.0,"key":"War Paint"},{"floor":13.0,"key":"Molten Egg 2"},{"floor":24,"key":"Omamori"}],"event_choices":[{"cards_removed":["Strike_G"],"damage_healed":0.0,"max_hp_gain":0.0,"max_hp_loss":0.0,"gold_gain":0.0,"event_name":"Golden Wing","player_choice":"Card Removal","floor":7.0,"gold_loss":0.0,"damage_taken":7.0},{"damage_healed":0.0,"max_hp_gain":0.0,"max_hp_loss":0.0,"gold_gain":0.0,"event_name":"Dead Adventurer","player_choice":"Searched \u00272\u0027 times","floor":10.0,"gold_loss":0.0,"damage_taken":0.0},{"damage_healed":0,"gold_gain":100,"player_choice":"Pray","damage_taken":0,"max_hp_gain":0,"max_hp_loss":0,"event_name":"Golden Shrine","floor":20,"gold_loss":0}],"is_beta":false,"boss_relics":[{"not_picked":["Philosopher\u0027s Stone","WristBlade"],"picked":"Ectoplasm"}],"items_purged_floors":[14],"is_endless":false,"potions_floor_spawned":[4,5,8,12,16,21],"killed_by":"Centurion and Healer","ascension_level":7}}