{"host":"1bmpebsu0h6jmm2g","time":1607607952,"event":{"mods":["BaseMod","StSLib","SuperFastMode","Quick Restart","DeckTracker","Relic Stats","Keyboard Shortcuts","Slay the Relics Exporter","Highlight Path","Minty Spire (QoL Compilation)","Permanent Neow","Random Character Button","Colored Map"],"gold_per_floor":[114,264,147,147,162,188,208,208,208,208,208],"floor_reached":10,"playtime":174,"items_purged":["Doubt"],"score":132,"play_id":"a3bf50c9-bfb2-48eb-8c04-593588c5359d","local_time":"20201210224552","is_ascension_mode":true,"campfire_choices":[{"data":"Fire Breathing","floor":8,"key":"SMITH"}],"circlet_count":0,"master_deck":["AscendersBane","Strike_R","Strike_R","Strike_R","Strike_R","Defend_R","Defend_R","Defend_R","Defend_R","Bash","Feed","Evolve","Wild Strike","Fire Breathing+1"],"special_seed":0,"relics":["Burning Blood","Bottled Tornado","InkBottle"],"acts_visited":[],"potions_floor_usage":[],"damage_taken":[{"damage":10,"enemies":"Small Slimes","floor":1,"turns":3},{"damage":5,"enemies":"2 Louse","floor":5,"turns":4},{"damage":50,"enemies":"3 Sentries","floor":6,"turns":11},{"damage":2,"enemies":"Cultist","floor":7,"turns":4},{"damage":31,"enemies":"Gremlin Nob","floor":10,"turns":3}],"seed_played":"6796293456585857451","potions_obtained":[{"floor":6,"key":"Energy Potion"}],"is_trial":false,"path_per_floor":["M","?","$","?","M","E","M","R","T","E"],"character_chosen":"IRONCLAD","items_purchased":["Evolve"],"campfire_rested":0,"item_purchase_floors":[3],"current_hp_per_floor":[67,67,67,60,64,23,30,30,30,0,0],"gold":208,"neow_bonus":"THREE_RARE_CARDS","is_daily":false,"chose_seed":false,"campfire_upgraded":1,"win_rate":0,"timestamp":1607607952,"path_taken":["M","?","$","?","M","E","M","R","T","E"],"build_version":"2020-11-30","purchased_purges":1,"victory":false,"max_hp_per_floor":[71,71,71,71,74,77,80,80,80,80,80],"relic_stats":{"counters":[5,25],"obtain_stats":[{"Bottled Tornado":6,"Burning Blood":0,"InkBottle":9},{"Bottled Tornado":3,"Burning Blood":0,"InkBottle":4},{"Bottled Tornado":18,"Burning Blood":0,"InkBottle":22}],"Burning Blood":24,"InkBottle":[0]},"card_choices":[{"not_picked":["Limit Break","Barricade"],"picked":"Feed","floor":0},{"not_picked":["Heavy Blade","Sever Soul","Headbutt"],"picked":"SKIP","floor":1},{"not_picked":["Perfected Strike","Clothesline"],"picked":"Wild Strike","floor":5},{"not_picked":["Heavy Blade","Anger","Evolve"],"picked":"SKIP","floor":6},{"not_picked":["Shrug It Off","Rampage"],"picked":"Fire Breathing","floor":7}],"player_experience":472540,"relics_obtained":[{"floor":6,"key":"Bottled Tornado"},{"floor":9,"key":"InkBottle"}],"event_choices":[{"damage_healed":0,"gold_gain":150,"player_choice":"AGREE","damage_taken":0,"max_hp_gain":0,"max_hp_loss":0,"event_name":"Liars Game","floor":2,"gold_loss":0,"cards_obtained":["Doubt"]},{"cards_removed":["Strike_R"],"damage_healed":0,"gold_gain":0,"player_choice":"Card Removal","damage_taken":7,"max_hp_gain":0,"max_hp_loss":0,"event_name":"Golden Wing","floor":4,"gold_loss":0}],"is_beta":false,"boss_relics":[],"items_purged_floors":[3],"is_endless":false,"potions_floor_spawned":[6],"killed_by":"Gremlin Nob","ascension_level":20}}