{"host":"uv231blk40vjdojr","time":1607627534,"event":{"mods":["BaseMod","Minty Spire (QoL Compilation)","Relic Stats"],"gold_per_floor":[417,427,427,437,5,5,33,43,66,66,76,107,107,107,107,183,183,198,20,70,86,86,121,121,138,187,187,187],"floor_reached":27,"playtime":1112,"items_purged":["Pain"],"score":434,"play_id":"7cfa20f1-50c7-4095-9812-47517bac2394","local_time":"20201210201214","is_ascension_mode":true,"campfire_choices":[{"floor":6,"key":"REST"},{"floor":10,"key":"REST"},{"floor":15,"key":"REST"},{"floor":24,"key":"REST"}],"circlet_count":0,"master_deck":["AscendersBane","Strike_B+1","Strike_B+1","Strike_B","Strike_B","Defend_B","Defend_B","Defend_B","Zap","Dualcast","Streamline","Cold Snap","Beam Cell","Sweeping Beam","White Noise","Reinforced Body","Multi-Cast","Cold Snap","Self Repair","Go for the Eyes","Reinforced Body","Compile Driver","Conserve Battery"],"relics":["Cracked Core","Old Coin","PreservedInsect","CaptainsWheel","Whetstone","Akabeko","Juzu Bracelet","WarpedTongs","Sozu","Gambling Chip","Strawberry"],"acts_visited":["Exordium","TheCity"],"potions_floor_usage":[16,16],"damage_taken":[{"damage":7,"enemies":"Jaw Worm","floor":1,"turns":3},{"damage":8,"enemies":"2 Louse","floor":2,"turns":3},{"damage":0,"enemies":"Cultist","floor":4,"turns":4},{"damage":14,"enemies":"Gremlin Nob","floor":7,"turns":3},{"damage":4,"enemies":"Blue Slaver","floor":8,"turns":4},{"damage":1,"enemies":"Gremlin Gang","floor":11,"turns":2},{"damage":10,"enemies":"3 Sentries","floor":12,"turns":4},{"damage":35,"enemies":"Hexaghost","floor":16,"turns":6},{"damage":25,"enemies":"2 Thieves","floor":18,"turns":4},{"damage":2,"enemies":"Spheric Guardian","floor":21,"turns":4},{"damage":25,"enemies":"Slavers","floor":23,"turns":6},{"damage":22,"enemies":"3 Cultists","floor":25,"turns":6},{"damage":26,"enemies":"Chosen and Byrds","floor":27,"turns":5}],"seed_played":"5186706103717209055","potions_obtained":[{"floor":4,"key":"FocusPotion"}],"is_trial":false,"path_per_floor":["M","M","?","M","$","R","E","M","T","R","M","E","?","?","R","B",null,"M","$","?","M","?","E","R","M","T","M"],"character_chosen":"DEFECT","items_purchased":["CaptainsWheel","Sweeping Beam","FocusPotion","Self Repair","Go for the Eyes"],"campfire_rested":4,"item_purchase_floors":[5,5,5,19,19],"current_hp_per_floor":[57,49,23,23,23,42,28,24,24,43,42,32,25,25,44,9,50,25,25,25,30,30,12,31,19,26,0,0],"gold":187,"neow_bonus":"ONE_RARE_RELIC","is_daily":false,"chose_seed":false,"campfire_upgraded":0,"win_rate":0,"timestamp":1607627534,"path_taken":["M","M","?","M","$","R","E","M","T","R","M","E","?","?","R","BOSS","M","$","?","M","?","E","R","M","T","M"],"build_version":"2020-11-30","purchased_purges":1,"victory":false,"max_hp_per_floor":[64,64,64,64,64,64,64,64,64,64,64,64,64,64,64,64,64,64,64,64,64,64,64,64,64,71,71,71],"relic_stats":{"Sozu":2,"counters":[13,54],"Gambling Chip":[2],"PreservedInsect":98,"Juzu Bracelet":1,"Whetstone":["Strike_B","Strike_B"],"obtain_stats":[{"Sozu":17,"CaptainsWheel":5,"Gambling Chip":23,"Strawberry":26,"PreservedInsect":3,"Juzu Bracelet":12,"Whetstone":7,"Cracked Core":0,"Akabeko":9,"Old Coin":0,"WarpedTongs":14},{"Sozu":8,"CaptainsWheel":3,"Gambling Chip":11,"Strawberry":12,"PreservedInsect":2,"Juzu Bracelet":7,"Whetstone":4,"Cracked Core":0,"Akabeko":5,"Old Coin":0,"WarpedTongs":7},{"Sozu":29,"CaptainsWheel":10,"Gambling Chip":43,"Strawberry":49,"PreservedInsect":6,"Juzu Bracelet":23,"Whetstone":13,"Cracked Core":0,"Akabeko":17,"Old Coin":0,"WarpedTongs":23}],"WarpedTongs":[31]},"card_choices":[{"not_picked":["Hologram","Chill"],"picked":"Streamline","floor":1},{"not_picked":["Hologram","Coolheaded"],"picked":"Cold Snap","floor":2},{"not_picked":["Barrage","Static Discharge"],"picked":"Beam Cell","floor":4},{"not_picked":["Heatsinks","Undo"],"picked":"White Noise","floor":7},{"not_picked":["Loop","Meteor Strike","Hologram"],"picked":"SKIP","floor":8},{"not_picked":["Coolheaded","Redo"],"picked":"Reinforced Body","floor":11},{"not_picked":["Redo","Turbo","Reinforced Body"],"picked":"SKIP","floor":12},{"not_picked":["Machine Learning","Seek"],"picked":"Multi-Cast","floor":16},{"not_picked":["Aggregate+1","Ball Lightning"],"picked":"Cold Snap","floor":18},{"not_picked":["Turbo+1","Blizzard","Rebound"],"picked":"SKIP","floor":21},{"not_picked":["Blizzard","Streamline"],"picked":"Compile Driver","floor":23},{"not_picked":["Ball Lightning","Skim"],"picked":"Conserve Battery","floor":25}],"player_experience":471786,"relics_obtained":[{"floor":7,"key":"Whetstone"},{"floor":9,"key":"Akabeko"},{"floor":12,"key":"Juzu Bracelet"},{"floor":23,"key":"Gambling Chip"},{"floor":26,"key":"Strawberry"}],"event_choices":[{"damage_healed":0,"gold_gain":0,"player_choice":"Success","damage_taken":26,"relics_obtained":["PreservedInsect"],"max_hp_gain":0,"max_hp_loss":0,"event_name":"Scrap Ooze","floor":3,"gold_loss":0},{"cards_removed":["Defend_B"],"damage_healed":0,"gold_gain":0,"player_choice":"Card Removal","damage_taken":7,"max_hp_gain":0,"max_hp_loss":0,"event_name":"Golden Wing","floor":13,"gold_loss":0},{"damage_healed":0,"gold_gain":0,"player_choice":"Rummage","damage_taken":0,"relics_obtained":["WarpedTongs"],"max_hp_gain":0,"max_hp_loss":0,"event_name":"Accursed Blacksmith","floor":14,"gold_loss":0,"cards_obtained":["Pain"]},{"damage_healed":0,"gold_gain":50,"player_choice":"Stole From Cult","damage_taken":0,"max_hp_gain":0,"max_hp_loss":0,"event_name":"Nest","floor":20,"gold_loss":0},{"damage_healed":0,"gold_gain":0,"player_choice":"Copied","damage_taken":0,"max_hp_gain":0,"max_hp_loss":0,"event_name":"Duplicator","floor":22,"gold_loss":0,"cards_obtained":["Reinforced Body"]}],"is_beta":false,"boss_relics":[{"not_picked":["Ectoplasm","FrozenCore"],"picked":"Sozu"}],"items_purged_floors":[19],"is_endless":false,"potions_floor_spawned":[4,7,11,12,21,23],"killed_by":"Chosen and Byrds","ascension_level":16}}