{"host":"m4a4k3ia027windw","time":1607627103,"event":{"mods":["BaseMod","2.2 Compatiblity","AchievementEnabler","Colored Map","DeckTracker","Highlight Path","Minty Spire (QoL Compilation)","Random Character Button","Rare Cards Sparkle"],"gold_per_floor":[113,128,144,162,162,189,189,189,189,189,1,1,29,29,29,104,104,121,121,46,46,59,59,59],"floor_reached":23,"playtime":1180,"items_purged":["Strike_R"],"score":394,"play_id":"cc903475-64c8-44f3-8e06-9d04e6ad21b5","local_time":"20201210200503","is_ascension_mode":true,"campfire_choices":[{"floor":7,"key":"REST"},{"data":"Fiend Fire","floor":10,"key":"SMITH"},{"data":"Dark Embrace","floor":12,"key":"SMITH"},{"floor":15,"key":"REST"}],"circlet_count":0,"master_deck":["AscendersBane","Strike_R","Strike_R","Strike_R","Defend_R","Defend_R","Defend_R","Defend_R","Bash","Disarm","Burning Pact","True Grit","Fiend Fire+1","Whirlwind","Anger+1","Dark Embrace+1","Dark Embrace","RitualDagger","Shrug It Off"],"relics":["Burning Blood","Regal Pillow","Gremlin Horn","Ancient Tea Set","Toy Ornithopter","Busted Crown"],"acts_visited":["Exordium","TheCity"],"potions_floor_usage":[4,6,16,16,18],"damage_taken":[{"damage":9,"enemies":"Jaw Worm","floor":1,"turns":5},{"damage":9,"enemies":"2 Louse","floor":2,"turns":5},{"damage":9,"enemies":"Cultist","floor":3,"turns":4},{"damage":16,"enemies":"2 Fungi Beasts","floor":4,"turns":6},{"damage":40,"enemies":"Gremlin Nob","floor":6,"turns":5},{"damage":15,"enemies":"3 Sentries","floor":13,"turns":4},{"damage":69,"enemies":"The Guardian","floor":16,"turns":11},{"damage":25,"enemies":"2 Thieves","floor":18,"turns":4},{"damage":5,"enemies":"Chosen","floor":22,"turns":4},{"damage":44,"enemies":"Book of Stabbing","floor":23,"turns":4}],"seed_played":"-2231871246971179836","potions_obtained":[{"floor":2,"key":"SkillPotion"},{"floor":3,"key":"Ancient Potion"},{"floor":6,"key":"ElixirPotion"},{"floor":16,"key":"ElixirPotion"},{"floor":18,"key":"Fire Potion"}],"is_trial":false,"path_per_floor":["M","M","M","M","?","E","R","?","T","R","$","R","E","$","R","B",null,"M","?","$","?","M","E"],"character_chosen":"IRONCLAD","items_purchased":["Anger","Dark Embrace","SkillPotion"],"campfire_rested":2,"item_purchase_floors":[11,11,11],"current_hp_per_floor":[65,62,59,49,49,15,52,41,41,41,41,41,32,32,69,12,59,45,39,39,39,40,0,0],"gold":59,"neow_bonus":"REMOVE_CARD","is_daily":false,"chose_seed":false,"campfire_upgraded":2,"win_rate":0,"timestamp":1607627103,"path_taken":["M","M","M","M","?","E","R","?","T","R","$","R","E","?","R","BOSS","M","?","$","?","?","E"],"build_version":"2020-11-30","purchased_purges":1,"victory":false,"max_hp_per_floor":[75,75,75,75,75,75,75,75,75,75,75,75,75,75,75,75,75,75,75,75,75,75,75,75],"card_choices":[{"not_picked":["Thunderclap","Pummel"],"picked":"Disarm","floor":1},{"not_picked":["Body Slam","Rampage"],"picked":"Burning Pact","floor":2},{"not_picked":["Clash","Carnage"],"picked":"True Grit","floor":3},{"not_picked":["Burning Pact","Flex"],"picked":"Fiend Fire","floor":4},{"not_picked":["Dark Embrace","Seeing Red"],"picked":"Whirlwind","floor":6},{"not_picked":["Limit Break","Pummel"],"picked":"Dark Embrace","floor":13},{"not_picked":["Cleave"],"picked":"SKIP","floor":18},{"not_picked":[],"picked":"Shrug It Off","floor":22}],"player_experience":460805,"relics_obtained":[{"floor":6,"key":"Regal Pillow"},{"floor":9,"key":"Ancient Tea Set"},{"floor":13,"key":"Toy Ornithopter"}],"event_choices":[{"damage_healed":0,"gold_gain":0,"player_choice":"Ignored","damage_taken":0,"max_hp_gain":0,"max_hp_loss":0,"event_name":"Golden Idol","floor":5,"gold_loss":0},{"damage_healed":0,"gold_gain":0,"player_choice":"Success","damage_taken":11,"relics_obtained":["Gremlin Horn"],"max_hp_gain":0,"max_hp_loss":0,"event_name":"Scrap Ooze","floor":8,"gold_loss":0},{"damage_healed":0,"gold_gain":0,"player_choice":"Joined the Cult","damage_taken":6,"max_hp_gain":0,"max_hp_loss":0,"event_name":"Nest","floor":19,"gold_loss":0,"cards_obtained":["RitualDagger"]},{"damage_healed":0,"gold_gain":0,"player_choice":"Forge","damage_taken":0,"max_hp_gain":0,"max_hp_loss":0,"event_name":"Accursed Blacksmith","floor":21,"gold_loss":0,"cards_upgraded":["Anger"]}],"is_beta":false,"boss_relics":[{"not_picked":["Astrolabe","Empty Cage"],"picked":"Busted Crown"}],"items_purged_floors":[20],"is_endless":false,"potions_floor_spawned":[2,3,6,16,18],"killed_by":"Book of Stabbing","ascension_level":20}}