{"host":"yo9wwslrag05lh37","time":1607558833,"event":{"gold_per_floor":[114,114,264,279,294,322,322,322,322],"floor_reached":8,"playtime":159,"items_purged":[],"score":112,"play_id":"29b0419f-75ed-4044-90e7-a0f7235bbe0b","local_time":"20201210010713","is_ascension_mode":true,"campfire_choices":[{"data":"Zap","floor":7,"key":"SMITH"}],"neow_cost":"NONE","seed_source_timestamp":2079702822274000,"circlet_count":0,"master_deck":["AscendersBane","Strike_B","Strike_B","Strike_B","Strike_B","Defend_B","Defend_B","Defend_B","Defend_B","Zap+1","Dualcast","Compile Driver","Doubt","Capacitor","Core Surge"],"relics":["Cracked Core","NeowsBlessing","The Courier"],"potions_floor_usage":[6],"damage_taken":[{"damage":0,"enemies":"Small Slimes","floor":1,"turns":1},{"damage":0,"enemies":"Jaw Worm","floor":4,"turns":1},{"damage":0,"enemies":"Cultist","floor":5,"turns":1},{"damage":34,"enemies":"Lagavulin","floor":6,"turns":8},{"damage":57,"enemies":"Gremlin Nob","floor":8,"turns":4}],"seed_played":"5771444526772251007","potions_obtained":[{"floor":4,"key":"DistilledChaos"},{"floor":5,"key":"Energy Potion"}],"is_trial":false,"path_per_floor":["M","?","?","M","M","E","R","E"],"character_chosen":"DEFECT","items_purchased":[],"campfire_rested":0,"item_purchase_floors":[],"current_hp_per_floor":[64,69,69,69,69,35,35,0,0],"gold":322,"neow_bonus":"THREE_ENEMY_KILL","is_prod":false,"is_daily":false,"chose_seed":false,"campfire_upgraded":1,"win_rate":0,"timestamp":1607558833,"path_taken":["M","?","?","M","M","E","R","E"],"build_version":"2020-11-30","purchased_purges":0,"victory":false,"max_hp_per_floor":[71,76,76,76,76,76,76,76,76],"relic_stats":{"counters":[5,15],"obtain_stats":[{"NeowsBlessing":0,"The Courier":6,"Cracked Core":0},{"NeowsBlessing":0,"The Courier":4,"Cracked Core":0},{"NeowsBlessing":0,"The Courier":11,"Cracked Core":0}]},"card_choices":[{"not_picked":["Go for the Eyes","Static Discharge"],"picked":"Compile Driver","floor":1},{"not_picked":["Heatsinks","Stack","Go for the Eyes"],"picked":"SKIP","floor":4},{"not_picked":["Go for the Eyes","Stack"],"picked":"Capacitor","floor":5},{"not_picked":["Tempest","Gash"],"picked":"Core Surge","floor":6}],"player_experience":1317821,"relics_obtained":[{"floor":6,"key":"The Courier"}],"event_choices":[{"damage_healed":0,"gold_gain":0,"player_choice":"Donut","damage_taken":0,"max_hp_gain":5,"max_hp_loss":0,"event_name":"Big Fish","floor":2,"gold_loss":0},{"damage_healed":0,"gold_gain":150,"player_choice":"AGREE","damage_taken":0,"max_hp_gain":0,"max_hp_loss":0,"event_name":"Liars Game","floor":3,"gold_loss":0,"cards_obtained":["Doubt"]}],"is_beta":false,"boss_relics":[],"items_purged_floors":[],"is_endless":false,"potions_floor_spawned":[4,5],"killed_by":"Gremlin Nob","ascension_level":20}}