{"host":"bz6gkvdcavhdnmlv","time":1607563866,"event":{"gold_per_floor":[115,115,13,41,52,65,65,65,90,101,101,137,137,32,32,152,152,170,170,155,155,254,254,254],"floor_reached":23,"playtime":1090,"items_purged":["Replay:Hysterical Blindness"],"score":202,"play_id":"d61d35ae-051a-4820-99de-55ede6f72c72","local_time":"20201209203106","is_ascension_mode":false,"campfire_choices":[{"floor":7,"key":"REST"},{"floor":15,"key":"REST"}],"neow_cost":"NONE","seed_source_timestamp":1751447016099800,"circlet_count":0,"master_deck":["Gash","Gash","Gash","Gash","Gash","Defend_B","Defend_B","Defend_B+1","Defend_B","ReplayTheSpireMod:Brewmster+1","StuffTheSpire:Plugnplay","Pain","Redo","Clawfect:ClawCell","Clawfect:ClawForTheEyes","Clawfect:Clawter","Clawfect:ClawLightning","Injury","FTL","Steam+1","Time Bomb","Clawfect:ClawSnap","Machine Learning","Leap+1","Self Repair","Amnesia"],"relics":["Clawfect:DRClaw","WarpedTongs","ReplayTheSpireMod:CursedCoin","Simple Rune","Golden Idol","Odd Mushroom","halation:Komachan","Replay:Towering Pillar of Hats"],"potions_floor_usage":[6,10,12,16,20,20,20,23],"damage_taken":[{"damage":9,"enemies":"2 Louse","floor":1,"turns":5},{"damage":3,"enemies":"Cultist","floor":5,"turns":4},{"damage":14,"enemies":"Jaw Worm","floor":6,"turns":5},{"damage":25,"enemies":"Gremlin Gang","floor":10,"turns":4},{"damage":17,"enemies":"The Mushroom Lair","floor":12,"turns":5},{"damage":17,"enemies":"Slime Boss","floor":16,"turns":7},{"damage":22,"enemies":"Spheric Guardian","floor":18,"turns":4},{"damage":40,"enemies":"2 Thieves","floor":20,"turns":5},{"damage":16,"enemies":"Nightmare","floor":23,"turns":2}],"seed_played":"-6311253119607140415","potions_obtained":[{"floor":1,"key":"Explosive Potion"},{"floor":5,"key":"LifebloodPotion"},{"floor":6,"key":"BlessingOfTheForge"},{"floor":20,"key":"FocusPotion"}],"is_trial":false,"path_per_floor":["M","?","$","$","M","M","R","?","T","M","?","?","?","$","R","B",null,"M","AVR","M","?","?","NM"],"character_chosen":"DEFECT","items_purchased":["Redo","Clawfect:ClawCell","ReplayTheSpireMod:CursedCoin","Clawfect:ClawForTheEyes","Time Bomb","Clawfect:ClawSnap"],"campfire_rested":2,"item_purchase_floors":[3,3,4,4,14,14],"current_hp_per_floor":[66,66,66,66,63,49,71,71,71,46,46,29,29,29,51,34,75,53,53,13,13,13,0,0],"gold":254,"neow_bonus":"COLORLESS_CARD","is_prod":false,"is_daily":false,"chose_seed":false,"campfire_upgraded":0,"win_rate":0,"timestamp":1607563866,"path_taken":["M","?","?","$","?","M","R","?","T","M","?","?","?","$","R","BOSS","M","AVR","M","?","?","NM"],"build_version":"2020-11-30","purchased_purges":1,"victory":false,"max_hp_per_floor":[75,75,75,75,75,75,75,75,75,75,75,75,75,75,75,75,75,75,75,75,75,75,75,75],"card_choices":[{"not_picked":["Gash","Force Field"],"picked":"StuffTheSpire:Plugnplay","floor":1},{"not_picked":["Clawfect:Clawrage","Self Repair"],"picked":"Clawfect:Clawter","floor":5},{"not_picked":["Heatsinks","Rebound","StuffTheSpire:LoadUp"],"picked":"SKIP","floor":6},{"not_picked":["Clawfect:ClawForTheEyes","StuffTheSpire:SnapShoot"],"picked":"Clawfect:ClawLightning","floor":10},{"not_picked":["Heatsinks","Clawfect:ClawCell"],"picked":"FTL","floor":12},{"not_picked":["Thunder Strike","StuffTheSpire:ForEach"],"picked":"Machine Learning","floor":16},{"not_picked":["Hologram","Stack"],"picked":"Leap+1","floor":18},{"not_picked":["StuffTheSpire:Synthwave","Coolheaded"],"picked":"Self Repair","floor":20}],"player_experience":190041,"relics_obtained":[{"floor":9,"key":"Simple Rune"},{"floor":12,"key":"Odd Mushroom"}],"event_choices":[{"damage_healed":0,"gold_gain":0,"player_choice":"Rummage","damage_taken":0,"relics_obtained":["WarpedTongs"],"max_hp_gain":0,"max_hp_loss":0,"event_name":"Accursed Blacksmith","floor":2,"gold_loss":0,"cards_obtained":["Pain"]},{"damage_healed":0,"gold_gain":0,"player_choice":"Grow","damage_taken":0,"max_hp_gain":0,"max_hp_loss":0,"event_name":"Living Wall","floor":8,"gold_loss":0,"cards_upgraded":["ReplayTheSpireMod:Brewmster"]},{"damage_healed":0,"gold_gain":0,"player_choice":"Take Wound","damage_taken":0,"relics_obtained":["Golden Idol"],"max_hp_gain":0,"max_hp_loss":0,"event_name":"Golden Idol","floor":11,"gold_loss":0,"cards_obtained":["Injury"]},{"damage_healed":0,"gold_gain":0,"player_choice":"Fought Mushrooms","damage_taken":0,"max_hp_gain":0,"max_hp_loss":0,"event_name":"Mushrooms","floor":12,"gold_loss":0},{"damage_healed":0,"gold_gain":99,"player_choice":"Stole From Cult","damage_taken":0,"max_hp_gain":0,"max_hp_loss":0,"event_name":"Nest","floor":22,"gold_loss":0}],"is_beta":false,"boss_relics":[{"not_picked":["hubris:BlackHole","Empty Cage","CCEMRelics:TransientCore"]}],"items_purged_floors":[4],"is_endless":false,"potions_floor_spawned":[1,5,6,16,20],"killed_by":"Nightmare","ascension_level":0}}