{"host":"ygefd14btj4nx1b7","time":1607560575,"event":{"gold_per_floor":[113,131,150,150,9,39,39,73,73,73,73,120,138,157,157,261,261,272,290,302,312,312,312,337,351,400,430,430,430,440,457,457,562,562,575,575,591,610,622,622,637,666,690,690,690,690,18,30,30,30],"floor_reached":51,"playtime":2823,"items_purged":["Strike_R"],"score":1072,"play_id":"d8194936-6e3d-40da-9c6b-4e4288ea1e54","local_time":"20201209183615","is_ascension_mode":true,"campfire_choices":[{"data":"Replay:Undeath\u0027s Touch","floor":7,"key":"SMITH"},{"data":"Perfected Strike","floor":15,"key":"SMITH"},{"data":"Perfected Strike","floor":23,"key":"SMITH"},{"floor":28,"key":"REST"},{"data":"Battle Trance","floor":32,"key":"SMITH"},{"data":"Perfected Strike","floor":40,"key":"SMITH"},{"data":"Immolate","floor":45,"key":"SMITH"},{"floor":49,"key":"REST"}],"neow_cost":"NONE","seed_source_timestamp":17450263821300,"circlet_count":0,"master_deck":["Strike_R","Strike_R","Strike_R","Strike_R+1","Defend_R","Defend_R","Defend_R","Defend_R","Bash+1","Replay:Undeath\u0027s Touch+1","Perfected Strike+1","Uppercut+1","Perfected Strike+1","Battle Trance+1","Clothesline","Cleave","Twin Strike","Warcry","ReplayTheSpireMod:Corrosion Curse+1","Inflame","Metallicize","Sword Boomerang+1","Flex+1","Perfected Strike+1","Run Through","Seeing Red","Shrug It Off","Shrug It Off+1","Reckless Charge","Armaments+1","Immolate+1","Warcry+1","ReplayTheSpireMod:Limb From Limb+1","Armaments+1","Cleave+1","Fire Breathing+1","ReplayTheSpireMod:Muscle Training","Replay:Undeath\u0027s Touch+1","Flex","Inflame","Ghostly Armor","Run Through+1"],"relics":["Burning Blood","Bronze Scales","Ancient Tea Set","Garlic","Lantern","hubris:MysteriousPyramids","hubris:VirtuousBlindfold","Blood Vial","ReplayTheSpireMod:TigerMarble","Vajra","Replay:Ancient Bell","Gremlin Food","ReplayTheSpireMod:Ninjato","hubris:Spice","Bottled Flame","Nunchaku","hubris:Icosahedron","Mummified Hand"],"potions_floor_usage":[6,8,16,16,20,33,33,33,38,50,50],"damage_taken":[{"damage":10,"enemies":"Small Slimes","floor":1,"turns":3},{"damage":13,"enemies":"Jaw Worm","floor":2,"turns":4},{"damage":3,"enemies":"2 Louse","floor":3,"turns":2},{"damage":17,"enemies":"3 Sentries","floor":6,"turns":7},{"damage":20,"enemies":"Lagavulin","floor":8,"turns":5},{"damage":8,"enemies":"Looter","floor":13,"turns":2},{"damage":11,"enemies":"Gremlin Gang","floor":14,"turns":2},{"damage":11,"enemies":"Hexaghost","floor":16,"turns":7},{"damage":0,"enemies":"Shell Parasite","floor":18,"turns":2},{"damage":0,"enemies":"Chosen","floor":19,"turns":3},{"damage":16,"enemies":"Shelled Parasite and Fungi","floor":20,"turns":3},{"damage":15,"enemies":"Centurion and Healer","floor":21,"turns":3},{"damage":53,"enemies":"Slavers","floor":24,"turns":4},{"damage":6,"enemies":"3 Cultists","floor":25,"turns":4},{"damage":6,"enemies":"Book of Stabbing","floor":27,"turns":2},{"damage":2,"enemies":"Chosen and Byrds","floor":30,"turns":3},{"damage":0,"enemies":"Snecko","floor":31,"turns":2},{"damage":31,"enemies":"Pondfish","floor":33,"turns":8},{"damage":6,"enemies":"Orb Walker","floor":35,"turns":2},{"damage":6,"enemies":"3 Darklings","floor":37,"turns":2},{"damage":0,"enemies":"Transient","floor":38,"turns":5},{"damage":54,"enemies":"4 Shapes","floor":39,"turns":3},{"damage":28,"enemies":"Maw","floor":41,"turns":5},{"damage":16,"enemies":"Reptomancer","floor":42,"turns":4},{"damage":18,"enemies":"Sphere and 2 Shapes","floor":48,"turns":3},{"damage":32,"enemies":"hubris:GrandSnecko","floor":50,"turns":7}],"seed_played":"6457530806726591676","potions_obtained":[{"floor":2,"key":"Dexterity Potion"},{"floor":6,"key":"PowerPotion"},{"floor":8,"key":"BloodPotion"},{"floor":14,"key":"PowerPotion"},{"floor":16,"key":"HeartOfIron"},{"floor":21,"key":"Energy Potion"},{"floor":24,"key":"Cursed Concoction"},{"floor":25,"key":"Fire Potion"},{"floor":33,"key":"AttackPotion"},{"floor":37,"key":"Milkshake"},{"floor":41,"key":"FearPotion"}],"is_trial":false,"path_per_floor":["M","M","M","?","$","E","R","E","T","?","?","?","M","M","R","B",null,"M","M","M","M","?","R","E","M","T","E","R","?","M","M","R","B",null,"M","?","M","M","M","R","M","E","T","?","R","T","$","M","R","B",null],"character_chosen":"IRONCLAD","items_purchased":["Perfected Strike","Battle Trance","Clothesline","Replay:Undeath\u0027s Touch+1","Flex","Inflame","hubris:Spice","hubris:Spice","Ghostly Armor"],"campfire_rested":2,"item_purchase_floors":[5,5,5,47,47,47,47,47,47],"current_hp_per_floor":[76,69,72,56,56,45,45,31,31,31,24,24,22,17,17,28,80,80,80,70,61,61,61,14,16,16,18,42,90,90,90,90,65,98,98,98,98,98,50,50,30,22,22,22,22,22,30,20,49,25],"gold":30,"neow_bonus":"RANDOM_EVENT","is_prod":false,"is_daily":false,"chose_seed":false,"campfire_upgraded":6,"win_rate":0,"timestamp":1607560575,"path_taken":["M","M","M","?","$","E","R","E","T","?","?","?","M","M","R","BOSS","M","M","M","?","?","R","E","M","T","E","R","?","?","M","R","BOSS","M","?","?","M","M","R","M","E","T","?","R","?","?","M","R","BOSS"],"build_version":"2020-11-30","purchased_purges":1,"victory":true,"max_hp_per_floor":[80,80,80,80,80,80,80,80,80,80,80,80,80,80,80,80,80,80,80,80,80,80,80,80,80,80,80,80,90,90,90,90,90,98,98,98,98,98,98,98,98,98,98,98,98,98,98,98,98,98],"card_choices":[{"not_picked":["Iron Wave","hubris:ReadiedAction"],"picked":"Replay:Undeath\u0027s Touch","floor":1},{"not_picked":["Fire Breathing","Pommel Strike"],"picked":"Perfected Strike","floor":2},{"not_picked":["Power Through","Anger"],"picked":"Uppercut","floor":3},{"not_picked":["Havoc","Heavy Blade"],"picked":"Cleave","floor":6},{"not_picked":["Warcry","Body Slam"],"picked":"Twin Strike","floor":8},{"not_picked":["Clothesline","Power Through"],"picked":"Warcry","floor":12},{"not_picked":["hubris:CleavingFinish","Intimidate"],"picked":"ReplayTheSpireMod:Corrosion Curse","floor":12},{"not_picked":["Iron Wave","Cleave"],"picked":"Inflame","floor":13},{"not_picked":["hubris:ReadiedAction","Fiend Fire"],"picked":"Metallicize","floor":14},{"not_picked":["Exhume","Impervious"],"picked":"Demonic Infusion","floor":16},{"not_picked":["Havoc","Wild Strike"],"picked":"Sword Boomerang+1","floor":18},{"not_picked":["Cleave","Headbutt+1"],"picked":"Flex","floor":19},{"not_picked":["Shockwave","Shrug It Off"],"picked":"Perfected Strike","floor":20},{"not_picked":["Shrug It Off","Flame Barrier"],"picked":"Run Through","floor":21},{"not_picked":["Shockwave","Defy Death+1"],"picked":"Seeing Red","floor":24},{"not_picked":["Headbutt","Blood for Blood"],"picked":"Shrug It Off","floor":25},{"not_picked":["Anger+1","Havoc+1"],"picked":"Shrug It Off+1","floor":27},{"not_picked":["Havoc","True Grit"],"picked":"Reckless Charge","floor":30},{"not_picked":["Double Tap","True Grit"],"picked":"Armaments+1","floor":31},{"not_picked":["Juggernaut","Fiend Fire"],"picked":"Immolate","floor":33},{"not_picked":["ReplayTheSpireMod:Doomed","Overencumbered"],"picked":"Hallucinations","floor":34},{"not_picked":["hubris:Sloth","Regret"],"picked":"Decay","floor":34},{"not_picked":["ReplayTheSpireMod:IOU","CurseOfTheBell"],"picked":"Overencumbered","floor":34},{"not_picked":["Clothesline+1","Uppercut"],"picked":"Warcry+1","floor":35},{"not_picked":["Rampage","Thunderclap+1"],"picked":"ReplayTheSpireMod:Limb From Limb+1","floor":37},{"not_picked":["Abandon","Flame Barrier"],"picked":"Armaments+1","floor":38},{"not_picked":["Pommel Strike","Dark Embrace"],"picked":"Cleave+1","floor":39},{"not_picked":["Clash+1","Shrug It Off"],"picked":"Fire Breathing+1","floor":41},{"not_picked":["Anger+1","hubris:CleavingFinish"],"picked":"ReplayTheSpireMod:Muscle Training","floor":42},{"not_picked":["Sword Boomerang+1","Shrug It Off"],"picked":"Run Through+1","floor":48}],"player_experience":398948,"relics_obtained":[{"floor":6,"key":"Bronze Scales"},{"floor":8,"key":"Ancient Tea Set"},{"floor":9,"key":"Garlic"},{"floor":12,"key":"hubris:MysteriousPyramids"},{"floor":24,"key":"Blood Vial"},{"floor":26,"key":"ReplayTheSpireMod:TigerMarble"},{"floor":27,"key":"Vajra"},{"floor":42,"key":"Bottled Flame"},{"floor":43,"key":"Nunchaku"},{"floor":46,"key":"Mummified Hand"}],"event_choices":[{"damage_healed":0,"gold_gain":0,"player_choice":"Grow","damage_taken":0,"max_hp_gain":0,"max_hp_loss":0,"event_name":"Living Wall","floor":0,"gold_loss":0,"cards_upgraded":["Bash"]},{"damage_healed":0,"gold_gain":0,"player_choice":"Entered Light","damage_taken":16,"max_hp_gain":0,"max_hp_loss":0,"event_name":"Shining Light","floor":4,"gold_loss":0,"cards_upgraded":["Uppercut","Strike_R"]},{"damage_healed":0,"gold_gain":0,"player_choice":"Success","damage_taken":7,"relics_obtained":["Lantern"],"max_hp_gain":0,"max_hp_loss":0,"event_name":"Scrap Ooze","floor":11,"gold_loss":0},{"cards_removed":["Demonic Infusion"],"damage_healed":38,"gold_gain":0,"player_choice":"Offered Rare","damage_taken":0,"max_hp_gain":10,"max_hp_loss":0,"event_name":"Bonfire Elementals","floor":29,"gold_loss":0},{"cards_removed":["Overencumbered","Decay","Hallucinations"],"damage_healed":0,"gold_gain":0,"player_choice":"Removed Curses","damage_taken":0,"max_hp_gain":0,"max_hp_loss":0,"event_name":"Fountain of Cleansing","floor":36,"gold_loss":0}],"is_beta":false,"boss_relics":[{"not_picked":["hubris:CrackedHourglass","Kintsugi"],"picked":"hubris:VirtuousBlindfold"},{"not_picked":["hubris:ScarierMask","Calling Bell"],"picked":"Replay:Ancient Bell"},{"not_picked":["ReplayTheSpireMod:Lightbulb","Happy Flower"],"picked":"Gremlin Food"},{"not_picked":["Pantograph","White Beast Statue"],"picked":"ReplayTheSpireMod:Ninjato"},{"not_picked":["StoneCalendar","Thread and Needle"],"picked":"hubris:Spice"}],"items_purged_floors":[47],"is_endless":false,"potions_floor_spawned":[2,6,8,14,16,21,24,25,30,33,37,41,48],"ascension_level":2}}