{"host":"0tiuc76yumknr6qf","time":1607572202,"event":{"gold_per_floor":[112,124,136,136,136,136,146,162,162,173,205,205,255,269,269,269,269],"floor_reached":16,"playtime":789,"items_purged":[],"score":258,"play_id":"526da2a8-8bea-4bab-82d8-3aad10315b06","local_time":"20201209215002","is_ascension_mode":true,"campfire_choices":[{"data":"Neutralize","floor":6,"key":"SMITH"},{"data":"Quick Slash","floor":12,"key":"SMITH"},{"data":"Footwork","floor":15,"key":"SMITH"}],"neow_cost":"NONE","seed_source_timestamp":59759190401900,"circlet_count":0,"master_deck":["AscendersBane","Strike_G","Strike_G","Strike_G","Strike_G","Strike_G","Defend_G","Defend_G","Defend_G","Defend_G","Defend_G","Survivor","Neutralize+1","CurseOfTheBell","Riddle With Holes+1","Backflip","Quick Slash+1","Dodge and Roll","Blur","Tools of the Trade","Dodge and Roll","Footwork+1"],"relics":["Calling Bell","Smiling Mask","Meat on the Bone","CaptainsWheel","Bag of Marbles","Oddly Smooth Stone"],"potions_floor_usage":[11,16,16],"damage_taken":[{"damage":2,"enemies":"Cultist","floor":1,"turns":5},{"damage":7,"enemies":"Jaw Worm","floor":2,"turns":4},{"damage":5,"enemies":"Small Slimes","floor":3,"turns":4},{"damage":5,"enemies":"3 Louse","floor":7,"turns":5},{"damage":10,"enemies":"Lots of Slimes","floor":8,"turns":6},{"damage":6,"enemies":"Exordium Wildlife","floor":10,"turns":6},{"damage":0,"enemies":"Gremlin Nob","floor":11,"turns":2},{"damage":0,"enemies":"Large Slime","floor":14,"turns":4},{"damage":41,"enemies":"Hexaghost","floor":16,"turns":16}],"seed_played":"-3933560165969046801","potions_obtained":[{"floor":3,"key":"CunningPotion"},{"floor":8,"key":"DuplicationPotion"},{"floor":11,"key":"Dexterity Potion"}],"is_trial":false,"path_per_floor":["M","M","M","?","$","R","M","M","T","M","E","R","?","M","R","B"],"character_chosen":"THE_SILENT","items_purchased":[],"campfire_rested":0,"item_purchase_floors":[],"current_hp_per_floor":[57,50,45,45,45,45,40,42,42,36,36,36,36,36,36,0,0],"gold":269,"neow_bonus":"BOSS_RELIC","is_prod":false,"is_daily":false,"chose_seed":false,"campfire_upgraded":3,"win_rate":0,"timestamp":1607572202,"path_taken":["M","M","M","?","$","R","M","M","T","M","E","R","?","M","R","BOSS"],"build_version":"2020-11-30","purchased_purges":0,"victory":false,"max_hp_per_floor":[66,66,66,66,66,66,66,66,66,66,66,66,66,66,66,66,66],"card_choices":[{"not_picked":["PiercingWail","Dagger Spray"],"picked":"Riddle With Holes","floor":1},{"not_picked":["Accuracy","Bane"],"picked":"Backflip","floor":2},{"not_picked":["Dagger Spray","Flying Knee"],"picked":"Quick Slash","floor":3},{"not_picked":["Bane","Prepared"],"picked":"Dodge and Roll","floor":7},{"not_picked":["Acrobatics","Slice"],"picked":"Blur","floor":8},{"not_picked":["Choke","Poisoned Stab"],"picked":"Tools of the Trade","floor":10},{"not_picked":["Slice","Choke"],"picked":"Dodge and Roll","floor":11},{"not_picked":["Caltrops","Poisoned Stab"],"picked":"Footwork","floor":14}],"player_experience":1774357,"relics_obtained":[{"floor":0,"key":"Smiling Mask"},{"floor":0,"key":"Meat on the Bone"},{"floor":0,"key":"CaptainsWheel"},{"floor":9,"key":"Bag of Marbles"},{"floor":11,"key":"Oddly Smooth Stone"}],"event_choices":[{"damage_healed":0,"gold_gain":0,"player_choice":"Grow","damage_taken":0,"max_hp_gain":0,"max_hp_loss":0,"event_name":"Living Wall","floor":4,"gold_loss":0,"cards_upgraded":["Riddle With Holes"]},{"damage_healed":0,"gold_gain":50,"player_choice":"Pray","damage_taken":0,"max_hp_gain":0,"max_hp_loss":0,"event_name":"Golden Shrine","floor":13,"gold_loss":0}],"is_beta":false,"boss_relics":[],"items_purged_floors":[],"is_endless":false,"potions_floor_spawned":[3,8,11],"killed_by":"Hexaghost","ascension_level":20}}