{"host":"htqwg582tjjtn9p7","time":1607620241,"event":{"mods":["2.2 Compatiblity","BaseMod","GifTheSpireLib","StSLib","AchievementEnabler","Aspiration","Better Third Choice","Colored Map","Conspire","Energized Spire","Hermit","Mad Scientist","Minty Spire (QoL Compilation)","Permanent Neow","Random Character Button","Replay The Spire","Somnambulant","Spicy Shops","Spikes Relics","Stuff the Spire","The Gatherer","The Jungle","The Runesmith","The Servant 0.9.4","JesterMod","Highlight Path","Relic Stats","The Blue Laboratory","Force Act Four","The Judge","Act Like it!","Displayed Cursed Tome","Pale of the Ancients","The Disciple","The Forsaken","Robot Space Explorer","The Dragon Tamer","Curses Come First"],"gold_per_floor":[114,61,72,72,104,136,155,173,196,196,216,229,229,240,240,316,316,298,59,73,85,85,85,10,10,36,66,83,113,113,124,124,199,299,317,317,332,345,361,361,376,410,459,459,509,556,556,617,617,677,721,771,771,496,496,606,606,483,483,561],"floor_reached":61,"playtime":2676,"items_purged":["Injury","Strike_G"],"score":2356,"play_id":"e5ae4402-6a30-42c0-a086-a04ff1e9053d","local_time":"20201210181041","is_ascension_mode":true,"campfire_choices":[{"floor":10,"key":"REST"},{"data":"Tactician","floor":13,"key":"SMITH"},{"data":"Neutralize","floor":15,"key":"SMITH"},{"floor":23,"key":"REST"},{"data":"Noxious Fumes","floor":25,"key":"SMITH"},{"data":"Finisher","floor":30,"key":"SMITH"},{"floor":32,"key":"REST"},{"floor":40,"key":"REST"},{"floor":44,"key":"REST"},{"data":"Acrobatics","floor":49,"key":"SMITH"},{"floor":55,"key":"REST"},{"data":"Defend_G","floor":57,"key":"SMITH"}],"circlet_count":0,"master_deck":["AscendersBane","Strike_G","Strike_G","Defend_G","Defend_G","Defend_G","Defend_G","Defend_G+1","Survivor+1","Neutralize+1","Tactician+1","Dagger Throw","Acrobatics+1","Backflip+1","ReplayTheSpireMod:Speed Training+1","Acrobatics+1","Prepared+1","Backstab","Hidden Blade+1","Backflip+1","Storm of Steel+1","Noxious Fumes+1","Finisher+1","Underhanded Strike+1","StuffTheSpire:DoubleShiv+1","Blade Dance+1","Storm of Steel+1","Dagger Throw+1","Deflect+1","Dagger Throw+1","Leg Sweep+1","Prepared+1","Backflip+1","conspire:DoublingDagger+1","Hidden Blade+1","Flying Knee+1","Tactician+1","StuffTheSpire:DoubleShiv+1","PiercingWail+1"],"relics":["Ring of the Snake","NeowsBlessing","Toxic Egg 2","Ancient Tea Set","Darkstone Periapt","RollingBoulder","energizedSpire:DeadBattery","aspiration:RitualStick","Bag of Preparation","theForsaken:HumbleEgg","Shuriken","Replay:Wanted Poster","ReplayFunnel","Replay:Bandana","paleoftheancients:Timepiece","paleoftheancients:KeyRelic","Gremlin Horn","CultistMask","paleoftheancients:SoulOfTheWokeBloke","Nunchaku"],"acts_visited":["Exordium","TheCity","TheBeyond","TheBeyond"],"potions_floor_usage":[3,6,11,16,16,42,50,50,50,60],"damage_taken":[{"damage":0,"enemies":"conspire:RoseBush","floor":1,"turns":1},{"damage":0,"enemies":"Small Slimes","floor":3,"turns":1},{"damage":0,"enemies":"conspire:MimicChest","floor":5,"turns":1},{"damage":31,"enemies":"3 Sentries","floor":6,"turns":15},{"damage":0,"enemies":"Cultist","floor":7,"turns":4},{"damage":9,"enemies":"Large Slime","floor":8,"turns":10},{"damage":1,"enemies":"3 Louse","floor":11,"turns":2},{"damage":0,"enemies":"Looter","floor":12,"turns":3},{"damage":0,"enemies":"Gremlin Gang","floor":14,"turns":7},{"damage":30,"enemies":"Slime Boss","floor":16,"turns":12},{"damage":2,"enemies":"2 Thieves","floor":18,"turns":4},{"damage":0,"enemies":"3 Byrds","floor":20,"turns":4},{"damage":8,"enemies":"Snecko","floor":21,"turns":5},{"damage":0,"enemies":"Book of Stabbing","floor":27,"turns":6},{"damage":1,"enemies":"3 Cultists","floor":28,"turns":4},{"damage":0,"enemies":"Gremlin Leader","floor":29,"turns":4},{"damage":0,"enemies":"Shelled Parasite and Fungi","floor":31,"turns":2},{"damage":9,"enemies":"Champ","floor":33,"turns":6},{"damage":0,"enemies":"3 Shapes","floor":35,"turns":5},{"damage":0,"enemies":"Orb Walker","floor":37,"turns":2},{"damage":4,"enemies":"Spire Growth","floor":38,"turns":3},{"damage":11,"enemies":"Writhing Mass","floor":39,"turns":8},{"damage":8,"enemies":"3 Darklings","floor":41,"turns":4},{"damage":0,"enemies":"Giant Head","floor":42,"turns":3},{"damage":0,"enemies":"Jaw Worm Horde","floor":45,"turns":2},{"damage":0,"enemies":"Sphere and 2 Shapes","floor":46,"turns":6},{"damage":0,"enemies":"Spire Growth","floor":48,"turns":3},{"damage":0,"enemies":"Donu and Deca","floor":50,"turns":4},{"damage":52,"enemies":"Donu and Deca","floor":51,"turns":8},{"damage":0,"enemies":"Donu and Deca","floor":52,"turns":4},{"damage":0,"enemies":"Donu and Deca","floor":56,"turns":1},{"damage":51,"enemies":"paleoftheancients:N","floor":60,"turns":7}],"seed_played":"6048473178748472586","potions_obtained":[{"floor":1,"key":"blueLaboratory:EmptyBottle"},{"floor":5,"key":"LiquidBronze"},{"floor":6,"key":"SteroidPotion"},{"floor":11,"key":"blueLaboratory:ArtistsPotion"},{"floor":14,"key":"ColorlessPotion"},{"floor":20,"key":"SpeedPotion"},{"floor":21,"key":"blueLaboratory:Virophage"},{"floor":27,"key":"LiquidBronze"},{"floor":31,"key":"blueLaboratory:ArtistsPotion"},{"floor":41,"key":"blueLaboratory:NinjaPotion"},{"floor":42,"key":"blueLaboratory:ForbiddenFruitJuice"},{"floor":46,"key":"blueLaboratory:ArtistsPotion"},{"floor":48,"key":"blueLaboratory:HorrorPotion"},{"floor":52,"key":"Elixir"}],"is_trial":false,"path_per_floor":["M","$","M","?","?","E","M","M","T","R","M","M","R","M","R","B",null,"M","$","M","M","?","R","?","R","T","E","M","E","R","M","R","B",null,"M","?","M","M","M","R","M","E","T","R","M","M","?","M","R","B","M","M","?","$","R","M","R","$","?","B",null],"character_chosen":"THE_SILENT","items_purchased":["Dagger Throw","Noxious Fumes","Tactician+1","Nunchaku","PiercingWail+1"],"campfire_rested":6,"item_purchase_floors":[2,19,54,54,58],"current_hp_per_floor":[59,59,59,59,59,28,28,19,19,38,37,37,37,37,37,7,51,49,49,49,41,24,43,43,43,43,43,42,42,42,42,61,52,63,63,59,59,55,44,63,55,55,55,66,66,66,66,66,66,66,40,53,53,53,66,66,66,66,66,41],"gold":561,"neow_bonus":"THREE_ENEMY_KILL","is_daily":false,"chose_seed":false,"campfire_upgraded":6,"win_rate":0,"timestamp":1607620241,"path_taken":["M","$","M","?","?","E","M","M","T","R","M","M","R","?","R","BOSS","M","$","M","M","?","R","?","R","T","E","M","E","R","M","R","BOSS","M","?","M","M","M","R","?","E","T","R","M","M","?","M","R","BOSS","M","M","?","$","R","M","R","$","?","BOSS"],"build_version":"2020-11-30","purchased_purges":2,"victory":true,"max_hp_per_floor":[66,66,66,66,66,66,66,66,66,66,66,66,66,66,66,66,66,66,66,66,66,66,66,66,66,66,66,66,66,66,66,66,66,66,66,66,66,66,66,66,66,66,66,66,66,66,66,66,66,66,66,66,66,66,66,66,66,66,66,66],"relic_stats":{"Darkstone Periapt":0,"Nunchaku":[7],"Gremlin Horn":[18,18],"counters":[32,151],"Shuriken":[98],"Bag of Preparation":[42],"obtain_stats":[{"Darkstone Periapt":6,"ReplayFunnel":42,"paleoftheancients:KeyRelic":50,"NeowsBlessing":0,"Gremlin Horn":50,"Bag of Preparation":26,"Ancient Tea Set":5,"energizedSpire:DeadBattery":17,"aspiration:RitualStick":22,"Replay:Wanted Poster":34,"paleoftheancients:Timepiece":50,"theForsaken:HumbleEgg":27,"Replay:Bandana":43,"Nunchaku":54,"Shuriken":29,"paleoftheancients:SoulOfTheWokeBloke":51,"RollingBoulder":9,"CultistMask":50,"Toxic Egg 2":4,"Ring of the Snake":0},{"Darkstone Periapt":4,"ReplayFunnel":24,"paleoftheancients:KeyRelic":28,"NeowsBlessing":0,"Gremlin Horn":28,"Bag of Preparation":13,"Ancient Tea Set":3,"energizedSpire:DeadBattery":10,"aspiration:RitualStick":13,"Replay:Wanted Poster":18,"paleoftheancients:Timepiece":28,"theForsaken:HumbleEgg":14,"Replay:Bandana":24,"Nunchaku":30,"Shuriken":16,"paleoftheancients:SoulOfTheWokeBloke":29,"RollingBoulder":6,"CultistMask":28,"Toxic Egg 2":2,"Ring of the Snake":0},{"Darkstone Periapt":18,"ReplayFunnel":116,"paleoftheancients:KeyRelic":131,"NeowsBlessing":0,"Gremlin Horn":131,"Bag of Preparation":69,"Ancient Tea Set":3,"energizedSpire:DeadBattery":56,"aspiration:RitualStick":69,"Replay:Wanted Poster":91,"paleoftheancients:Timepiece":131,"theForsaken:HumbleEgg":75,"Replay:Bandana":116,"Nunchaku":143,"Shuriken":83,"paleoftheancients:SoulOfTheWokeBloke":139,"RollingBoulder":32,"CultistMask":131,"Toxic Egg 2":2,"Ring of the Snake":0}],"aspiration:RitualStick":[0],"Ring of the Snake":[64]},"card_choices":[{"not_picked":["Escape Plan","StuffTheSpire:Python"],"picked":"Tactician","floor":1},{"not_picked":["Blade Dance","StuffTheSpire:Python"],"picked":"Acrobatics","floor":3},{"not_picked":["Acrobatics+1","Toxin Wave+1"],"picked":"Backflip+1","floor":5},{"not_picked":["Outmaneuver+1","Eviscerate"],"picked":"ReplayTheSpireMod:Speed Training+1","floor":6},{"not_picked":["Accuracy","StuffTheSpire:Injection"],"picked":"Acrobatics+1","floor":7},{"not_picked":["Slice","Backflip+1"],"picked":"Prepared+1","floor":8},{"not_picked":["StuffTheSpire:Python+1","Infinite Blades"],"picked":"Backstab","floor":11},{"not_picked":["Masterful Stab","Replay:Poison Smokescreen+1"],"picked":"Hidden Blade+1","floor":12},{"not_picked":["Glass Knife","Hidden Blade+1"],"picked":"Backflip+1","floor":14},{"not_picked":["ReplayTheSpireMod:From All Sides","Grand Finale"],"picked":"Storm of Steel+1","floor":16},{"not_picked":["Heel Hook","Riddle With Holes","Setup+1"],"picked":"SKIP","floor":18},{"not_picked":["Toxin Wave+1","Sucker Punch","Quick Slash"],"picked":"SKIP","floor":20},{"not_picked":["StuffTheSpire:Fury+1","Flying Knee","Predator"],"picked":"SKIP","floor":21},{"not_picked":["Deflect+1","Outmaneuver+1"],"picked":"Finisher","floor":27},{"not_picked":["Outmaneuver+1","Eviscerate"],"picked":"Underhanded Strike+1","floor":28},{"not_picked":["Toxin Wave+1","After Image"],"picked":"StuffTheSpire:DoubleShiv+1","floor":29},{"not_picked":["Poisoned Stab+1","Cloak And Dagger+1"],"picked":"Blade Dance+1","floor":31},{"not_picked":["ReplayTheSpireMod:From All Sides","After Image"],"picked":"Storm of Steel+1","floor":33},{"not_picked":["Backflip+1","Underhanded Strike+1"],"picked":"Dagger Throw+1","floor":35},{"not_picked":["Masterful Stab","Caltrops"],"picked":"Deflect+1","floor":37},{"not_picked":["Sucker Punch+1","Deadly Poison+1"],"picked":"Dagger Throw+1","floor":38},{"not_picked":["Cloak And Dagger+1","Underhanded Strike+1"],"picked":"Leg Sweep+1","floor":39},{"not_picked":["Calculated Gamble+1","Venomology+1"],"picked":"Prepared+1","floor":41},{"not_picked":["Outmaneuver+1","Choke","Bullet Time+1"],"picked":"SKIP","floor":42},{"not_picked":["Deflect+1","PiercingWail+1"],"picked":"Backflip+1","floor":45},{"not_picked":["Poisoned Stab+1","InfectiousVector+1"],"picked":"conspire:DoublingDagger+1","floor":46},{"not_picked":["Masterful Stab","Doppelganger+1","Dagger Spray+1"],"picked":"SKIP","floor":48},{"not_picked":["conspire:PoisonWeapons+1","ShadowRift"],"picked":"Hidden Blade+1","floor":51},{"not_picked":["Dash","Draining Mist+1"],"picked":"Flying Knee+1","floor":52},{"not_picked":["InfectiousVector+1","StuffTheSpire:Python+1"],"picked":"StuffTheSpire:DoubleShiv+1","floor":56}],"player_experience":1637284,"relics_obtained":[{"floor":5,"key":"Ancient Tea Set"},{"floor":6,"key":"Darkstone Periapt"},{"floor":9,"key":"RollingBoulder"},{"floor":26,"key":"Bag of Preparation"},{"floor":27,"key":"theForsaken:HumbleEgg"},{"floor":29,"key":"Shuriken"},{"floor":42,"key":"ReplayFunnel"},{"floor":43,"key":"Replay:Bandana"},{"floor":51,"key":"paleoftheancients:SoulOfTheWokeBloke"}],"event_choices":[{"cards_removed":["Strike_G"],"damage_healed":0,"gold_gain":0,"player_choice":"Gave Gold","damage_taken":0,"max_hp_gain":0,"max_hp_loss":0,"event_name":"Beggar","floor":24,"gold_loss":75},{"damage_healed":0,"gold_gain":0,"player_choice":"Bought 0 Potions","damage_taken":0,"max_hp_gain":0,"max_hp_loss":0,"event_name":"The Woman in Blue","floor":36,"gold_loss":0},{"cards_removed":["Strike_G"],"damage_healed":0,"gold_gain":0,"player_choice":"Offered Basic","damage_taken":0,"max_hp_gain":0,"max_hp_loss":0,"event_name":"Bonfire Elementals","floor":47,"gold_loss":0},{"damage_healed":0,"gold_gain":0,"player_choice":"Upgraded","damage_taken":0,"max_hp_gain":0,"max_hp_loss":0,"event_name":"Upgrade Shrine","floor":53,"gold_loss":0,"cards_upgraded":["Survivor"]}],"is_beta":false,"boss_relics":[{"not_picked":["StuffTheSpire:Kangaroo","aspiration:SecretTechniqueScroll"],"picked":"energizedSpire:DeadBattery"},{"not_picked":["conspire:SlowCooker","Snecko Heart"],"picked":"Replay:Wanted Poster"}],"items_purged_floors":[19,58],"is_endless":false,"potions_floor_spawned":[1,5,6,11,14,20,21,27,31,41,42,46,48,52,60],"ascension_level":15}}