{"host":"sz8c8ni79nvzjmmg","time":1607607426,"event":{"gold_per_floor":[117,167,183,194,27,27,61,61,61,79,79,79,79,91,91,168,168,128,128],"floor_reached":18,"playtime":689,"items_purged":[],"score":320,"play_id":"ae4d5736-7bf3-4b70-a89b-acf70139bdc8","local_time":"20201210223706","is_ascension_mode":true,"campfire_choices":[{"data":"Acrobatics","floor":6.0,"key":"SMITH"},{"data":"Inflame","floor":11,"key":"SMITH"},{"floor":13,"key":"REST"},{"data":"Self Repair","floor":15,"key":"SMITH"}],"neow_cost":"TEN_PERCENT_HP_LOSS","seed_source_timestamp":6531701041200,"circlet_count":0,"master_deck":["AscendersBane","Strike_G","Strike_G+1","Strike_G","Strike_G","Strike_G+1","Defend_G","Defend_G","Defend_G","Defend_G+1","Defend_G","Survivor","Neutralize+1","Acrobatics+1","Endless Agony","Inflame+1","Self Repair+1","Demon Form"],"special_seed":0,"relics":["Ring of the Snake","Mango","PrismaticShard","Whetstone","InkBottle","Runic Pyramid"],"potions_floor_usage":[7,7,14,16],"damage_taken":[{"damage":1.0,"enemies":"Cultist","floor":1.0,"turns":4.0},{"damage":7.0,"enemies":"Small Slimes","floor":3.0,"turns":5.0},{"damage":0.0,"enemies":"2 Louse","floor":4.0,"turns":4.0},{"damage":23,"enemies":"3 Sentries","floor":7,"turns":12},{"damage":6,"enemies":"Looter","floor":10,"turns":4},{"damage":1,"enemies":"2 Fungi Beasts","floor":14,"turns":3},{"damage":49,"enemies":"The Guardian","floor":16,"turns":20},{"damage":11,"enemies":"2 Thieves","floor":18,"turns":2}],"seed_played":"565135779964308631","potions_obtained":[{"floor":3.0,"key":"Poison Potion"},{"floor":4.0,"key":"SkillPotion"},{"floor":7,"key":"LiquidMemories"},{"floor":10,"key":"AttackPotion"}],"is_trial":false,"path_per_floor":["M","?","M","M","$","R","E","?","T","M","R","?","R","M","R","B",null,"M"],"character_chosen":"THE_SILENT","items_purchased":["PrismaticShard"],"campfire_rested":1,"item_purchase_floors":[5],"current_hp_per_floor":[72,65,58,58,58,58,35,59,59,53,53,31,53,52,52,13,59,48,48],"gold":128,"neow_bonus":"ONE_RARE_RELIC","is_prod":false,"is_daily":false,"chose_seed":false,"campfire_upgraded":3,"win_rate":0,"timestamp":1607607426,"path_taken":["M","?","M","?","$","R","E","?","T","M","R","?","R","M","R","BOSS","M"],"build_version":"2020-11-30","purchased_purges":0,"victory":false,"max_hp_per_floor":[74,74,74,74,74,74,74,74,74,74,74,74,74,74,74,74,74,74,74],"card_choices":[{"not_picked":["Reflex","Sucker Punch"],"picked":"Acrobatics","floor":1.0},{"not_picked":["Slice","Expertise"],"picked":"Endless Agony","floor":3.0},{"not_picked":["Deflect","Prepared","Slice"],"picked":"SKIP","floor":4.0},{"not_picked":["Melter","Seeing Red","Fission"],"picked":"SKIP","floor":7},{"not_picked":["Flex","Pummel"],"picked":"Inflame","floor":10},{"not_picked":["Poisoned Stab","Flex"],"picked":"Self Repair","floor":14},{"not_picked":["Blasphemy","Corruption"],"picked":"Demon Form","floor":16}],"player_experience":1188325,"relics_obtained":[{"floor":7,"key":"Whetstone"},{"floor":9,"key":"InkBottle"}],"event_choices":[{"damage_healed":0.0,"max_hp_gain":0.0,"max_hp_loss":0.0,"gold_gain":50.0,"event_name":"FaceTrader","player_choice":"Touch","floor":2.0,"gold_loss":0.0,"damage_taken":7.0},{"damage_healed":24,"gold_gain":0,"player_choice":"Banana","damage_taken":0,"max_hp_gain":0,"max_hp_loss":0,"event_name":"Big Fish","floor":8,"gold_loss":0},{"damage_healed":0,"gold_gain":0,"player_choice":"Entered Light","damage_taken":22,"max_hp_gain":0,"max_hp_loss":0,"event_name":"Shining Light","floor":12,"gold_loss":0,"cards_upgraded":["Defend_G","Strike_G"]}],"is_beta":false,"boss_relics":[{"not_picked":["HoveringKite","Sozu"],"picked":"Runic Pyramid"}],"items_purged_floors":[],"is_endless":false,"potions_floor_spawned":[3,4,7,10],"killed_by":"2 Thieves","ascension_level":20}}