{"host":"1m3dfme8k5w8sg4k","time":1607635183,"event":{"mods":["BaseMod","AchievementEnabler","Colored Map","Colored Powertips","Minty Spire (QoL Compilation)","Random Character Button","Random Character Mod","Relic Stats","StSLib","everything is the same but u backflip on backflip"],"gold_per_floor":[115,115,135,149,149,149,160,235,235,264,4,4,29,42,42,141,141,160,176,211,211,111,111,130,158,158,128,128,145,475,106,106,209,209,224,244,14,26,71,71,104,104,157,183,93,111,111,52,52,52,52,52,13,43,43],"floor_reached":56,"playtime":2583,"items_purged":["Strike_G","Shame","Grand Finale","Expertise"],"score":1501,"play_id":"3a52a4e7-6e7b-4b5a-b4d7-5d3fa3b071f9","local_time":"20201210161943","is_ascension_mode":false,"campfire_choices":[{"data":"Neutralize","floor":6.0,"key":"SMITH"},{"floor":12.0,"key":"REST"},{"data":"Crippling Poison","floor":15.0,"key":"SMITH"},{"data":"Phantasmal Killer","floor":23.0,"key":"SMITH"},{"data":"Footwork","floor":28.0,"key":"SMITH"},{"data":"Apotheosis","floor":32,"key":"SMITH"},{"floor":40,"key":"REST"},{"floor":47,"key":"REST"},{"floor":49,"key":"RECALL"},{"data":"Footwork","floor":52,"key":"SMITH"}],"circlet_count":0,"master_deck":["Survivor","Neutralize+1","Calculated Gamble","PiercingWail+1","Riddle With Holes+1","Poisoned Stab","Accuracy","Crippling Poison+1","Corpse Explosion","Blade Dance","Glass Knife","Phantasmal Killer+1","Flechettes+1","After Image","Bane+1","Blade Dance","Cloak And Dagger","Backflip","Footwork+1","Dagger Spray+1","Backflip+1","Apotheosis+1","Noxious Fumes","Storm of Steel","Dash+1","Leg Sweep","Well Laid Plans+1","Acrobatics+1","Tactician+1","Thinking Ahead","Sadistic Nature","Footwork+1","Footwork","Footwork","Deflect","Infinite Blades","Cloak And Dagger+1"],"special_seed":0,"relics":["Black Star","Torii","Mummified Hand","War Paint","Gremlin Horn","Orichalcum","Bronze Scales","Nunchaku","Pandora\u0027s Box","Red Mask","Bag of Marbles","Akabeko","Molten Egg 2","Ice Cream","Old Coin","StoneCalendar","SlaversCollar","Membership Card","Unceasing Top","Kunai","Ninja Scroll","TungstenRod","Singing Bowl","TwistedFunnel","Bottled Tornado","Whetstone"],"acts_visited":["Exordium","TheCity","TheBeyond","TheEnding"],"potions_floor_usage":[39,54,55,55],"damage_taken":[{"damage":3.0,"enemies":"2 Louse","floor":1.0,"turns":3.0},{"damage":0.0,"enemies":"Small Slimes","floor":3.0,"turns":4.0},{"damage":9.0,"enemies":"Jaw Worm","floor":4.0,"turns":6.0},{"damage":1.0,"enemies":"Looter","floor":7.0,"turns":4.0},{"damage":3.0,"enemies":"Lagavulin","floor":10.0,"turns":9.0},{"damage":3.0,"enemies":"3 Sentries","floor":13.0,"turns":5.0},{"damage":2.0,"enemies":"3 Louse","floor":14.0,"turns":3.0},{"damage":31.0,"enemies":"Slime Boss","floor":16.0,"turns":12.0},{"damage":9.0,"enemies":"2 Thieves","floor":18.0,"turns":3.0},{"damage":0.0,"enemies":"3 Byrds","floor":19.0,"turns":3.0},{"damage":1.0,"enemies":"Masked Bandits","floor":20.0,"turns":3.0},{"damage":0.0,"enemies":"Cultist and Chosen","floor":24.0,"turns":4.0},{"damage":0.0,"enemies":"Slavers","floor":25.0,"turns":1.0},{"damage":0.0,"enemies":"3 Cultists","floor":29.0,"turns":3.0},{"damage":0.0,"enemies":"Gremlin Leader","floor":30.0,"turns":4.0},{"damage":10,"enemies":"Automaton","floor":33,"turns":7},{"damage":0,"enemies":"3 Darklings","floor":35,"turns":1},{"damage":12,"enemies":"3 Shapes","floor":36,"turns":1},{"damage":15,"enemies":"Jaw Worm Horde","floor":38,"turns":3},{"damage":18,"enemies":"2 Orb Walkers","floor":39,"turns":3},{"damage":11,"enemies":"Giant Head","floor":41,"turns":7},{"damage":1,"enemies":"Reptomancer","floor":44,"turns":4},{"damage":5,"enemies":"Spire Growth","floor":46,"turns":2},{"damage":0,"enemies":"Donu and Deca","floor":50,"turns":5},{"damage":0,"enemies":"Shield and Spear","floor":54,"turns":3},{"damage":29,"enemies":"The Heart","floor":55,"turns":9}],"seed_played":"-9172323021296555989","potions_obtained":[{"floor":1.0,"key":"Dexterity Potion"},{"floor":4.0,"key":"Ancient Potion"},{"floor":10.0,"key":"Fire Potion"},{"floor":13.0,"key":"SkillPotion"},{"floor":18.0,"key":"Fire Potion"},{"floor":24.0,"key":"Fire Potion"},{"floor":27.0,"key":"Dexterity Potion"},{"floor":27.0,"key":"Poison Potion"},{"floor":29.0,"key":"AttackPotion"},{"floor":39,"key":"Fruit Juice"},{"floor":44,"key":"Fire Potion"},{"floor":46,"key":"DistilledChaos"}],"is_trial":false,"path_per_floor":["M","?","M","M","?","R","M","?","T","E","$","R","E","M","R","B",null,"M","M","?","?","$","R","M","E","T","?","R","M","E","$","R","B",null,"M","M","$","M","?","R","E","?","T","E","$","M","R","$","R","B",null,"R","$","E","B",null],"character_chosen":"THE_SILENT","items_purchased":["Accuracy","Orichalcum","Apotheosis","Noxious Fumes","Membership Card","Footwork","TwistedFunnel","Footwork","Deflect","Infinite Blades"],"campfire_rested":3,"item_purchase_floors":[11,11,31,31,37,45,45,48,48,53],"current_hp_per_floor":[67,60,60,51,51,51,50,39,39,36,36,57,54,52,52,21,70,61,61,60,60,60,60,60,60,60,60,60,60,60,60,60,50,70,70,58,58,43,30,52,41,31,31,32,32,27,50,50,50,50,77,77,77,77,48],"gold":43,"neow_bonus":"BOSS_RELIC","is_daily":false,"chose_seed":false,"campfire_upgraded":6,"win_rate":0,"timestamp":1607635183,"path_taken":["M","?","M","M","?","R","M","?","T","E","?","R","E","M","R","BOSS","M","M","?","?","$","R","?","E","T","?","R","M","E","$","R","BOSS","M","M","?","M","?","R","E","?","T","E","$","M","R","$","R","BOSS","R","$","E","BOSS"],"build_version":"2020-11-30","purchased_purges":4,"victory":true,"max_hp_per_floor":[70,70,70,70,70,70,70,70,70,70,70,70,70,70,70,70,70,70,70,70,70,70,70,70,70,70,70,70,70,70,70,70,70,70,70,70,70,70,75,75,75,75,75,77,77,77,77,77,77,77,77,77,77,77,77],"relic_stats":{"Torii":47,"Gremlin Horn":[27,27],"Singing Bowl":2,"counters":[26,112],"StoneCalendar":[52],"Whetstone":["Bane","Flechettes"],"War Paint":["PiercingWail","Defend_G"],"Orichalcum":[168],"Nunchaku":[25],"Mummified Hand":[68],"Bronze Scales":[254],"Pandora\u0027s Box":["Expertise","Blade Dance","Glass Knife","Grand Finale","Phantasmal Killer","Flechettes","After Image","Bane","Blade Dance"],"Black Star":7,"Kunai":[21],"obtain_stats":[{"Ice Cream":26,"TwistedFunnel":45,"Torii":2,"Gremlin Horn":10,"Singing Bowl":44,"StoneCalendar":30,"Whetstone":54,"Bottled Tornado":54,"Old Coin":30,"Nunchaku":13,"Mummified Hand":9,"Ninja Scroll":41,"Red Mask":20,"Kunai":41,"Ring of the Snake":0,"War Paint":10,"Orichalcum":11,"Akabeko":25,"SlaversCollar":34,"Bronze Scales":13,"Pandora\u0027s Box":17,"Molten Egg 2":25,"Black Star":0,"Bag of Marbles":21,"Membership Card":37,"Unceasing Top":39,"TungstenRod":44},{"Ice Cream":13,"TwistedFunnel":22,"Torii":1,"Gremlin Horn":5,"Singing Bowl":22,"StoneCalendar":15,"Whetstone":25,"Bottled Tornado":25,"Old Coin":15,"Nunchaku":6,"Mummified Hand":4,"Ninja Scroll":21,"Red Mask":11,"Kunai":21,"Ring of the Snake":0,"War Paint":5,"Orichalcum":5,"Akabeko":13,"SlaversCollar":16,"Bronze Scales":6,"Pandora\u0027s Box":8,"Molten Egg 2":13,"Black Star":0,"Bag of Marbles":11,"Membership Card":18,"Unceasing Top":20,"TungstenRod":22},{"Ice Cream":60,"TwistedFunnel":93,"Torii":3,"Gremlin Horn":26,"Singing Bowl":93,"StoneCalendar":67,"Whetstone":103,"Bottled Tornado":103,"Old Coin":67,"Nunchaku":31,"Mummified Hand":17,"Ninja Scroll":89,"Red Mask":55,"Kunai":89,"Ring of the Snake":0,"War Paint":26,"Orichalcum":26,"Akabeko":60,"SlaversCollar":74,"Bronze Scales":31,"Pandora\u0027s Box":46,"Molten Egg 2":60,"Black Star":0,"Bag of Marbles":55,"Membership Card":76,"Unceasing Top":82,"TungstenRod":93}],"Unceasing Top":[18],"TungstenRod":14},"card_choices":[{"not_picked":["Eviscerate","Setup"],"picked":"Calculated Gamble","floor":1.0},{"not_picked":["Accuracy","Concentrate"],"picked":"PiercingWail","floor":3.0},{"not_picked":["Underhanded Strike","Dodge and Roll"],"picked":"Riddle With Holes","floor":4.0},{"not_picked":["Flying Knee","Acrobatics","Masterful Stab"],"picked":"SKIP","floor":7.0},{"not_picked":["PiercingWail","Blur"],"picked":"Poisoned Stab","floor":10.0},{"not_picked":["Deflect","Poisoned Stab"],"picked":"Crippling Poison","floor":13.0},{"not_picked":["Dagger Throw","Underhanded Strike","Deflect"],"picked":"SKIP","floor":14.0},{"not_picked":["Glass Knife","Adrenaline"],"picked":"Corpse Explosion","floor":16.0},{"not_picked":["Acrobatics","Masterful Stab+1","Quick Slash"],"picked":"SKIP","floor":18.0},{"not_picked":["Bane","Quick Slash","Eviscerate"],"picked":"SKIP","floor":19.0},{"not_picked":["Masterful Stab","Poisoned Stab+1"],"picked":"Cloak And Dagger","floor":20.0},{"not_picked":["Dagger Throw+1","Blade Dance"],"picked":"Backflip","floor":24.0},{"not_picked":["Dodge and Roll+1","Blade Dance+1"],"picked":"Footwork","floor":25.0},{"not_picked":["Bane+1","Outmaneuver+1"],"picked":"Dagger Spray+1","floor":29.0},{"not_picked":["Corpse Explosion","Dodge and Roll"],"picked":"Backflip+1","floor":30.0},{"not_picked":["Glass Knife+1","Unload+1"],"picked":"Storm of Steel","floor":33},{"not_picked":["PiercingWail+1","Prepared+1"],"picked":"Dash+1","floor":35},{"not_picked":["Quick Slash+1","Prepared"],"picked":"Leg Sweep","floor":36},{"not_picked":["Poisoned Stab+1","Underhanded Strike+1"],"picked":"Well Laid Plans+1","floor":38},{"not_picked":["Deflect","Heel Hook+1"],"picked":"Acrobatics+1","floor":39},{"not_picked":["Blade Dance","Dodge and Roll"],"picked":"Tactician+1","floor":41},{"not_picked":["Good Instincts","Mind Blast+1"],"picked":"Thinking Ahead","floor":42},{"not_picked":["Purity","Magnetism"],"picked":"Sadistic Nature","floor":42},{"not_picked":["Deadly Poison","Dagger Throw+1","Expertise"],"picked":"Singing Bowl","floor":44},{"not_picked":["Deflect+1","Bane+1"],"picked":"Footwork","floor":46},{"not_picked":["Bouncing Flask+1","Finisher+1"],"picked":"Cloak And Dagger+1","floor":54}],"player_experience":1592190,"relics_obtained":[{"floor":9.0,"key":"Mummified Hand"},{"floor":10.0,"key":"War Paint"},{"floor":10.0,"key":"Gremlin Horn"},{"floor":13.0,"key":"Bronze Scales"},{"floor":13.0,"key":"Nunchaku"},{"floor":20.0,"key":"Red Mask"},{"floor":25.0,"key":"Akabeko"},{"floor":25.0,"key":"Molten Egg 2"},{"floor":26.0,"key":"Ice Cream"},{"floor":30.0,"key":"Old Coin"},{"floor":30.0,"key":"StoneCalendar"},{"floor":39,"key":"Unceasing Top"},{"floor":41,"key":"Kunai"},{"floor":41,"key":"Ninja Scroll"},{"floor":44,"key":"TungstenRod"},{"floor":44,"key":"Singing Bowl"},{"floor":54,"key":"Bottled Tornado"},{"floor":54,"key":"Whetstone"}],"event_choices":[{"damage_healed":0.0,"max_hp_gain":0.0,"max_hp_loss":0.0,"gold_gain":0.0,"event_name":"Scrap Ooze","player_choice":"Success","floor":2.0,"gold_loss":0.0,"damage_taken":7.0,"relics_obtained":["Torii"]},{"damage_healed":0.0,"max_hp_gain":0.0,"max_hp_loss":0.0,"gold_gain":0.0,"event_name":"Living Wall","player_choice":"Grow","floor":5.0,"gold_loss":0.0,"damage_taken":0.0,"cards_upgraded":["Riddle With Holes"]},{"damage_healed":0.0,"max_hp_gain":0.0,"max_hp_loss":0.0,"gold_gain":75.0,"event_name":"World of Goop","player_choice":"Gather Gold","floor":8.0,"gold_loss":0.0,"damage_taken":11.0},{"damage_healed":0.0,"max_hp_gain":0.0,"max_hp_loss":0.0,"gold_gain":0.0,"event_name":"Masked Bandits","player_choice":"Fought Bandits","floor":20.0,"gold_loss":0.0,"damage_taken":0.0},{"damage_healed":0.0,"max_hp_gain":0.0,"max_hp_loss":0.0,"gold_gain":0.0,"event_name":"Addict","player_choice":"Stole Relic","floor":21.0,"gold_loss":0.0,"damage_taken":0.0,"relics_obtained":["Bag of Marbles"],"cards_obtained":["Shame"]},{"damage_healed":0.0,"max_hp_gain":0.0,"max_hp_loss":0.0,"gold_gain":0.0,"event_name":"The Woman in Blue","player_choice":"Bought 2 Potions","floor":27.0,"gold_loss":0.0,"damage_taken":0.0},{"damage_healed":0,"gold_gain":0,"player_choice":"Fight","damage_taken":0,"max_hp_gain":0,"max_hp_loss":0,"event_name":"Mysterious Sphere","floor":39,"gold_loss":0},{"damage_healed":0,"gold_gain":0,"player_choice":"Memory 3","damage_taken":10,"max_hp_gain":0,"max_hp_loss":0,"event_name":"SensoryStone","floor":42,"gold_loss":0}],"is_beta":false,"boss_relics":[{"not_picked":["Astrolabe","Snecko Eye"],"picked":"Pandora\u0027s Box"},{"not_picked":["Philosopher\u0027s Stone","Runic Dome"],"picked":"SlaversCollar"}],"items_purged_floors":[11,22,31,37],"is_endless":false,"potions_floor_spawned":[1,4,10,13,18,24,29,39,44,46],"ascension_level":0}}