{"host":"t9ey1ebdrj6sa9fi","time":1607638055,"event":{"mods":["Act Like it!","Aspiration","BaseMod","Better Silent Start","Better Vampires","Colored Map","Colored Powertips","Gensokyo","Highlight Path","Koishi","Minty Spire (QoL Compilation)","Permanent Neow","Random Character Button","Spicy Shops","StSLib","SuperFastMode","The IronCluck","everything is the same but u backflip on backflip"],"gold_per_floor":[113,113,113,113,113,113,113,113,113,113,113,113,208,208,224,296,309,309,309],"floor_reached":18,"playtime":606,"items_purged":[],"score":227,"play_id":"9d6bbb6f-52fa-4df0-ac60-1c6158f87db9","local_time":"20201210230735","is_ascension_mode":false,"campfire_choices":[{"data":"Perseverance","floor":12,"key":"SMITH"}],"circlet_count":0,"master_deck":["Strike_P","Strike_P","Defend_P","Defend_P","Defend_P","Eruption","Vigilance","Perseverance+1","DevaForm","CutThroughFate","Evaluate+1"],"relics":["PureWater","aspiration:DSix","Tiny Chest","Strawberry","aspiration:RandomNobGenerator","aspiration:Nostalgia","Ring of the Snake"],"acts_visited":["Gensokyo:Gensokyo","TheCity"],"potions_floor_usage":[17],"damage_taken":[{"damage":0.0,"enemies":"Gensokyo:3_Fairies","floor":1.0,"turns":2.0},{"damage":4.0,"enemies":"Gensokyo:2_Kodama","floor":7.0,"turns":2.0},{"damage":0.0,"enemies":"Gensokyo:Gryphon","floor":9.0,"turns":1.0},{"damage":0.0,"enemies":"Gensokyo:Python_and_Kodama","floor":10.0,"turns":1.0},{"damage":0,"enemies":"Gensokyo:Reimu","floor":13,"turns":1},{"damage":0,"enemies":"Spheric Guardian","floor":15,"turns":1},{"damage":67,"enemies":"Shell Parasite","floor":17,"turns":5},{"damage":37,"enemies":"Centurion and Healer","floor":18,"turns":3}],"seed_played":"-2308667662129336838","potions_obtained":[{"floor":1.0,"key":"DuplicationPotion"},{"floor":15,"key":"PowerPotion"},{"floor":17,"key":"SteroidPotion"}],"is_trial":false,"path_per_floor":["M","?","?","?","T","?","M","?","M","M","$","R","B",null,"M","T","M","M"],"character_chosen":"WATCHER","items_purchased":[],"campfire_rested":0,"item_purchase_floors":[],"current_hp_per_floor":[72,65,65,62,62,32,28,52,52,52,52,52,52,79,79,79,12,0,0],"gold":309,"neow_bonus":"DSIX","is_daily":false,"chose_seed":false,"campfire_upgraded":1,"win_rate":0.0,"timestamp":1607638055,"path_taken":["M","?","?","?","?","?","?","?","M","M","$","R","BOSS","M","?","M","M"],"items_purchased_type":[],"build_version":"2020-11-30","purchased_purges":0,"victory":false,"max_hp_per_floor":[72,72,72,79,79,79,79,79,79,79,79,79,79,79,79,79,79,79,79],"card_choices":[{"not_picked":["WindmillStrike","ClearTheMind"],"picked":"Perseverance","floor":1.0},{"not_picked":["InnerPeace","Halt","Consecrate"],"picked":"SKIP","floor":7.0},{"not_picked":["Evaluate","BowlingBash","Indignation"],"picked":"SKIP","floor":9.0},{"not_picked":["BowlingBash","CutThroughFate","Evaluate"],"picked":"SKIP","floor":10},{"not_picked":["Scrawl","Judgement"],"picked":"DevaForm","floor":13},{"not_picked":["FlyingSleeves+1","Evaluate+1"],"picked":"CutThroughFate","floor":15},{"not_picked":["Halt","EmptyBody"],"picked":"Evaluate+1","floor":17}],"player_experience":61193,"relics_obtained":[{"floor":16,"key":"aspiration:Nostalgia"}],"event_choices":[],"is_beta":false,"boss_relics":[{"not_picked":["Tiny House","Ectoplasm"],"picked":"aspiration:RandomNobGenerator"}],"items_purged_floors":[],"is_endless":false,"potions_floor_spawned":[1,7,9,15,17],"killed_by":"Centurion and Healer","ascension_level":0}}