{"host":"mi1ox2k6wy3juh8w","time":1607589539,"event":{"gold_per_floor":[110,35,35,135,146,173,184,184,184,204,223,241,264,281,281,281,281],"floor_reached":16,"playtime":359,"items_purged":["Strike_P"],"score":187,"play_id":"6709055f-37b2-4c69-aae5-e6c35de937a9","local_time":"20201210173859","is_ascension_mode":true,"campfire_choices":[{"data":"Eruption","floor":8,"key":"SMITH"},{"data":"InnerPeace","floor":15,"key":"SMITH"}],"neow_cost":"NONE","seed_source_timestamp":15851177909000,"circlet_count":0,"master_deck":["Strike_P","Strike_P","Strike_P","Defend_P","Defend_P","Defend_P","Defend_P","Eruption+1","Vigilance","CrushJoints","Indignation","InnerPeace+1"],"special_seed":0,"relics":["PureWater","NeowsBlessing","Lizard Tail","Dead Branch","Art of War"],"potions_floor_usage":[11,14,16,16],"damage_taken":[{"damage":0.0,"enemies":"Jaw Worm","floor":1.0,"turns":1.0},{"damage":0,"enemies":"Cultist","floor":5,"turns":1},{"damage":0,"enemies":"Gremlin Nob","floor":6,"turns":1},{"damage":1,"enemies":"2 Louse","floor":7,"turns":2},{"damage":35,"enemies":"Lots of Slimes","floor":10,"turns":3},{"damage":1,"enemies":"2 Fungi Beasts","floor":11,"turns":2},{"damage":4,"enemies":"Large Slime","floor":12,"turns":3},{"damage":50,"enemies":"Gremlin Gang","floor":14,"turns":4},{"damage":21,"enemies":"The Guardian","floor":16,"turns":9}],"seed_played":"-1857718731766241314","potions_obtained":[{"floor":5,"key":"SteroidPotion"},{"floor":7,"key":"Swift Potion"},{"floor":10,"key":"GamblersBrew"},{"floor":14,"key":"FearPotion"}],"is_trial":false,"path_per_floor":["M","$","?","?","M","E","M","R","T","M","M","M","T","M","R","B"],"character_chosen":"WATCHER","items_purchased":[],"campfire_rested":0,"item_purchase_floors":[],"current_hp_per_floor":[65,65,65,65,65,65,64,64,64,29,28,24,24,21,21,0,0],"gold":281,"neow_bonus":"THREE_ENEMY_KILL","is_prod":false,"is_daily":false,"chose_seed":false,"campfire_upgraded":2,"win_rate":0,"timestamp":1607589539,"path_taken":["M","$","?","?","?","E","M","R","T","M","M","M","?","M","R","BOSS"],"build_version":"2020-11-30","purchased_purges":1,"victory":false,"max_hp_per_floor":[72,72,72,72,72,72,72,72,72,72,72,72,72,72,72,72,72],"card_choices":[{"not_picked":["FlurryOfBlows","WaveOfTheHand","FollowUp"],"picked":"SKIP","floor":1.0},{"not_picked":["ClearTheMind","EmptyFist"],"picked":"CrushJoints","floor":5},{"not_picked":["Conclude","PathToVictory"],"picked":"Indignation","floor":6},{"not_picked":["Prostrate","ThirdEye","PathToVictory"],"picked":"SKIP","floor":7},{"not_picked":["FlyingSleeves","Perseverance","JustLucky"],"picked":"SKIP","floor":10},{"not_picked":["Crescendo","WreathOfFlame","ForeignInfluence"],"picked":"SKIP","floor":11},{"not_picked":["FlyingSleeves","Conclude"],"picked":"InnerPeace","floor":12},{"not_picked":["Conclude","Nirvana","JustLucky"],"picked":"SKIP","floor":14}],"player_experience":237754,"relics_obtained":[{"floor":6,"key":"Lizard Tail"},{"floor":9,"key":"Dead Branch"},{"floor":13,"key":"Art of War"}],"event_choices":[{"damage_healed":0,"gold_gain":0,"player_choice":"Leave","damage_taken":0,"max_hp_gain":0,"max_hp_loss":0,"event_name":"The Cleric","floor":3,"gold_loss":0},{"damage_healed":0,"gold_gain":100,"player_choice":"Pray","damage_taken":0,"max_hp_gain":0,"max_hp_loss":0,"event_name":"Golden Shrine","floor":4,"gold_loss":0}],"is_beta":false,"boss_relics":[],"items_purged_floors":[2],"is_endless":false,"potions_floor_spawned":[5,7,10,14],"killed_by":"The Guardian","ascension_level":9}}