{"host":"42cupnu8eddj962x","time":1607578245,"event":{"gold_per_floor":[116,116,134,154,173,173,199,213,213,213,213],"floor_reached":10,"playtime":427,"items_purged":[],"score":114,"play_id":"70e6b863-dd18-4326-a385-69e18bc649ba","local_time":"20201210133045","is_ascension_mode":true,"campfire_choices":[{"data":"SuperhumanBloodyKnife","floor":6,"key":"SMITH"}],"neow_cost":"NONE","seed_source_timestamp":20092639268500,"circlet_count":0,"master_deck":["Strike_RM","Strike_RM","Strike_RM","Strike_RM","Defend_RM","Defend_RM","Defend_RM","Defend_RM","RedMoon","ScarletShoot","ReincarnationDial+1","UltimateOffering","MiserableFate","EndlessAdversity","SuperhumanBloodyKnife+1","RedRainbow","ForbiddenFruit"],"relics":["ScarletHat","Boot","RedBat"],"potions_floor_usage":[],"damage_taken":[{"damage":0,"enemies":"Cultist","floor":1,"turns":3},{"damage":0,"enemies":"2 Louse","floor":3,"turns":4},{"damage":38,"enemies":"Jaw Worm","floor":4,"turns":3},{"damage":0,"enemies":"2 Fungi Beasts","floor":5,"turns":2},{"damage":0,"enemies":"Gremlin Nob","floor":7,"turns":2},{"damage":7,"enemies":"Large Slime","floor":8,"turns":4},{"damage":38,"enemies":"3 Sentries","floor":10,"turns":4}],"seed_played":"2781557578460565461","potions_obtained":[{"floor":4,"key":"Strength Potion"},{"floor":5,"key":"PowerPotion"},{"floor":7,"key":"FearPotion"}],"is_trial":false,"path_per_floor":["M","?","M","M","M","R","E","M","T","E"],"character_chosen":"REMILIA","items_purchased":[],"campfire_rested":0,"item_purchase_floors":[],"current_hp_per_floor":[75,75,75,37,37,37,38,31,31,0,0],"gold":213,"neow_bonus":"THREE_CARDS","is_prod":false,"is_daily":false,"chose_seed":false,"campfire_upgraded":1,"win_rate":0,"timestamp":1607578245,"path_taken":["M","?","M","M","M","R","E","?","T","E"],"build_version":"2020-11-30","purchased_purges":0,"victory":false,"max_hp_per_floor":[75,75,75,75,75,75,75,75,75,75,75],"card_choices":[{"not_picked":["FavorOfDestiny","VampireFantasy"],"picked":"ReincarnationDial","floor":0},{"not_picked":["ScarletDevil","FavorOfDestiny"],"picked":"UltimateOffering","floor":1},{"not_picked":["UnstableMagic","VampireFantasy"],"picked":"MiserableFate","floor":3},{"not_picked":["NightDance","CharismaGuard"],"picked":"EndlessAdversity","floor":4},{"not_picked":["VampireFantasy","HellCatastrophe"],"picked":"SuperhumanBloodyKnife","floor":5},{"not_picked":["MiserableFate","ScarletDevil"],"picked":"RedRainbow","floor":7},{"not_picked":["NightDance","VampireFantasy"],"picked":"ForbiddenFruit","floor":8}],"player_experience":36374,"relics_obtained":[{"floor":7,"key":"Boot"},{"floor":9,"key":"RedBat"}],"event_choices":[{"damage_healed":0,"gold_gain":0,"player_choice":"Upgraded","damage_taken":0,"max_hp_gain":0,"max_hp_loss":0,"event_name":"Upgrade Shrine","floor":2,"gold_loss":0,"cards_upgraded":["ReincarnationDial"]}],"is_beta":false,"boss_relics":[],"items_purged_floors":[],"is_endless":false,"potions_floor_spawned":[4,5,7,8],"killed_by":"3 Sentries","ascension_level":4}}