{"host":"z6c1sol8rulx2ubz","time":1607625254,"event":{"mods":["BaseMod","Act Like it!","StSLib","Better Note","Wandering Minibosses","Minty Spire (QoL Compilation)","Better Third Choice","Rare Cards Sparkle","AchievementEnabler","Hubris","Quick Restart","Reorder Act Four","Gold Saver","Downfall","Elementarium","Hallownest","The Cursed","Hermit","The Animator","Infinite Spire","Jorbs\u0027s Wanderer Trilogy","Potionbrewer","The Bug Knight","The Necromancer"],"gold_per_floor":[113,113,132,0,0,31,42,70,70,105,122,142,142,155,155,253,253,269,269,282,299,311,311,311,311,311,311,324,342,376,396,396,491,491,510,520,520,533,533,558,538,565,565,575,575,585,635,668,668,771,771,781,784,254,254,128,128,140,168,220,238,255,255,285,299,299,400,400,409,421,421,421,421,452,452,395,446,446,446,472,490,516,516,611,611,618,630,641,649,649,675,736,725,725],"floor_reached":93,"playtime":3516,"items_purged":[],"score":2119,"play_id":"dba36ef6-4aa3-44ca-8dbb-a8f6ac1a61e3","local_time":"20201210183414","is_ascension_mode":true,"campfire_choices":[{"floor":15.0,"key":"REST"},{"floor":23.0,"key":"REST"},{"floor":25.0,"key":"RECALL"},{"data":"Envenom","floor":32.0,"key":"SMITH"},{"floor":45.0,"key":"REST"},{"floor":49.0,"key":"REST"},{"floor":63.0,"key":"REST"},{"floor":66.0,"key":"REST"},{"data":"Burst","floor":75.0,"key":"SMITH"},{"floor":78,"key":"REST"},{"data":"infinitespire:Collect","floor":83,"key":"SMITH"}],"circlet_count":0,"master_deck":["Strike_G","Strike_G","Defend_G","Defend_G","Defend_G","Defend_G","Defend_G","Survivor","Neutralize","Deadly Poison","infinitespire:Neurotoxin+1","Blade Dance","Infinite Blades","Catalyst","Envenom+1","Blade Dance","infinitespire:SevenWalls+1","Predator+1","Cloak And Dagger+1","hermit:Glare","Flying Knee+1","Crippling Poison+1","Blade Dance","Corpse Explosion","CurseOfTheBell","hubris:Rewind+1","Quick Slash+1","infinitespire:Gouge+1","Bouncing Flask+1","Blade Dance+1","Storm of Steel","Adrenaline","infinitespire:Collect+1","Burst+1","Dagger Spray+1","hubris:DuctTapeCard","Flying Knee+1","Flying Knee+1","Dagger Spray+1"],"special_seed":0,"relics":["Ring of the Snake","NeowsBlessing","hubris:SphereOfDissonance","Smiling Mask","Bottled Lightning","Pear","hubris:HollowSoul","HoveringKite","Molten Egg 2","Peace Pipe","infinitespire:PuzzleCube","Calling Bell","Art of War","potionbrewer:SlideRule","infinitespire:Joker Card","infinitespire:Lucky Rock","StrikeDummy","infinitespire:Beetle Shell","The Courier","hubris:Zylophone","Paper Crane","Chemical X","hubris:DuctTape","infinitespire:BottledMercury","Lantern","FossilizedHelix","hubris:Spice","hubris:AncientText","SlaversCollar","infinitespire:Satchel","Toy Ornithopter","MealTicket"],"acts_visited":["Hallownest:CityofTears","Hallownest:KingdomsEdge"],"potions_floor_usage":[93,93],"damage_taken":[{"damage":0.0,"enemies":"Small Slimes","floor":1.0,"turns":1.0},{"damage":0.0,"enemies":"2 Louse","floor":3.0,"turns":1.0},{"damage":0.0,"enemies":"Lagavulin","floor":6.0,"turns":2.0},{"damage":0.0,"enemies":"Cultist","floor":7.0,"turns":3.0},{"damage":34.0,"enemies":"3 Sentries","floor":8.0,"turns":10.0},{"damage":9.0,"enemies":"HollowMod:MossKnight","floor":10.0,"turns":4.0},{"damage":2.0,"enemies":"Blue Slaver","floor":11.0,"turns":2.0},{"damage":5.0,"enemies":"Exordium Thugs","floor":12.0,"turns":2.0},{"damage":7.0,"enemies":"Large Slime","floor":14.0,"turns":4.0},{"damage":36.0,"enemies":"The Guardian","floor":16.0,"turns":6.0},{"damage":5.0,"enemies":"3 Byrds","floor":18.0,"turns":3.0},{"damage":15.0,"enemies":"Chosen and Byrds","floor":20.0,"turns":4.0},{"damage":10.0,"enemies":"Snecko","floor":21.0,"turns":3.0},{"damage":10.0,"enemies":"Cultist and Chosen","floor":22.0,"turns":3.0},{"damage":0.0,"enemies":"Snake Plant","floor":28.0,"turns":2.0},{"damage":0.0,"enemies":"Snecko","floor":29.0,"turns":3.0},{"damage":9.0,"enemies":"Nightmare","floor":30.0,"turns":3.0},{"damage":0.0,"enemies":"Shelled Parasite and Fungi","floor":31.0,"turns":2.0},{"damage":50.0,"enemies":"Champ","floor":33.0,"turns":6.0},{"damage":0.0,"enemies":"3 Darklings","floor":35.0,"turns":1.0},{"damage":12.0,"enemies":"3 Shapes","floor":36.0,"turns":2.0},{"damage":0.0,"enemies":"Maw","floor":38.0,"turns":4.0},{"damage":0.0,"enemies":"Giant Head","floor":40.0,"turns":5.0},{"damage":24.0,"enemies":"Nightmare","floor":42.0,"turns":4.0},{"damage":27.0,"enemies":"Jaw Worm Horde","floor":44.0,"turns":4.0},{"damage":0.0,"enemies":"Writhing Mass","floor":46.0,"turns":1.0},{"damage":27.0,"enemies":"2 Orb Walkers","floor":47.0,"turns":5.0},{"damage":13.0,"enemies":"Giant Head","floor":48.0,"turns":2.0},{"damage":21.0,"enemies":"infinitespire:MassOfShapes","floor":50.0,"turns":2.0},{"damage":0.0,"enemies":"Jaw Worm","floor":52.0,"turns":1.0},{"damage":10.0,"enemies":"2 Louse","floor":53.0,"turns":2.0},{"damage":0.0,"enemies":"Cultist","floor":58.0,"turns":1.0},{"damage":0.0,"enemies":"Gremlin Nob","floor":59.0,"turns":1.0},{"damage":0.0,"enemies":"Gremlin Gang","floor":61.0,"turns":1.0},{"damage":79.0,"enemies":"Nightmare_Alpha","floor":62.0,"turns":3.0},{"damage":0.0,"enemies":"Gremlin Nob","floor":64.0,"turns":1.0},{"damage":0.0,"enemies":"3 Louse","floor":65.0,"turns":1.0},{"damage":0.0,"enemies":"Hexaghost","floor":67.0,"turns":1.0},{"damage":0.0,"enemies":"Hallownest:3_Youths","floor":69.0,"turns":1.0},{"damage":0.0,"enemies":"Hallownest:2_Mistakes","floor":70.0,"turns":1.0},{"damage":0.0,"enemies":"Hallownest:Nosk","floor":74.0,"turns":2.0},{"damage":28,"enemies":"Hallownest:eliteWatcherKnight","floor":76,"turns":9},{"damage":0,"enemies":"Hallownest:Nosk","floor":80,"turns":2},{"damage":0,"enemies":"Hallownest:2_Husk_Sentries","floor":81,"turns":1},{"damage":0,"enemies":"Hallownest:eliteSoulWarrior","floor":82,"turns":1},{"damage":0,"enemies":"Hallownest:BossGrimm","floor":84,"turns":1},{"damage":0,"enemies":"Hallownest:Shield_Heavy","floor":86,"turns":1},{"damage":0,"enemies":"Hallownest:3_Siblings","floor":87,"turns":1},{"damage":0,"enemies":"Hallownest:2_Great","floor":88,"turns":3},{"damage":0,"enemies":"Hallownest:Xero_Hu_Marmu","floor":89,"turns":1},{"damage":0,"enemies":"Hallownest:eliteCollector","floor":91,"turns":1},{"damage":0,"enemies":"Hallownest:2_Primals","floor":92,"turns":1},{"damage":14,"enemies":"Nightmare_Alpha","floor":93,"turns":1}],"seed_played":"8740858706543897536","potions_obtained":[{"floor":1.0,"key":"potionbrewer:FreezingPotion"},{"floor":6.0,"key":"SmokeBomb"},{"floor":7.0,"key":"potionbrewer:InfectionPotion"},{"floor":8.0,"key":"potionbrewer:DiscountPotion"},{"floor":16.0,"key":"PowerPotion"},{"floor":21.0,"key":"potionbrewer:NoxiousPotion"},{"floor":22.0,"key":"potionbrewer:CleansingPotion"},{"floor":29.0,"key":"DistilledChaos"},{"floor":30.0,"key":"Swift Potion"},{"floor":35.0,"key":"GamblersBrew"},{"floor":40.0,"key":"Block Potion"},{"floor":41.0,"key":"SpeedPotion"},{"floor":44.0,"key":"PowerPotion"},{"floor":46.0,"key":"potionbrewer:EndurancePotion"},{"floor":48.0,"key":"SpeedPotion"},{"floor":50.0,"key":"Regen Potion"},{"floor":59.0,"key":"Fruit Juice"},{"floor":64.0,"key":"Swift Potion"},{"floor":65.0,"key":"potionbrewer:EndurancePotion"},{"floor":70.0,"key":"GhostInAJar"}],"is_trial":false,"path_per_floor":["M","?","M","?","?","E","M","E","T","E","M","M","$","M","R","B",null,"M","AVR","M","M","M","R","?","R","T","?","M","M","NM","M","R","B",null,"M","M","AVR","M","?","E","?","NM","T","M","R","M","?","E","R","B",null,"M","M","$","?","$","?","M","E","T","M","NM","R","E","M","R","B",null,"M","M","AVR","?","?","E","R","E","T","R","?","E","M","E","R","B",null,"M","M","M","M","?","E","?","NM"],"character_chosen":"THE_SILENT","items_purchased":["Chemical X","hubris:DuctTape","infinitespire:BottledMercury","Lantern"],"campfire_rested":7,"item_purchase_floors":[54,54,54,56],"current_hp_per_floor":[70,63,63,69,69,69,69,35,35,36,34,29,29,22,47,11,86,81,81,66,56,46,71,71,71,71,86,86,86,77,77,77,27,86,86,74,74,74,74,74,74,50,50,23,48,48,21,8,33,12,86,86,76,76,76,76,76,76,81,81,81,19,48,48,48,77,77,99,99,99,107,107,107,99,99,71,71,91,87,83,83,75,75,67,59,59,59,59,51,51,43,35,0,0],"gold":725,"neow_bonus":"THREE_ENEMY_KILL","is_daily":false,"chose_seed":false,"campfire_upgraded":3,"win_rate":0,"timestamp":1607625254,"path_taken":["M","?","M","?","?","E","M","E","T","E","?","M","$","M","R","BOSS","M","AVR","M","M","M","R","?","R","T","?","?","M","NM","M","R","BOSS","M","?","AVR","M","?","E","?","NM","T","?","R","M","?","E","R","BOSS","M","M","$","?","?","?","M","E","T","M","NM","R","E","M","R","BOSS","M","M","AVR","?","?","E","R","E","T","R","?","E","M","E","R","BOSS","M","M","M","?","?","E","?","NM"],"build_version":"2020-11-30","purchased_purges":0,"victory":false,"max_hp_per_floor":[70,70,70,76,76,76,76,76,76,86,86,86,86,86,86,86,86,86,86,86,86,86,86,86,86,86,86,86,86,86,86,86,86,86,86,86,86,86,86,86,86,86,86,86,86,86,86,86,86,86,86,86,86,86,86,86,86,86,91,91,91,99,99,99,99,99,99,99,99,99,107,107,107,99,99,91,91,91,91,83,83,75,75,67,59,59,59,59,51,51,43,35,35,35],"card_choices":[{"not_picked":["Outmaneuver","Slice"],"picked":"Deadly Poison","floor":1.0},{"not_picked":["Dodge and Roll","Dagger Throw"],"picked":"infinitespire:Neurotoxin","floor":3.0},{"not_picked":["Riddle With Holes","hubris:Sniper"],"picked":"Blade Dance","floor":6.0},{"not_picked":["Terror","Acrobatics"],"picked":"Infinite Blades","floor":7.0},{"not_picked":["Quick Slash","Leg Sweep"],"picked":"Catalyst","floor":8.0},{"not_picked":["Poisoned Stab","Flying Knee"],"picked":"Envenom","floor":10.0},{"not_picked":["hubris:Sniper","Deflect"],"picked":"Outmaneuver","floor":11.0},{"not_picked":["Dodge and Roll","Flying Knee"],"picked":"Blade Dance","floor":12.0},{"not_picked":["Unload","Acrobatics","Blur"],"picked":"SKIP","floor":14.0},{"not_picked":["infinitespire:Neurotoxin","Tools of the Trade"],"picked":"Corpse Explosion","floor":16.0},{"not_picked":["Backflip","Quick Slash"],"picked":"Infinite Blades+1","floor":18.0},{"not_picked":["Terror+1","Riddle With Holes+1"],"picked":"Underhanded Strike+1","floor":20.0},{"not_picked":["Slice+1","Underhanded Strike+1"],"picked":"Predator+1","floor":21.0},{"not_picked":["Dagger Throw+1","Deflect+1"],"picked":"Cloak And Dagger+1","floor":22.0},{"not_picked":["Dagger Spray+1","Reflex","Choke+1"],"picked":"SKIP","floor":28.0},{"not_picked":["Grand Finale+1","Riddle With Holes+1"],"picked":"Flying Knee+1","floor":29.0},{"not_picked":["hubris:Counter+1","Acrobatics"],"picked":"Crippling Poison+1","floor":30.0},{"not_picked":["Sucker Punch+1","Slice+1"],"picked":"Blade Dance","floor":31.0},{"not_picked":["Adrenaline","Grand Finale+1"],"picked":"Corpse Explosion","floor":33.0},{"not_picked":["Tactician","Flying Knee+1","Deflect+1"],"picked":"SKIP","floor":35.0},{"not_picked":["Dash+1","Backflip","Flying Knee+1"],"picked":"SKIP","floor":36.0},{"not_picked":["Underhanded Strike+1","Tactician+1"],"picked":"Quick Slash+1","floor":38.0},{"not_picked":["Distraction","Caltrops+1","Backflip"],"picked":"SKIP","floor":40.0},{"not_picked":["infinitespire:UltimateForm","infinitespire:SealOfDarkness+"],"picked":"infinitespire:Gouge","floor":42.0},{"not_picked":["Acrobatics+1","Calculated Gamble"],"picked":"Bouncing Flask+1","floor":42.0},{"not_picked":["Caltrops","Flechettes+1"],"picked":"Blade Dance+1","floor":44.0},{"not_picked":["Dodge and Roll+1","Deflect","Flying Knee+1"],"picked":"SKIP","floor":46.0},{"not_picked":["Reflex","Prepared"],"picked":"Storm of Steel","floor":47.0},{"not_picked":["Dagger Spray+1","Dodge and Roll","hubris:TrickCloak"],"picked":"SKIP","floor":48.0},{"not_picked":["Glass Knife+1","Grand Finale+1"],"picked":"Adrenaline","floor":50.0},{"not_picked":["Slice+1","Acrobatics","Bane+1"],"picked":"SKIP","floor":52.0},{"not_picked":["Deadly Poison","Deflect","Distraction"],"picked":"SKIP","floor":53.0},{"not_picked":["Poisoned Stab+1","Slice+1","Deadly Poison"],"picked":"SKIP","floor":58.0},{"not_picked":["Setup","Flying Knee+1","Cloak And Dagger"],"picked":"SKIP","floor":59.0},{"not_picked":["Skewer+1","Flechettes+1","hubris:Counter+1"],"picked":"SKIP","floor":61.0},{"not_picked":["Distraction","Caltrops","Noxious Fumes"],"picked":"SKIP","floor":62.0},{"not_picked":["Wraith Form v2","Poisoned Stab+1","Sucker Punch+1"],"picked":"SKIP","floor":64.0},{"not_picked":["Masterful Stab+1","Backflip","Slice+1"],"picked":"SKIP","floor":65.0},{"not_picked":["infinitespire:TheBestDefense","infinitespire:FinalStrike"],"picked":"infinitespire:Collect","floor":67.0},{"not_picked":["Envenom","After Image"],"picked":"Burst","floor":67.0},{"not_picked":["Dodge and Roll","Eviscerate+1","Riddle With Holes+1"],"picked":"SKIP","floor":69.0},{"not_picked":["hubris:Sniper","Skewer+1"],"picked":"Dagger Spray+1","floor":70.0},{"not_picked":["Well Laid Plans","Reflex","Cloak And Dagger"],"picked":"SKIP","floor":74.0},{"not_picked":["Tactician","Choke+1","Dodge and Roll"],"picked":"SKIP","floor":76},{"not_picked":["Die Die Die+1","Deadly Poison","Underhanded Strike+1"],"picked":"SKIP","floor":80},{"not_picked":["Underhanded Strike+1","Prepared","Bane+1"],"picked":"SKIP","floor":81},{"not_picked":["Poisoned Stab+1","hubris:SpiceAddiction"],"picked":"hubris:SpiceAddiction","floor":82},{"not_picked":["Grand Finale+1","Bullet Time"],"picked":"hubris:SpiceAddiction","floor":84},{"not_picked":["Dodge and Roll","Cloak And Dagger","Dagger Spray+1"],"picked":"SKIP","floor":86},{"not_picked":["Reflex+1","Bouncing Flask","Blur"],"picked":"SKIP","floor":87},{"not_picked":["Leg Sweep","Escape Plan","Dagger Spray+1"],"picked":"SKIP","floor":88},{"not_picked":["Deadly Poison","Distraction+1"],"picked":"hubris:SpiceAddiction","floor":89},{"not_picked":["Adrenaline","Slice+1"],"picked":"Dagger Spray+1","floor":91}],"player_experience":215214,"relics_obtained":[{"floor":6.0,"key":"hubris:SphereOfDissonance"},{"floor":8.0,"key":"Smiling Mask"},{"floor":9.0,"key":"Bottled Lightning"},{"floor":10.0,"key":"Pear"},{"floor":26.0,"key":"Peace Pipe"},{"floor":30.0,"key":"infinitespire:PuzzleCube"},{"floor":34.0,"key":"Art of War"},{"floor":34.0,"key":"potionbrewer:SlideRule"},{"floor":34.0,"key":"infinitespire:Joker Card"},{"floor":40.0,"key":"StrikeDummy"},{"floor":42.0,"key":"infinitespire:Beetle Shell"},{"floor":43.0,"key":"The Courier"},{"floor":47.0,"key":"hubris:Zylophone"},{"floor":48.0,"key":"Paper Crane"},{"floor":59.0,"key":"FossilizedHelix"},{"floor":62.0,"key":"hubris:Spice"},{"floor":64.0,"key":"hubris:AncientText"},{"floor":74.0,"key":"hubris:Spice"},{"floor":76,"key":"hubris:Spice"},{"floor":77,"key":"Toy Ornithopter"},{"floor":80,"key":"hubris:Spice"},{"floor":82,"key":"MealTicket"},{"floor":91,"key":"hubris:Spice"},{"floor":92,"key":"hubris:Spice"}],"event_choices":[{"cards_removed":["Strike_G"],"damage_healed":0.0,"max_hp_gain":0.0,"max_hp_loss":0.0,"gold_gain":0.0,"event_name":"Golden Wing","player_choice":"Card Removal","floor":2.0,"gold_loss":0.0,"damage_taken":7.0},{"damage_healed":0.0,"max_hp_gain":0.0,"max_hp_loss":0.0,"gold_gain":0.0,"event_name":"betterThird:BetterSerpent","player_choice":"RENOUNCE","floor":4.0,"gold_loss":132.0,"damage_taken":132.0,"cards_obtained":["Enlightenment"]},{"damage_healed":0.0,"max_hp_gain":0.0,"max_hp_loss":0.0,"gold_gain":0.0,"event_name":"Upgrade Shrine","player_choice":"Upgraded","floor":5.0,"gold_loss":0.0,"damage_taken":0.0,"cards_upgraded":["infinitespire:Neurotoxin"]},{"damage_healed":0.0,"max_hp_gain":0.0,"max_hp_loss":0.0,"gold_gain":0.0,"event_name":"betterNote:BetterNote","player_choice":"Take","floor":24.0,"gold_loss":0.0,"damage_taken":0.0,"cards_obtained":["hermit:Glare"]},{"cards_removed":["Enlightenment"],"damage_healed":15.0,"max_hp_gain":0.0,"max_hp_loss":0.0,"gold_gain":0.0,"event_name":"Bonfire Elementals","player_choice":"Offered Uncommon","floor":27.0,"gold_loss":0.0,"damage_taken":0.0},{"damage_healed":0.0,"max_hp_gain":0.0,"max_hp_loss":0.0,"gold_gain":0.0,"event_name":"The Woman in Blue","player_choice":"Bought 1 Potion","floor":41.0,"gold_loss":0.0,"damage_taken":0.0},{"damage_healed":0.0,"max_hp_gain":0.0,"max_hp_loss":0.0,"gold_gain":0.0,"event_name":"Mysterious Sphere","player_choice":"Fight","floor":47.0,"gold_loss":0.0,"damage_taken":0.0},{"damage_healed":0.0,"max_hp_gain":0.0,"max_hp_loss":0.0,"gold_gain":0.0,"event_name":"The Woman in Blue","player_choice":"Bought 0 Potions","floor":55.0,"gold_loss":0.0,"damage_taken":0.0},{"cards_removed":["Strike_G"],"damage_healed":0.0,"max_hp_gain":0.0,"max_hp_loss":0.0,"gold_gain":0.0,"event_name":"Purifier","player_choice":"Purged","floor":57.0,"gold_loss":0.0,"damage_taken":0.0}],"is_beta":false,"boss_relics":[{"not_picked":["Busted Crown","hubris:BlackHole"],"picked":"hubris:HollowSoul"},{"not_picked":["SlaversCollar","Fusion Hammer"],"picked":"Calling Bell"},{"not_picked":["Runic Dome","Velvet Choker","hubris:CrackedHourglass"]},{"not_picked":["Astrolabe","hubris:CrackedHourglass"],"picked":"SlaversCollar"},{"not_picked":["hubris:VirtuousBlindfold","hubris:Spice"],"picked":"hubris:Spice"}],"items_purged_floors":[],"is_endless":true,"potions_floor_spawned":[1,6,7,8,11,16,21,22,29,30,35,40,44,46,48,50,53,59,64,65,67,70,76,89,91,92],"killed_by":"Nightmare_Alpha","ascension_level":1}}