{"host":"j4g6ia6asvpyu2b0","time":1607564196,"event":{"gold_per_floor":[17,17,31,31,51,76,94,94,94,122,135,154,154,164,164,259,259,274,287,317,317,317,344,344,379,379,388,409,17,52,76,76,188,188,210,223,248,274,274,313,313,313],"floor_reached":41,"playtime":1370,"items_purged":["Strike_B"],"score":651,"play_id":"bc9b48ce-aa73-48d0-9b35-c994a3999275","local_time":"20201209183636","is_ascension_mode":true,"campfire_choices":[{"data":"Apotheosis","floor":8.0,"key":"SMITH"},{"data":"Biased Cognition","floor":13.0,"key":"SMITH"},{"floor":15.0,"key":"RECALL"},{"data":"Chill","floor":24.0,"key":"SMITH"},{"data":"Defragment","floor":32,"key":"SMITH"}],"neow_cost":"NO_GOLD","seed_source_timestamp":91629970496200,"circlet_count":0,"master_deck":["Strike_B","Strike_B","Defend_B","Defend_B","Defend_B","Defend_B","Zap","Dualcast","Apotheosis+1","Ball Lightning","Tempest","Biased Cognition+1","Hologram","Hologram","Chill+1","Double Energy","Rainbow","Undo","Electrodynamics","Gash","Tempest+1","Conserve Battery","Sweeping Beam+1","Steam","Defragment","White Noise+1","Defragment+1","Fusion","Defragment","Creative AI","Hologram","Parasite","Loop+1","Ball Lightning"],"special_seed":0,"relics":["Cracked Core","PreservedInsect","InkBottle","Runic Pyramid","Red Mask","Pear","CeramicFish","Symbiotic Virus","Matryoshka","Toy Ornithopter","Black Star","Pantograph","WingedGreaves"],"potions_floor_usage":[37,40],"damage_taken":[{"damage":1.0,"enemies":"Jaw Worm","floor":1.0,"turns":3.0},{"damage":0.0,"enemies":"Cultist","floor":3.0,"turns":3.0},{"damage":5.0,"enemies":"2 Louse","floor":5.0,"turns":2.0},{"damage":18.0,"enemies":"Lagavulin","floor":6.0,"turns":4.0},{"damage":5.0,"enemies":"Looter","floor":7.0,"turns":2.0},{"damage":0.0,"enemies":"Gremlin Nob","floor":10.0,"turns":2.0},{"damage":0.0,"enemies":"3 Louse","floor":11.0,"turns":2.0},{"damage":5.0,"enemies":"2 Fungi Beasts","floor":12.0,"turns":3.0},{"damage":5.0,"enemies":"Looter","floor":14.0,"turns":3.0},{"damage":12.0,"enemies":"Hexaghost","floor":16.0,"turns":8.0},{"damage":0.0,"enemies":"2 Thieves","floor":18.0,"turns":3.0},{"damage":2.0,"enemies":"Chosen","floor":19.0,"turns":3.0},{"damage":8.0,"enemies":"Masked Bandits","floor":20.0,"turns":4.0},{"damage":7.0,"enemies":"Slavers","floor":23.0,"turns":2.0},{"damage":2.0,"enemies":"Book of Stabbing","floor":25.0,"turns":4.0},{"damage":0.0,"enemies":"Sentry and Sphere","floor":28.0,"turns":4.0},{"damage":0,"enemies":"Gremlin Leader","floor":30,"turns":4},{"damage":0,"enemies":"Centurion and Healer","floor":31,"turns":5},{"damage":0,"enemies":"Champ","floor":33,"turns":8},{"damage":0,"enemies":"3 Shapes","floor":35,"turns":3},{"damage":1,"enemies":"Orb Walker","floor":36,"turns":3},{"damage":0,"enemies":"Writhing Mass","floor":37,"turns":7},{"damage":14,"enemies":"4 Shapes","floor":38,"turns":6},{"damage":40,"enemies":"Reptomancer","floor":40,"turns":5},{"damage":43,"enemies":"Nemesis","floor":41,"turns":4}],"seed_played":"7197928850386663103","potions_obtained":[{"floor":1.0,"key":"FocusPotion"},{"floor":2.0,"key":"Strength Potion"},{"floor":2.0,"key":"Explosive Potion"},{"floor":11.0,"key":"Block Potion"},{"floor":20.0,"key":"Weak Potion"},{"floor":33,"key":"ColorlessPotion"}],"is_trial":false,"path_per_floor":["M","?","M","$","M","E","M","R","T","E","M","M","R","M","R","B",null,"M","M","?","?","?","E","R","E","T","?","M","$","E","M","R","B",null,"M","M","M","M","?","E","E"],"character_chosen":"DEFECT","items_purchased":["Defragment","Matryoshka"],"campfire_rested":0,"item_purchase_floors":[29,29],"current_hp_per_floor":[74,74,74,74,69,51,46,46,46,46,46,41,41,36,36,24,75,75,73,65,65,65,68,68,66,66,66,66,66,66,66,66,66,85,85,84,85,71,71,36,0,0],"gold":313,"neow_bonus":"RANDOM_COLORLESS_2","is_prod":false,"is_daily":false,"chose_seed":false,"campfire_upgraded":4,"win_rate":0,"timestamp":1607564196,"path_taken":["M","?","M","?","?","E","M","R","T","E","M","M","R","M","R","BOSS","M","M","?","?","?","E","R","E","T","?","M","$","E","M","R","BOSS","M","M","M","M","?","E","E"],"build_version":"2020-11-30","purchased_purges":1,"victory":false,"max_hp_per_floor":[75,75,75,75,75,75,75,75,75,75,75,75,75,75,75,75,75,75,75,75,75,75,85,85,85,85,85,85,85,85,85,85,85,85,85,85,85,85,85,85,85,85],"relic_stats":{"counters":[25,96],"CeramicFish":99,"Pantograph":0,"PreservedInsect":253,"Black Star":1,"obtain_stats":[{"Pear":23,"CeramicFish":25,"PreservedInsect":6,"Matryoshka":29,"Pantograph":40,"WingedGreaves":40,"Red Mask":20,"Black Star":34,"Cracked Core":0,"Symbiotic Virus":26,"InkBottle":10,"Toy Ornithopter":30,"Runic Pyramid":17},{"Pear":14,"CeramicFish":15,"PreservedInsect":4,"Matryoshka":16,"Pantograph":24,"WingedGreaves":24,"Red Mask":13,"Black Star":19,"Cracked Core":0,"Symbiotic Virus":15,"InkBottle":6,"Toy Ornithopter":17,"Runic Pyramid":10},{"Pear":44,"CeramicFish":48,"PreservedInsect":12,"Matryoshka":52,"Pantograph":92,"WingedGreaves":92,"Red Mask":42,"Black Star":69,"Cracked Core":0,"Symbiotic Virus":48,"InkBottle":16,"Toy Ornithopter":56,"Runic Pyramid":32}],"InkBottle":[26],"Toy Ornithopter":6},"card_choices":[{"not_picked":["Magnetism","Chrysalis"],"picked":"Apotheosis","floor":0.0},{"not_picked":["Turbo","Sweeping Beam"],"picked":"Ball Lightning","floor":1.0},{"not_picked":["Conserve Battery","Go for the Eyes"],"picked":"Tempest","floor":3.0},{"not_picked":["Undo","Double Energy"],"picked":"Biased Cognition","floor":5.0},{"not_picked":["Streamline","Heatsinks"],"picked":"Hologram","floor":6.0},{"not_picked":["Force Field","Rebound"],"picked":"Hologram","floor":7.0},{"not_picked":["Redo","Sweeping Beam"],"picked":"Chill","floor":10.0},{"not_picked":["Stack","Hologram"],"picked":"Double Energy","floor":11.0},{"not_picked":["Recycle","Rebound"],"picked":"Rainbow","floor":12.0},{"not_picked":["Turbo","Beam Cell"],"picked":"Undo","floor":14.0},{"not_picked":["Echo Form","Core Surge"],"picked":"Electrodynamics","floor":16.0},{"not_picked":["Conserve Battery","Ball Lightning"],"picked":"Gash","floor":18.0},{"not_picked":["Compile Driver","Steam"],"picked":"Tempest+1","floor":19.0},{"not_picked":["Rebound","Sweeping Beam"],"picked":"Conserve Battery","floor":20.0},{"not_picked":["Force Field+1","Genetic Algorithm+1"],"picked":"Sweeping Beam+1","floor":23.0},{"not_picked":["Leap","Rainbow"],"picked":"Steam","floor":25.0},{"not_picked":["Barrage+1","Hologram+1"],"picked":"White Noise+1","floor":28.0},{"not_picked":["Stack","Fusion","Undo"],"picked":"SKIP","floor":30},{"not_picked":["Stack","Undo"],"picked":"Fusion","floor":30},{"not_picked":["Force Field","Compile Driver"],"picked":"Defragment","floor":31},{"not_picked":["Machine Learning","Electrodynamics"],"picked":"Creative AI","floor":33},{"not_picked":["Barrage","Genetic Algorithm+1"],"picked":"Hologram","floor":35},{"not_picked":["Rebound+1","Sunder+1","Tempest"],"picked":"SKIP","floor":36},{"not_picked":["Auto Shields+1","Blizzard+1","Rip and Tear"],"picked":"SKIP","floor":37},{"not_picked":["Sunder","Coolheaded+1"],"picked":"Loop+1","floor":38},{"not_picked":["Redo","Stack+1"],"picked":"Ball Lightning","floor":40}],"player_experience":600977,"relics_obtained":[{"floor":6.0,"key":"PreservedInsect"},{"floor":10.0,"key":"InkBottle"},{"floor":20.0,"key":"Red Mask"},{"floor":23.0,"key":"Pear"},{"floor":25.0,"key":"CeramicFish"},{"floor":26.0,"key":"Symbiotic Virus"},{"floor":30,"key":"Toy Ornithopter"},{"floor":40,"key":"Pantograph"},{"floor":40,"key":"WingedGreaves"}],"event_choices":[{"damage_healed":0.0,"max_hp_gain":0.0,"max_hp_loss":0.0,"gold_gain":0.0,"event_name":"Lab","player_choice":"Got Potions","floor":2.0,"gold_loss":0.0,"damage_taken":0.0},{"damage_healed":0.0,"max_hp_gain":0.0,"max_hp_loss":0.0,"gold_gain":0.0,"event_name":"Masked Bandits","player_choice":"Fought Bandits","floor":20.0,"gold_loss":0.0,"damage_taken":0.0},{"damage_healed":0.0,"max_hp_gain":0.0,"max_hp_loss":0.0,"gold_gain":0.0,"event_name":"Ghosts","player_choice":"Ignored","floor":21.0,"gold_loss":0.0,"damage_taken":0.0},{"damage_healed":0.0,"max_hp_gain":0.0,"max_hp_loss":0.0,"gold_gain":0.0,"event_name":"Vampires","player_choice":"Ignored","floor":22.0,"gold_loss":0.0,"damage_taken":0.0},{"damage_healed":0.0,"max_hp_gain":0.0,"max_hp_loss":0.0,"gold_gain":0.0,"event_name":"The Library","player_choice":"Read","floor":27.0,"gold_loss":0.0,"damage_taken":0.0,"cards_obtained":["Defragment"]},{"cards_removed":["Strike_B"],"damage_healed":0,"gold_gain":0,"player_choice":"Removed Attack","damage_taken":0,"max_hp_gain":0,"max_hp_loss":0,"event_name":"Falling","floor":39,"gold_loss":0}],"is_beta":false,"boss_relics":[{"not_picked":["Velvet Choker","Ectoplasm"],"picked":"Runic Pyramid"},{"not_picked":["Nuclear Battery","Tiny House"],"picked":"Black Star"}],"items_purged_floors":[29],"is_endless":false,"potions_floor_spawned":[1,10,11,12,16,18,20,33,36],"killed_by":"Nemesis","ascension_level":1}}