{"host":"usewcu4ohw2wtmxk","time":1607591812,"event":{"gold_per_floor":[118,43,43,63,63,63,63,63],"floor_reached":7,"playtime":153,"items_purged":[],"score":78,"play_id":"ca7daaa3-f0df-412e-8466-e694ddabb536","local_time":"20201210171652","is_ascension_mode":true,"campfire_choices":[{"data":"Armaments","floor":6,"key":"SMITH"}],"neow_cost":"TEN_PERCENT_HP_LOSS","seed_source_timestamp":733460648800,"circlet_count":0,"master_deck":["AscendersBane","Strike_R","Strike_R","Strike_R","Strike_R","Defend_R","Defend_R","Defend_R","Defend_R","Bash","Entrench","Burning Pact","Armaments+1","True Grit"],"special_seed":0,"relics":["Burning Blood","Prayer Wheel"],"potions_floor_usage":[7],"damage_taken":[{"damage":9,"enemies":"Jaw Worm","floor":1,"turns":5},{"damage":4,"enemies":"Small Slimes","floor":4,"turns":6},{"damage":62,"enemies":"Gremlin Nob","floor":7,"turns":6}],"seed_played":"5682558310911123953","potions_obtained":[{"floor":1,"key":"Weak Potion"}],"is_trial":false,"path_per_floor":["M","?","$","M","?","R","E"],"character_chosen":"IRONCLAD","items_purchased":[],"campfire_rested":0,"item_purchase_floors":[],"current_hp_per_floor":[65,65,65,67,72,72,10,10],"gold":63,"neow_bonus":"ONE_RARE_RELIC","is_prod":false,"is_daily":false,"chose_seed":false,"campfire_upgraded":1,"win_rate":0,"timestamp":1607591812,"path_taken":["M","?","$","M","?","R","E"],"build_version":"2020-11-30","purchased_purges":0,"victory":false,"max_hp_per_floor":[68,68,68,68,73,73,73,73],"relic_stats":{"counters":[3,17],"Prayer Wheel":2,"obtain_stats":[{"Prayer Wheel":0,"Burning Blood":0},{"Prayer Wheel":0,"Burning Blood":0},{"Prayer Wheel":0,"Burning Blood":0}],"Burning Blood":12},"card_choices":[{"not_picked":["Flex","Sword Boomerang"],"picked":"Entrench","floor":1},{"not_picked":["Metallicize","Fire Breathing"],"picked":"Burning Pact","floor":1},{"not_picked":["Dual Wield","Shrug It Off"],"picked":"Armaments","floor":4},{"not_picked":["Infernal Blade","Flex"],"picked":"True Grit","floor":4}],"player_experience":227886,"relics_obtained":[],"event_choices":[{"cards_removed":["Strike_R"],"damage_healed":0,"gold_gain":0,"player_choice":"Card Removal","damage_taken":0,"max_hp_gain":0,"max_hp_loss":0,"event_name":"The Cleric","floor":2,"gold_loss":75},{"damage_healed":0,"gold_gain":0,"player_choice":"Donut","damage_taken":0,"max_hp_gain":5,"max_hp_loss":0,"event_name":"Big Fish","floor":5,"gold_loss":0}],"is_beta":false,"boss_relics":[],"items_purged_floors":[],"is_endless":false,"potions_floor_spawned":[1],"killed_by":"Gremlin Nob","ascension_level":20}}