{"host":"e87rn453naquue3h","time":1607568776,"event":{"gold_per_floor":[113,132,146,146,158,207,207,234,258,258,295,73,96,107,107,214,214,243,271,294,328,328,328,328],"floor_reached":23,"playtime":13394,"items_purged":[],"score":355,"play_id":"498f3bc8-3bb8-4a61-a6cb-1b92f1ac46f3","local_time":"20201209215256","is_ascension_mode":true,"campfire_choices":[{"floor":7,"key":"REST"},{"data":"WindmillStrike","floor":10,"key":"SMITH"},{"data":"Eruption","floor":15,"key":"SMITH"}],"neow_cost":"NONE","seed_source_timestamp":91134356790800,"circlet_count":0,"master_deck":["Eruption+1","Vigilance","CrushJoints","FearNoEvil","Nirvana","Establishment+1","Ragnarok+1","Wireheading","EmptyFist","JustLucky","CutThroughFate","Indignation","Meditate","WindmillStrike+1","Collect","Conclude","Adaptation","WreathOfFlame","LessonLearned","Adaptation+1","TalkToTheHand","Wallop","MentalFortress+1"],"relics":["Pandora\u0027s Box","CloakClasp","Bronze Scales","Art of War","CeramicFish","Bag of Preparation","Fusion Hammer","Red Mask"],"potions_floor_usage":[6,11,11,23],"damage_taken":[{"damage":6,"enemies":"Cultist","floor":1,"turns":3},{"damage":10,"enemies":"Small Slimes","floor":2,"turns":2},{"damage":6,"enemies":"2 Louse","floor":3,"turns":2},{"damage":0,"enemies":"2 Fungi Beasts","floor":5,"turns":2},{"damage":12,"enemies":"3 Sentries","floor":6,"turns":4},{"damage":0,"enemies":"Gremlin Nob","floor":8,"turns":2},{"damage":5,"enemies":"3 Sentries","floor":11,"turns":4},{"damage":3,"enemies":"Gremlin Gang","floor":13,"turns":3},{"damage":0,"enemies":"Exordium Thugs","floor":14,"turns":2},{"damage":24,"enemies":"The Guardian","floor":16,"turns":6},{"damage":17,"enemies":"Shell Parasite","floor":18,"turns":3},{"damage":0,"enemies":"Spheric Guardian","floor":19,"turns":1},{"damage":29,"enemies":"Snake Plant","floor":20,"turns":3},{"damage":0,"enemies":"Masked Bandits","floor":21,"turns":2},{"damage":27,"enemies":"Slavers","floor":23,"turns":2}],"seed_played":"-5427218422279894819","potions_obtained":[{"floor":2,"key":"SkillPotion"},{"floor":3,"key":"FairyPotion"},{"floor":5,"key":"ColorlessPotion"},{"floor":8,"key":"Block Potion"},{"floor":11,"key":"LiquidBronze"},{"floor":20,"key":"BlessingOfTheForge"},{"floor":21,"key":"Dexterity Potion"}],"is_trial":false,"path_per_floor":["M","M","M","?","M","E","R","E","T","R","E","$","M","M","R","B",null,"M","M","M","?","?","E"],"character_chosen":"WATCHER","items_purchased":["Bag of Preparation","Adaptation"],"campfire_rested":1,"item_purchase_floors":[12,12],"current_hp_per_floor":[59,49,43,43,43,31,52,52,52,52,47,47,44,44,44,20,59,42,42,13,13,13,11,11],"gold":328,"neow_bonus":"BOSS_RELIC","is_prod":false,"is_daily":false,"chose_seed":false,"campfire_upgraded":2,"win_rate":0,"timestamp":1607568776,"path_taken":["M","M","?","?","M","E","R","E","T","R","E","$","M","M","R","BOSS","M","M","?","?","?","E"],"build_version":"2020-11-30","purchased_purges":0,"victory":false,"max_hp_per_floor":[72,72,72,72,72,72,72,72,72,72,72,72,72,72,72,72,72,72,72,72,72,72,72,72],"relic_stats":{"counters":[15,41],"Bronze Scales":[69],"CeramicFish":72,"Pandora\u0027s Box":["CrushJoints","FearNoEvil","CrushJoints","Nirvana","Establishment","Ragnarok","Wireheading","EmptyFist"],"CloakClasp":[71],"Art of War":[5],"Bag of Preparation":[16],"obtain_stats":[{"Bronze Scales":8,"CeramicFish":11,"Pandora\u0027s Box":0,"Fusion Hammer":17,"CloakClasp":6,"Art of War":9,"Bag of Preparation":12,"Red Mask":21,"PureWater":0},{"Bronze Scales":6,"CeramicFish":7,"Pandora\u0027s Box":0,"Fusion Hammer":10,"CloakClasp":5,"Art of War":6,"Bag of Preparation":7,"Red Mask":14,"PureWater":0},{"Bronze Scales":15,"CeramicFish":19,"Pandora\u0027s Box":0,"Fusion Hammer":30,"CloakClasp":13,"Art of War":15,"Bag of Preparation":19,"Red Mask":39,"PureWater":0}]},"card_choices":[{"not_picked":["ForeignInfluence","Perseverance"],"picked":"JustLucky","floor":1},{"not_picked":["Collect","Conclude"],"picked":"CutThroughFate","floor":2},{"not_picked":["EmptyFist","Pray"],"picked":"Indignation","floor":3},{"not_picked":["Indignation","Prostrate"],"picked":"Meditate","floor":5},{"not_picked":["BowlingBash","ThirdEye"],"picked":"WindmillStrike","floor":6},{"not_picked":["Worship","SashWhip"],"picked":"Collect","floor":8},{"not_picked":["EmptyBody","Consecrate"],"picked":"Conclude","floor":11},{"not_picked":["Worship","JustLucky"],"picked":"WreathOfFlame","floor":13},{"not_picked":["Establishment","Nirvana","Protect"],"picked":"SKIP","floor":14},{"not_picked":["Blasphemy","Establishment"],"picked":"LessonLearned","floor":16},{"not_picked":["Crescendo","Vengeance"],"picked":"Adaptation+1","floor":18},{"not_picked":["FlyingSleeves","JustLucky+1"],"picked":"TalkToTheHand","floor":19},{"not_picked":["ClearTheMind","ReachHeaven"],"picked":"Wallop","floor":20},{"not_picked":["MasterReality","FollowUp"],"picked":"MentalFortress+1","floor":21}],"player_experience":2214903,"relics_obtained":[{"floor":6,"key":"CloakClasp"},{"floor":8,"key":"Bronze Scales"},{"floor":9,"key":"Art of War"},{"floor":11,"key":"CeramicFish"},{"floor":21,"key":"Red Mask"}],"event_choices":[{"damage_healed":0,"gold_gain":0,"player_choice":"Upgraded","damage_taken":0,"max_hp_gain":0,"max_hp_loss":0,"event_name":"Upgrade Shrine","floor":4,"gold_loss":0,"cards_upgraded":["Ragnarok"]},{"damage_healed":0,"gold_gain":0,"player_choice":"Fought Bandits","damage_taken":0,"max_hp_gain":0,"max_hp_loss":0,"event_name":"Masked Bandits","floor":21,"gold_loss":0},{"cards_removed":["CrushJoints"],"damage_healed":0,"gold_gain":0,"player_choice":"Elegance","damage_taken":0,"max_hp_gain":0,"max_hp_loss":0,"event_name":"Back to Basics","floor":22,"gold_loss":0}],"is_beta":false,"boss_relics":[{"not_picked":["Black Star","SlaversCollar"],"picked":"Fusion Hammer"}],"items_purged_floors":[],"is_endless":false,"potions_floor_spawned":[2,3,5,8,11,20,21],"killed_by":"Slavers","ascension_level":7}}