{"host":"sav7uxregyirlf69","time":1607597913,"event":{"gold_per_floor":[114,127,202,377,377,377,404,59,59,70,80,93,93,105,105,200,200,219,169,169,169,169,196,210,210,210,229,229,239,251,267,267,371,421,434,449,499,514,280,306,581,581,581,606,606,623,623,623,623,623,623],"floor_reached":50,"playtime":1322,"items_purged":["hermit:Strike_Hermit","hermit:Strike_Hermit","Doubt"],"score":703,"play_id":"c0872370-1bad-4f7a-b1aa-82979db690a3","local_time":"20201210195833","is_ascension_mode":true,"campfire_choices":[{"data":"hermit:Grudge","floor":6.0,"key":"SMITH"},{"floor":13.0,"key":"REST"},{"data":"Apotheosis","floor":15.0,"key":"SMITH"},{"floor":25.0,"key":"REST"},{"floor":28.0,"key":"REST"},{"floor":32.0,"key":"REST"},{"floor":42.0,"key":"REST"},{"floor":45.0,"key":"REST"},{"data":"hermit:Adapt","floor":47.0,"key":"SMITH"},{"floor":49,"key":"RECALL"}],"neow_cost":"CURSE","seed_source_timestamp":59883842058592,"circlet_count":0,"master_deck":["hermit:Strike_Hermit+1","hermit:Defend_Hermit+1","hermit:Defend_Hermit","hermit:Defend_Hermit+1","hermit:Snapshot+1","hermit:Covet","Clumsy","hermit:Desperado","hermit:Cheat","hermit:FlashPowder","hermit:Grudge+1","hermit:Malice+1","Apotheosis+1","hermit:SprayPray","hermit:Dive","hermit:LowProfile","hermit:Deadeye","hermit:ShadowCloak","Necronomicurse","Decay","hermit:NoHoldsBarred","hermit:Manifest+1","hermit:Glare","hermit:FinalCanter","hermit:Adapt+1","hermit:Misfire","hermit:FlashPowder+1","hermit:DeadMansHand","hermit:Enervate","hermit:Malice","hermit:FatalDesire","Regret"],"special_seed":0,"relics":["hermit:ClaspedLocket","MealTicket","Membership Card","Mercury Hourglass","Necronomicon","MutagenicStrength","Lantern","Shuriken","Tiny House","Mango","Whetstone","Nunchaku","Question Card"],"potions_floor_usage":[50],"damage_taken":[{"damage":9.0,"enemies":"Jaw Worm","floor":1.0,"turns":2.0},{"damage":3.0,"enemies":"Small Slimes","floor":2.0,"turns":3.0},{"damage":36.0,"enemies":"Lagavulin","floor":7.0,"turns":7.0},{"damage":0.0,"enemies":"Cultist","floor":10.0,"turns":3.0},{"damage":0.0,"enemies":"2 Fungi Beasts","floor":11.0,"turns":2.0},{"damage":0.0,"enemies":"3 Louse","floor":12.0,"turns":2.0},{"damage":0.0,"enemies":"Exordium Wildlife","floor":14.0,"turns":3.0},{"damage":11.0,"enemies":"Slime Boss","floor":16.0,"turns":5.0},{"damage":20.0,"enemies":"Shell Parasite","floor":18.0,"turns":5.0},{"damage":22.0,"enemies":"Slavers","floor":23.0,"turns":5.0},{"damage":3.0,"enemies":"2 Thieves","floor":24.0,"turns":2.0},{"damage":13.0,"enemies":"Centurion and Healer","floor":27.0,"turns":5.0},{"damage":40.0,"enemies":"Snecko","floor":29.0,"turns":5.0},{"damage":8.0,"enemies":"Cultist and Chosen","floor":30.0,"turns":7.0},{"damage":10.0,"enemies":"Centurion and Healer","floor":31.0,"turns":2.0},{"damage":3.0,"enemies":"Collector","floor":33.0,"turns":7.0},{"damage":0.0,"enemies":"3 Darklings","floor":35.0,"turns":1.0},{"damage":0.0,"enemies":"Orb Walker","floor":36.0,"turns":2.0},{"damage":4.0,"enemies":"Mind Bloom Boss Battle","floor":37.0,"turns":9.0},{"damage":17.0,"enemies":"Sphere and 2 Shapes","floor":38.0,"turns":4.0},{"damage":41.0,"enemies":"Reptomancer","floor":40.0,"turns":5.0},{"damage":34.0,"enemies":"Nemesis","floor":44.0,"turns":7.0},{"damage":8.0,"enemies":"4 Shapes","floor":46.0,"turns":4.0},{"damage":61,"enemies":"Donu and Deca","floor":50,"turns":5}],"seed_played":"-7177997648850568468","potions_obtained":[{"floor":11.0,"key":"CultistPotion"},{"floor":23.0,"key":"FairyPotion"},{"floor":29.0,"key":"AttackPotion"},{"floor":33.0,"key":"Swift Potion"},{"floor":34.0,"key":"Strength Potion"},{"floor":46.0,"key":"Dexterity Potion"}],"is_trial":false,"path_per_floor":["M","M","?","?","?","R","E","$","T","M","M","M","R","M","R","B",null,"M","$","?","?","?","E","M","R","T","M","R","M","M","M","R","B",null,"M","M","?","M","$","E","?","R","T","E","R","M","R","?","R","B"],"character_chosen":"HERMIT","items_purchased":["Membership Card","Apotheosis","Block Potion","EssenceOfSteel","hermit:DeadMansHand","Whetstone","hermit:Enervate","hermit:Malice"],"campfire_rested":6,"item_purchase_floors":[8,8,8,8,39,39,39,39],"current_hp_per_floor":[66,63,52,52,37,37,1,16,16,16,16,16,38,38,38,27,63,43,58,42,42,42,22,19,41,41,29,51,12,6,22,44,42,72,72,72,84,67,82,42,42,70,70,40,68,60,60,60,60,0,0],"gold":623,"neow_bonus":"TRANSFORM_TWO_CARDS","is_prod":false,"is_daily":false,"chose_seed":false,"campfire_upgraded":3,"win_rate":0,"timestamp":1607597913,"path_taken":["M","M","?","?","?","R","E","?","T","M","M","M","R","M","R","BOSS","M","$","?","?","?","E","M","R","T","M","R","M","M","M","R","BOSS","M","M","?","M","$","E","?","R","T","E","R","?","R","?","R","BOSS"],"build_version":"2020-11-30","purchased_purges":3,"victory":false,"max_hp_per_floor":[75,75,75,75,75,75,75,75,75,75,75,75,75,75,75,75,75,75,75,75,75,75,75,75,75,75,75,75,75,75,75,75,75,80,80,80,94,94,94,94,94,94,94,94,94,94,94,94,94,94,94],"card_choices":[{"not_picked":["hermit:HighCaliber","hermit:ItchyTrigger"],"picked":"hermit:FlashPowder","floor":1.0},{"not_picked":["hermit:Quickdraw","hermit:Feint"],"picked":"hermit:Grudge","floor":2.0},{"not_picked":["hermit:Misfire","hermit:Feint"],"picked":"hermit:Malice","floor":7.0},{"not_picked":["hermit:Brawl","hermit:Misfire"],"picked":"hermit:SprayPray","floor":10.0},{"not_picked":["hermit:CalledShot","hermit:HoleUp"],"picked":"hermit:Dive","floor":11.0},{"not_picked":["hermit:CursedWeapon","hermit:Manifest"],"picked":"hermit:LowProfile","floor":12.0},{"not_picked":["hermit:Ricochet","hermit:FullyLoaded"],"picked":"hermit:Deadeye","floor":14.0},{"not_picked":["hermit:Manifest","hermit:Coalescence"],"picked":"hermit:ShadowCloak","floor":18.0},{"not_picked":["hermit:FullyLoaded","hermit:Scavenge"],"picked":"hermit:NoHoldsBarred","floor":23.0},{"not_picked":["hermit:Snipe","hermit:Spite+1"],"picked":"hermit:Manifest+1","floor":24.0},{"not_picked":["hermit:GoldenBullet+1","hermit:Roulette"],"picked":"hermit:Glare","floor":27.0},{"not_picked":["hermit:Dive","hermit:Combo+1"],"picked":"hermit:FinalCanter","floor":29.0},{"not_picked":["hermit:NoHoldsBarred","hermit:BodyArmor","hermit:Vantage"],"picked":"SKIP","floor":30.0},{"not_picked":["hermit:Showdown","hermit:FullyLoaded","hermit:BodyArmor"],"picked":"SKIP","floor":31.0},{"not_picked":["hermit:HighNoon","hermit:FinalCanter"],"picked":"hermit:Adapt","floor":33.0},{"not_picked":["hermit:NoHoldsBarred+1","hermit:BodyArmor"],"picked":"hermit:Misfire","floor":34.0},{"not_picked":["hermit:LuckOfTheDraw","hermit:FullyLoaded+1","hermit:TakeCover"],"picked":"SKIP","floor":35.0},{"not_picked":["hermit:TakeAim+1","hermit:GhostlyPresence","hermit:Ricochet+1"],"picked":"SKIP","floor":36.0},{"not_picked":["hermit:LuckOfTheDraw","hermit:HighCaliber"],"picked":"hermit:FlashPowder+1","floor":37.0},{"not_picked":["hermit:TrackingShot","hermit:Ricochet","hermit:BigShot"],"picked":"SKIP","floor":38.0},{"not_picked":["hermit:Headshot","hermit:Desperado"],"picked":"hermit:FatalDesire","floor":40.0},{"not_picked":["hermit:TakeAim+1","hermit:NoHoldsBarred+1","hermit:Snipe"],"picked":"SKIP","floor":44.0},{"not_picked":["hermit:GoldenBullet","hermit:Roulette","hermit:Glare+1","hermit:Vantage"],"picked":"SKIP","floor":46.0}],"player_experience":910156,"relics_obtained":[{"floor":7.0,"key":"MealTicket"},{"floor":9.0,"key":"Mercury Hourglass"},{"floor":20.0,"key":"Necronomicon"},{"floor":23.0,"key":"Lantern"},{"floor":26.0,"key":"Shuriken"},{"floor":37.0,"key":"Mango"},{"floor":40.0,"key":"Nunchaku"},{"floor":44.0,"key":"Question Card"}],"event_choices":[{"damage_healed":0.0,"max_hp_gain":0.0,"max_hp_loss":0.0,"gold_gain":75.0,"event_name":"World of Goop","player_choice":"Gather Gold","floor":3.0,"gold_loss":0.0,"damage_taken":11.0},{"damage_healed":0.0,"max_hp_gain":0.0,"max_hp_loss":0.0,"gold_gain":175.0,"event_name":"Liars Game","player_choice":"AGREE","floor":4.0,"gold_loss":0.0,"damage_taken":0.0,"cards_obtained":["Doubt"]},{"damage_healed":0.0,"max_hp_gain":0.0,"max_hp_loss":0.0,"gold_gain":0.0,"event_name":"Shining Light","player_choice":"Entered Light","floor":5.0,"gold_loss":0.0,"damage_taken":15.0,"cards_upgraded":["hermit:Strike_Hermit","hermit:Defend_Hermit"]},{"damage_healed":0.0,"max_hp_gain":0.0,"max_hp_loss":0.0,"gold_gain":0.0,"event_name":"Cursed Tome","player_choice":"Obtained Book","floor":20.0,"gold_loss":0.0,"damage_taken":16.0},{"damage_healed":0.0,"max_hp_gain":0.0,"max_hp_loss":0.0,"gold_gain":0.0,"event_name":"Drug Dealer","player_choice":"Inject Mutagens","floor":21.0,"gold_loss":0.0,"damage_taken":0.0,"relics_obtained":["MutagenicStrength"]},{"damage_healed":0.0,"max_hp_gain":0.0,"max_hp_loss":0.0,"gold_gain":0.0,"event_name":"Forgotten Altar","player_choice":"Smashed Altar","floor":22.0,"gold_loss":0.0,"damage_taken":0.0,"cards_obtained":["Decay"]},{"damage_healed":0.0,"max_hp_gain":0.0,"max_hp_loss":0.0,"gold_gain":0.0,"event_name":"MindBloom","player_choice":"Fight","floor":37.0,"gold_loss":0.0,"damage_taken":0.0},{"damage_healed":0.0,"max_hp_gain":0.0,"max_hp_loss":0.0,"gold_gain":275.0,"event_name":"Golden Shrine","player_choice":"Desecrate","floor":41.0,"gold_loss":0.0,"damage_taken":0.0,"cards_obtained":["Regret"]},{"damage_healed":0,"gold_gain":0,"player_choice":"Ignored","damage_taken":0,"max_hp_gain":0,"max_hp_loss":0,"event_name":"Mysterious Sphere","floor":48,"gold_loss":0}],"is_beta":false,"boss_relics":[{"not_picked":["Busted Crown","SlaversCollar"],"picked":"hermit:ClaspedLocket"},{"not_picked":["Snecko Eye","Runic Dome"],"picked":"Tiny House"}],"items_purged_floors":[8,19,39],"is_endless":false,"potions_floor_spawned":[11,14,23,29,33,35,46],"killed_by":"Donu and Deca","ascension_level":5}}