{"host":"0cnf9zf1gia27zti","time":1607626477,"event":{"mods":["BaseMod","Colored Map","Colored Powertips","StSLib","Downfall","Replay The Spire","BetterRewards","Minty Spire (QoL Compilation)","Quick Restart","Conspire","Shade Mod","Spicy Shops","Card Forge"],"gold_per_floor":[119,152,152,152,162,162,162],"floor_reached":6,"playtime":472,"items_purged":["Strike_G"],"score":53,"play_id":"da1afdf3-1803-4bc9-bd80-84d060c65152","local_time":"20201210185437","is_ascension_mode":true,"campfire_choices":[],"circlet_count":0,"master_deck":["AscendersBane","Strike_G","Strike_G","Strike_G","Defend_G","Defend_G+1","Defend_G","Defend_G","Defend_G","Survivor","Neutralize","Noxious Fumes+1","Blade Dance","Backflip"],"relics":["Ring of the Snake","Hammer of Thor","Seething Fire","Anvil of the Gods","Anchor","Replay:Arrowhead","Bronze Scales","MealTicket","Regal Pillow"],"acts_visited":["Exordium"],"potions_floor_usage":[5,6],"damage_taken":[{"damage":0,"enemies":"Small Slimes","floor":1,"turns":4},{"damage":4,"enemies":"conspire:MimicChest","floor":2,"turns":6},{"damage":0,"enemies":"conspire:RoseBush","floor":5,"turns":3},{"damage":9,"enemies":"3 Sentries","floor":6,"turns":5}],"seed_played":"6427510271118883706","potions_obtained":[{"floor":2,"key":"BlessingOfTheForge"},{"floor":5,"key":"Flashbang"}],"is_trial":false,"path_per_floor":["M","?","?","?","M","E"],"character_chosen":"THE_SILENT","items_purchased":["Noxious Fumes","Anchor","Replay:Arrowhead","Bronze Scales","MealTicket"],"campfire_rested":0,"item_purchase_floors":[0,0,0,0,0],"current_hp_per_floor":[32,28,21,7,7,0,0],"gold":162,"neow_bonus":"","is_daily":false,"chose_seed":false,"campfire_upgraded":0,"win_rate":0,"timestamp":1607626477,"path_taken":["M","?","?","?","M","E"],"build_version":"2020-11-30","purchased_purges":1,"victory":false,"max_hp_per_floor":[70,70,70,70,70,70,70],"card_choices":[{"not_picked":["Acrobatics","Replay:Poison Smokescreen"],"picked":"Blade Dance","floor":1},{"not_picked":["Prepared","Poisoned Stab"],"picked":"Backflip","floor":2},{"not_picked":["All Out Attack","Sucker Punch","Escape Plan"],"picked":"SKIP","floor":5}],"player_experience":1870868,"relics_obtained":[{"floor":2,"key":"Regal Pillow"}],"event_choices":[{"cards_removed":["Strike_G"],"damage_healed":0,"gold_gain":0,"player_choice":"Card Removal","damage_taken":7,"max_hp_gain":0,"max_hp_loss":0,"event_name":"Golden Wing","floor":3,"gold_loss":0},{"damage_healed":0,"gold_gain":0,"player_choice":"Entered Light","damage_taken":14,"max_hp_gain":0,"max_hp_loss":0,"event_name":"Shining Light","floor":4,"gold_loss":0,"cards_upgraded":["Defend_G","Noxious Fumes"]}],"is_beta":false,"boss_relics":[],"items_purged_floors":[0],"is_endless":false,"potions_floor_spawned":[2,5],"killed_by":"3 Sentries","ascension_level":11}}