{"host":"d43m95u7l79th215","time":1607563789,"event":{"gold_per_floor":[116,116,67,102,117,117,49,49,73,90,110,120,120],"floor_reached":12,"playtime":761,"items_purged":[],"score":70,"play_id":"511a9e0f-aa1b-47f7-bb63-0bdb4f757de3","local_time":"20201210022949","is_ascension_mode":false,"campfire_choices":[{"floor":6,"key":"REST"},{"floor":8,"key":"REST"}],"neow_cost":"NONE","seed_source_timestamp":652873073235600,"circlet_count":0,"master_deck":["DemoMod:Strike_Huntress","DemoMod:Strike_Huntress","DemoMod:Defend_Huntress","DemoMod:Defend_Huntress","DemoMod:Defend_Huntress","DemoMod:Defend_Huntress","DemoMod:Roll","DemoMod:ManualReload","DemoMod:RustySidearm","DemoMod:CrossBow","BettingIsNotGood","DemoMod:BlackHoleGun","DemoMod:ChanceBullets","DemoMod:ChanceBullets","DemoMod:BlankBullets","DemoMod:TableSutra","DemoMod:SniperShot","DemoMod:Purify","DemoMod:StickyCrossBow"],"relics":["DemoMod:Dog","HushsDoor","hubris:Icosahedron","TheBean"],"potions_floor_usage":[12],"damage_taken":[{"damage":1,"enemies":"Jaw Worm","floor":1,"turns":4},{"damage":20,"enemies":"Cultist","floor":4,"turns":6},{"damage":19,"enemies":"2 Louse","floor":5,"turns":6},{"damage":45,"enemies":"Gremlin Gang","floor":10,"turns":6},{"damage":8,"enemies":"Exordium Wildlife","floor":11,"turns":5},{"damage":24,"enemies":"Lagavulin","floor":12,"turns":6}],"seed_played":"7622598605474790436","potions_obtained":[{"floor":1,"key":"DuplicationPotion"}],"is_trial":false,"path_per_floor":["M","?","$","M","M","R","$","R","T","M","M","E"],"character_chosen":"HUNTRESS","items_purchased":["DemoMod:ChanceBullets","DemoMod:SniperShot"],"campfire_rested":2,"item_purchase_floors":[3,7],"current_hp_per_floor":[69,69,69,49,30,51,51,70,70,25,22,0,0],"gold":120,"neow_bonus":"TRANSFORM_CARD","is_prod":false,"is_daily":false,"chose_seed":false,"campfire_upgraded":0,"win_rate":0.0,"timestamp":1607563789,"path_taken":["M","?","$","M","M","R","?","R","T","M","M","E"],"build_version":"2020-11-30","purchased_purges":0,"victory":false,"max_hp_per_floor":[70,70,70,70,70,70,70,70,70,70,70,70,70],"card_choices":[{"not_picked":[],"picked":"BettingIsNotGood","floor":0},{"not_picked":["DemoMod:Ejector","DemoMod:JK47"],"picked":"DemoMod:DirectionalPad","floor":1},{"not_picked":["DemoMod:StickyCrossBow","DemoMod:FortunesFavor"],"picked":"DemoMod:BlankBullets","floor":4},{"not_picked":["DemoMod:Purify","DemoMod:TeaPot"],"picked":"DemoMod:TableSutra","floor":5},{"not_picked":["DemoMod:FortunesFavor","DemoMod:MegaHand"],"picked":"DemoMod:Purify","floor":10},{"not_picked":["DemoMod:PotionOfGunFriendShip","DemoMod:FastSwitch"],"picked":"DemoMod:StickyCrossBow","floor":11}],"player_experience":386233,"relics_obtained":[],"event_choices":[],"is_beta":false,"boss_relics":[],"items_purged_floors":[],"is_endless":false,"potions_floor_spawned":[1],"killed_by":"Lagavulin","ascension_level":0}}