{"host":"046f94hp0svsg0ce","time":1607626079,"event":{"mods":["BaseMod","StSLib","Quick Restart","Act Like it!","Minty Spire (QoL Compilation)","Colored Map","Colored Powertips","Highlight Path","Rare Cards Sparkle","The Forsaken","Astrologer","Beaked The Cultist","The Necromancer","The Servant 0.9.4","GungeonMod","Halation","Mad Scientist","The Construct","The Runesmith"],"gold_per_floor":[112,18,18,30,42,70,81,81,130,130,130,147,161,15,15,112,112,128,5,22,22,22],"floor_reached":21,"playtime":7116,"items_purged":[],"score":181,"play_id":"d844953b-c5c8-4357-ba89-7aa0344e06ff","local_time":"20201210194759","is_ascension_mode":false,"campfire_choices":[{"data":"Runesmith:Augment","floor":8,"key":"SMITH"},{"data":"Runesmith:BackupBattery","floor":11,"key":"SMITH"},{"floor":15,"key":"REST"}],"circlet_count":0,"master_deck":["Runesmith:Strike_RS","Runesmith:Strike_RS","Runesmith:Defend_RS","Runesmith:Defend_RS","Runesmith:Defend_RS","Runesmith:CraftFirestone","Runesmith:Fortify","Runesmith:EnergizedChisel","Runesmith:Repurpose","Runesmith:Grindstone","Runesmith:BackupBattery+1","Runesmith:GenerateForcefield","Runesmith:HammerThrow","Runesmith:Augment+1","Runesmith:WhiteBalance","Runesmith:RunicBlueprint","Runesmith:Refine","Runesmith:DuctTape","Runesmith:Grindstone+1","Runesmith:LithiumIon","Runesmith:HeatedChisel","Runesmith:CraftMagma"],"relics":["Runesmith:BrokenRuby","NeowsBlessing","Blood Vial","Art of War","ClockworkSouvenir","Empty Cage"],"acts_visited":["Exordium","TheCity"],"potions_floor_usage":[16,20,20],"damage_taken":[{"damage":0,"enemies":"Cultist","floor":1,"turns":1},{"damage":0,"enemies":"Small Slimes","floor":4,"turns":1},{"damage":0,"enemies":"Jaw Worm","floor":5,"turns":1},{"damage":8,"enemies":"Lagavulin","floor":6,"turns":10},{"damage":3,"enemies":"Gremlin Gang","floor":7,"turns":8},{"damage":6,"enemies":"Large Slime","floor":12,"turns":9},{"damage":17,"enemies":"Lots of Slimes","floor":13,"turns":4},{"damage":58,"enemies":"Hexaghost","floor":16,"turns":19},{"damage":20,"enemies":"Spheric Guardian","floor":18,"turns":7},{"damage":46,"enemies":"3 Byrds","floor":20,"turns":11},{"damage":9,"enemies":"Shelled Parasite and Fungi","floor":21,"turns":1}],"seed_played":"7703363214313876290","potions_obtained":[{"floor":4,"key":"PowerPotion"},{"floor":6,"key":"DemoMod:LeadSkinPotion"},{"floor":7,"key":"SpeedPotion"},{"floor":18,"key":"SteroidPotion"}],"is_trial":false,"path_per_floor":["M","$","$","M","M","E","M","R","T","?","R","M","M","$","R","B",null,"M","$","M","M"],"character_chosen":"RUNESMITH_CLASS","items_purchased":["Runesmith:Repurpose","Runesmith:Grindstone","ClockworkSouvenir","Runesmith:LithiumIon","Runesmith:HeatedChisel"],"campfire_rested":1,"item_purchase_floors":[2,2,14,19,19],"current_hp_per_floor":[70,70,70,70,70,62,61,61,61,61,61,57,42,42,63,7,70,50,50,6,0,0],"gold":22,"neow_bonus":"THREE_ENEMY_KILL","is_daily":false,"chose_seed":false,"campfire_upgraded":2,"win_rate":0.0,"timestamp":1607626079,"path_taken":["M","?","$","M","M","E","M","R","T","?","R","?","M","$","R","BOSS","M","$","M","M"],"build_version":"2020-11-30","purchased_purges":0,"victory":false,"max_hp_per_floor":[70,70,70,70,70,70,70,70,70,70,70,70,70,70,70,70,70,70,70,70,70,70],"card_choices":[{"not_picked":["Runesmith:HeatedChisel","Runesmith:RuneHurl"],"picked":"Runesmith:EnergizedChisel","floor":1},{"not_picked":["Runesmith:Firewall","Runesmith:Firestorm"],"picked":"Runesmith:BackupBattery","floor":4},{"not_picked":["Runesmith:Repurpose","Runesmith:ShiftingStrike"],"picked":"Runesmith:GenerateForcefield","floor":5},{"not_picked":["Runesmith:HammerTime","Runesmith:ElementalConversion"],"picked":"Runesmith:HammerThrow","floor":6},{"not_picked":["Runesmith:ShiftingStrike","Runesmith:HammerTime"],"picked":"Runesmith:Augment","floor":7},{"not_picked":["Runesmith:EnergizedChisel","Runesmith:HammerThrow"],"picked":"Runesmith:RunicBlueprint","floor":12},{"not_picked":["Runesmith:BackupBattery","Runesmith:Empowerment"],"picked":"Runesmith:Refine","floor":13},{"not_picked":["Runesmith:CraftIndustria","Runesmith:MetallurgicalResearch"],"picked":"Runesmith:DuctTape","floor":16},{"not_picked":["Runesmith:EnergizedChisel","Runesmith:ChiselStab"],"picked":"Runesmith:Grindstone+1","floor":18},{"not_picked":["Runesmith:EarthShield+1","Runesmith:LastStand"],"picked":"Runesmith:CraftMagma","floor":20}],"player_experience":1509407,"relics_obtained":[{"floor":6,"key":"Blood Vial"},{"floor":9,"key":"Art of War"}],"event_choices":[{"damage_healed":0,"gold_gain":0,"cards_transformed":["Runesmith:Strike_RS"],"player_choice":"Transformed","damage_taken":0,"max_hp_gain":0,"max_hp_loss":0,"event_name":"Transmorgrifier","floor":10,"gold_loss":0,"cards_obtained":["Runesmith:WhiteBalance"]}],"is_beta":false,"boss_relics":[{"not_picked":["Sozu","halation:PlatinumPhoenix"],"picked":"Empty Cage"}],"items_purged_floors":[],"is_endless":false,"potions_floor_spawned":[4,6,7,12,18],"killed_by":"Shelled Parasite and Fungi","ascension_level":0}}