{"host":"iml8x8es9od4zowg","time":1607610901,"event":{"mods":["BaseMod","Minty Spire (QoL Compilation)","StSLib","Hermit","The Cursed","The Jungle","¡¼?Úª?ø«¡½REMEMod"],"gold_per_floor":[117,117,67,67,78,110,110,110,165,183,212,60,60,73,73,174,174,186,186,186,209,12,12,44,144,223,255,255,285,301,333,333,431,431,442,342,642,688,703,703,728,728,728,745,755,459,459,459,459,459],"floor_reached":49,"playtime":2842,"items_purged":["Bash","Strike_R"],"score":727,"play_id":"204dd019-99f3-4242-bd50-4976a26eb9e9","local_time":"20201210233501","is_ascension_mode":true,"campfire_choices":[{"floor":8,"key":"REST"},{"data":"Offering","floor":13,"key":"SMITH"},{"data":"Bludgeon","floor":15,"key":"SMITH"},{"data":"REME_Flogging","floor":23,"key":"SMITH"},{"floor":28,"key":"REST"},{"data":"Infernal Blade","floor":32,"key":"SMITH"},{"data":"Double Tap","floor":40,"key":"SMITH"},{"floor":42,"key":"RECALL"},{"data":"Offering","floor":47,"key":"SMITH"}],"circlet_count":0,"master_deck":["Defend_R","Defend_R","Defend_R","Defend_R","Study+1","Headbutt","Bludgeon+1","Infernal Blade+1","Infernal Blade","Offering+1","REME_TheLastStrike","Pommel Strike+1","Pommel Strike+1","Metallicize+1","Shrug It Off","Warcry","REME_Flogging+1","Bloodletting","Warcry","REME_SingleHolding+1","Double Tap+1","Warcry+1","Offering+1"],"relics":["Burning Blood","REME_ComplimentaryCards","StoneCalendar","Happy Flower","Lantern","Vajra","Astrolabe","Nunchaku","Juzu Bracelet","Turnip","Eternal Feather","Red Skull","Singing Bowl","Potion Belt","SlaversCollar","Ginger","Medical Kit"],"acts_visited":["Exordium","Exordium","TheBeyond"],"potions_floor_usage":[11,16,20,29,35,38,41,45,49],"damage_taken":[{"damage":1,"enemies":"Cultist","floor":1,"turns":3},{"damage":5,"enemies":"2 Louse","floor":5,"turns":3},{"damage":49,"enemies":"Lagavulin","floor":6,"turns":10},{"damage":8,"enemies":"Jaw Worm","floor":10,"turns":3},{"damage":9,"enemies":"3 Sentries","floor":11,"turns":5},{"damage":6,"enemies":"2 Fungi Beasts","floor":14,"turns":1},{"damage":49,"enemies":"Hexaghost","floor":16,"turns":8},{"damage":8,"enemies":"theJungle:MUSHROOMGANG","floor":18,"turns":3},{"damage":36,"enemies":"JungleHuntersEvent","floor":20,"turns":7},{"damage":17,"enemies":"theJungle:Cassacara","floor":24,"turns":3},{"damage":9,"enemies":"theJungle:2_Phrogs","floor":27,"turns":3},{"damage":6,"enemies":"theJungle:MamaSnecko","floor":29,"turns":3},{"damage":9,"enemies":"theJungle:5_Spyders","floor":30,"turns":3},{"damage":9,"enemies":"theJungle:Cassacara","floor":31,"turns":2},{"damage":17,"enemies":"theJungle:QueenSpyder","floor":33,"turns":5},{"damage":7,"enemies":"3 Shapes","floor":35,"turns":2},{"damage":17,"enemies":"2 Orb Walkers","floor":38,"turns":3},{"damage":9,"enemies":"3 Darklings","floor":39,"turns":2},{"damage":48,"enemies":"Reptomancer","floor":41,"turns":3},{"damage":8,"enemies":"Spire Growth","floor":44,"turns":2},{"damage":19,"enemies":"Jaw Worm Horde","floor":45,"turns":3},{"damage":68,"enemies":"Awakened One","floor":49,"turns":4}],"seed_played":"750243618219494627","potions_obtained":[{"floor":10,"key":"Explosive Potion"},{"floor":14,"key":"AttackPotion"},{"floor":16,"key":"FearPotion"},{"floor":24,"key":"Explosive Potion"},{"floor":33,"key":"PowerPotion"},{"floor":35,"key":"Fruit Juice"},{"floor":39,"key":"Regen Potion"},{"floor":41,"key":"Explosive Potion"},{"floor":44,"key":"Dexterity Potion"}],"is_trial":false,"path_per_floor":["M","?","?","$","M","E","?","R","T","M","E","$","R","M","R","B",null,"M","?","?","T","$","R","E","?","T","E","R","E","M","E","R","B",null,"M","$","?","?","M","R","E","R","T","M","M","$","R","?","B"],"character_chosen":"IRONCLAD","items_purchased":["Offering","REME_Flogging","Offering","Medical Kit"],"campfire_rested":2,"item_purchase_floors":[12,22,46,46],"current_hp_per_floor":[80,73,73,73,74,31,31,55,55,53,50,50,50,50,50,7,80,78,80,50,50,50,50,39,39,39,36,72,74,71,70,82,71,84,90,90,90,79,78,90,55,67,67,67,56,56,68,68,0,0],"gold":459,"neow_bonus":"ONE_RARE_RELIC","is_daily":false,"chose_seed":false,"campfire_upgraded":6,"win_rate":0,"timestamp":1607610901,"path_taken":["M","?","?","$","M","E","?","R","T","?","E","$","R","M","R","BOSS","M","?","?","?","$","R","E","?","T","E","R","E","M","E","R","BOSS","M","?","?","?","M","R","E","R","T","M","M","$","R","?","BOSS"],"build_version":"2020-11-30","purchased_purges":2,"victory":false,"max_hp_per_floor":[80,80,80,80,80,80,80,80,80,80,80,80,80,80,80,80,80,80,80,80,80,80,80,80,80,80,80,80,82,82,84,84,84,84,91,91,91,91,93,93,95,95,95,97,99,99,99,99,99,99],"card_choices":[{"not_picked":["Clash","Perfected Strike"],"picked":"Headbutt","floor":1},{"not_picked":["Wild Strike","Havoc","Thunderclap"],"picked":"SKIP","floor":5},{"not_picked":["Pommel Strike","Perfected Strike"],"picked":"Bludgeon","floor":6},{"not_picked":["Perfected Strike","Cleave"],"picked":"Infernal Blade","floor":10},{"not_picked":["REME_Fury","Thunderclap"],"picked":"Infernal Blade","floor":11},{"not_picked":["Clash","Cleave","Searing Blow"],"picked":"SKIP","floor":14},{"not_picked":["Bludgeon","Fiend Fire"],"picked":"REME_TheLastStrike","floor":16},{"not_picked":["Intimidate+1","Thunderclap+1"],"picked":"Shrug It Off","floor":18},{"not_picked":["Combust","Pommel Strike+1"],"picked":"Warcry","floor":20},{"not_picked":["Armaments","Cleave"],"picked":"Bloodletting","floor":24},{"not_picked":["Rampage","Clash+1"],"picked":"Warcry","floor":27},{"not_picked":["Havoc+1","Corruption","True Grit"],"picked":"Singing Bowl","floor":29},{"not_picked":["Rupture","Iron Wave"],"picked":"REME_SingleHolding+1","floor":30},{"not_picked":["Warcry","Iron Wave+1","Cleave+1"],"picked":"Singing Bowl","floor":31},{"not_picked":["Bludgeon","Immolate"],"picked":"Double Tap","floor":33},{"not_picked":["Twin Strike+1","Havoc+1","Body Slam"],"picked":"Singing Bowl","floor":35},{"not_picked":["Shrug It Off","Wild Strike"],"picked":"Warcry+1","floor":38},{"not_picked":["Hemokinesis","Clash+1","Perfected Strike+1"],"picked":"Singing Bowl","floor":39},{"not_picked":["Twin Strike+1","Anger","Wild Strike+1"],"picked":"Singing Bowl","floor":41},{"not_picked":["Twin Strike+1","Sword Boomerang","Iron Wave"],"picked":"Singing Bowl","floor":44},{"not_picked":["Power Through+1","Thunderclap","Feel No Pain+1"],"picked":"Singing Bowl","floor":45}],"player_experience":455584,"relics_obtained":[{"floor":6,"key":"Happy Flower"},{"floor":9,"key":"Lantern"},{"floor":11,"key":"Vajra"},{"floor":20,"key":"Nunchaku"},{"floor":21,"key":"Juzu Bracelet"},{"floor":24,"key":"Turnip"},{"floor":26,"key":"Eternal Feather"},{"floor":27,"key":"Red Skull"},{"floor":29,"key":"Singing Bowl"},{"floor":31,"key":"Potion Belt"},{"floor":38,"key":"Ginger"}],"event_choices":[{"cards_removed":["TheCursedMod:Dregs"],"damage_healed":0,"gold_gain":0,"player_choice":"Card Removal","damage_taken":7,"max_hp_gain":0,"max_hp_loss":0,"event_name":"Golden Wing","floor":2,"gold_loss":0},{"cards_removed":["Strike_R"],"damage_healed":0,"gold_gain":0,"player_choice":"Card Removal","damage_taken":0,"max_hp_gain":0,"max_hp_loss":0,"event_name":"The Cleric","floor":3,"gold_loss":50},{"damage_healed":0,"gold_gain":0,"player_choice":"Upgraded","damage_taken":0,"max_hp_gain":0,"max_hp_loss":0,"event_name":"Upgrade Shrine","floor":7,"gold_loss":0,"cards_upgraded":["Study"]},{"damage_healed":0,"gold_gain":100,"player_choice":"Pray","damage_taken":0,"max_hp_gain":0,"max_hp_loss":0,"event_name":"Golden Shrine","floor":25,"gold_loss":0},{"damage_healed":0,"gold_gain":300,"player_choice":"Gold","damage_taken":0,"max_hp_gain":0,"max_hp_loss":0,"event_name":"Wheel of Change","floor":37,"gold_loss":0},{"damage_healed":0,"gold_gain":0,"player_choice":"Fight","damage_taken":0,"max_hp_gain":0,"max_hp_loss":0,"event_name":"Mysterious Sphere","floor":38,"gold_loss":0},{"damage_healed":0,"gold_gain":0,"player_choice":"Took Portal","damage_taken":0,"max_hp_gain":0,"max_hp_loss":0,"event_name":"SecretPortal","floor":48,"gold_loss":0}],"is_beta":false,"boss_relics":[{"not_picked":["Tiny House","Fusion Hammer"],"picked":"Astrolabe"},{"not_picked":["REME_DuelDisc","Runic Cube"],"picked":"SlaversCollar"}],"items_purged_floors":[12,36],"is_endless":false,"potions_floor_spawned":[10,14,16,24,33,35,39,41,44],"killed_by":"Awakened One","ascension_level":1}}