{"host":"3xls0xm49ftugio7","time":1607629985,"event":{"mods":["2.2 Compatiblity","BaseMod","AchievementEnabler","Act Like it!","Colored Powertips","GifTheSpireLib","Minty Spire (QoL Compilation)","Quick Restart","StSLib","Relic Stats","The Florist","The Hierophant","Hermit"],"gold_per_floor":[118,138,155,173,173,203,203,478,478,478,456,456,466,477,477,549,549,569,582,14,34,52,52,86,98,125,138,138,138,138,151,151,230,230,248,248,72,102,102,136,154,154,154,169,204,218,0,0,0,0,0],"floor_reached":50,"playtime":3646,"items_purged":[],"score":1151,"play_id":"fd95030f-0143-4557-997b-735e73ab85e9","local_time":"20201210215305","is_ascension_mode":true,"campfire_choices":[{"floor":10.0,"key":"REST"},{"data":"hermit:Manifest","floor":12.0,"key":"SMITH"},{"floor":15.0,"key":"REST"},{"data":"hermit:Magnum","floor":23.0,"key":"SMITH"},{"floor":28.0,"key":"REST"},{"floor":32,"key":"REST"},{"floor":42,"key":"REST"},{"floor":49,"key":"RECALL"}],"circlet_count":0,"master_deck":["AscendersBane","hermit:Strike_Hermit","hermit:Strike_Hermit","hermit:Strike_Hermit","hermit:Defend_Hermit","hermit:Defend_Hermit","hermit:Defend_Hermit","hermit:Defend_Hermit","hermit:Snapshot","hermit:Covet","hermit:FlashPowder","hermit:Snipe+1","hermit:HighNoon+1","hermit:GoldenBullet","hermit:Enervate","Parasite","Regret","hermit:Manifest+1","hermit:Determination","hermit:NoHoldsBarred","hermit:Magnum+1","hermit:Spite","hermit:Horror","hermit:Determination","hermit:HighNoon+1","hermit:Dive","hermit:Malice","hermit:Gestalt","hermit:Scavenge","hermit:Dissolve","hermit:TakeCover","hermit:FromBeyond","hermit:Determination","Decay","hermit:Grudge","Parasite","hermit:Grudge","hermit:Gestalt","hermit:Deadeye+1"],"special_seed":0,"relics":["hermit:Momento","InkBottle","Mummified Hand","hermit:BartenderGlass","Toy Ornithopter","DollysMirror","Ornamental Fan","Blood Vial","Nilry\u0027s Codex","Black Star","Dead Branch","Letter Opener","Centennial Puzzle","StrikeDummy","The Courier","Red Mask"],"acts_visited":["Exordium","TheCity","TheBeyond"],"potions_floor_usage":[30,30,31,33,33,40,40,40,44,44,45,45,46,46,50,50],"damage_taken":[{"damage":6.0,"enemies":"Cultist","floor":1.0,"turns":3.0},{"damage":0.0,"enemies":"Small Slimes","floor":2.0,"turns":3.0},{"damage":0.0,"enemies":"Jaw Worm","floor":3.0,"turns":4.0},{"damage":8.0,"enemies":"2 Fungi Beasts","floor":4.0,"turns":4.0},{"damage":28.0,"enemies":"Gremlin Nob","floor":6.0,"turns":4.0},{"damage":20.0,"enemies":"Exordium Thugs","floor":11.0,"turns":4.0},{"damage":1.0,"enemies":"Looter","floor":13.0,"turns":3.0},{"damage":5.0,"enemies":"3 Louse","floor":14.0,"turns":5.0},{"damage":18.0,"enemies":"Slime Boss","floor":16.0,"turns":7.0},{"damage":13.0,"enemies":"Spheric Guardian","floor":18.0,"turns":4.0},{"damage":15.0,"enemies":"3 Byrds","floor":19.0,"turns":5.0},{"damage":0.0,"enemies":"Centurion and Healer","floor":21.0,"turns":5.0},{"damage":20.0,"enemies":"Snake Plant","floor":22.0,"turns":4.0},{"damage":1.0,"enemies":"Gremlin Leader","floor":24.0,"turns":5.0},{"damage":22.0,"enemies":"Snecko","floor":25.0,"turns":5.0},{"damage":20.0,"enemies":"Sentry and Sphere","floor":27.0,"turns":3.0},{"damage":15,"enemies":"Colosseum Slavers","floor":30,"turns":3},{"damage":3,"enemies":"Cultist and Chosen","floor":31,"turns":7},{"damage":10,"enemies":"Champ","floor":33,"turns":8},{"damage":3,"enemies":"3 Shapes","floor":35,"turns":8},{"damage":1,"enemies":"Mind Bloom Boss Battle","floor":38,"turns":9},{"damage":32,"enemies":"Giant Head","floor":40,"turns":9},{"damage":58,"enemies":"3 Darklings","floor":41,"turns":7},{"damage":2,"enemies":"Writhing Mass","floor":44,"turns":5},{"damage":28,"enemies":"Nemesis","floor":45,"turns":15},{"damage":1,"enemies":"4 Shapes","floor":46,"turns":4},{"damage":80,"enemies":"Time Eater","floor":50,"turns":6}],"seed_played":"6906434619549361443","potions_obtained":[{"floor":2.0,"key":"FearPotion"},{"floor":3.0,"key":"FearPotion"},{"floor":4.0,"key":"DuplicationPotion"},{"floor":13.0,"key":"LiquidMemories"},{"floor":14.0,"key":"DistilledChaos"},{"floor":21.0,"key":"hermit:BlackBile"},{"floor":22.0,"key":"ColorlessPotion"},{"floor":27.0,"key":"Explosive Potion"},{"floor":31,"key":"Swift Potion"},{"floor":41,"key":"SkillPotion"},{"floor":44,"key":"Regen Potion"}],"is_trial":false,"path_per_floor":["M","M","M","M","?","E","?","?","T","R","M","R","M","M","R","B",null,"M","M","$","M","M","R","E","M","T","M","R","?","?","M","R","B",null,"M","?","$","?","?","E","M","R","T","M","E","M","?","$","R","B"],"character_chosen":"HERMIT","items_purchased":["hermit:Determination","Toy Ornithopter","DuplicationPotion","SkillPotion","DollysMirror","hermit:Dive","hermit:FromBeyond"],"campfire_rested":5,"item_purchase_floors":[20,20,20,20,20,20,37],"current_hp_per_floor":[65,65,65,57,34,6,25,25,25,48,28,28,27,22,45,27,65,52,37,37,47,37,37,46,34,34,26,49,28,25,29,52,54,72,71,71,71,72,72,56,23,46,46,56,55,66,66,66,66,0,0],"gold":0,"neow_bonus":"TEN_PERCENT_HP_BONUS","is_daily":false,"chose_seed":false,"campfire_upgraded":2,"win_rate":0,"timestamp":1607629985,"path_taken":["M","?","M","M","?","E","?","?","T","R","M","R","M","?","R","BOSS","M","M","$","M","M","R","E","M","T","M","R","?","?","M","R","BOSS","M","?","$","?","?","E","M","R","T","M","E","?","?","?","R","BOSS"],"build_version":"2020-11-30","purchased_purges":0,"victory":false,"max_hp_per_floor":[78,78,78,78,78,78,78,78,78,78,78,78,78,78,78,78,78,78,78,78,78,78,78,78,78,78,78,78,78,78,78,78,78,78,78,78,78,78,78,78,78,78,78,78,78,78,78,78,78,78,78],"relic_stats":{"Blood Vial":24,"Centennial Puzzle":[15],"counters":[27,149],"Mummified Hand":[88],"Ornamental Fan":[76],"Dead Branch":[60],"Black Star":2,"Letter Opener":[106],"obtain_stats":[{"Nilry\u0027s Codex":29,"Dead Branch":38,"The Courier":45,"Letter Opener":40,"Blood Vial":26,"Centennial Puzzle":40,"Mummified Hand":9,"DollysMirror":20,"Ornamental Fan":24,"hermit:BartenderGlass":17,"Black Star":34,"Red Mask":47,"StrikeDummy":45,"hermit:Momento":0,"InkBottle":6,"Toy Ornithopter":20},{"Nilry\u0027s Codex":16,"Dead Branch":21,"The Courier":25,"Letter Opener":22,"Blood Vial":15,"Centennial Puzzle":22,"Mummified Hand":5,"DollysMirror":11,"Ornamental Fan":14,"hermit:BartenderGlass":9,"Black Star":19,"Red Mask":26,"StrikeDummy":25,"hermit:Momento":0,"InkBottle":5,"Toy Ornithopter":11},{"Nilry\u0027s Codex":68,"Dead Branch":103,"The Courier":139,"Letter Opener":112,"Blood Vial":65,"Centennial Puzzle":112,"Mummified Hand":18,"DollysMirror":46,"Ornamental Fan":60,"hermit:BartenderGlass":37,"Black Star":86,"Red Mask":143,"StrikeDummy":139,"hermit:Momento":0,"InkBottle":18,"Toy Ornithopter":46}],"InkBottle":[51],"Toy Ornithopter":129},"card_choices":[{"not_picked":["hermit:WideOpen","hermit:Deadeye"],"picked":"hermit:FlashPowder","floor":1.0},{"not_picked":["hermit:TrackingShot","hermit:WideOpen"],"picked":"hermit:Snipe","floor":2.0},{"not_picked":["hermit:Coalescence","hermit:Glare"],"picked":"hermit:HighNoon","floor":3.0},{"not_picked":["hermit:Desperado","hermit:Roulette"],"picked":"hermit:GoldenBullet","floor":4.0},{"not_picked":["hermit:FatalDesire","hermit:Brawl"],"picked":"hermit:Enervate","floor":6.0},{"not_picked":["hermit:Coalescence","hermit:CalledShot"],"picked":"hermit:Manifest","floor":11.0},{"not_picked":["hermit:Dive","hermit:Virtue"],"picked":"hermit:Determination","floor":13.0},{"not_picked":["hermit:BigShot","hermit:TakeAim"],"picked":"hermit:NoHoldsBarred","floor":14.0},{"not_picked":["hermit:EternalForm","hermit:Gambit"],"picked":"hermit:Magnum","floor":16.0},{"not_picked":["hermit:Ricochet","hermit:BigShot"],"picked":"hermit:Spite","floor":18.0},{"not_picked":["hermit:CalledShot","hermit:Feint"],"picked":"hermit:Horror","floor":19.0},{"not_picked":["hermit:HighCaliber","hermit:HoleUp"],"picked":"hermit:Malice","floor":21.0},{"not_picked":["hermit:Deadeye","hermit:Headshot","hermit:ItchyTrigger"],"picked":"SKIP","floor":22.0},{"not_picked":["hermit:Spite","hermit:Manifest","hermit:PistolWhip"],"picked":"SKIP","floor":24.0},{"not_picked":["hermit:Headshot","hermit:NoHoldsBarred","hermit:Horror"],"picked":"SKIP","floor":25.0},{"not_picked":["hermit:Roulette","hermit:Cheat+1"],"picked":"hermit:Gestalt","floor":27.0},{"not_picked":["hermit:Virtue","hermit:Headshot"],"picked":"hermit:Scavenge","floor":31},{"not_picked":["hermit:BlackWind","hermit:EternalForm"],"picked":"hermit:Dissolve","floor":33},{"not_picked":["hermit:BigShot","hermit:Dive"],"picked":"hermit:TakeCover","floor":35},{"not_picked":["hermit:GoldenBullet+1","hermit:Spite"],"picked":"hermit:Determination","floor":38},{"not_picked":["hermit:LoneWolf","hermit:Manifest","hermit:Scavenge"],"picked":"SKIP","floor":40},{"not_picked":["hermit:Combo+1","hermit:Snipe"],"picked":"hermit:Grudge","floor":41},{"not_picked":["hermit:SprayPray","hermit:Combo"],"picked":"hermit:Grudge","floor":44},{"not_picked":["hermit:Cheat","hermit:Desperado"],"picked":"hermit:Gestalt","floor":45},{"not_picked":["hermit:TrackingShot+1","hermit:HighCaliber"],"picked":"hermit:Deadeye+1","floor":46}],"player_experience":805316,"relics_obtained":[{"floor":6.0,"key":"InkBottle"},{"floor":9.0,"key":"Mummified Hand"},{"floor":24.0,"key":"Ornamental Fan"},{"floor":26.0,"key":"Blood Vial"},{"floor":29.0,"key":"Nilry\u0027s Codex"},{"floor":38,"key":"Dead Branch"},{"floor":40,"key":"Letter Opener"},{"floor":40,"key":"Centennial Puzzle"},{"floor":45,"key":"StrikeDummy"},{"floor":45,"key":"The Courier"}],"event_choices":[{"damage_healed":0.0,"max_hp_gain":0.0,"max_hp_loss":0.0,"gold_gain":0.0,"event_name":"Shining Light","player_choice":"Entered Light","floor":5.0,"gold_loss":0.0,"damage_taken":23.0,"cards_upgraded":["hermit:Snipe","hermit:HighNoon"]},{"damage_healed":19.0,"max_hp_gain":0.0,"max_hp_loss":0.0,"gold_gain":0.0,"event_name":"Mushrooms","player_choice":"Healed and dodged fight","floor":7.0,"gold_loss":0.0,"damage_taken":0.0,"cards_obtained":["Parasite"]},{"damage_healed":0.0,"max_hp_gain":0.0,"max_hp_loss":0.0,"gold_gain":275.0,"event_name":"Golden Shrine","player_choice":"Desecrate","floor":8.0,"gold_loss":0.0,"damage_taken":0.0,"cards_obtained":["Regret"]},{"damage_healed":0.0,"max_hp_gain":0.0,"max_hp_loss":0.0,"gold_gain":0.0,"event_name":"Cursed Tome","player_choice":"Obtained Book","floor":29.0,"gold_loss":0.0,"damage_taken":21.0},{"damage_healed":0,"gold_gain":0,"player_choice":"Fight","damage_taken":0,"max_hp_gain":0,"max_hp_loss":0,"event_name":"Colosseum","floor":30,"gold_loss":0},{"damage_healed":0,"gold_gain":0,"player_choice":"Fled From Nobs","damage_taken":0,"max_hp_gain":0,"max_hp_loss":0,"event_name":"Colosseum","floor":30,"gold_loss":0},{"cards_removed":["hermit:Strike_Hermit"],"damage_healed":0,"gold_gain":0,"player_choice":"Removed Attack","damage_taken":0,"max_hp_gain":0,"max_hp_loss":0,"event_name":"Falling","floor":36,"gold_loss":0},{"damage_healed":0,"gold_gain":0,"player_choice":"Fight","damage_taken":0,"max_hp_gain":0,"max_hp_loss":0,"event_name":"MindBloom","floor":38,"gold_loss":0},{"damage_healed":0,"gold_gain":0,"player_choice":"Cursed","damage_taken":0,"max_hp_gain":0,"max_hp_loss":0,"event_name":"Wheel of Change","floor":39,"gold_loss":0,"cards_obtained":["Decay"]},{"damage_healed":0,"gold_gain":0,"player_choice":"Paid","damage_taken":0,"relics_obtained":["Red Mask"],"max_hp_gain":0,"max_hp_loss":0,"event_name":"Tomb of Lord Red Mask","floor":47,"gold_loss":218}],"is_beta":false,"boss_relics":[{"not_picked":["SlaversCollar","Sozu"],"picked":"hermit:BartenderGlass"},{"not_picked":["Pandora\u0027s Box","Empty Cage"],"picked":"Black Star"}],"items_purged_floors":[],"is_endless":false,"potions_floor_spawned":[2,3,4,13,14,21,22,27,30,31,35,41,44],"killed_by":"Time Eater","ascension_level":19}}