{"host":"omov159tyjzan9wn","time":1607621723,"event":{"mods":["BaseMod","StSLib","AchievementEnabler","Better Note","BetterRewards","Colored Powertips","Friendly Minions","Googly Eyes","Hermit","Highlight Path","KinomotoSakuraMod(????)","Kiyohime????","Koishi","Mad Scientist","Marisa????????","Minty Spire (QoL Compilation)","Prisma Mod","Quick Restart","Remilia??????","Replay The Spire","Shop Mod","The Administrix","The Animator","The Bug Knight","The Cursed","The Hierophant","The Mystic","The Servant 0.9.4","Yohane!","everything is the same but u backflip on backflip","Aspiration","Hubris","Lobotomy","2.2 Compatiblity","Downfall"],"gold_per_floor":[99,117,117,131,131,45,45,45,59,94,154,168,268,280,295,397,397,322,356,366,366,376,376,376,376,576,603,619,669,719,783,796,901,901,751,768,793,810,835,24,24,36,48,48,173,188,288,61,74,74,74,107,59,59,59],"floor_reached":56,"playtime":5560,"items_purged":["Slimebound:Strike_Slimebound","Slimebound:Strike_Slimebound"],"score":1624,"play_id":"e1a92403-6087-4039-a86f-af3f1e0371fd","local_time":"20201210173523","is_ascension_mode":false,"campfire_choices":[{"data":"Slimebound:Split","floor":1.0,"key":"SMITH"},{"data":"Slimebound:AcidTongue","floor":3.0,"key":"SMITH"},{"floor":5.0,"key":"DIG"},{"data":"Slimebound:OneTwoCombo","floor":8.0,"key":"SMITH"},{"data":"Slimebound:RainOfGoop","floor":18.0,"key":"SMITH"},{"data":"Slimebound:RallyTheTroops","floor":21.0,"key":"SMITH"},{"data":"Slimebound:MinionMaster","floor":23.0,"key":"SMITH"},{"floor":25.0,"key":"RECALL"},{"data":"Slimebound:MassRepurpose","floor":35.0,"key":"SMITH"},{"data":"Metamorphosis","floor":44.0,"key":"SMITH"},{"data":"hubris:DuctTapeCard","floor":54,"key":"SMITH"}],"circlet_count":0,"master_deck":["Slimebound:Strike_Slimebound","Slimebound:Tackle","Slimebound:Defend_Slimebound","Slimebound:Defend_Slimebound","Slimebound:Defend_Slimebound","Slimebound:Defend_Slimebound","Slimebound:Split+1","Slimebound:CorrosiveSpit","Slimebound:AcidTongue+1","Slimebound:SamplingLick","Slimebound:RainOfGoop+1","Slimebound:RainOfGoop","Slimebound:SplitAcid","Slimebound:SplitLeeching","Slimebound:RallyTheTroops+1","Slimebound:LeechingTouch","Slimebound:MegaLick","Slimebound:Gluttony+1","Slimebound:SplitLeeching+1","Slimebound:MinionMaster+1","Slimebound:SplitMire+1","Slimebound:AcidTongue","Slimebound:Replication","Slimebound:Nibble","Slimebound:MassRepurpose+1","Deflect+1","Terror+1","Slimebound:DisruptingSlam+1","Slimebound:GrowthPunch+1","Metamorphosis+1","Slimebound:SamplingLick+1","Hidden Blade+1","Slimebound:ViciousTackle+1","Slimebound:MegaLick","Slimebound:LeadByExample+1","Slimebound:LeadByExample+1","Slimebound:Schlurp","hubris:DuctTapeCard+2","Blade Dance+1"],"special_seed":0,"relics":["Slimebound:AbsorbEndCombat","Replay:Multitool","Replay:Ringing Soul","aspiration:FrozenJewel","Replay:Bottled Snecko","downfall:CloakOfManyFaces","CultistMask","FaceOfCleric","NlothsMask","GremlinMask","SsserpentHead","Slimebound:TarBlob","downfall:HeartBlessingGreen","hubris:ToyBattleship","Mercury Hourglass","aspiration:SilentSkillbook","downfall:HeartBlessingRed","downfall:HeartBlessingBlue","ReplayTheSpireMod:TigerMarble","MealTicket","Shuriken","OrangePellets","Bronze Scales","Replay:Bottled Steam","Frozen Egg 2","TungstenRod","Vajra","Boot","hubris:DuctTape"],"acts_visited":["Exordium","TheCity","TheBeyond","TheEnding"],"potions_floor_usage":[48,50,55],"damage_taken":[{"damage":9.0,"enemies":"Cultist","floor":2.0,"turns":3.0},{"damage":18.0,"enemies":"Small Slimes","floor":4.0,"turns":3.0},{"damage":8.0,"enemies":"downfall:FleeingMerchant","floor":6.0,"turns":4.0},{"damage":11.0,"enemies":"2 Louse","floor":9.0,"turns":2.0},{"damage":37.0,"enemies":"Gremlin Nob","floor":10.0,"turns":4.0},{"damage":28.0,"enemies":"Lagavulin Event","floor":11.0,"turns":4.0},{"damage":15.0,"enemies":"Red Slaver","floor":12.0,"turns":2.0},{"damage":16.0,"enemies":"downfall:FaceTrader","floor":13.0,"turns":4.0},{"damage":21.0,"enemies":"3 Louse","floor":14.0,"turns":2.0},{"damage":6.0,"enemies":"Blue Slaver","floor":15.0,"turns":3.0},{"damage":52.0,"enemies":"downfall:CharBossDefect","floor":16.0,"turns":8.0},{"damage":46.0,"enemies":"Book of Stabbing","floor":19.0,"turns":5.0},{"damage":24.0,"enemies":"3 Byrds","floor":20.0,"turns":4.0},{"damage":18.0,"enemies":"Spheric Guardian","floor":22.0,"turns":3.0},{"damage":23.0,"enemies":"Replay:Snechameleon","floor":27.0,"turns":4.0},{"damage":18.0,"enemies":"Snecko","floor":28.0,"turns":4.0},{"damage":12.0,"enemies":"Cultist and Chosen","floor":31.0,"turns":4.0},{"damage":12.0,"enemies":"Centurion and Healer","floor":32.0,"turns":3.0},{"damage":92.0,"enemies":"downfall:CharBossIronclad","floor":33.0,"turns":6.0},{"damage":12.0,"enemies":"3 Shapes","floor":36.0,"turns":2.0},{"damage":30.0,"enemies":"R_Hoarder","floor":37.0,"turns":6.0},{"damage":31.0,"enemies":"Orb Walker","floor":38.0,"turns":2.0},{"damage":41.0,"enemies":"Reptomancer","floor":39.0,"turns":4.0},{"damage":36.0,"enemies":"downfall:FleeingMerchant","floor":40.0,"turns":4.0},{"damage":38.0,"enemies":"Transient","floor":42.0,"turns":5.0},{"damage":22.0,"enemies":"Jaw Worm Horde","floor":43.0,"turns":3.0},{"damage":26.0,"enemies":"Writhing Mass","floor":46.0,"turns":4.0},{"damage":38.0,"enemies":"2 Orb Walkers","floor":47.0,"turns":4.0},{"damage":7,"enemies":"downfall:FleeingMerchant","floor":48,"turns":2},{"damage":17,"enemies":"Transient","floor":49,"turns":5},{"damage":52,"enemies":"downfall:CharBossSilent","floor":50,"turns":7},{"damage":60,"enemies":"downfall:CharBossMerchant","floor":52,"turns":7},{"damage":79,"enemies":"downfall:NeowBoss","floor":55,"turns":18}],"seed_played":"2922070624683895495","potions_obtained":[{"floor":4.0,"key":"AttackPotion"},{"floor":10.0,"key":"Languid Potion"},{"floor":11.0,"key":"Fruit Juice"},{"floor":12.0,"key":"Elixir"},{"floor":16.0,"key":"Regen Potion"},{"floor":19.0,"key":"EssenceOfSteel"},{"floor":20.0,"key":"Block Potion"},{"floor":29.0,"key":"Toxic Potion"},{"floor":31.0,"key":"ColorlessPotion"},{"floor":36.0,"key":"BlessingOfTheForge"},{"floor":38.0,"key":"BlessingOfTheForge"},{"floor":43.0,"key":"Explosive Potion"}],"is_trial":false,"path_per_floor":["R","M","R","M","R","$","T","R","M","E","?","M","?","M","M","B",null,"R","E","M","R","M","R","T","R","?","E","M","?","T","M","M","B",null,"R","M","E","M","E","$","T","M","M","R","?","M","?","$","M","B",null,"E","$","R","B",null],"character_chosen":"SLIMEBOUND","items_purchased":["Slimebound:OneTwoCombo","Shuriken","OrangePellets","Bronze Scales","Metamorphosis","Vajra","Boot","Slimebound:LeadByExample+1","Fruit Juice","BlessingOfTheForge"],"campfire_rested":0,"item_purchase_floors":[6,40,40,40,40,48,48,48,48,53],"current_hp_per_floor":[42,49,49,47,47,55,55,55,63,44,44,48,67,62,72,76,92,92,88,100,100,104,104,104,104,104,107,112,112,112,116,118,88,124,134,138,142,137,146,154,154,158,162,162,162,166,170,179,183,184,184,188,188,188,185],"gold":59,"neow_bonus":"ONE_RARE_RELIC","is_daily":false,"chose_seed":false,"campfire_upgraded":9,"win_rate":0.0,"timestamp":1607621723,"path_taken":["R","M","R","M","R","$","T","R","?","E","?","M","?","M","M","BOSS","R","E","M","R","M","R","T","R","?","E","M","?","?","?","M","BOSS","R","M","E","M","E","$","T","M","M","R","?","M","?","$","M","BOSS","E","$","R","BOSS"],"build_version":"2020-11-30","purchased_purges":2,"victory":true,"max_hp_per_floor":[60,60,60,60,60,60,60,60,63,66,74,77,80,84,88,92,92,92,96,100,100,104,104,104,104,104,108,112,112,112,116,120,124,124,134,138,142,146,150,154,154,158,162,162,162,166,170,179,183,184,184,188,188,188,189],"card_choices":[{"not_picked":["Slimebound:SamplingLick","Slimebound:ComboTackle"],"picked":"Slimebound:AcidTongue","floor":2.0},{"not_picked":["Slimebound:DisruptingSlam","Slimebound:FinishingTackle"],"picked":"Slimebound:SamplingLick","floor":4.0},{"not_picked":["Slimebound:FinishingTackle","Slimebound:PressTheAttack"],"picked":"Slimebound:RainOfGoop","floor":9.0},{"not_picked":["Slimebound:Grow","Slimebound:ComboTackle"],"picked":"Slimebound:RainOfGoop","floor":10.0},{"not_picked":["Slimebound:GoopSpray","Slimebound:Prepare"],"picked":"Slimebound:SplitAcid","floor":11.0},{"not_picked":["Slimebound:GoopSpray","Slimebound:SamplingLick"],"picked":"Slimebound:SplitLeeching","floor":12.0},{"not_picked":["Slimebound:SlimeSpikes","Slimebound:SplitBruiser"],"picked":"Slimebound:RallyTheTroops","floor":13.0},{"not_picked":["Slimebound:ItLooksTasty","Slimebound:LevelUp"],"picked":"Slimebound:LeechingTouch","floor":14.0},{"not_picked":["Slimebound:PressTheAttack","Slimebound:SplitAcid"],"picked":"Slimebound:MegaLick","floor":15.0},{"not_picked":["Slimebound:DuplicatedForm","Slimebound:DouseInSlime"],"picked":"Slimebound:OozeBath","floor":16.0},{"not_picked":["Slimebound:Schlurp","Slimebound:SplitLeeching"],"picked":"Slimebound:Gluttony+1","floor":19.0},{"not_picked":["Slimebound:PressTheAttack","Slimebound:Schlurp"],"picked":"Slimebound:SplitLeeching+1","floor":20.0},{"not_picked":["Slimebound:ForwardTackle","Slimebound:SamplingLick"],"picked":"Slimebound:MinionMaster","floor":22.0},{"not_picked":["Slimebound:GoopTackle","Slimebound:GoopSpray"],"picked":"Slimebound:SplitMire+1","floor":27.0},{"not_picked":["Slimebound:FlameTackle","Slimebound:ViciousTackle+1"],"picked":"Slimebound:AcidTongue","floor":28.0},{"not_picked":["Slimebound:RollThrough+1","Slimebound:SplitBruiser"],"picked":"Slimebound:Replication","floor":31.0},{"not_picked":["Slimebound:GoopSpray","Slimebound:Repurpose"],"picked":"Slimebound:Nibble","floor":32.0},{"not_picked":["Slimebound:RallyTheTroops","Slimebound:SlimeSlap"],"picked":"Slimebound:MassRepurpose","floor":33.0},{"not_picked":["Calculated Gamble","Acrobatics+1","Slimebound:ViciousTackle"],"picked":"Deflect+1","floor":36.0},{"not_picked":["Deadly Poison","Slimebound:LeechEnergy","Die Die Die"],"picked":"Terror+1","floor":37.0},{"not_picked":["Heel Hook+1","Slimebound:TongueLash","Quick Slash"],"picked":"Slimebound:DisruptingSlam+1","floor":38.0},{"not_picked":["Slimebound:FirmFortitude","Noxious Fumes+1","Slimebound:ComboTackle+1"],"picked":"Slimebound:GrowthPunch+1","floor":39.0},{"not_picked":["Masterful Stab+1","Slimebound:GoopSpray","Prepared+1"],"picked":"Slimebound:SamplingLick+1","floor":42.0},{"not_picked":["Slimebound:SamplingLick","Slimebound:WasteNot","Prepared+1"],"picked":"Hidden Blade+1","floor":43.0},{"not_picked":["Poisoned Stab","hubris:SlightOfHand","Flying Knee+1"],"picked":"Slimebound:ViciousTackle+1","floor":46.0},{"not_picked":["Slimebound:RollThrough+1","Flechettes+1","ReplayTheSpireMod:The Works"],"picked":"Slimebound:MegaLick","floor":47.0},{"not_picked":["Dash","Crippling Poison","Skewer"],"picked":"Slimebound:Schlurp","floor":49},{"not_picked":["Slimebound:Grow+1","Well Laid Plans+1","Slimebound:DouseInSlime"],"picked":"Blade Dance+1","floor":52}],"player_experience":57005,"relics_obtained":[{"floor":5.0,"key":"Replay:Wax Seal"},{"floor":7.0,"key":"Replay:Ringing Soul"},{"floor":10.0,"key":"aspiration:FrozenJewel"},{"floor":13.0,"key":"downfall:CloakOfManyFaces"},{"floor":19.0,"key":"hubris:ToyBattleship"},{"floor":27.0,"key":"Mercury Hourglass"},{"floor":37.0,"key":"ReplayTheSpireMod:TigerMarble"},{"floor":39.0,"key":"MealTicket"},{"floor":41.0,"key":"Replay:Bottled Steam"},{"floor":45.0,"key":"Frozen Egg 2"},{"floor":47.0,"key":"TungstenRod"},{"floor":52,"key":"hubris:DuctTape"}],"event_choices":[{"damage_healed":0.0,"max_hp_gain":0.0,"max_hp_loss":0.0,"gold_gain":0.0,"event_name":"Lab","player_choice":"Got Potions","floor":29.0,"gold_loss":0.0,"damage_taken":0.0},{"damage_healed":0.0,"max_hp_gain":0.0,"max_hp_loss":0.0,"gold_gain":0.0,"event_name":"Mysterious Sphere","player_choice":"Fight","floor":47.0,"gold_loss":0.0,"damage_taken":0.0}],"is_beta":false,"boss_relics":[{"not_picked":["Astrolabe","Replay:Wanted Poster"],"picked":"Slimebound:TarBlob"},{"not_picked":["Abe\u0027s Treasure","Calling Bell"],"picked":"aspiration:SilentSkillbook"}],"items_purged_floors":[40,48],"is_endless":false,"potions_floor_spawned":[4,10,11,12,16,19,20,28,31,36,38,43],"ascension_level":0}}