{"host":"2yqfi47fogfu1ic4","time":1607635999,"event":{"mods":["BaseMod","Relic Stats","StSLib","AchievementEnabler","Colored Map","Colored Powertips","Highlight Path","Minty Spire (QoL Compilation)","Permanent Neow"],"gold_per_floor":[112,127,26,26,40,40,68,78,103,136,136,136,136,49,49,121,121,134,58,73,73,73,73,108,108,108,119,119,146,162,162,162,241,241,253,253,263,280,280,313,327,327,354,354,386,397,96,127,127,127,127,127,46,81,81],"floor_reached":56,"playtime":5108,"items_purged":["Strike_G","Strike_G"],"score":2455,"play_id":"05959cec-13e7-47ee-8c28-66885210fd69","local_time":"20201210223319","is_ascension_mode":true,"campfire_choices":[{"data":"Dodge and Roll","floor":6.0,"key":"SMITH"},{"data":"Burst","floor":11.0,"key":"SMITH"},{"data":"Well Laid Plans","floor":15.0,"key":"SMITH"},{"data":"Catalyst","floor":23.0,"key":"SMITH"},{"data":"Wraith Form v2","floor":25.0,"key":"SMITH"},{"floor":28.0,"key":"REST"},{"data":"Catalyst","floor":32.0,"key":"SMITH"},{"floor":44.0,"key":"RECALL"},{"floor":49.0,"key":"REST"},{"data":"Tactician","floor":52.0,"key":"SMITH"}],"circlet_count":0,"master_deck":["AscendersBane","Strike_G","Strike_G","Defend_G","Defend_G","Defend_G","Defend_G","Defend_G","Survivor","Neutralize+1","Dagger Throw","Poisoned Stab","Dagger Throw","Dodge and Roll+1","Bouncing Flask","Bouncing Flask","Burst+1","Backflip","Well Laid Plans+1","Wraith Form v2+1","Tactician+1","Catalyst+1","Blur","Catalyst+1","Tools of the Trade","Noxious Fumes","PanicButton","PiercingWail","Endless Agony","Tactician","Crippling Poison","Secret Technique","Leg Sweep+1","Adrenaline"],"special_seed":0,"relics":["Ring of the Snake","Ancient Tea Set","Orichalcum","Vajra","Strawberry","Velvet Choker","Ornamental Fan","Bottled Tornado","HornCleat","SlaversCollar","Bag of Preparation","Pocketwatch","Snake Skull","White Beast Statue"],"acts_visited":["Exordium","TheCity","TheBeyond","TheEnding"],"potions_floor_usage":[55],"damage_taken":[{"damage":2.0,"enemies":"Jaw Worm","floor":1.0,"turns":7.0},{"damage":2.0,"enemies":"Cultist","floor":2.0,"turns":4.0},{"damage":0.0,"enemies":"2 Louse","floor":5.0,"turns":3.0},{"damage":15.0,"enemies":"Gremlin Nob","floor":7.0,"turns":4.0},{"damage":2.0,"enemies":"Exordium Wildlife","floor":8.0,"turns":5.0},{"damage":9.0,"enemies":"3 Sentries","floor":10.0,"turns":7.0},{"damage":16.0,"enemies":"The Guardian","floor":16.0,"turns":10.0},{"damage":0.0,"enemies":"Spheric Guardian","floor":18.0,"turns":5.0},{"damage":12.0,"enemies":"3 Byrds","floor":20.0,"turns":5.0},{"damage":37.0,"enemies":"Gremlin Leader","floor":24.0,"turns":6.0},{"damage":0.0,"enemies":"Snake Plant","floor":27.0,"turns":4.0},{"damage":0.0,"enemies":"Book of Stabbing","floor":29.0,"turns":2.0},{"damage":0.0,"enemies":"Cultist and Chosen","floor":30.0,"turns":4.0},{"damage":35.0,"enemies":"Automaton","floor":33.0,"turns":11.0},{"damage":9.0,"enemies":"3 Darklings","floor":35.0,"turns":6.0},{"damage":0.0,"enemies":"3 Shapes","floor":37.0,"turns":5.0},{"damage":0.0,"enemies":"Writhing Mass","floor":38.0,"turns":3.0},{"damage":0.0,"enemies":"Giant Head","floor":40.0,"turns":5.0},{"damage":6.0,"enemies":"Spire Growth","floor":41.0,"turns":3.0},{"damage":0.0,"enemies":"Nemesis","floor":45.0,"turns":5.0},{"damage":6.0,"enemies":"Jaw Worm Horde","floor":46.0,"turns":6.0},{"damage":0.0,"enemies":"Reptomancer","floor":48.0,"turns":5.0},{"damage":0.0,"enemies":"Time Eater","floor":50.0,"turns":6.0},{"damage":43,"enemies":"Shield and Spear","floor":54,"turns":7},{"damage":12,"enemies":"The Heart","floor":55,"turns":4}],"seed_played":"-676807753437804163","potions_obtained":[{"floor":7.0,"key":"GhostInAJar"},{"floor":8.0,"key":"LiquidBronze"},{"floor":10.0,"key":"AttackPotion"},{"floor":16.0,"key":"Weak Potion"},{"floor":18.0,"key":"PowerPotion"},{"floor":20.0,"key":"ColorlessPotion"},{"floor":33.0,"key":"Explosive Potion"},{"floor":37.0,"key":"Strength Potion"},{"floor":40.0,"key":"BlessingOfTheForge"},{"floor":48.0,"key":"Explosive Potion"},{"floor":54,"key":"Energy Potion"}],"is_trial":false,"path_per_floor":["M","M","$","?","M","R","E","M","T","E","R","?","?","$","R","B",null,"M","$","M","$","?","R","E","R","T","M","R","E","M","?","R","B",null,"M","?","M","M","?","E","M","?","T","R","E","M","$","E","R","B",null,"R","$","E","B",null],"character_chosen":"THE_SILENT","items_purchased":["Dagger Throw","Backflip","Well Laid Plans","Catalyst","Secret Technique","DuplicationPotion"],"campfire_rested":2,"item_purchase_floors":[3,14,14,19,47,53],"current_hp_per_floor":[57,55,55,55,55,55,40,38,38,36,36,41,41,41,41,25,65,65,65,53,53,53,53,16,16,16,16,39,39,39,39,39,4,60,51,51,51,51,51,51,45,45,45,45,45,39,39,39,62,62,74,74,74,31,19],"gold":81,"neow_bonus":"RANDOM_COMMON_RELIC","is_daily":false,"chose_seed":false,"campfire_upgraded":7,"win_rate":0,"timestamp":1607635999,"path_taken":["M","M","$","?","M","R","E","?","T","E","R","?","?","?","R","BOSS","M","$","M","$","?","R","E","R","T","M","R","E","?","?","R","BOSS","M","?","M","M","?","E","?","?","T","R","E","M","$","E","R","BOSS","R","$","E","BOSS"],"build_version":"2020-11-30","purchased_purges":2,"victory":true,"max_hp_per_floor":[66,66,66,66,66,66,66,66,66,73,73,78,78,78,78,78,78,78,78,78,78,78,78,78,78,78,78,78,78,78,78,78,78,78,78,78,78,78,78,78,78,78,78,78,78,78,78,78,78,78,78,78,78,78,78],"relic_stats":{"counters":[25,132],"Ornamental Fan":[44],"Snake Skull":[47],"Bag of Preparation":[17],"Orichalcum":[246],"obtain_stats":[{"Vajra":9,"Velvet Choker":17,"Snake Skull":48,"Bag of Preparation":40,"Orichalcum":7,"Bottled Tornado":26,"Ancient Tea Set":0,"White Beast Statue":54,"SlaversCollar":34,"HornCleat":29,"Ornamental Fan":24,"Strawberry":10,"Ring of the Snake":0,"Pocketwatch":45},{"Vajra":5,"Velvet Choker":7,"Snake Skull":22,"Bag of Preparation":18,"Orichalcum":4,"Bottled Tornado":10,"Ancient Tea Set":0,"White Beast Statue":24,"SlaversCollar":14,"HornCleat":12,"Ornamental Fan":10,"Strawberry":6,"Ring of the Snake":0,"Pocketwatch":20},{"Vajra":23,"Velvet Choker":40,"Snake Skull":115,"Bag of Preparation":96,"Orichalcum":18,"Bottled Tornado":56,"Ancient Tea Set":0,"White Beast Statue":128,"SlaversCollar":77,"HornCleat":62,"Ornamental Fan":56,"Strawberry":30,"Ring of the Snake":0,"Pocketwatch":104}],"Ring of the Snake":[50],"Pocketwatch":[27]},"card_choices":[{"not_picked":["Underhanded Strike","Escape Plan"],"picked":"Dagger Throw","floor":1.0},{"not_picked":["Flying Knee","Blade Dance"],"picked":"Poisoned Stab","floor":2.0},{"not_picked":["Skewer","Underhanded Strike"],"picked":"Dodge and Roll","floor":5.0},{"not_picked":["Riddle With Holes","Cloak And Dagger"],"picked":"Bouncing Flask","floor":7.0},{"not_picked":["Quick Slash","Crippling Poison"],"picked":"Bouncing Flask","floor":8.0},{"not_picked":["Poisoned Stab","All Out Attack"],"picked":"Burst","floor":10.0},{"not_picked":["Unload","Doppelganger"],"picked":"Wraith Form v2","floor":16.0},{"not_picked":["Slice","Underhanded Strike"],"picked":"Tactician","floor":18.0},{"not_picked":["Infinite Blades","Bane","Flechettes"],"picked":"SKIP","floor":20.0},{"not_picked":["All Out Attack","Poisoned Stab","Flying Knee"],"picked":"SKIP","floor":24.0},{"not_picked":["Choke","Well Laid Plans","Dagger Spray"],"picked":"SKIP","floor":27.0},{"not_picked":["Tools of the Trade","Underhanded Strike"],"picked":"Blur","floor":29.0},{"not_picked":["Prepared","Dagger Spray","Flying Knee"],"picked":"SKIP","floor":30.0},{"not_picked":["Die Die Die","Glass Knife"],"picked":"Tools of the Trade","floor":33.0},{"not_picked":["Sucker Punch","Crippling Poison"],"picked":"Noxious Fumes","floor":35.0},{"not_picked":["Transmutation","Enlightenment"],"picked":"PanicButton","floor":36.0},{"not_picked":["Blade Dance","Predator"],"picked":"PiercingWail","floor":37.0},{"not_picked":["Dagger Spray+1","Skewer+1","Riddle With Holes+1"],"picked":"SKIP","floor":38.0},{"not_picked":["Bane","Blade Dance","Terror"],"picked":"SKIP","floor":40.0},{"not_picked":["Cloak And Dagger","Deflect"],"picked":"Tactician","floor":41.0},{"not_picked":["Flying Knee","Bane"],"picked":"Crippling Poison","floor":45.0},{"not_picked":["Underhanded Strike+1","Deflect","Accuracy"],"picked":"SKIP","floor":46.0},{"not_picked":["Terror","Choke+1"],"picked":"Leg Sweep+1","floor":48.0},{"not_picked":["Backstab+1","PiercingWail"],"picked":"Adrenaline","floor":54}],"player_experience":1705111,"relics_obtained":[{"floor":7.0,"key":"Orichalcum"},{"floor":9.0,"key":"Vajra"},{"floor":10.0,"key":"Strawberry"},{"floor":24.0,"key":"Ornamental Fan"},{"floor":26.0,"key":"Bottled Tornado"},{"floor":29.0,"key":"HornCleat"},{"floor":40.0,"key":"Bag of Preparation"},{"floor":45.0,"key":"Pocketwatch"},{"floor":48.0,"key":"Snake Skull"},{"floor":54,"key":"White Beast Statue"}],"event_choices":[{"damage_healed":0.0,"max_hp_gain":0.0,"max_hp_loss":0.0,"gold_gain":0.0,"event_name":"Upgrade Shrine","player_choice":"Upgraded","floor":4.0,"gold_loss":0.0,"damage_taken":0.0,"cards_upgraded":["Neutralize"]},{"damage_healed":0.0,"max_hp_gain":5.0,"max_hp_loss":0.0,"gold_gain":0.0,"event_name":"Big Fish","player_choice":"Donut","floor":12.0,"gold_loss":0.0,"damage_taken":0.0},{"damage_healed":0.0,"max_hp_gain":0.0,"max_hp_loss":0.0,"gold_gain":0.0,"event_name":"Liars Game","player_choice":"Ignored","floor":13.0,"gold_loss":0.0,"damage_taken":0.0},{"damage_healed":0.0,"max_hp_gain":0.0,"max_hp_loss":0.0,"gold_gain":0.0,"event_name":"Match and Keep!","player_choice":"0 cards matched","floor":22.0,"gold_loss":0.0,"damage_taken":0.0,"cards_obtained":[]},{"damage_healed":0.0,"max_hp_gain":0.0,"max_hp_loss":0.0,"gold_gain":0.0,"event_name":"The Library","player_choice":"Read","floor":31.0,"gold_loss":0.0,"damage_taken":0.0,"cards_obtained":["Catalyst"]},{"damage_healed":0.0,"max_hp_gain":0.0,"max_hp_loss":0.0,"gold_gain":0.0,"event_name":"SensoryStone","player_choice":"Memory 1","floor":36.0,"gold_loss":0.0,"damage_taken":0.0},{"damage_healed":0.0,"max_hp_gain":0.0,"max_hp_loss":0.0,"gold_gain":0.0,"cards_transformed":["Strike_G"],"event_name":"Transmorgrifier","player_choice":"Transformed","floor":39.0,"gold_loss":0.0,"damage_taken":0.0,"cards_obtained":["Endless Agony"]},{"damage_healed":0.0,"max_hp_gain":0.0,"max_hp_loss":0.0,"gold_gain":0.0,"event_name":"Tomb of Lord Red Mask","player_choice":"Ignored","floor":42.0,"gold_loss":0.0,"damage_taken":0.0}],"is_beta":false,"boss_relics":[{"not_picked":["Ring of the Serpent","Calling Bell"],"picked":"Velvet Choker"},{"not_picked":["Runic Dome","Black Star"],"picked":"SlaversCollar"}],"items_purged_floors":[3,47],"is_endless":false,"potions_floor_spawned":[7,8,10,16,18,20,33,37,40,48,54],"ascension_level":19}}