{"host":"l85rtarfuh0ld3b1","time":1607616428,"event":{"mods":["BaseMod","Shop Mod","StSLib","Act Like it!","Gensokyo","KinomotoSakuraMod(木之本樱)","Koishi","Minty Spire (QoL Compilation)","TestMod","Chen","Decade(王小明)","Reimu（博丽灵梦）","Nova Terra(诺娃・泰拉)","The Servant 0.9.4","Marisa（F雨　魔理沙）","Remilia（蕾米莉亚）","BetterRewards","Permanent Neow","CapriCore","The Immortal","The Administrix","【东方二次创作】八云紫mod"],"gold_per_floor":[116,1251,1322,1335,1364,1364,1391,1391,1391,1417,1417,1417,1417,1456,1456,1556,1556,1572,1581,1592,1832,1849,1849,1880,1911,1922,1959,1970,1867,1867,1867,1867,1968,1968,1989,1989,1838,1852,1852,1876,2275,2291,2340,2111,2123,2132,1993,2012,2012,2012,2012,2012,1681,1705,1705],"floor_reached":56,"playtime":2027,"items_purged":["Strike_MRS","Strike_MRS","Defend_MRS","Strike_MRS","Strike_MRS","Defend_MRS","Defend_MRS","Defend_MRS","MasterSpark","UpSweep","CollectingQuirk+1","AdministrixMod:RebukeDesires","DragonMeteor","RefractionSpark"],"score":2664,"play_id":"55654c2a-598b-4372-b3ba-4e2e7e8546b3","local_time":"20201211000708","is_ascension_mode":true,"campfire_choices":[{"data":"WitchLeyline","floor":6,"key":"SMITH"},{"data":"OortCloud","floor":8,"key":"SMITH"},{"floor":15,"key":"RECALL"},{"data":"Flash of Steel","floor":28,"key":"SMITH"},{"floor":32,"key":"REST"},{"floor":49,"key":"REST"},{"floor":52,"key":"REST"}],"circlet_count":0,"master_deck":["CasketOfStar+1","Orbital+1","WitchLeyline+1","OortCloud+1","TreasureHunter+1","Finesse+1","StarlightTyphoon+1","Panache+1","After Image+1","MeteoricShower+1","Flash of Steel+1","Occultation+1","MilkyWay+1"],"relics":["MiniHakkero","testmod-Brilliant","MerchantsRug","Juzu Bracelet","Chemical X","testmod-Acrobat","testmod-Charity","testmod-IndustrialRevolution","TungstenRod","Mastiff:ReiMu","testmod-ConstraintPeriapt","Lantern","Bottled Flame","testmod-CasingShield","Medical Kit","testmod-FatalChain","Centennial Puzzle","Omamori","Tiny Chest","Unceasing Top","SimpleLauncher","testmod-EqualTreatment","testmod-CyclicPeriapt","White Beast Statue","testmod-TurbochargingSystem","Gambling Chip","Akabeko","Lizard Tail","testmod-Muramasa","InkBottle","Eternal Feather","testmod-LifeArmor","Du-Vu Doll","ClockworkSouvenir","testmod-Fortitude","CeramicFish","Incense Burner","Mercury Hourglass","Art of War","PureWhite:ReiMu","Turnip","Toy Ornithopter","Bird Faced Urn","Membership Card","testmod-Alchemist","Bronze Scales","Blood Vial","Ancient Tea Set","Dream Catcher","testmod-Antiphasic","FossilizedHelix","Frozen Egg 2","AntiCross","RuthlessExorcism:ReiMu","Bag of Preparation","testmod-BouquetWithThorns","Darkstone Periapt","Bag of Marbles","Gremlin Horn","testmod-InjuryResistance","Bottled Lightning","Paper Crane","Singing Bowl","AdministrixMod:GoldenChickadee","Bottled Tornado","Gensokyo:MarisaImprobabilityPotion","Gensokyo:PerfectCherryBlossom","testmod-TimeTraveler","Blue Candle","testmod-OneHitWonder","Nunchaku","HornCleat","Boot","Pantograph","MutagenicStrength","testmod-InfectionSource","SlaversCollar","testmod-IntensifyImprint","Toxic Egg 2","Anchor","Sling","MealTicket","testmod-AssaultLearning","Happy Flower","TentaclePot:ReiMu","Orichalcum","Tea:ReiMu","Lee\u0027s Waffle","Ginger","Letter Opener","AmplifyWand","Pear"],"acts_visited":["Gensokyo:Gensokyo","TheCity","TheBeyond","TheEnding"],"potions_floor_usage":[0,0,0,0,0,0,0,0,0,0,10],"damage_taken":[{"damage":0,"enemies":"Gensokyo:Python","floor":1,"turns":1},{"damage":0,"enemies":"Gensokyo:Gryphon","floor":4,"turns":1},{"damage":0,"enemies":"Gensokyo:Aya","floor":5,"turns":1},{"damage":0,"enemies":"Gensokyo:Mamizou","floor":7,"turns":1},{"damage":0,"enemies":"Gensokyo:Cirno","floor":10,"turns":4},{"damage":0,"enemies":"Gensokyo:Aya","floor":14,"turns":1},{"damage":0,"enemies":"Gensokyo:Kokoro","floor":16,"turns":1},{"damage":0,"enemies":"Spheric Guardian","floor":18,"turns":1},{"damage":0,"enemies":"3 Byrds","floor":19,"turns":1},{"damage":0,"enemies":"Snecko","floor":20,"turns":1},{"damage":0,"enemies":"Sentry and Sphere","floor":22,"turns":1},{"damage":0,"enemies":"Book of Stabbing","floor":24,"turns":1},{"damage":0,"enemies":"Centurion and Healer","floor":25,"turns":1},{"damage":0,"enemies":"Slavers","floor":27,"turns":1},{"damage":0,"enemies":"Champ","floor":33,"turns":1},{"damage":0,"enemies":"3 Darklings","floor":35,"turns":1},{"damage":0,"enemies":"Orb Walker","floor":38,"turns":1},{"damage":0,"enemies":"Nemesis","floor":40,"turns":1},{"damage":0,"enemies":"Jaw Worm Horde","floor":42,"turns":1},{"damage":0,"enemies":"Maw","floor":45,"turns":1},{"damage":0,"enemies":"Sphere and 2 Shapes","floor":46,"turns":1},{"damage":0,"enemies":"3 Darklings","floor":48,"turns":1},{"damage":0,"enemies":"Donu and Deca","floor":50,"turns":1},{"damage":0,"enemies":"Shield and Spear","floor":54,"turns":1},{"damage":0,"enemies":"The Heart","floor":55,"turns":2}],"seed_played":"-4656192122984734547","potions_obtained":[{"floor":0,"key":"BottledSpark"},{"floor":0,"key":"GrandPatriotsElixir:ReiMu"},{"floor":0,"key":"SpeedPotion"},{"floor":0,"key":"Fruit Juice"},{"floor":0,"key":"SpeedPotion"},{"floor":0,"key":"BottledSpark"},{"floor":0,"key":"GrandPatriotsElixir:ReiMu"},{"floor":0,"key":"SpeedPotion"},{"floor":0,"key":"Fruit Juice"},{"floor":0,"key":"SpeedPotion"},{"floor":1,"key":"Ancient Potion"},{"floor":4,"key":"PowerPotion"},{"floor":5,"key":"GamblersBrew"},{"floor":7,"key":"Weak Potion"},{"floor":10,"key":"testmod-EscapePotion"},{"floor":14,"key":"PowerPotion"},{"floor":16,"key":"SkillPotion"},{"floor":18,"key":"Explosive Potion"},{"floor":19,"key":"Fire Potion"},{"floor":20,"key":"ZuzhouPotion:ReiMu"},{"floor":22,"key":"testmod-SpacePotion"},{"floor":24,"key":"Block Potion"},{"floor":25,"key":"Block Potion"},{"floor":27,"key":"SteroidPotion"},{"floor":33,"key":"Regen Potion"},{"floor":35,"key":"ColorlessPotion"},{"floor":38,"key":"ShroomBrew"},{"floor":40,"key":"Swift Potion"},{"floor":42,"key":"SkillPotion"},{"floor":45,"key":"Dexterity Potion"},{"floor":46,"key":"SmokeBomb"},{"floor":48,"key":"EssenceOfSteel"},{"floor":54,"key":"Block Potion"}],"is_trial":false,"path_per_floor":["M","$","T","M","?","R","E","R","T","E","?","T","?","E","R","B",null,"M","M","M","$","M","R","E","M","T","E","R","$","?","?","R","B",null,"M","T","$","M","?","E","?","M","T","$","M","M","$","M","R","B",null,"R","$","E","B",null],"character_chosen":"MARISA","items_purchased":["MerchantsRug","Juzu Bracelet","Nunchaku","Chemical X","CasketOfStar","OrangePellets","testmod-Acrobat","Orbital","testmod-ArcanaOfDestiny","testmod-Charity","testmod-IndustrialRevolution","testmod-Maize","Sling","WitchLeyline","TungstenRod","Sundial","TentaclePot:ReiMu","testmod-OneHitWonder","HornCleat","Pear","OortCloud","CollectingQuirk","Mastiff:ReiMu","PreservedInsect","HandDrill","testmod-ConstraintPeriapt","Regal Pillow","TreasureHunter","Lantern","Bottled Flame","testmod-IWantAll","testmod-CasingShield","Flash of Steel","Medical Kit","Fruit Juice","testmod-FatalChain","Centennial Puzzle","Omamori","Tiny Chest","Letter Opener","Fruit Juice","EntropicBrew","testmod-Motorcycle","Unceasing Top","testmod-IntensifyImprint","SimpleLauncher","DragonMeteor","testmod-EqualTreatment","Boot","Anchor","Orichalcum","Happy Flower","testmod-CyclicPeriapt","White Beast Statue","testmod-TurbochargingSystem","Finesse","StarlightTyphoon","Pen Nib","Gambling Chip","Akabeko","Potion Belt","Lizard Tail","Strawberry","testmod-Muramasa","InkBottle","Eternal Feather","testmod-LifeArmor","Du-Vu Doll","ClockworkSouvenir","testmod-Fortitude","Pantograph","CeramicFish","EntropicBrew","BreadOfAWashokuLover","Incense Burner","TheAbacus","Mercury Hourglass","Art of War","Lee\u0027s Waffle","Matryoshka","PureWhite:ReiMu","Turnip","Whetstone","MealTicket","Toy Ornithopter","Bird Faced Urn","Membership Card","testmod-Alchemist","Bronze Scales","Blood Vial","Ancient Tea Set","Cauldron","Dream Catcher","Fruit Juice","testmod-Antiphasic","FossilizedHelix","Frozen Egg 2","AntiCross","RuthlessExorcism:ReiMu","Bag of Preparation","Ornamental Fan","Kunai","War Paint","Fruit Juice","testmod-BouquetWithThorns","Oddly Smooth Stone","Vajra","Darkstone Periapt","Bag of Marbles","Gremlin Horn","Mango","testmod-SpacePotion","testmod-HeartOfDaVinci","Panache+1","testmod-InjuryResistance","Bottled Lightning","Paper Crane","Singing Bowl","EntropicBrew","Orrery","AdministrixMod:GoldenChickadee","MeteoricShower","Blue Candle","Flash of Steel","Boot","Pantograph","Toxic Egg 2","Anchor","Sling","Purity+1","testmod-AssaultLearning","Happy Flower","TentaclePot:ReiMu","Orichalcum","Tea:ReiMu","Lee\u0027s Waffle","Ginger","Letter Opener","MilkyWay+1"],"campfire_rested":3,"item_purchase_floors":[0,0,0,0,0,0,0,0,0,0,0,0,0,0,0,0,0,0,0,0,0,0,0,0,0,0,0,0,0,0,0,0,0,0,0,0,0,0,0,0,0,0,0,0,0,0,0,0,0,0,0,0,0,0,0,0,0,0,0,0,0,0,0,0,0,0,0,0,0,0,0,0,0,0,0,0,0,0,0,0,0,0,0,0,0,0,0,0,0,0,0,0,0,0,0,0,0,0,0,0,0,0,0,0,0,0,0,0,0,0,0,0,0,0,0,0,0,0,0,0,0,2,21,21,29,29,37,37,37,37,44,44,44,47,47,53,53,53,53],"current_hp_per_floor":[173,212,213,221,224,224,227,227,227,244,244,244,244,246,246,252,252,255,258,261,282,285,285,291,294,295,299,300,306,306,306,308,329,329,331,331,337,340,340,351,352,355,356,359,369,372,375,378,380,382,382,384,393,408,433],"gold":1705,"neow_bonus":"","is_daily":false,"chose_seed":false,"campfire_upgraded":3,"win_rate":0,"timestamp":1607616428,"path_taken":["M","$","?","M","?","R","E","R","T","E","?","?","?","E","R","BOSS","M","M","M","$","M","R","E","M","T","E","R","$","?","?","R","BOSS","M","?","$","M","?","E","?","M","T","$","M","M","$","M","R","BOSS","R","$","E","BOSS"],"build_version":"2020-11-30","purchased_purges":14,"victory":true,"max_hp_per_floor":[173,212,213,221,224,224,227,227,227,244,244,244,244,246,246,252,252,255,258,261,282,285,285,291,294,295,299,300,306,306,306,308,329,329,331,331,337,340,340,351,352,355,356,359,369,372,375,378,380,382,382,384,393,408,433],"card_choices":[{"not_picked":["StarlightTyphoon","Acceleration","PowerUp"],"picked":"Singing Bowl","floor":0},{"not_picked":["UnstableBomb","OneTimeOff","DC"],"picked":"Singing Bowl","floor":0},{"not_picked":["WitchLeyline","Acceleration","WitchOfGreed+1"],"picked":"Singing Bowl","floor":0},{"not_picked":["OpenUniverse","MagicChant","DarkMatter"],"picked":"Singing Bowl","floor":0},{"not_picked":["OortCloud+1","PropBag","UnstableBomb"],"picked":"Singing Bowl","floor":0},{"not_picked":["IllusionStar","DC","AsteroidBelt"],"picked":"Singing Bowl","floor":1},{"not_picked":["MilkyWay","MeteoricShower","ShootingEcho"],"picked":"Singing Bowl","floor":4},{"not_picked":["MachineGunSpark","BinaryStars","MilkyWay"],"picked":"Singing Bowl","floor":5},{"not_picked":["RefractionSpark","6A","FinalSpark"],"picked":"Singing Bowl","floor":7},{"not_picked":["StarBarrage","UnstableBomb","DeepEcoloBomb"],"picked":"Singing Bowl","floor":10},{"not_picked":["IllusionStar","NonDirectionalLaser"],"picked":"RefractionSpark","floor":14},{"not_picked":["ManaRampage","BigCrunch","CasketOfStar+1"],"picked":"Singing Bowl","floor":16},{"not_picked":["PulseMagic","SporeBomb+1","GravityBeat+1"],"picked":"Singing Bowl","floor":18},{"not_picked":["GrandCross","SprinkleStarSeal+1","LuminesStrike+1"],"picked":"Singing Bowl","floor":19},{"not_picked":["NonDirectionalLaser","MeteoricShower","MagicChant"],"picked":"Singing Bowl","floor":20},{"not_picked":["6A","AsteroidBelt+1","WitchOfGreed+1"],"picked":"Singing Bowl","floor":22},{"not_picked":["NonDirectionalLaser","MagicAbsorber","MagicChant"],"picked":"Singing Bowl","floor":24},{"not_picked":["SuperPerseids","UnstableBomb"],"picked":"ShootTheMoon+1","floor":25},{"not_picked":["MagicAbsorber","FinalSpark","SporeBomb"],"picked":"Singing Bowl","floor":27},{"not_picked":["Robbery","MysteriousBeam","AsteroidBelt"],"picked":"Singing Bowl","floor":32},{"not_picked":["StarDustReverie","MillisecondPulsars+1","UltimateShortwave"],"picked":"Singing Bowl","floor":33},{"not_picked":["DC","MilkyWay+1"],"picked":"Occultation+1","floor":35},{"not_picked":["Occultation+1","EarthLightRay+1","EnergyFlow+1"],"picked":"Singing Bowl","floor":38},{"not_picked":["UnstableBomb","SuperPerseids+1","StarBarrage"],"picked":"Singing Bowl","floor":40},{"not_picked":["WitchOfGreed+1","GrandCross+1","PowerUp+1"],"picked":"Singing Bowl","floor":42},{"not_picked":["Acceleration+1","BlazingStar","DarkSpark+1"],"picked":"Singing Bowl","floor":45},{"not_picked":["StarBarrage+1","SporeBomb+1","6A+1"],"picked":"Singing Bowl","floor":46},{"not_picked":["Orbital+1","MilkyWay+1","WitchOfGreed+1"],"picked":"Singing Bowl","floor":48},{"not_picked":["ShootingEcho+1","Acceleration+1","MagicChant+1"],"picked":"Singing Bowl","floor":49},{"not_picked":["EarthLightRay+1","MagicAbsorber+1","DC+1"],"picked":"Singing Bowl","floor":52},{"not_picked":["NonDirectionalLaser","CasketOfStar+1","MysteriousBeam+1"],"picked":"Singing Bowl","floor":54}],"player_experience":567975,"relics_obtained":[{"floor":3,"key":"PreservedInsect"},{"floor":5,"key":"CrazyTorch:ReiMu"},{"floor":7,"key":"ScarletDevilRocket"},{"floor":9,"key":"War Paint"},{"floor":9,"key":"Bottled Tornado"},{"floor":10,"key":"Strawberry"},{"floor":12,"key":"Whetstone"},{"floor":14,"key":"Potion Belt"},{"floor":24,"key":"MawBank"},{"floor":24,"key":"testmod-OneHitWonder"},{"floor":26,"key":"Nunchaku"},{"floor":27,"key":"HornCleat"},{"floor":33,"key":"testmod-InfectionSource"},{"floor":36,"key":"testmod-IntensifyImprint"},{"floor":40,"key":"MealTicket"},{"floor":54,"key":"AmplifyWand"},{"floor":54,"key":"Pear"}],"event_choices":[{"cards_removed":["ShootTheMoon"],"damage_healed":0,"gold_gain":0,"player_choice":"Elegance","damage_taken":0,"max_hp_gain":0,"max_hp_loss":0,"event_name":"Back to Basics","floor":30,"gold_loss":0},{"damage_healed":0,"gold_gain":0,"player_choice":"Inject Mutagens","damage_taken":0,"relics_obtained":["MutagenicStrength"],"max_hp_gain":0,"max_hp_loss":0,"event_name":"Drug Dealer","floor":31,"gold_loss":0},{"cards_removed":["Purity"],"damage_healed":0,"gold_gain":0,"player_choice":"Removed Skill","damage_taken":0,"max_hp_gain":0,"max_hp_loss":0,"event_name":"Falling","floor":39,"gold_loss":0},{"damage_healed":0,"gold_gain":400,"player_choice":"Sell","damage_taken":0,"max_hp_gain":0,"max_hp_loss":0,"event_name":"恩洛斯的盘子","floor":41,"relics_lost":["testmod-TestBox"],"gold_loss":0}],"is_beta":false,"boss_relics":[{"not_picked":["Tiny House","testmod-DreamHouse"],"picked":"testmod-TimeTraveler"},{"not_picked":["Runic Pyramid","testmod-KeyOfTheVoid"],"picked":"SlaversCollar"}],"items_purged_floors":[0,0,0,0,0,0,0,0,0,0,0,0,2,21],"is_endless":false,"potions_floor_spawned":[1,4,5,7,10,14,16,18,19,20,22,24,25,27,33,35,38,40,42,45,46,48,54],"ascension_level":6}}