{"host":"q8niu1x2pgv94o1d","time":1607619161,"event":{"mods":["BaseMod","Colored Map","StSLib","Minty Spire (QoL Compilation)","AchievementEnabler","Colored Powertips"],"gold_per_floor":[119,138,158,158,2,2,37,37,37,53,72,72,72,92,92,189,189,207,207,189,209,34,34,66,66,66,66,79,107,107,122,122,219,219,239,239,258,270,283,283,294,326,326,651,79,109,0,0,0,0],"floor_reached":51,"playtime":6154,"items_purged":["Pain","Doubt"],"score":1156,"play_id":"4a8be279-854d-4237-8bed-69317ea98158","local_time":"20201210175241","is_ascension_mode":true,"campfire_choices":[{"data":"Compile Driver","floor":6,"key":"SMITH"},{"data":"Conserve Battery","floor":8,"key":"SMITH"},{"data":"Defragment","floor":12,"key":"SMITH"},{"data":"Leap","floor":15,"key":"SMITH"},{"floor":23,"key":"REST"},{"data":"Defragment","floor":25,"key":"SMITH"},{"data":"Capacitor","floor":27,"key":"SMITH"},{"floor":32,"key":"REST"},{"data":"Barrage","floor":40,"key":"SMITH"},{"floor":49,"key":"REST"}],"circlet_count":0,"master_deck":["AscendersBane","Strike_B","Strike_B","Strike_B","Strike_B","Defend_B+1","Defend_B","Defend_B","Zap","Dualcast","Reboot","Conserve Battery+1","Compile Driver+1","Blur+1","Capacitor+1","Defragment+1","Coolheaded+1","Leap+1","Seek","Auto Shields","Defragment+1","Cold Snap","Writhe","Rebound+1","Machine Learning+1","Barrage+1","Glacier","Flash of Steel","Compile Driver","Chill+1","Darkness"],"relics":["Cracked Core","Happy Flower","The Courier","Kunai","Cursed Key","WarpedTongs","Regal Pillow","Centennial Puzzle","Singing Bowl","Vajra","MutagenicStrength","Inserter","Smiling Mask","Meat on the Bone","Old Coin","Omamori","Lee\u0027s Waffle","War Paint","Dream Catcher","Red Mask"],"acts_visited":["Exordium","TheCity","TheBeyond"],"potions_floor_usage":[7,13,29,38,46,50,50,50],"damage_taken":[{"damage":4,"enemies":"Jaw Worm","floor":1,"turns":3},{"damage":1,"enemies":"Cultist","floor":2,"turns":3},{"damage":0,"enemies":"2 Louse","floor":3,"turns":3},{"damage":28,"enemies":"Lagavulin","floor":7,"turns":8},{"damage":8,"enemies":"Lots of Slimes","floor":10,"turns":5},{"damage":4,"enemies":"Red Slaver","floor":11,"turns":3},{"damage":1,"enemies":"Exordium Wildlife","floor":13,"turns":2},{"damage":0,"enemies":"2 Fungi Beasts","floor":14,"turns":3},{"damage":8,"enemies":"The Guardian","floor":16,"turns":12},{"damage":4,"enemies":"Shell Parasite","floor":18,"turns":5},{"damage":18,"enemies":"2 Thieves","floor":20,"turns":4},{"damage":16,"enemies":"Shelled Parasite and Fungi","floor":21,"turns":11},{"damage":21,"enemies":"Slavers","floor":24,"turns":9},{"damage":0,"enemies":"Snecko","floor":28,"turns":6},{"damage":0,"enemies":"Book of Stabbing","floor":29,"turns":7},{"damage":0,"enemies":"Centurion and Healer","floor":31,"turns":5},{"damage":33,"enemies":"Champ","floor":33,"turns":17},{"damage":1,"enemies":"3 Shapes","floor":35,"turns":3},{"damage":17,"enemies":"3 Darklings","floor":37,"turns":7},{"damage":3,"enemies":"Spire Growth","floor":38,"turns":6},{"damage":1,"enemies":"4 Shapes","floor":39,"turns":7},{"damage":24,"enemies":"Transient","floor":41,"turns":5},{"damage":9,"enemies":"Nemesis","floor":42,"turns":9},{"damage":3,"enemies":"Giant Head","floor":44,"turns":10},{"damage":27,"enemies":"Reptomancer","floor":46,"turns":8},{"damage":13,"enemies":"Donu and Deca","floor":50,"turns":13}],"seed_played":"4659845576528894118","potions_obtained":[{"floor":2,"key":"SkillPotion"},{"floor":11,"key":"SmokeBomb"},{"floor":14,"key":"Strength Potion"},{"floor":16,"key":"SmokeBomb"},{"floor":24,"key":"DistilledChaos"},{"floor":28,"key":"AttackPotion"},{"floor":29,"key":"SkillPotion"},{"floor":33,"key":"EntropicBrew"},{"floor":41,"key":"SmokeBomb"},{"floor":44,"key":"BlessingOfTheForge"},{"floor":46,"key":"SneckoOil"}],"is_trial":false,"path_per_floor":["M","M","M","?","$","R","E","R","T","M","M","R","M","M","R","B",null,"M","?","M","M","$","R","E","R","T","R","M","E","?","M","R","B",null,"M","?","M","M","M","R","M","E","T","E","$","E","?","?","R","B",null],"character_chosen":"DEFECT","items_purchased":["Happy Flower","Regal Pillow","Omamori","Glacier","Flash of Steel","Lee\u0027s Waffle","War Paint","Compile Driver"],"campfire_rested":3,"item_purchase_floors":[5,22,45,45,45,45,45,45],"current_hp_per_floor":[64,63,63,63,63,63,35,35,35,27,23,23,22,22,22,14,60,56,56,38,22,22,59,38,38,38,38,38,40,40,42,79,46,71,72,72,55,54,55,55,33,26,26,37,98,71,71,71,98,85],"gold":0,"neow_bonus":"TRANSFORM_CARD","is_daily":false,"chose_seed":false,"campfire_upgraded":7,"win_rate":0,"timestamp":1607619161,"path_taken":["M","M","M","?","$","R","E","R","T","M","M","R","M","?","R","BOSS","M","?","?","M","?","R","E","R","T","R","M","E","?","M","R","BOSS","M","?","M","?","M","R","M","E","T","E","$","E","?","?","R","BOSS"],"build_version":"2020-11-30","purchased_purges":2,"victory":true,"max_hp_per_floor":[75,75,75,75,75,75,75,75,75,75,75,75,75,75,75,75,75,75,75,75,75,75,75,75,75,75,75,75,77,77,79,79,79,79,81,81,81,83,85,85,87,89,89,91,98,98,98,98,98,98],"card_choices":[{"not_picked":["Gash","Cold Snap"],"picked":"Conserve Battery","floor":1},{"not_picked":["Leap","Double Energy"],"picked":"Compile Driver","floor":2},{"not_picked":["Hologram","Compile Driver"],"picked":"Hyperbeam","floor":3},{"not_picked":["Sweeping Beam","Go for the Eyes"],"picked":"Capacitor","floor":7},{"not_picked":["Go for the Eyes","Blizzard"],"picked":"Defragment","floor":10},{"not_picked":["Aggregate","Compile Driver"],"picked":"Coolheaded","floor":11},{"not_picked":["Heatsinks","Stack"],"picked":"Leap","floor":14},{"not_picked":["Machine Learning","Buffer"],"picked":"Seek","floor":16},{"not_picked":["Conserve Battery","Turbo","Recycle"],"picked":"SKIP","floor":18},{"not_picked":["Chill","Loop"],"picked":"Auto Shields","floor":20},{"not_picked":["Beam Cell","Tempest"],"picked":"Defragment","floor":21},{"not_picked":["Conserve Battery+1","Hologram"],"picked":"Cold Snap","floor":24},{"not_picked":["Redo","Cold Snap+1"],"picked":"Rebound+1","floor":28},{"not_picked":["Sweeping Beam","All For One","Chill"],"picked":"Singing Bowl","floor":29},{"not_picked":["Steam","Turbo+1","Beam Cell"],"picked":"Singing Bowl","floor":31},{"not_picked":["All For One","Biased Cognition"],"picked":"Machine Learning","floor":33},{"not_picked":["Go for the Eyes+1","Streamline+1","Stack+1"],"picked":"Singing Bowl","floor":35},{"not_picked":["Genetic Algorithm+1","Tempest+1"],"picked":"Barrage","floor":37},{"not_picked":["Force Field","Compile Driver","Sweeping Beam"],"picked":"Singing Bowl","floor":38},{"not_picked":["Reprogram+1","Turbo","Steam"],"picked":"Singing Bowl","floor":39},{"not_picked":["Skim","Rebound","Redo"],"picked":"Singing Bowl","floor":41},{"not_picked":["Self Repair+1","Chill","Scrape+1"],"picked":"Singing Bowl","floor":42},{"not_picked":["Thunder Strike","Sweeping Beam","Gash"],"picked":"Singing Bowl","floor":44},{"not_picked":["Fusion","Sweeping Beam+1"],"picked":"Chill+1","floor":46},{"not_picked":["Coolheaded","Barrage"],"picked":"Darkness","floor":49}],"player_experience":1699135,"relics_obtained":[{"floor":7,"key":"The Courier"},{"floor":9,"key":"Kunai"},{"floor":24,"key":"Centennial Puzzle"},{"floor":26,"key":"Singing Bowl"},{"floor":29,"key":"Vajra"},{"floor":42,"key":"Smiling Mask"},{"floor":43,"key":"Meat on the Bone"},{"floor":44,"key":"Old Coin"},{"floor":46,"key":"Dream Catcher"}],"event_choices":[{"cards_removed":["Hyperbeam"],"damage_healed":0,"gold_gain":0,"player_choice":"Took Card","damage_taken":0,"max_hp_gain":0,"max_hp_loss":0,"event_name":"NoteForYourself","floor":4,"gold_loss":0,"cards_obtained":["Blur"]},{"damage_healed":0,"gold_gain":0,"player_choice":"Rummage","damage_taken":0,"relics_obtained":["WarpedTongs"],"max_hp_gain":0,"max_hp_loss":0,"event_name":"Accursed Blacksmith","floor":19,"gold_loss":0,"cards_obtained":["Pain"]},{"damage_healed":0,"gold_gain":0,"player_choice":"Inject Mutagens","damage_taken":0,"relics_obtained":["MutagenicStrength"],"max_hp_gain":0,"max_hp_loss":0,"event_name":"Drug Dealer","floor":30,"gold_loss":0},{"damage_healed":0,"gold_gain":0,"player_choice":"Upgraded","damage_taken":0,"max_hp_gain":0,"max_hp_loss":0,"event_name":"Upgrade Shrine","floor":36,"gold_loss":0,"cards_upgraded":["Machine Learning"]},{"damage_healed":0,"gold_gain":0,"player_choice":"Paid","damage_taken":0,"relics_obtained":["Red Mask"],"max_hp_gain":0,"max_hp_loss":0,"event_name":"Tomb of Lord Red Mask","floor":47,"gold_loss":109},{"damage_healed":0,"gold_gain":0,"player_choice":"Ignored","damage_taken":0,"max_hp_gain":0,"max_hp_loss":0,"event_name":"Golden Shrine","floor":48,"gold_loss":0}],"is_beta":false,"boss_relics":[{"not_picked":["Astrolabe","Black Star"],"picked":"Cursed Key"},{"not_picked":["Runic Pyramid","Philosopher\u0027s Stone"],"picked":"Inserter"}],"items_purged_floors":[22,45],"is_endless":false,"potions_floor_spawned":[2,11,13,14,16,24,28,29,33,35,41,44,46],"ascension_level":10}}