{"host":"kqqjvufdj6ouyvqb","time":1607574858,"event":{"gold_per_floor":[385,385,385,403,403,432,432,432,432],"floor_reached":8,"playtime":384,"items_purged":[],"score":93,"play_id":"76799f3e-cb42-4fb1-9c15-e1ee548628ff","local_time":"20201210123418","is_ascension_mode":true,"campfire_choices":[{"data":"Hololive_Rebound","floor":7.0,"key":"SMITH"}],"neow_cost":"BASIC_CARDS","seed_source_timestamp":862193543418000,"circlet_count":0,"master_deck":["Hololive_Strike","Hololive_Strike","Hololive_Strike","Hololive_Defend","Hololive_Defend","Hololive_Defend","Hololive_Defend","Hololive_Sequa","Hololive_Rebound+1","PrismaMod:MiyuCommonAttack","Hololive_WolfAndLamb+1","Hololive_FlyingPonyTail","Hololive_Psychosis"],"special_seed":0,"relics":["Hololive_TheStar","Hololive_OneManArmy","Old Coin","LetterFromLob","Replay:Bottled Steam"],"potions_floor_usage":[],"damage_taken":[{"damage":0.0,"enemies":"2 Louse","floor":1.0,"turns":2.0},{"damage":0.0,"enemies":"Jaw Worm","floor":4.0,"turns":3.0},{"damage":28.0,"enemies":"Lagavulin","floor":6.0,"turns":8.0},{"damage":0,"enemies":"3 Sentries","floor":8,"turns":1}],"seed_played":"2303214512868602163","potions_obtained":[{"floor":1.0,"key":"LifebloodPotion"}],"is_trial":false,"path_per_floor":["M","?","?","M","?","E","R","E"],"character_chosen":"Hololive_HololiveCharacter","items_purchased":[],"campfire_rested":0,"item_purchase_floors":[],"current_hp_per_floor":[35,35,35,35,35,7,7,7,7],"gold":432,"neow_bonus":"ONE_RARE_RELIC","is_prod":false,"is_daily":false,"chose_seed":false,"campfire_upgraded":1,"win_rate":0,"timestamp":1607574858,"path_taken":["M","?","?","?","?","E","R","E"],"build_version":"2020-11-30","purchased_purges":0,"victory":false,"max_hp_per_floor":[35,35,35,35,35,35,35,35,35],"card_choices":[{"not_picked":["Hololive_CallTokoyamiTowa","Hololive_RevenueBasedLive","Hololive_FlyingPonyTail"],"picked":"Hololive_Rebound","floor":1.0},{"not_picked":["Hololive_CallTsunomakiWatame","Hololive_Drill","Hololive_Breathe"],"picked":"Hololive_FlyingPonyTail","floor":4.0},{"not_picked":["Hololive_Nanodesu","Hololive_CallYogiri","Hololive_FlareMind"],"picked":"Hololive_Psychosis","floor":6.0}],"player_experience":147891,"relics_obtained":[{"floor":1.0,"key":"LetterFromLob"},{"floor":6.0,"key":"Replay:Bottled Steam"}],"event_choices":[{"cards_removed":["LagranYue:BaseDefendCard"],"damage_healed":0.0,"max_hp_gain":0.0,"max_hp_loss":0.0,"gold_gain":0.0,"event_name":"Purifier","player_choice":"Purged","floor":3.0,"gold_loss":0.0,"damage_taken":0.0},{"cards_removed":["Hololive_Strike"],"damage_healed":0.0,"max_hp_gain":0.0,"max_hp_loss":0.0,"gold_gain":0.0,"event_name":"Wheel of Change","player_choice":"Card Removal","floor":5.0,"gold_loss":0.0,"damage_taken":0.0}],"is_beta":false,"boss_relics":[],"items_purged_floors":[],"is_endless":false,"potions_floor_spawned":[1],"killed_by":"3 Sentries","ascension_level":5}}