{"host":"p7j7o00jacnw7qzt","time":1607627320,"event":{"mods":["BaseMod","Minty Spire (QoL Compilation)","Relic Stats","Colored Map","Colored Powertips","DeckTracker","Highlight Path"],"gold_per_floor":[116,116,190,204,204,231,242,16,40,54,70,70,70,70,70,143,143,157,174,188,113,113,113,124,124,172,15,15,65,82,82,82],"floor_reached":31,"playtime":2952,"items_purged":[],"score":520,"play_id":"fa09e154-b8fa-4c9c-84d5-7c41b0bc61c6","local_time":"20201210140840","is_ascension_mode":true,"campfire_choices":[{"data":"Acrobatics","floor":15.0,"key":"SMITH"},{"floor":23.0,"key":"RECALL"}],"circlet_count":0,"master_deck":["AscendersBane","Strike_G","Strike_G","Defend_G","Defend_G","Defend_G","Defend_G","Defend_G","Survivor","Neutralize","Infinite Blades","Accuracy+1","Backflip","Acrobatics+1","Die Die Die","Acrobatics+1","Escape Plan","Accuracy+1"],"special_seed":0,"relics":["Ring of the Snake","NeowsBlessing","Sundial","Tiny Chest","TheAbacus","Happy Flower","Lizard Tail","Black Star","Pear","MealTicket","Membership Card"],"acts_visited":["Exordium","TheCity"],"potions_floor_usage":[],"damage_taken":[{"damage":0.0,"enemies":"Jaw Worm","floor":1.0,"turns":1.0},{"damage":0.0,"enemies":"Cultist","floor":4.0,"turns":1.0},{"damage":0.0,"enemies":"Gremlin Nob","floor":6.0,"turns":1.0},{"damage":2.0,"enemies":"Small Slimes","floor":7.0,"turns":4.0},{"damage":1.0,"enemies":"2 Fungi Beasts","floor":10.0,"turns":4.0},{"damage":7.0,"enemies":"Exordium Wildlife","floor":11.0,"turns":4.0},{"damage":14.0,"enemies":"The Guardian","floor":16.0,"turns":15.0},{"damage":4.0,"enemies":"Chosen","floor":18.0,"turns":7.0},{"damage":4.0,"enemies":"Spheric Guardian","floor":19.0,"turns":6.0},{"damage":16.0,"enemies":"Centurion and Healer","floor":20.0,"turns":13.0},{"damage":11.0,"enemies":"Snake Plant","floor":24.0,"turns":6.0},{"damage":10,"enemies":"Snecko","floor":30,"turns":8},{"damage":21,"enemies":"Book of Stabbing","floor":31,"turns":4}],"seed_played":"-2399625112436681626","potions_obtained":[{"floor":1.0,"key":"GhostInAJar"},{"floor":6.0,"key":"BlessingOfTheForge"},{"floor":11.0,"key":"LiquidBronze"},{"floor":16.0,"key":"AttackPotion"},{"floor":19.0,"key":"Fire Potion"},{"floor":24.0,"key":"DuplicationPotion"}],"is_trial":false,"path_per_floor":["M","?","T","M","?","E","M","$","T","M","M","?","T","?","R","B",null,"M","M","M","?","?","R","M","T","T","$","$","?","M","E"],"character_chosen":"THE_SILENT","items_purchased":["TheAbacus","Acrobatics","Membership Card"],"campfire_rested":0,"item_purchase_floors":[8,8,27],"current_hp_per_floor":[59,59,59,59,52,52,50,50,50,49,42,42,42,42,42,28,57,53,49,33,33,33,33,22,32,32,47,62,62,52,31,31],"gold":82,"neow_bonus":"THREE_ENEMY_KILL","is_daily":false,"chose_seed":false,"campfire_upgraded":1,"win_rate":0,"timestamp":1607627320,"path_taken":["M","?","?","M","?","E","M","?","T","M","?","?","?","?","R","BOSS","M","M","M","?","?","R","M","?","T","?","$","?","?","E"],"build_version":"2020-11-30","purchased_purges":0,"victory":false,"max_hp_per_floor":[66,66,66,66,66,66,66,66,66,66,66,66,66,66,66,66,66,66,66,66,66,66,66,66,76,76,76,76,76,76,76,76],"relic_stats":{"Lizard Tail":0,"TheAbacus":[348],"Happy Flower":[22],"counters":[13,74],"Sundial":[38],"Tiny Chest":2,"MealTicket":30,"Black Star":0,"obtain_stats":[{"Lizard Tail":13,"TheAbacus":8,"Pear":25,"NeowsBlessing":0,"Happy Flower":9,"Sundial":3,"Tiny Chest":6,"MealTicket":26,"Black Star":17,"Membership Card":27,"Ring of the Snake":0},{"Lizard Tail":6,"TheAbacus":4,"Pear":11,"NeowsBlessing":0,"Happy Flower":4,"Sundial":1,"Tiny Chest":3,"MealTicket":11,"Black Star":7,"Membership Card":11,"Ring of the Snake":0},{"Lizard Tail":15,"TheAbacus":7,"Pear":62,"NeowsBlessing":0,"Happy Flower":7,"Sundial":1,"Tiny Chest":3,"MealTicket":62,"Black Star":30,"Membership Card":62,"Ring of the Snake":0}],"Ring of the Snake":[26]},"card_choices":[{"not_picked":["Backstab","Catalyst"],"picked":"Infinite Blades","floor":1.0},{"not_picked":["Bane","Slice","Outmaneuver"],"picked":"SKIP","floor":4.0},{"not_picked":["Endless Agony","Blur"],"picked":"Accuracy","floor":6.0},{"not_picked":["Concentrate","Underhanded Strike"],"picked":"Backflip","floor":7.0},{"not_picked":["Setup","PiercingWail","Dagger Throw"],"picked":"SKIP","floor":10.0},{"not_picked":["Setup","PiercingWail","Dagger Throw"],"picked":"SKIP","floor":10.0},{"not_picked":["Backflip","Quick Slash","Dagger Spray"],"picked":"SKIP","floor":11.0},{"not_picked":["Doppelganger","Burst"],"picked":"Die Die Die","floor":16.0},{"not_picked":["Poisoned Stab","Backflip"],"picked":"Acrobatics+1","floor":18.0},{"not_picked":["All Out Attack","Sucker Punch"],"picked":"Escape Plan","floor":19.0},{"not_picked":["Quick Slash","Crippling Poison+1","Well Laid Plans"],"picked":"SKIP","floor":20.0},{"not_picked":["Deflect","Slice","Night Terror"],"picked":"SKIP","floor":24.0},{"not_picked":["Finisher","Outmaneuver","PiercingWail"],"picked":"SKIP","floor":30}],"player_experience":740995,"relics_obtained":[{"floor":3.0,"key":"Sundial"},{"floor":6.0,"key":"Tiny Chest"},{"floor":9.0,"key":"Happy Flower"},{"floor":13.0,"key":"Lizard Tail"},{"floor":25.0,"key":"Pear"},{"floor":26.0,"key":"MealTicket"}],"event_choices":[{"damage_healed":0.0,"max_hp_gain":0.0,"max_hp_loss":0.0,"gold_gain":0.0,"event_name":"Liars Game","player_choice":"Ignored","floor":2.0,"gold_loss":0.0,"damage_taken":0.0},{"cards_removed":["Strike_G"],"damage_healed":0.0,"max_hp_gain":0.0,"max_hp_loss":0.0,"gold_gain":0.0,"event_name":"Golden Wing","player_choice":"Card Removal","floor":5.0,"gold_loss":0.0,"damage_taken":7.0},{"damage_healed":0.0,"max_hp_gain":0.0,"max_hp_loss":0.0,"gold_gain":0.0,"event_name":"Accursed Blacksmith","player_choice":"Forge","floor":12.0,"gold_loss":0.0,"damage_taken":0.0,"cards_upgraded":["Accuracy"]},{"cards_removed":["Strike_G"],"damage_healed":0.0,"max_hp_gain":0.0,"max_hp_loss":0.0,"gold_gain":0.0,"event_name":"Living Wall","player_choice":"Forget","floor":14.0,"gold_loss":0.0,"damage_taken":0.0},{"cards_removed":["Strike_G"],"damage_healed":0.0,"max_hp_gain":0.0,"max_hp_loss":0.0,"gold_gain":0.0,"event_name":"Beggar","player_choice":"Gave Gold","floor":21.0,"gold_loss":75.0,"damage_taken":0.0},{"damage_healed":0.0,"max_hp_gain":0.0,"max_hp_loss":0.0,"gold_gain":0.0,"event_name":"Duplicator","player_choice":"Copied","floor":22.0,"gold_loss":0.0,"damage_taken":0.0,"cards_obtained":["Accuracy"]},{"damage_healed":0,"gold_gain":50,"player_choice":"Stole From Cult","damage_taken":0,"max_hp_gain":0,"max_hp_loss":0,"event_name":"Nest","floor":29,"gold_loss":0}],"is_beta":false,"boss_relics":[{"not_picked":["Ring of the Serpent","Tiny House"],"picked":"Black Star"}],"items_purged_floors":[],"is_endless":false,"potions_floor_spawned":[1,6,11,16,19,24,30],"killed_by":"Book of Stabbing","ascension_level":20}}