{"host":"yvb207ks1sg3cxef","time":1607594874,"event":{"gold_per_floor":[112,43,43,59,76,76,105,105,160,176,235,17,17,52,52,125,125,145,245,256,181,194,194,207,207,207],"floor_reached":25,"playtime":1220,"items_purged":[],"score":348,"play_id":"ddbd1ebe-eea4-4d56-841c-61c93740bc4b","local_time":"20201210153754","is_ascension_mode":true,"campfire_choices":[{"data":"Crippling Poison","floor":6.0,"key":"SMITH"},{"data":"Noxious Fumes","floor":8.0,"key":"SMITH"},{"data":"Footwork","floor":13.0,"key":"SMITH"},{"data":"Leg Sweep","floor":15.0,"key":"SMITH"},{"floor":23,"key":"REST"}],"neow_cost":"NONE","seed_source_timestamp":0,"circlet_count":0,"master_deck":["AscendersBane","Strike_G","Strike_G","Strike_G","Defend_G","Defend_G","Defend_G","Defend_G","Survivor","Neutralize","Dagger Throw","Noxious Fumes+1","Crippling Poison+1","Leg Sweep+1","Venomology","Footwork+1","Deadly Poison","Well Laid Plans","Deadly Poison+1","After Image","Acrobatics+1","Concentrate+1","Blur+1","Backflip+1"],"special_seed":0,"relics":["Empty Cage","Boot","Letter Opener","OrangePellets","Toxic Egg 2","Cursed Key"],"potions_floor_usage":[20,22,22,24,24],"damage_taken":[{"damage":3.0,"enemies":"Jaw Worm","floor":1.0,"turns":8.0},{"damage":0.0,"enemies":"Small Slimes","floor":4.0,"turns":5.0},{"damage":0.0,"enemies":"2 Louse","floor":5.0,"turns":4.0},{"damage":6.0,"enemies":"Lagavulin","floor":7.0,"turns":8.0},{"damage":3.0,"enemies":"Red Slaver","floor":10.0,"turns":4.0},{"damage":13.0,"enemies":"3 Sentries","floor":11.0,"turns":10.0},{"damage":19.0,"enemies":"3 Sentries","floor":14.0,"turns":8.0},{"damage":9.0,"enemies":"The Guardian","floor":16.0,"turns":10.0},{"damage":16,"enemies":"Shell Parasite","floor":18,"turns":5},{"damage":3,"enemies":"Chosen","floor":20,"turns":5},{"damage":31,"enemies":"Snake Plant","floor":22,"turns":5},{"damage":8,"enemies":"Sentry and Sphere","floor":24,"turns":6},{"damage":24,"enemies":"Slavers","floor":25,"turns":1}],"seed_played":"5208411188057488744","potions_obtained":[{"floor":4.0,"key":"PowerPotion"},{"floor":5.0,"key":"EntropicBrew"},{"floor":7.0,"key":"Poison Potion"},{"floor":20,"key":"EntropicBrew"},{"floor":24,"key":"Weak Potion"}],"is_trial":false,"path_per_floor":["M","$","?","M","M","R","E","R","T","M","?","$","R","E","R","B",null,"M","?","M","?","M","R","M","E"],"character_chosen":"THE_SILENT","items_purchased":["Noxious Fumes","OrangePellets","Well Laid Plans"],"campfire_rested":1,"item_purchase_floors":[2,12,12],"current_hp_per_floor":[60,60,60,60,60,60,54,54,54,51,38,38,38,19,19,10,55,39,39,36,36,5,26,18,0,0],"gold":207,"neow_bonus":"BOSS_RELIC","is_prod":false,"is_daily":false,"chose_seed":false,"campfire_upgraded":4,"win_rate":0,"timestamp":1607594874,"path_taken":["M","$","?","M","M","R","E","R","T","M","?","?","R","E","R","BOSS","M","?","?","?","M","R","M","E"],"build_version":"2020-11-30","purchased_purges":0,"victory":false,"max_hp_per_floor":[70,70,70,70,70,70,70,70,70,70,70,70,70,70,70,70,70,70,70,70,70,70,70,70,70,70],"relic_stats":{"OrangePellets":[6],"counters":[8,50],"Letter Opener":[36],"Boot":[21],"Cursed Key":0,"obtain_stats":[{"OrangePellets":12,"Letter Opener":11,"Toxic Egg 2":14,"Empty Cage":0,"Boot":0,"Cursed Key":17},{"OrangePellets":1,"Letter Opener":1,"Toxic Egg 2":2,"Empty Cage":0,"Boot":0,"Cursed Key":3},{"OrangePellets":10,"Letter Opener":10,"Toxic Egg 2":18,"Empty Cage":0,"Boot":0,"Cursed Key":28}]},"card_choices":[{"not_picked":["Dodge and Roll","Sucker Punch"],"picked":"Dagger Throw","floor":1.0},{"not_picked":["Blade Dance","Backflip"],"picked":"Crippling Poison","floor":4.0},{"not_picked":["Dagger Throw","Dagger Spray"],"picked":"Leg Sweep","floor":5.0},{"not_picked":["Dagger Spray","Deflect"],"picked":"Venomology","floor":7.0},{"not_picked":["Poisoned Stab","Infinite Blades"],"picked":"Footwork","floor":10.0},{"not_picked":["Terror","Outmaneuver"],"picked":"Deadly Poison","floor":11.0},{"not_picked":["Eviscerate","Quick Slash"],"picked":"Deadly Poison+1","floor":14.0},{"not_picked":["Storm of Steel+1","Doppelganger+1"],"picked":"After Image","floor":16.0},{"not_picked":["Concentrate+1","Dagger Throw"],"picked":"Acrobatics+1","floor":18},{"not_picked":["Quick Slash","Slice"],"picked":"Concentrate+1","floor":20},{"not_picked":["Flying Knee","Backflip+1"],"picked":"Blur+1","floor":22},{"not_picked":["Sucker Punch","Infinite Blades"],"picked":"Backflip+1","floor":24}],"player_experience":163869,"relics_obtained":[{"floor":7.0,"key":"Boot"},{"floor":11.0,"key":"Letter Opener"},{"floor":14.0,"key":"Toxic Egg 2"}],"event_choices":[{"damage_healed":0.0,"max_hp_gain":0.0,"max_hp_loss":0.0,"gold_gain":0.0,"event_name":"Liars Game","player_choice":"Ignored","floor":3.0,"gold_loss":0.0,"damage_taken":0.0},{"damage_healed":0.0,"max_hp_gain":0.0,"max_hp_loss":0.0,"gold_gain":0.0,"event_name":"Dead Adventurer","player_choice":"Searched \u00272\u0027 times","floor":11.0,"gold_loss":0.0,"damage_taken":0.0},{"damage_healed":0,"gold_gain":100,"player_choice":"Pray","damage_taken":0,"max_hp_gain":0,"max_hp_loss":0,"event_name":"Golden Shrine","floor":19,"gold_loss":0},{"cards_removed":["Strike_G"],"damage_healed":0,"gold_gain":0,"player_choice":"Gave Gold","damage_taken":0,"max_hp_gain":0,"max_hp_loss":0,"event_name":"Beggar","floor":21,"gold_loss":75}],"is_beta":false,"boss_relics":[{"not_picked":["HoveringKite","Philosopher\u0027s Stone"],"picked":"Cursed Key"}],"items_purged_floors":[],"is_endless":false,"potions_floor_spawned":[4,5,7,20,24],"killed_by":"Slavers","ascension_level":13}}