{"host":"9yytxrqt6bgetens","time":1607642951,"event":{"mods":["BaseMod","Clawfect","Minty Spire (QoL Compilation)","StSLib","2.2 Compatiblity","Ironclad Rager"],"gold_per_floor":[115,115,125,136,236,265,283,294,366,366,383,383,383,394,394,499,499,509,509,528,540,58,91,91,52,77,77,86,107,131,0,9,121,130,154,118,0,0,24,24,24,61,61,80,100,123,123,38,38,38,38,38,38,82,82,82],"floor_reached":55,"playtime":14025,"items_purged":[],"score":744,"play_id":"b48138cf-674a-4f79-b377-df5db0adcd7b","local_time":"20201210182911","is_ascension_mode":false,"campfire_choices":[{"floor":10,"key":"REST"},{"floor":13,"key":"REST"},{"floor":15,"key":"REST"},{"floor":24,"key":"REST"},{"floor":28,"key":"REST"},{"floor":32,"key":"REST"},{"floor":40,"key":"RECALL"},{"data":"Clawfect:Clawrage","floor":47,"key":"SMITH"},{"data":"Mind Blast","floor":49,"key":"SMITH"},{"data":"Clawfect:Clawline","floor":52,"key":"SMITH"}],"circlet_count":0,"master_deck":["Gash","Gash","Gash+1","Gash","Gash","Defend_B","Defend_B","Defend_B","Defend_B","Defend_B","Clawfect:ClawLightning+1","Loop","Hologram","FTL","Clawfect:ClawingBeam","Clawfect:ClawSnap","Clawfect:ClawSnap","Stack","Leap","Electrodynamics","Buffer+1","Coolheaded+1","BootSequence","Clawfect:Clawrage+1","Clawfect:Clawline+1","Glacier","Clawfect:ClawLightning","Clawfect:ClawCell","Clawfect:ClawAndGloom","Clawfect:Clawline+1","Clawfect:ClawpileDriver","Static Discharge+1","Clawfect:Clawrage+1","Biased Cognition","CurseOfTheBell","Leap+1","Clawfect:ClawSnap","Self Repair+1","Turbo+1","Clawfect:Clawter","Clawfect:ClawCell+1","Auto Shields+1","Mind Blast+1","Clawfect:ScrapingClaw"],"relics":["Clawfect:DRClaw","NeowsBlessing","Dream Catcher","Inserter","TungstenRod","Calipers","CeramicFish","Enchiridion","Calling Bell","Bag of Preparation","InkBottle","Mango","Red Mask","PreservedInsect","Orichalcum","Gambling Chip"],"acts_visited":["Exordium","TheCity","TheBeyond","TheEnding"],"potions_floor_usage":[21,21,21,23,23,33,45,50,55],"damage_taken":[{"damage":0,"enemies":"Cultist","floor":1,"turns":2},{"damage":0,"enemies":"2 Louse","floor":3,"turns":2},{"damage":0,"enemies":"Small Slimes","floor":4,"turns":2},{"damage":35,"enemies":"Gremlin Nob","floor":6,"turns":5},{"damage":7,"enemies":"Looter","floor":7,"turns":4},{"damage":13,"enemies":"Exordium Thugs","floor":8,"turns":4},{"damage":0,"enemies":"3 Louse","floor":11,"turns":4},{"damage":3,"enemies":"Blue Slaver","floor":14,"turns":4},{"damage":38,"enemies":"The Guardian","floor":16,"turns":8},{"damage":21,"enemies":"Spheric Guardian","floor":18,"turns":6},{"damage":41,"enemies":"3 Byrds","floor":20,"turns":4},{"damage":9,"enemies":"Sentry and Sphere","floor":21,"turns":8},{"damage":15,"enemies":"Book of Stabbing","floor":23,"turns":6},{"damage":7,"enemies":"Cultist and Chosen","floor":29,"turns":5},{"damage":13,"enemies":"Centurion and Healer","floor":30,"turns":6},{"damage":37,"enemies":"Collector","floor":33,"turns":7},{"damage":0,"enemies":"Orb Walker","floor":35,"turns":4},{"damage":5,"enemies":"3 Shapes","floor":39,"turns":4},{"damage":0,"enemies":"Giant Head","floor":42,"turns":6},{"damage":0,"enemies":"Transient","floor":44,"turns":5},{"damage":5,"enemies":"Writhing Mass","floor":45,"turns":4},{"damage":0,"enemies":"Maw","floor":46,"turns":6},{"damage":85,"enemies":"Awakened One","floor":50,"turns":8},{"damage":56,"enemies":"Shield and Spear","floor":54,"turns":5},{"damage":51,"enemies":"The Heart","floor":55,"turns":2}],"seed_played":"7578306215645822575","potions_obtained":[{"floor":6,"key":"Fire Potion"},{"floor":7,"key":"SkillPotion"},{"floor":8,"key":"Block Potion"},{"floor":21,"key":"Dexterity Potion"},{"floor":30,"key":"Weak Potion"},{"floor":33,"key":"SmokeBomb"},{"floor":35,"key":"FairyPotion"},{"floor":42,"key":"LiquidBronze"},{"floor":45,"key":"GamblersBrew"},{"floor":54,"key":"Fire Potion"}],"is_trial":false,"path_per_floor":["M","?","M","M","?","E","M","M","T","R","M","?","R","M","R","B",null,"M","?","M","M","$","E","R","$","T","?","R","M","M","?","R","B",null,"M","$","?","?","M","R","?","E","T","M","M","M","R","$","R","B",null,"R","$","E","B"],"character_chosen":"DEFECT","items_purchased":["TungstenRod","Clawfect:Clawline","Regen Potion","Glacier","Clawfect:ClawAndGloom","Clawfect:ClawSnap","Mind Blast"],"campfire_rested":6,"item_purchase_floors":[22,22,22,22,25,36,48],"current_hp_per_floor":[75,60,60,60,60,25,18,5,5,27,27,27,49,46,68,30,75,54,54,13,4,4,4,26,26,26,14,36,29,16,16,38,1,89,89,89,89,89,84,84,77,87,87,89,84,84,84,84,84,26,89,89,89,33,0,0],"gold":82,"neow_bonus":"THREE_ENEMY_KILL","is_daily":false,"chose_seed":false,"campfire_upgraded":3,"win_rate":0,"timestamp":1607642951,"path_taken":["M","?","M","M","?","E","M","M","T","R","?","?","R","M","R","BOSS","M","?","M","M","$","E","R","?","T","?","R","?","M","?","R","BOSS","M","$","?","?","M","R","?","E","T","?","M","M","R","?","R","BOSS","R","$","E","BOSS"],"build_version":"2020-11-30","purchased_purges":0,"victory":false,"max_hp_per_floor":[75,75,75,75,75,75,75,75,75,75,75,75,75,75,75,75,75,75,75,75,75,75,75,75,75,75,75,75,75,75,75,75,75,89,89,89,89,89,89,89,89,89,89,89,89,89,89,89,89,89,89,89,89,89,89,89],"card_choices":[{"not_picked":["Clawfect:Clawrage","Redo"],"picked":"Clawfect:ClawLightning","floor":1},{"not_picked":["Coolheaded","Capacitor"],"picked":"Loop","floor":3},{"not_picked":["Reinforced Body","Loop"],"picked":"Hologram","floor":4},{"not_picked":["Rebound","Clawfect:ClawAndGloom"],"picked":"FTL","floor":6},{"not_picked":["Turbo","Hologram"],"picked":"Clawfect:ClawingBeam","floor":7},{"not_picked":["Recycle","Blizzard"],"picked":"Clawfect:ClawSnap","floor":8},{"not_picked":["FTL","Reinforced Body"],"picked":"Clawfect:ClawSnap","floor":10},{"not_picked":["FTL","Capacitor"],"picked":"Stack","floor":11},{"not_picked":["Clawfect:ClawSnap","Force Field"],"picked":"Leap","floor":13},{"not_picked":["Gash","Chaos"],"picked":"Reprogram","floor":14},{"not_picked":["Clawfect:ClawLightning","Stack"],"picked":"Electrodynamics","floor":15},{"not_picked":["Reboot","Core Surge"],"picked":"Buffer","floor":16},{"not_picked":["Clawfect:ClawSnap","Reinforced Body"],"picked":"Coolheaded+1","floor":18},{"not_picked":["Reprogram","Sunder"],"picked":"BootSequence","floor":20},{"not_picked":["Clawfect:ClawForTheEyes","Coolheaded"],"picked":"Clawfect:Clawrage+1","floor":21},{"not_picked":["Clawfect:ClawForTheEyes","Skim"],"picked":"Clawfect:ClawLightning","floor":23},{"not_picked":["Clawfect:Clawline","Clawfect:ClawForTheEyes+1"],"picked":"Clawfect:ClawCell","floor":24},{"not_picked":["Storm","Darkness"],"picked":"Clawfect:Clawline+1","floor":28},{"not_picked":["Skim","Clawfect:ClawLightning"],"picked":"Clawfect:ClawpileDriver","floor":29},{"not_picked":["Capacitor","Coolheaded"],"picked":"Static Discharge+1","floor":30},{"not_picked":["Rainbow","Leap"],"picked":"Clawfect:Clawrage","floor":32},{"not_picked":["Reboot","Echo Form"],"picked":"Biased Cognition","floor":33},{"not_picked":["Stack","FTL"],"picked":"Leap+1","floor":35},{"not_picked":["Lockon+1","Aggregate"],"picked":"Self Repair+1","floor":39},{"not_picked":["Aggregate+1","Meteor Strike"],"picked":"Turbo+1","floor":42},{"not_picked":["Steam+1","FTL+1"],"picked":"Clawfect:Clawter","floor":44},{"not_picked":["Clawfect:ClawSnap+1","Sunder"],"picked":"Clawfect:ClawCell+1","floor":45},{"not_picked":["Coolheaded+1","Clawfect:Clawter"],"picked":"Auto Shields+1","floor":46},{"not_picked":["Recycle+1","Turbo"],"picked":"Clawfect:ScrapingClaw","floor":54}],"player_experience":555517,"relics_obtained":[{"floor":6,"key":"Dream Catcher"},{"floor":23,"key":"Calipers"},{"floor":26,"key":"CeramicFish"},{"floor":27,"key":"Enchiridion"},{"floor":34,"key":"Bag of Preparation"},{"floor":34,"key":"InkBottle"},{"floor":34,"key":"Mango"},{"floor":42,"key":"PreservedInsect"},{"floor":43,"key":"Orichalcum"},{"floor":54,"key":"Gambling Chip"}],"event_choices":[{"damage_healed":0,"gold_gain":0,"player_choice":"Entered Light","damage_taken":15,"max_hp_gain":0,"max_hp_loss":0,"event_name":"Shining Light","floor":2,"gold_loss":0,"cards_upgraded":["Gash","Clawfect:ClawLightning"]},{"damage_healed":0,"gold_gain":100,"player_choice":"Pray","damage_taken":0,"max_hp_gain":0,"max_hp_loss":0,"event_name":"Golden Shrine","floor":5,"gold_loss":0},{"damage_healed":0,"gold_gain":0,"player_choice":"Ignored","damage_taken":0,"max_hp_gain":0,"max_hp_loss":0,"event_name":"Golden Wing","floor":12,"gold_loss":0},{"damage_healed":0,"gold_gain":0,"player_choice":"Forge","damage_taken":0,"max_hp_gain":0,"max_hp_loss":0,"event_name":"Accursed Blacksmith","floor":19,"gold_loss":0,"cards_upgraded":["Buffer"]},{"damage_healed":0,"gold_gain":0,"player_choice":"Obtained Book","damage_taken":16,"max_hp_gain":0,"max_hp_loss":0,"event_name":"Cursed Tome","floor":27,"gold_loss":0},{"damage_healed":0,"gold_gain":0,"player_choice":"Paid Fearfully","damage_taken":0,"max_hp_gain":0,"max_hp_loss":0,"event_name":"Masked Bandits","floor":31,"gold_loss":131},{"damage_healed":0,"gold_gain":0,"player_choice":"Paid","damage_taken":0,"relics_obtained":["Red Mask"],"max_hp_gain":0,"max_hp_loss":0,"event_name":"Tomb of Lord Red Mask","floor":37,"gold_loss":118},{"cards_removed":["Reprogram"],"damage_healed":0,"gold_gain":0,"player_choice":"Removed Skill","damage_taken":0,"max_hp_gain":0,"max_hp_loss":0,"event_name":"Falling","floor":38,"gold_loss":0},{"damage_healed":0,"gold_gain":0,"player_choice":"Damaged","damage_taken":8,"max_hp_gain":0,"max_hp_loss":0,"event_name":"Wheel of Change","floor":41,"gold_loss":0}],"is_beta":false,"boss_relics":[{"not_picked":["Velvet Choker","Coffee Dripper"],"picked":"Inserter"},{"not_picked":["Snecko Eye","Sozu"],"picked":"Calling Bell"}],"items_purged_floors":[],"is_endless":false,"potions_floor_spawned":[6,7,8,16,21,30,33,35,42,45,54],"killed_by":"The Heart","ascension_level":0}}