{"host":"y6ogtdgt8z4md30g","time":1607607625,"event":{"mods":["BaseMod","StSLib","Downfall","AchievementEnabler","Better Third Choice","Colored Powertips","Hubris","Infinite Spire","Minty Spire (QoL Compilation)","Replay The Spire","Spicy Shops"],"gold_per_floor":[119,132,145,145,162,162,162,190,190,190,203,220,220,230,230,326,326,346,346,346,332,332,332,30,30,30],"floor_reached":25,"playtime":1578,"items_purged":[],"score":263,"play_id":"27cc927d-fb05-4ad3-a7b4-bc3c96100dcf","local_time":"20201210084025","is_ascension_mode":true,"campfire_choices":[{"floor":6,"key":"REST"},{"floor":10,"key":"REST"},{"floor":15,"key":"REST"},{"floor":23,"key":"DIG"}],"circlet_count":0,"master_deck":["Strike_P","Strike_P","Strike_P","Strike_P","Defend_P","Defend_P","Defend_P","Defend_P","Eruption","Vigilance","EmptyBody","InnerPeace","Protect","EmptyFist","ClearTheMind","FollowUp","Evaluate","Crescendo","Crescendo","DevaForm","CurseOfTheBell","hubris:NaturalOne","FlurryOfBlows","Decay","RitualDagger","Prostrate+1","Slimebound:CheckThePlaybook+1","Slimebound:Icky","Replay:SS_hec_4+1","Collect+1","Crescendo+1","Tantrum+1"],"relics":["PureWater","NeowsBlessing","hubris:Icosahedron","Torii","Replay:Ringing Soul","hubris:Towel","Calling Bell","Pet Ghost","Golden Egg","Shovel","Oddly Smooth Stone"],"acts_visited":["Exordium","TheCity"],"potions_floor_usage":[12,16,16],"damage_taken":[{"damage":0,"enemies":"2 Louse","floor":1,"turns":1},{"damage":0,"enemies":"Small Slimes","floor":2,"turns":1},{"damage":0,"enemies":"Jaw Worm","floor":3,"turns":1},{"damage":24,"enemies":"Blue Slaver","floor":5,"turns":3},{"damage":24,"enemies":"Lagavulin","floor":8,"turns":8},{"damage":0,"enemies":"Exordium Wildlife","floor":11,"turns":2},{"damage":0,"enemies":"2 Fungi Beasts","floor":12,"turns":2},{"damage":8,"enemies":"Blue Slaver","floor":14,"turns":4},{"damage":22,"enemies":"Fading Forest","floor":16,"turns":11},{"damage":12,"enemies":"Shell Parasite","floor":18,"turns":10},{"damage":7,"enemies":"2 Thieves","floor":21,"turns":4},{"damage":96,"enemies":"Slavers","floor":25,"turns":3}],"seed_played":"-1190597854465335934","potions_obtained":[{"floor":1,"key":"Block Potion"},{"floor":5,"key":"FearPotion"},{"floor":8,"key":"hexamod:EctoCoolerPotion"},{"floor":11,"key":"SkillPotion"}],"is_trial":false,"path_per_floor":["M","M","M","?","M","R","?","E","T","R","M","M","?","M","R","B",null,"M","?","?","M","?","R","$","E"],"character_chosen":"WATCHER","items_purchased":["Replay:SS_hec_4","Collect","Crescendo+1","Tantrum"],"campfire_rested":3,"item_purchase_floors":[24,24,24,24],"current_hp_per_floor":[72,72,72,72,48,69,69,45,45,66,69,72,72,67,81,64,87,78,81,78,74,77,77,80,0,0],"gold":30,"neow_bonus":"THREE_ENEMY_KILL","is_daily":false,"chose_seed":false,"campfire_upgraded":0,"win_rate":0,"timestamp":1607607625,"path_taken":["M","M","M","?","M","R","?","E","T","R","M","M","?","?","R","BOSS","M","?","?","M","?","R","$","E"],"build_version":"2020-11-30","purchased_purges":0,"victory":false,"max_hp_per_floor":[72,72,72,72,72,72,72,72,72,72,75,78,78,81,81,84,87,90,93,96,99,102,102,105,105,105],"card_choices":[{"not_picked":["Conclude","ReachHeaven"],"picked":"EmptyBody","floor":1},{"not_picked":["CrushJoints","Replay:ManipulateFuture"],"picked":"InnerPeace","floor":2},{"not_picked":["Replay:BluntJabs","Sanctity"],"picked":"Protect","floor":3},{"not_picked":["Protect","PathToVictory"],"picked":"ClearTheMind","floor":5},{"not_picked":["Perseverance","DeusExMachina"],"picked":"FollowUp","floor":8},{"not_picked":["Weave","Crescendo"],"picked":"Evaluate","floor":11},{"not_picked":["CutThroughFate","BowlingBash"],"picked":"Crescendo","floor":12},{"not_picked":["Replay:AtTheReady","Halt"],"picked":"Crescendo","floor":14},{"not_picked":["Devotion","DeusExMachina"],"picked":"DevaForm","floor":16},{"not_picked":["ClearTheMind","Fasting2"],"picked":"FlurryOfBlows","floor":18},{"not_picked":["Halt+1","Crescendo"],"picked":"Prostrate+1","floor":21}],"player_experience":38907,"relics_obtained":[{"floor":8,"key":"Torii"},{"floor":9,"key":"Replay:Ringing Soul"},{"floor":17,"key":"Pet Ghost"},{"floor":17,"key":"Golden Egg"},{"floor":17,"key":"Shovel"},{"floor":23,"key":"Oddly Smooth Stone"}],"event_choices":[{"damage_healed":0,"gold_gain":0,"player_choice":"Smashed Altar","damage_taken":0,"max_hp_gain":0,"max_hp_loss":0,"event_name":"Forgotten Altar","floor":19,"gold_loss":0,"cards_obtained":["Decay"]},{"damage_healed":0,"gold_gain":0,"player_choice":"Dagger","damage_taken":6,"max_hp_gain":0,"max_hp_loss":0,"event_name":"betterThird:BetterNest","floor":20,"gold_loss":0,"cards_obtained":["RitualDagger"]}],"is_beta":false,"boss_relics":[{"not_picked":["hubris:Backtick","Runic Dome"],"picked":"Calling Bell"}],"items_purged_floors":[],"is_endless":false,"potions_floor_spawned":[1,5,8,11],"killed_by":"Slavers","ascension_level":1}}