{"host":"se2kry7a7ac49ar7","time":1607565535,"event":{"gold_per_floor":[114,114,44,44,95,127,145,145,145,178,197,217,237,162,162,258,258,272,182,37,37,52,52,79,79,79,79,90,102,27,27,27,127,127,138,138,158,175,194,194,229,229,279,306,325,25,25,42,42,143],"floor_reached":51,"playtime":3486,"items_purged":["Hallownest:curseDreamersLament"],"score":835,"play_id":"2b6c9e53-7bc1-4422-8695-c8e6533e50ce","local_time":"20201209175855","is_ascension_mode":false,"campfire_choices":[{"data":"Vampiric_Strike","floor":8,"key":"SMITH"},{"data":"Shade_Step","floor":15,"key":"SMITH"},{"data":"Summon_Undead_Army","floor":23,"key":"SMITH"},{"data":"Negative_Energy_Shield","floor":25,"key":"SMITH"},{"data":"Negative_Energy_Arrows","floor":32,"key":"SMITH"},{"data":"Bone_Wall","floor":40,"key":"SMITH"},{"data":"Grasp_Heart","floor":42,"key":"SMITH"},{"floor":49,"key":"REST"}],"neow_cost":"NONE","seed_source_timestamp":28363727992106,"circlet_count":1,"master_deck":["Defend_W","Defend_W","Defend_W","Negative_Energy_Arrows+1","Bone_Wall+1","Shade_Step+1","Summon_Undead_Army+1","Vampiric_Strike+1","Grasp_Heart+1","Negative_Energy_Burst+1","Finger_Of_Death+1","Negative_Energy_Shield+1","Blood_Curse+1","Hallownest:skillGreenpathMap","Grasp_Heart+1","Blood_Curse+1","Bone_Bullets+1","Plague_Bolt+1","Strike_from_Beyond+1","Death_March_Dance+1","Blood_Wake+1","Negative_Energy_Sphere+1","Hellfire+1","Death_Coil+1","Violent_Necrosis+1","Vampiric_Strike+1","Negative_Energy_Burst+1","Blood_Is_Power","Corrupt+1","Necromantic_Selection+1","Reap_The_Weak+1","Negative_Energy_Shield+1","Hallownest:curseDreamersLament","Bone_Prison","Hellfire+1"],"relics":["Vampire_Amulet","Calipers","Mummified Hand","Ancient Tea Set","InkBottle","Molten Egg 2","StrikeDummy","Black Star","Hallownest:StagBellStandRelic","ClockworkSouvenir","Circlet","PreservedInsect","CaptainsWheel","Gremlin Horn","Hallownest:WatcherSealRelic","Astrolabe","Gambling Chip","Art of War","Smiling Mask","Unceasing Top","Blood Vial","DollysMirror","Juzu Bracelet","Hallownest:BeastSealRelic"],"potions_floor_usage":[10,45,45,45],"damage_taken":[{"damage":5,"enemies":"Hallownest:2_Tiktiks_and_1_Crawlid","floor":1,"turns":5},{"damage":24,"enemies":"Hallownest:eliteVengeflyKing","floor":6,"turns":8},{"damage":12,"enemies":"Hallownest:monsterHuskGuard","floor":7,"turns":4},{"damage":0,"enemies":"Hallownest:eliteMossKnight","floor":10,"turns":2},{"damage":0,"enemies":"Hallownest:monsterHuskWarrior","floor":11,"turns":2},{"damage":2,"enemies":"Hallownest:1_Baldur_1_Crawlid_1_Warrior","floor":12,"turns":3},{"damage":1,"enemies":"Hallownest:Wandering_and_Horned","floor":13,"turns":3},{"damage":4,"enemies":"Hallownest:BossFalseKnight","floor":16,"turns":6},{"damage":10,"enemies":"Hallownest:2_Mistakes","floor":18,"turns":5},{"damage":8,"enemies":"Hallownest:Guard_and_Sentry","floor":22,"turns":4},{"damage":0,"enemies":"Hallownest:eliteSoulWarrior","floor":24,"turns":4},{"damage":1,"enemies":"Hallownest:Master_and_Novice","floor":28,"turns":2},{"damage":1,"enemies":"Hallownest:2_Flukemon","floor":29,"turns":4},{"damage":7,"enemies":"Hallownest:BossSoulMaster","floor":33,"turns":6},{"damage":4,"enemies":"Hallownest:Shield_Heavy","floor":35,"turns":4},{"damage":20,"enemies":"Hallownest:3_Siblings","floor":37,"turns":6},{"damage":1,"enemies":"Hallownest:monsterPrimalAspid","floor":38,"turns":4},{"damage":20,"enemies":"Hallownest:Shield_Sturdy","floor":39,"turns":4},{"damage":36,"enemies":"Hallownest:eliteHiveKnight","floor":41,"turns":3},{"damage":15,"enemies":"Hallownest:eliteCollector","floor":44,"turns":3},{"damage":14,"enemies":"Hallownest:Xero_Hu_Marmu","floor":45,"turns":3},{"damage":2,"enemies":"Hallownest:2_Soldiers_and_1_Guardian","floor":48,"turns":5},{"damage":17,"enemies":"Hallownest:BossGreyPrinceZote","floor":50,"turns":6}],"seed_played":"-490596067338573757","potions_obtained":[{"floor":7,"key":"SteroidPotion"},{"floor":13,"key":"Weak Potion"},{"floor":16,"key":"Regen Potion"},{"floor":22,"key":"LiquidBronze"},{"floor":39,"key":"AttackPotion"}],"is_trial":false,"path_per_floor":["M","?","?","?","T","E","M","R","T","E","M","M","M","?","R","B",null,"M","?","$","?","M","R","E","R","T","?","M","M","$","?","R","B",null,"M","?","M","M","M","R","E","R","T","E","M","$","?","M","R","B",null],"character_chosen":"NECROMANCER","items_purchased":["ClockworkSouvenir","DollysMirror","Juzu Bracelet"],"campfire_rested":1,"item_purchase_floors":[20,46,46],"current_hp_per_floor":[81,81,81,71,71,55,46,46,46,48,53,60,66,66,66,67,82,74,74,74,74,70,70,72,72,72,72,75,81,81,77,77,72,82,82,82,72,80,66,66,32,32,32,25,33,33,33,42,66,65],"gold":143,"neow_bonus":"TEN_PERCENT_HP_BONUS","is_prod":false,"is_daily":false,"chose_seed":false,"campfire_upgraded":7,"win_rate":0.0,"timestamp":1607565535,"path_taken":["M","?","?","?","?","E","?","R","T","E","M","M","M","?","R","BOSS","M","?","$","?","M","R","E","R","T","?","M","M","?","?","R","BOSS","M","?","M","?","?","R","E","R","T","E","M","$","?","M","R","BOSS"],"build_version":"2020-11-30","purchased_purges":1,"victory":true,"max_hp_per_floor":[82,82,82,82,82,82,82,82,82,82,82,82,82,82,82,82,82,82,82,82,82,82,82,82,82,82,82,82,82,82,82,82,82,82,82,82,82,82,82,82,82,82,82,82,82,82,82,82,82,82],"card_choices":[{"not_picked":["Blood_Curse","Summon_Undead_Army"],"picked":"Shade_Step","floor":1},{"not_picked":["Blood_Is_Power","Blood_Whip"],"picked":"Vampiric_Strike","floor":6},{"not_picked":["Blood_Curse","Blood_Is_Power"],"picked":"Grasp_Heart","floor":7},{"not_picked":["Chill_Blood","Shackles_Of_Pain"],"picked":"Negative_Energy_Burst+1","floor":10},{"not_picked":["Chill_Blood","Bone_Spikes+1"],"picked":"Finger_Of_Death+1","floor":11},{"not_picked":["Bone_Bullets+1","Epidemic"],"picked":"Negative_Energy_Shield","floor":12},{"not_picked":["Spectral_Walk","Blood_Whip+1"],"picked":"Blood_Curse+1","floor":13},{"not_picked":["Negative_Energy_Bomb+1","Blood_Magic"],"picked":"Grasp_Heart+1","floor":16},{"not_picked":["Blood_Shield","Negative_Energy_Shield"],"picked":"Blood_Curse+1","floor":18},{"not_picked":["Uncharnel","Scare"],"picked":"Bone_Bullets+1","floor":22},{"not_picked":["Negative_Energy_Javelin+1","Shackles_Of_Pain"],"picked":"Plague_Bolt+1","floor":24},{"not_picked":["Negative_Energy_Sphere+1","Negative_Energy_Javelin+1"],"picked":"Strike_from_Beyond+1","floor":28},{"not_picked":["Bone_Spikes+1","Bone_Shift"],"picked":"Death_March_Dance+1","floor":29},{"not_picked":["Cloudkill","Negative_Energy_Bomb+1"],"picked":"Blood_Wake+1","floor":33},{"not_picked":["Bone_Bullets+1","Whirlwind_of_Bones+1"],"picked":"Violent_Necrosis+1","floor":35},{"not_picked":["Blood_Curse+1","Toxic_Smoke_Screen"],"picked":"Vampiric_Strike+1","floor":37},{"not_picked":["Negative_Energy_Javelin+1","Finger_Of_Death+1"],"picked":"Negative_Energy_Burst+1","floor":38},{"not_picked":["Scare","Bone_Armor"],"picked":"Blood_Is_Power","floor":39},{"not_picked":["Bone_Shift","Vampiric_Strike+1"],"picked":"Corrupt+1","floor":41},{"not_picked":["Whirlwind_of_Bones+1","Flesh_Made_Foul+1"],"picked":"Necromantic_Selection+1","floor":44},{"not_picked":["Negative_Energy_Sphere+1","Bone_Shift+1"],"picked":"Reap_The_Weak+1","floor":45},{"not_picked":["Blood_for_Blood+1","Spectral_Armor"],"picked":"Bone_Prison","floor":48},{"not_picked":["Detonate_Bones+1","Summon_Death_Knight"],"picked":"Hellfire+1","floor":50}],"player_experience":609029,"relics_obtained":[{"floor":5,"key":"Ancient Tea Set"},{"floor":6,"key":"InkBottle"},{"floor":9,"key":"Molten Egg 2"},{"floor":10,"key":"StrikeDummy"},{"floor":24,"key":"PreservedInsect"},{"floor":24,"key":"CaptainsWheel"},{"floor":26,"key":"Gremlin Horn"},{"floor":41,"key":"Gambling Chip"},{"floor":41,"key":"Art of War"},{"floor":43,"key":"Smiling Mask"},{"floor":44,"key":"Unceasing Top"},{"floor":44,"key":"Blood Vial"}],"event_choices":[],"is_beta":false,"boss_relics":[{"not_picked":["Empty Cage","Snecko Eye"],"picked":"Black Star"},{"not_picked":["Tiny House","Calling Bell"],"picked":"Astrolabe"}],"items_purged_floors":[30],"is_endless":false,"potions_floor_spawned":[7,13,16,22,29,38,39,41,44],"ascension_level":0}}