{"host":"spdo1rkrnctwf3z7","time":1607608825,"event":{"gold_per_floor":[13,13,13,61,74,74,88,88,88,88,104,104,118,130,130,130,130],"floor_reached":16,"playtime":311,"items_purged":[],"score":94,"play_id":"2a9994cc-e74c-471b-9f79-62981604c614","local_time":"20201210230025","is_ascension_mode":false,"campfire_choices":[{"data":"ForeignInfluence","floor":6,"key":"SMITH"},{"floor":10,"key":"REST"},{"floor":15,"key":"REST"}],"neow_cost":"NO_GOLD","seed_source_timestamp":177849109693100,"circlet_count":0,"master_deck":["Strike_P","Strike_P","Strike_P","Strike_P","Defend_P","Defend_P+1","Defend_P","Defend_P","Eruption","Vigilance","Alpha+1","ForeignInfluence+1","Perseverance+1","Prostrate"],"relics":["PureWater","Bronze Scales","Vajra"],"potions_floor_usage":[16],"damage_taken":[{"damage":7,"enemies":"2 Louse","floor":1,"turns":4},{"damage":1,"enemies":"Jaw Worm","floor":5,"turns":3},{"damage":6,"enemies":"Small Slimes","floor":7,"turns":3},{"damage":5,"enemies":"Exordium Thugs","floor":11,"turns":3},{"damage":12,"enemies":"Lots of Slimes","floor":12,"turns":4},{"damage":5,"enemies":"Looter","floor":13,"turns":2},{"damage":0,"enemies":"Exordium Wildlife","floor":14,"turns":2},{"damage":68,"enemies":"Hexaghost","floor":16,"turns":4}],"seed_played":"-6443265071068147085","potions_obtained":[{"floor":1,"key":"LiquidMemories"},{"floor":11,"key":"GamblersBrew"},{"floor":14,"key":"SpeedPotion"}],"is_trial":false,"path_per_floor":["M","$","?","T","M","R","M","?","T","R","M","M","M","M","R","B"],"character_chosen":"WATCHER","items_purchased":[],"campfire_rested":2,"item_purchase_floors":[],"current_hp_per_floor":[65,65,65,65,64,64,58,44,44,65,60,48,43,43,64,0,0],"gold":130,"neow_bonus":"THREE_RARE_CARDS","is_prod":false,"is_daily":false,"chose_seed":false,"campfire_upgraded":1,"win_rate":0.0,"timestamp":1607608825,"path_taken":["M","$","?","?","M","R","M","?","T","R","M","M","M","M","R","BOSS"],"build_version":"2020-11-30","purchased_purges":0,"victory":false,"max_hp_per_floor":[72,72,72,72,72,72,72,72,72,72,72,72,72,72,72,72,72],"card_choices":[{"not_picked":["Brilliance","Vault"],"picked":"Alpha","floor":0},{"not_picked":["Adaptation","ThirdEye"],"picked":"ForeignInfluence","floor":1},{"not_picked":["Meditate","ThirdEye","BowlingBash"],"picked":"SKIP","floor":5},{"not_picked":["Collect","ForeignInfluence"],"picked":"Perseverance","floor":7},{"not_picked":["EmptyMind","MentalFortress"],"picked":"Prostrate","floor":11},{"not_picked":["LikeWater","ClearTheMind","FollowUp"],"picked":"SKIP","floor":12},{"not_picked":["DeceiveReality","EmptyBody","TalkToTheHand"],"picked":"SKIP","floor":13},{"not_picked":["EmptyMind","SandsOfTime","Indignation"],"picked":"SKIP","floor":14}],"player_experience":110243,"relics_obtained":[{"floor":4,"key":"Bronze Scales"},{"floor":9,"key":"Vajra"}],"event_choices":[{"damage_healed":0,"gold_gain":0,"player_choice":"Grow","damage_taken":0,"max_hp_gain":0,"max_hp_loss":0,"event_name":"Living Wall","floor":3,"gold_loss":0,"cards_upgraded":["Alpha"]},{"damage_healed":0,"gold_gain":0,"player_choice":"Entered Light","damage_taken":14,"max_hp_gain":0,"max_hp_loss":0,"event_name":"Shining Light","floor":8,"gold_loss":0,"cards_upgraded":["Defend_P","Perseverance"]}],"is_beta":false,"boss_relics":[],"items_purged_floors":[],"is_endless":false,"potions_floor_spawned":[1,11,14],"killed_by":"Hexaghost","ascension_level":0}}