{"host":"xx5zt3jtdyh8iun7","time":1607595686,"event":{"gold_per_floor":[109,126,146,169,169,204,204,204,255,290,255,270,270,324,324,423,423,438,450,450,470,481,509,62,62,62,90,15,30,60,80,80,177,177,189,189,47,65,65,100,100,110,110,110,143,18,31,45,45,45,45,45,45,79,79],"floor_reached":56,"playtime":5370,"items_purged":["Strike_B","Strike_B","Strike_B"],"score":1326,"play_id":"aaae909a-4f5e-4997-af04-96a8ff591867","local_time":"20201210112126","is_ascension_mode":true,"campfire_choices":[{"data":"Zap","floor":7,"key":"SMITH"},{"data":"Hologram","floor":13,"key":"SMITH"},{"data":"Dualcast","floor":15,"key":"SMITH"},{"floor":25,"key":"RECALL"},{"data":"Echo Form","floor":32,"key":"SMITH"},{"floor":41,"key":"REST"},{"floor":44,"key":"REST"},{"floor":49,"key":"REST"},{"floor":52,"key":"REST"}],"neow_cost":"NONE","seed_source_timestamp":18341605617847,"circlet_count":0,"master_deck":["Defend_B","Defend_B","Defend_B","Defend_B","Zap+1","Dualcast+1","Hologram+1","Coolheaded","Coolheaded","Auto Shields","Hologram","Rebound","FTL","Echo Form+1","Hologram+1","Undo+1","Conserve Battery+1","Streamline","Conserve Battery+1","Streamline+1","Echo Form","FIFO Queue+1","Apotheosis+1","BootSequence+1","Coolheaded+1","Self Repair","Biased Cognition","Capacitor","Capacitor","Defragment","Machine Learning","Glacier+1","BootSequence+1"],"relics":["Cracked Core","NeowsBlessing","Emotion Chip","Blue Candle","Toxic Egg 2","Boot","ReplayTheSpireMod:Shallot","Painkiller Herb","Prayer Wheel","Blue Doll","PreservedInsect","Bottled Tornado","Calipers","Durian","Du-Vu Doll","Fusion Hammer","Replay:Bottled Snecko","Gremlin Horn","Replay:Wax Seal","Happy Flower"],"potions_floor_usage":[6,10,16,27,27,27,54,55],"damage_taken":[{"damage":0,"enemies":"Cultist","floor":1,"turns":1},{"damage":0,"enemies":"Small Slimes","floor":2,"turns":1},{"damage":0,"enemies":"2 Louse","floor":3,"turns":1},{"damage":16,"enemies":"Lagavulin","floor":6,"turns":8},{"damage":18,"enemies":"Gremlin Nob","floor":10,"turns":4},{"damage":1,"enemies":"Blue Slaver","floor":12,"turns":3},{"damage":1,"enemies":"The Guardian","floor":16,"turns":14},{"damage":0,"enemies":"Chosen","floor":18,"turns":6},{"damage":4,"enemies":"Spheric Guardian","floor":19,"turns":4},{"damage":0,"enemies":"Shelled Parasite and Fungi","floor":21,"turns":7},{"damage":14,"enemies":"Chosen and Byrds","floor":22,"turns":6},{"damage":2,"enemies":"Book of Stabbing","floor":23,"turns":10},{"damage":24,"enemies":"Gremlin Leader","floor":27,"turns":5},{"damage":0,"enemies":"Cultist and Chosen","floor":29,"turns":8},{"damage":0,"enemies":"Replay:Snechameleon","floor":30,"turns":5},{"damage":0,"enemies":"Centurion and Healer","floor":31,"turns":7},{"damage":48,"enemies":"Collector","floor":33,"turns":11},{"damage":0,"enemies":"3 Shapes","floor":35,"turns":5},{"damage":0,"enemies":"3 Darklings","floor":38,"turns":6},{"damage":0,"enemies":"R_Hoarder","floor":40,"turns":8},{"damage":36,"enemies":"4 Shapes","floor":42,"turns":6},{"damage":0,"enemies":"Giant Head","floor":45,"turns":6},{"damage":0,"enemies":"Spire Growth","floor":47,"turns":5},{"damage":0,"enemies":"Sphere and 2 Shapes","floor":48,"turns":6},{"damage":1,"enemies":"Donu and Deca","floor":50,"turns":12},{"damage":46,"enemies":"Shield and Spear","floor":54,"turns":7},{"damage":33,"enemies":"The Heart","floor":55,"turns":15}],"seed_played":"-9130449814940022055","potions_obtained":[{"floor":1,"key":"Flashbang"},{"floor":6,"key":"ColorlessPotion"},{"floor":12,"key":"BlessingOfTheForge"},{"floor":19,"key":"AttackPotion"},{"floor":22,"key":"Strength Potion"},{"floor":23,"key":"Adrenaline Potion"},{"floor":27,"key":"Venom Potion"},{"floor":31,"key":"SmokeBomb"},{"floor":33,"key":"AttackPotion"},{"floor":38,"key":"FearPotion"},{"floor":47,"key":"Reflective Coating"}],"is_trial":false,"path_per_floor":["M","M","M","?","?","E","R","T","T","E","?","M","R","T","R","B",null,"?","?","?","?","?","E","T","T","T","E","T","?","E","?","T","B",null,"?","?","T","?","?","E","T","?","T","T","E","T","?","?","T","B",null,"T","T","E","B",null],"character_chosen":"DEFECT","items_purchased":["Apotheosis+1","Bottled Tornado","Capacitor"],"campfire_rested":4,"item_purchase_floors":[24,24,37],"current_hp_per_floor":[75,75,75,57,50,34,34,34,34,16,34,33,33,33,33,32,75,75,71,71,71,57,55,55,55,55,36,36,36,36,56,56,22,80,80,80,80,80,80,80,80,44,44,68,75,75,80,80,80,80,80,80,80,54,31],"gold":79,"neow_bonus":"THREE_ENEMY_KILL","is_prod":false,"is_daily":false,"chose_seed":false,"campfire_upgraded":4,"win_rate":0,"timestamp":1607595686,"path_taken":["M","M","?","?","?","E","R","?","T","E","?","M","R","?","R","BOSS","?","?","?","?","?","E","T","T","T","E","T","?","E","?","T","BOSS","?","?","?","?","?","E","T","?","T","T","E","T","?","?","T","BOSS","T","T","E","BOSS"],"build_version":"2020-11-30","purchased_purges":3,"victory":true,"max_hp_per_floor":[75,75,75,75,75,75,75,75,75,75,75,75,75,75,75,75,75,75,75,75,75,75,75,75,75,75,80,80,80,80,80,80,80,80,80,80,80,80,80,80,80,80,80,80,80,80,80,80,80,80,80,80,80,80,80],"card_choices":[{"not_picked":["Sunder","Tempest"],"picked":"Hologram","floor":1},{"not_picked":["Barrage","Sunder"],"picked":"Coolheaded","floor":2},{"not_picked":["Redo","Panic Button"],"picked":"Coolheaded","floor":3},{"not_picked":["Stack","Ball Lightning"],"picked":"Auto Shields","floor":4},{"not_picked":["Compile Driver","Rip and Tear"],"picked":"Hologram","floor":6},{"not_picked":["Blizzard","Panic Button+1"],"picked":"Rebound","floor":10},{"not_picked":["Hologram+1","Steam Power+1"],"picked":"FTL","floor":12},{"not_picked":["All For One","Machine Learning"],"picked":"ReplayTheSpireMod:Fabricate Wheel+1","floor":16},{"not_picked":["Heatsinks","Blizzard"],"picked":"Hologram+1","floor":18},{"not_picked":["Ball Lightning","Rebound"],"picked":"Undo+1","floor":18},{"not_picked":["Hologram+1","BasicCrystalCard+1"],"picked":"Conserve Battery+1","floor":19},{"not_picked":["Aggregate+1","Reinforced Body+1"],"picked":"Streamline","floor":19},{"not_picked":["Steam+1","Sweeping Beam"],"picked":"Conserve Battery+1","floor":21},{"not_picked":["Turbo+1","Compile Driver+1"],"picked":"Streamline+1","floor":21},{"not_picked":["Undo+1","Glacier+1"],"picked":"Echo Form","floor":22},{"not_picked":["ReplaySort+1","ReplayTheSpireMod:GoodbyeWorld+1"],"picked":"FIFO Queue+1","floor":22},{"not_picked":["Lockon","Redo+1","Ball Lightning"],"picked":"SKIP","floor":23},{"not_picked":["Beam Cell+1","Ball Lightning"],"picked":"BootSequence+1","floor":27},{"not_picked":["Fusion+1","Hello World"],"picked":"Coolheaded+1","floor":29},{"not_picked":["Genetic Algorithm+1","Steam+1","Turbo+1"],"picked":"SKIP","floor":29},{"not_picked":["Compile Driver+1","Conserve Battery+1"],"picked":"Self Repair","floor":30},{"not_picked":["Streamline","Coolheaded+1","Rebound+1"],"picked":"SKIP","floor":31},{"not_picked":["White Noise+1","Beam Cell","Tempest+1"],"picked":"SKIP","floor":31},{"not_picked":["Buffer","Multi-Cast+1"],"picked":"Biased Cognition","floor":33},{"not_picked":["Barrage+1","Doom and Gloom+1","Lockon+1"],"picked":"SKIP","floor":35},{"not_picked":["Beam Cell+1","Streamline+1","Steam+1"],"picked":"SKIP","floor":35},{"not_picked":["Beam Cell","Reprogram+1","Compile Driver"],"picked":"SKIP","floor":38},{"not_picked":["Hello World+1","Stack+1","Turbo+1"],"picked":"SKIP","floor":38},{"not_picked":["Compile Driver+1","Coolheaded+1","Redo+1"],"picked":"SKIP","floor":40},{"not_picked":["FTL+1","Stack+1"],"picked":"Defragment","floor":42},{"not_picked":["FIFO Queue","Conserve Battery+1"],"picked":"Machine Learning","floor":42},{"not_picked":["Cold Snap","Streamline+1","Turbo+1"],"picked":"SKIP","floor":45},{"not_picked":["Redo+1","Skim+1"],"picked":"Glacier+1","floor":47},{"not_picked":["Ball Lightning","Undo+1","Panic Button+1"],"picked":"SKIP","floor":47},{"not_picked":["Hologram+1","Go for the Eyes"],"picked":"BootSequence+1","floor":48},{"not_picked":["BootSequence+1","Leap+1","Streamline+1"],"picked":"SKIP","floor":48},{"not_picked":["Rebound+1","Thunder Strike","Turbo+1"],"picked":"SKIP","floor":54}],"player_experience":542681,"relics_obtained":[{"floor":4,"key":"Emotion Chip"},{"floor":6,"key":"Blue Candle"},{"floor":8,"key":"Toxic Egg 2"},{"floor":9,"key":"Boot"},{"floor":10,"key":"ReplayTheSpireMod:Shallot"},{"floor":23,"key":"PreservedInsect"},{"floor":26,"key":"Calipers"},{"floor":27,"key":"Durian"},{"floor":30,"key":"Du-Vu Doll"},{"floor":40,"key":"Replay:Bottled Snecko"},{"floor":43,"key":"Gremlin Horn"},{"floor":45,"key":"Replay:Wax Seal"},{"floor":54,"key":"Happy Flower"}],"event_choices":[{"cards_removed":["Strike_B"],"damage_healed":0,"gold_gain":0,"player_choice":"Card Removal","damage_taken":7,"max_hp_gain":0,"max_hp_loss":0,"event_name":"Golden Wing","floor":5,"gold_loss":0},{"damage_healed":18,"gold_gain":0,"player_choice":"Healed","damage_taken":0,"max_hp_gain":0,"max_hp_loss":0,"event_name":"The Cleric","floor":11,"gold_loss":35},{"damage_healed":0,"gold_gain":0,"player_choice":"Opened","damage_taken":0,"relics_obtained":["Blue Doll"],"max_hp_gain":0,"max_hp_loss":0,"event_name":"The Mausoleum","floor":20,"gold_loss":0},{"damage_healed":0,"gold_gain":0,"player_choice":"Ignored","damage_taken":0,"max_hp_gain":0,"max_hp_loss":0,"event_name":"SecretPortal","floor":36,"gold_loss":0},{"damage_healed":0,"gold_gain":0,"player_choice":"Ignored","damage_taken":0,"max_hp_gain":0,"max_hp_loss":0,"event_name":"NoteForYourself","floor":39,"gold_loss":0}],"is_beta":false,"boss_relics":[{"not_picked":["Black Star","Philosopher\u0027s Stone"],"picked":"Painkiller Herb"},{"not_picked":["Coffee Dripper","Kintsugi"],"picked":"Fusion Hammer"}],"items_purged_floors":[28,37,46],"is_endless":false,"potions_floor_spawned":[1,6,12,19,22,23,27,31,33,38,47,48],"ascension_level":1}}