{"host":"in1bhfibxveltz2y","time":1607568439,"event":{"gold_per_floor":[112,122,159,159,89,122,132,132,184,184,184,204,204,221,221,323,323,333,333,315,235,312,312,212,240,240,240,259,275,294,308,322,322,322,427,427,440,320,320,320,334,365,365,396,421,436,454,454,454,474,474,474],"floor_reached":53,"playtime":2400,"items_purged":["DoctorFetus","OldLady","Wellcheers","NothingThere"],"score":817,"play_id":"ea81d9ba-511d-4790-9088-344a8d34ad34","local_time":"20201210104719","is_ascension_mode":true,"campfire_choices":[{"data":"Chen:Flit+1","floor":15,"key":"PURGE"}],"neow_cost":"NONE","seed_source_timestamp":294717230247900,"circlet_count":0,"master_deck":["SpecialBullet","SpecialBullet","SpecialBullet","SpecialBullet","SpecialBullet","SpecialBullet","SpecialBullet","SpecialBullet","ExtractionCode","TrainingCode","ControlCode","Twilight+1","TT2Protocol","FeatherOfHonor+1","SummonCall","Dazed","Lamp+1","FeatherOfHonor+1","Hallownest:skillCityofTearsMap+1","InformationCode","Beak+1","ParadiseLost+1","MostiFishMod:SephirahHod","ParadiseLost+1","Finesse","FieryBird","DisciplinaryCode","SolemnVow+1","Noise+1","DespairKnight","Beak+1"],"relics":["CogitoBucket","HushsDoor","ice","REME_ComplimentaryCards","DaveBox","DeadEye","DiscerningMonocle","Question Card","LetterFromLob","MerchantsRug","Toolbox","DemoMod:ClearGuonStone","Hallownest:StagBellRelic1","Eternal Feather","Moonlight_r","SkinProphecy","RedMistMask","ImportantClient","ChiXiaoBlade","Blue Doll","DollysMirror","Replay:Accelerometer","OrangePellets","DemoMod:MonsterBlood","Dota2Spire:Mjollnir","Molten Egg 2","AspirationHeart","Lamp_r","DemoMod:RatBoots","DemoMod:ResourcefulSack","DemoMod:PartiallyEatenCheese","Runic Dome","MostiFishMod:Hod","AtMidnight","ReplayFunnel","Bag of Marbles","EdensBlessing","InkBottle","Sling","Darkstone Periapt","Sundial","Dota2Spire:MaskOfMadness"],"potions_floor_usage":[],"damage_taken":[{"damage":6,"enemies":"Hallownest:2_Baldur","floor":1,"turns":3},{"damage":7,"enemies":"Hallownest:monsterHuskWarrior","floor":2,"turns":4},{"damage":65,"enemies":"Hallownest:eliteMossKnight","floor":6,"turns":11},{"damage":3,"enemies":"Hallownest:2_Tiktiks_and_1_Crawlid","floor":7,"turns":1},{"damage":29,"enemies":"Hallownest:1_Ooma_and_2_Uuma","floor":12,"turns":4},{"damage":4,"enemies":"Hallownest:1_Baldur_1_Crawlid_1_Warrior","floor":14,"turns":2},{"damage":0,"enemies":"Hallownest:BossBrokenVessel","floor":16,"turns":3},{"damage":0,"enemies":"Hallownest:Flukemon_and_Top","floor":18,"turns":3},{"damage":7,"enemies":"Hallownest:Nosk","floor":25,"turns":3},{"damage":0,"enemies":"DemoMod:Veteran_shot_gun_kin_and_bullet_kin","floor":28,"turns":1},{"damage":25,"enemies":"DemoMod:Red_and_blue_shotgun_kin","floor":29,"turns":3},{"damage":3,"enemies":"DemoMod:Veteran_shot_gun_kin_and_red_shotgun_kin_with_gunsinger","floor":30,"turns":1},{"damage":16,"enemies":"DemoMod:Veteran_shot_gun_kin_and_blue_shotgun_kin_with_gunsinger","floor":31,"turns":1},{"damage":0,"enemies":"DemoMod:2_Mousers","floor":32,"turns":1},{"damage":109,"enemies":"DemoMod:ResourcefulRat","floor":35,"turns":6},{"damage":30,"enemies":"3 Darklings","floor":37,"turns":2},{"damage":0,"enemies":"3 Shapes","floor":41,"turns":1},{"damage":0,"enemies":"Giant Head","floor":42,"turns":2},{"damage":11,"enemies":"Reptomancer","floor":44,"turns":1},{"damage":9,"enemies":"3 Darklings","floor":46,"turns":1},{"damage":11,"enemies":"Transient","floor":47,"turns":2},{"damage":0,"enemies":"Sphere and 2 Shapes","floor":50,"turns":1},{"damage":289,"enemies":"Time Eater","floor":52,"turns":5}],"seed_played":"7386174651774766796","potions_obtained":[{"floor":31,"key":"Venom Potion"},{"floor":50,"key":"Elixir"}],"is_trial":false,"path_per_floor":["M","M","$","?","?","E","M","R","T","M","?","M","R","M","R","B",null,"M","?","$","?","?","R","$","E","T","R","M","M","M","M","M","R","B","B",null,"M","$","?","$","M","E","R","E","T","M","M","?","R","M","R","B",null],"character_chosen":"Angela","items_purchased":["MerchantsRug","TheBible","Toolbox","DemoMod:ClearGuonStone","DemoMod:GnawedKey","Twilight","Lamp","Blue Doll","DollysMirror","Replay:Accelerometer","OrangePellets","DemoMod:MonsterBlood","Dota2Spire:Mjollnir","ReplayFunnel","Bag of Marbles","EdensBlessing","InkBottle","Sling","ParadiseLost+1","Finesse"],"campfire_rested":0,"item_purchase_floors":[3,3,3,3,3,3,17,20,20,20,24,24,24,38,38,40,40,40,40,40],"current_hp_per_floor":[64,57,57,57,57,64,61,70,70,26,26,74,79,75,82,78,83,79,79,79,79,64,76,83,72,97,97,93,70,63,43,39,51,53,72,152,140,140,140,140,140,136,151,136,136,123,112,112,130,126,144,84],"gold":474,"neow_bonus":"UPGRADE_CARD","is_prod":false,"is_daily":false,"chose_seed":false,"campfire_upgraded":0,"win_rate":0,"timestamp":1607568439,"path_taken":["M","M","$","?","?","E","M","R","T","M","?","M","R","?","R","BOSS","M","?","$","?","?","R","?","E","T","R","M","M","M","M","M","R","BOSS","BOSS","M","$","?","$","M","E","R","E","T","M","M","?","R","M","R","BOSS"],"build_version":"2020-11-30","purchased_purges":4,"victory":true,"max_hp_per_floor":[70,70,70,70,70,72,75,75,75,75,75,79,79,82,82,86,83,87,87,87,87,87,87,94,97,97,97,100,121,125,129,131,131,136,152,152,156,156,156,156,162,164,164,166,166,168,175,175,175,177,177,260],"card_choices":[{"not_picked":[],"picked":"DoctorFetus","floor":0},{"not_picked":["Bloodbath","SpiderBud"],"picked":"Scorched","floor":1},{"not_picked":["Horn","Penitence"],"picked":"SKIP","floor":1},{"not_picked":["BeautyBeast","GalaxyChild"],"picked":"Wellcheers","floor":2},{"not_picked":["HollowMod:InfectedAttack","Shallow_ocean_purpleEX","PrismaMod:IllyaRapidFire"],"picked":"SKIP","floor":2},{"not_picked":["MostiFishMod:ReprogramOld","REME_Compress","GrandCross"],"picked":"SKIP","floor":2},{"not_picked":["Lantern","CUTE","Galaxy"],"picked":"SKIP","floor":6},{"not_picked":["Ecstasy","WristCuter","Wingbeat"],"picked":"SKIP","floor":6},{"not_picked":["MHz","WallGazer"],"picked":"OldLady","floor":7},{"not_picked":["Tough","TheSmile"],"picked":"FeatherOfHonor","floor":7},{"not_picked":["Loneliness","Lantern","BearPaw"],"picked":"SKIP","floor":12},{"not_picked":["Logging","Penitence","TodaysExpression"],"picked":"SKIP","floor":12},{"not_picked":["CrimsonScar","TheSmile","FourthMatchFlame"],"picked":"SKIP","floor":14},{"not_picked":["LifeForTheDareDevil","Christmas","Harvest"],"picked":"SKIP","floor":14},{"not_picked":["CENSORED_ego","Adoration"],"picked":"SoundOfStar","floor":16},{"not_picked":["Adoration","SwordSharpenedByTears","RapturousDream"],"picked":"SKIP","floor":18},{"not_picked":["OldLady","BeautyBeast","PunishingBird"],"picked":"Singing Bowl","floor":25},{"not_picked":["SwordSharpenedByTears+1","Regret_ego","Moonlight+1","Amita+1"],"picked":"SKIP","floor":25},{"not_picked":["ShedSkin","CUTE","CrimsonScar+1","Soda+1"],"picked":"SKIP","floor":25},{"not_picked":["BodiesMountain","SpiderBud","BeautyBeast"],"picked":"Singing Bowl","floor":28},{"not_picked":["FeatherOfHonor+1","BlueScar","RapturousDream+1"],"picked":"Beak+1","floor":28},{"not_picked":["VoidDream","CherryBlossoms"],"picked":"BigBird","floor":29},{"not_picked":["ScreamingWedge+1","DaCapo","Wingbeat+1","Noise+1"],"picked":"SKIP","floor":29},{"not_picked":["SpiderBud","BlackArmy","Funeral"],"picked":"Singing Bowl","floor":30},{"not_picked":["Reverberation+1","Lantern+1","BlackSwan_ego","CUTE+1"],"picked":"SKIP","floor":30},{"not_picked":["DespairKnight","WhiteNight","OldLady"],"picked":"Singing Bowl","floor":31},{"not_picked":["CherryBlossom","SomewhereSpear+1","RapturousDream","Beak+1"],"picked":"SKIP","floor":31},{"not_picked":["Wellcheers","LittleHelper","QueenBee"],"picked":"Singing Bowl","floor":32},{"not_picked":["BodiesMountain","MHz"],"picked":"NothingThere","floor":32},{"not_picked":["Laetitia_ego+1","FourthMatchFlame+1","Ecstasy","CherryBlossom"],"picked":"SKIP","floor":32},{"not_picked":["Laetitia_ego+1","FourthMatchFlame+1","Ecstasy","CherryBlossom"],"picked":"SKIP","floor":32},{"not_picked":["Rudolta","FieryBird","LittleHelper"],"picked":"Singing Bowl","floor":35},{"not_picked":["GoldRush+1","Pinks","CENSORED_ego"],"picked":"ParadiseLost+1","floor":35},{"not_picked":["Porccubus","PunishingBird","BeautyBeast"],"picked":"Singing Bowl","floor":37},{"not_picked":["SomewhereSpear+1","Horn+1","Wingbeat","ScreamingWedge"],"picked":"SKIP","floor":37},{"not_picked":["Soda","Logging+1","WristCuter+1","SolemnVow+1"],"picked":"SKIP","floor":37},{"not_picked":["GreedKing","Scarecrow","PunishingBird"],"picked":"Singing Bowl","floor":41},{"not_picked":["BigBird","Laetitia"],"picked":"FieryBird","floor":41},{"not_picked":["Regret_ego+1","CherryBlossom","Logging+1","SwordSharpenedByTears+1"],"picked":"SKIP","floor":41},{"not_picked":["RapturousDream","Justitia+1","Pinks","CUTE+1"],"picked":"SKIP","floor":42},{"not_picked":["WristCuter+1","Moonlight+1","RedEyes+1"],"picked":"SolemnVow+1","floor":44},{"not_picked":["CherryBlossoms","Yin","SilentOrchestra"],"picked":"Singing Bowl","floor":44},{"not_picked":["FeatherOfHonor+1","CherryBlossom","Horn+1"],"picked":"Noise+1","floor":44},{"not_picked":["BlueStar","WhitesApple","Laetitia"],"picked":"Singing Bowl","floor":46},{"not_picked":["BearPaw","InTheNameOfLoveAndHate","Noise+1","Harmony+1"],"picked":"SKIP","floor":46},{"not_picked":["LittlePrince","QueenOfHatred"],"picked":"DespairKnight","floor":47},{"not_picked":["Adoration","TodaysExpression","Loneliness+1","Horn+1"],"picked":"SKIP","floor":47},{"not_picked":["GrinderMk4+1","SomewhereSpear+1","CrimsonScar+1","FrostShard"],"picked":"SKIP","floor":47},{"not_picked":["DreamingCurrent","BigBadWolf","GalaxyChild"],"picked":"Singing Bowl","floor":50},{"not_picked":["ShedSkin","FrostShard","Reverberation+1"],"picked":"Beak+1","floor":50}],"player_experience":134448,"relics_obtained":[{"floor":1,"key":"Question Card"},{"floor":1,"key":"PrismaticShard"},{"floor":1,"key":"LetterFromLob"},{"floor":6,"key":"Eternal Feather"},{"floor":14,"key":"RedMistMask"},{"floor":16,"key":"ImportantClient"},{"floor":25,"key":"Molten Egg 2"},{"floor":36,"key":"DemoMod:RatBoots"},{"floor":36,"key":"DemoMod:ResourcefulSack"},{"floor":36,"key":"DemoMod:PartiallyEatenCheese"},{"floor":36,"key":"Runic Dome"},{"floor":36,"key":"MostiFishMod:Hod"},{"floor":37,"key":"AtMidnight"},{"floor":42,"key":"Darkstone Periapt"},{"floor":44,"key":"Sundial"},{"floor":45,"key":"Dota2Spire:MaskOfMadness"}],"event_choices":[{"cards_removed":["BigBird"],"damage_healed":0,"gold_gain":0,"player_choice":"Purged","damage_taken":0,"max_hp_gain":0,"max_hp_loss":0,"event_name":"Purifier","floor":39,"gold_loss":0}],"is_beta":false,"boss_relics":[{"not_picked":["REME_LowDesire","Replay:Grab Bag"],"picked":"ChiXiaoBlade"},{"not_picked":[]},{"not_picked":[]}],"items_purged_floors":[3,20,24,38],"is_endless":false,"potions_floor_spawned":[31,50],"ascension_level":1}}