{"host":"t7mx8yfj1no5p62f","time":1607613063,"event":{"mods":["BaseMod","StSLib","Colored Map","Colored Powertips","Minty Spire (QoL Compilation)","Relic Stats"],"gold_per_floor":[118,19,29,47,63,63,96,96,120,66,66,66,85,101,101,101,101],"floor_reached":16,"playtime":365,"items_purged":["Strike_B"],"score":204,"play_id":"5e56dddb-f9d9-4c7e-902e-5d8ca3dfc686","local_time":"20201210101103","is_ascension_mode":true,"campfire_choices":[{"data":"Sweeping Beam","floor":6.0,"key":"SMITH"},{"floor":11.0,"key":"REST"},{"data":"Pain","floor":15,"key":"PURGE"}],"circlet_count":0,"master_deck":["AscendersBane","Strike_B","Strike_B","Strike_B","Defend_B","Defend_B","Defend_B","Defend_B","Zap","Dualcast","Go for the Eyes","Sweeping Beam+1","Ball Lightning","Compile Driver","BootSequence","Echo Form","Glacier","Glacier"],"special_seed":0,"relics":["Cracked Core","Peace Pipe","PreservedInsect","Bag of Marbles","WarpedTongs"],"acts_visited":["Exordium"],"potions_floor_usage":[],"damage_taken":[{"damage":0.0,"enemies":"Cultist","floor":1.0,"turns":3.0},{"damage":4.0,"enemies":"2 Louse","floor":3.0,"turns":2.0},{"damage":11.0,"enemies":"Small Slimes","floor":4.0,"turns":3.0},{"damage":6.0,"enemies":"Looter","floor":5.0,"turns":3.0},{"damage":18.0,"enemies":"3 Sentries","floor":7.0,"turns":6.0},{"damage":7.0,"enemies":"Exordium Thugs","floor":13.0,"turns":3.0},{"damage":1,"enemies":"Blue Slaver","floor":14,"turns":4},{"damage":20,"enemies":"Hexaghost","floor":16,"turns":8}],"seed_played":"6747683515056902216","potions_obtained":[{"floor":3.0,"key":"DuplicationPotion"},{"floor":4.0,"key":"Block Potion"},{"floor":7.0,"key":"SteroidPotion"}],"is_trial":false,"path_per_floor":["M","$","M","M","M","R","E","?","T","?","R","?","M","M","R","B"],"character_chosen":"DEFECT","items_purchased":["Sweeping Beam"],"campfire_rested":1,"item_purchase_floors":[2],"current_hp_per_floor":[46,46,42,31,25,25,7,7,7,7,28,28,21,20,20,0,0],"gold":101,"neow_bonus":"ONE_RARE_RELIC","is_daily":false,"chose_seed":false,"campfire_upgraded":1,"win_rate":0,"timestamp":1607613063,"path_taken":["M","$","M","?","M","R","E","?","T","?","R","?","M","M","R","BOSS"],"build_version":"2020-11-30","purchased_purges":1,"victory":false,"max_hp_per_floor":[71,71,71,71,71,71,71,71,71,71,71,71,71,71,71,71,71],"relic_stats":{"Peace Pipe":1,"counters":[8,32],"PreservedInsect":0,"obtain_stats":[{"Peace Pipe":0,"PreservedInsect":7,"Bag of Marbles":9,"Cracked Core":0,"WarpedTongs":12},{"Peace Pipe":0,"PreservedInsect":5,"Bag of Marbles":5,"Cracked Core":0,"WarpedTongs":5},{"Peace Pipe":0,"PreservedInsect":17,"Bag of Marbles":17,"Cracked Core":0,"WarpedTongs":17}],"WarpedTongs":[14]},"card_choices":[{"not_picked":["Undo","Tempest"],"picked":"Go for the Eyes","floor":1.0},{"not_picked":["Beam Cell","Force Field"],"picked":"Ball Lightning","floor":3.0},{"not_picked":["Coolheaded","Redo"],"picked":"Compile Driver","floor":4.0},{"not_picked":["Gash","Compile Driver"],"picked":"BootSequence","floor":5.0},{"not_picked":["Conserve Battery","Blizzard"],"picked":"Echo Form","floor":7.0},{"not_picked":["Coolheaded","Doom and Gloom"],"picked":"Glacier","floor":13},{"not_picked":["Reinforced Body","Gash"],"picked":"Glacier","floor":14}],"player_experience":1528613,"relics_obtained":[{"floor":7.0,"key":"PreservedInsect"},{"floor":9.0,"key":"Bag of Marbles"}],"event_choices":[{"damage_healed":0.0,"max_hp_gain":0.0,"max_hp_loss":0.0,"gold_gain":0.0,"event_name":"Liars Game","player_choice":"Ignored","floor":8.0,"gold_loss":0.0,"damage_taken":0.0},{"damage_healed":0.0,"max_hp_gain":0.0,"max_hp_loss":0.0,"gold_gain":0.0,"event_name":"World of Goop","player_choice":"Left Gold","floor":10.0,"gold_loss":54.0,"damage_taken":0.0},{"damage_healed":0.0,"max_hp_gain":0.0,"max_hp_loss":0.0,"gold_gain":0.0,"event_name":"Accursed Blacksmith","player_choice":"Rummage","floor":12.0,"gold_loss":0.0,"damage_taken":0.0,"relics_obtained":["WarpedTongs"],"cards_obtained":["Pain"]}],"is_beta":false,"boss_relics":[],"items_purged_floors":[2],"is_endless":false,"potions_floor_spawned":[3,4,7],"killed_by":"Hexaghost","ascension_level":20}}