{"host":"omov159tyjzan9wn","time":1607614534,"event":{"mods":["BaseMod","StSLib","AchievementEnabler","Better Note","BetterRewards","Colored Powertips","Friendly Minions","Googly Eyes","Hermit","Highlight Path","KinomotoSakuraMod(????)","Kiyohime????","Koishi","Mad Scientist","Marisa????????","Minty Spire (QoL Compilation)","Prisma Mod","Quick Restart","Remilia??????","Replay The Spire","Shop Mod","The Administrix","The Animator","The Bug Knight","The Cursed","The Hierophant","The Mystic","The Servant 0.9.4","Yohane!","everything is the same but u backflip on backflip","Aspiration","Hubris","Lobotomy","2.2 Compatiblity","Downfall"],"gold_per_floor":[99,110,210,210,228,228,252,270,281,281,281,45,64,80,91,190,190,190,40,58,85,85,85,133,133,133,133],"floor_reached":26,"playtime":1470,"items_purged":["Regret"],"score":216,"play_id":"bbfd9d04-688b-46c6-a01c-59115b860a4d","local_time":"20201210153534","is_ascension_mode":false,"campfire_choices":[{"data":"Slimebound:Split","floor":1,"key":"SMITH"},{"data":"Slimebound:SplitLeeching","floor":4,"key":"SMITH"},{"data":"Slimebound:GoopSpray","floor":6,"key":"SMITH"},{"data":"Slimebound:SamplingLick","floor":10,"key":"SMITH"},{"data":"Slimebound:SelfFormingGoo","floor":18,"key":"SMITH"},{"data":"Burst","floor":23,"key":"SMITH"},{"data":"Slimebound:SlimeBrawl","floor":25,"key":"SMITH"}],"circlet_count":0,"master_deck":["Slimebound:Strike_Slimebound","Slimebound:Strike_Slimebound","Slimebound:Strike_Slimebound","Slimebound:Tackle","Slimebound:Defend_Slimebound","Slimebound:Defend_Slimebound","Slimebound:Defend_Slimebound","Slimebound:Defend_Slimebound","Slimebound:Split+1","Slimebound:CorrosiveSpit","Slimebound:SplitLeeching+1","Slimebound:GoopSpray+1","Slimebound:LevelUp","Slimebound:SamplingLick+1","Slimebound:SamplingLick","Slimebound:SamplingLick","Slimebound:PressTheAttack+1","Madness","Slimebound:Equalize","Slimebound:HauntingLick","Slimebound:ProtectTheBoss","Slimebound:SelfFormingGoo+1","Slimebound:SlimeBrawl+1","Slimebound:Schlurp","Burst+1"],"relics":["Slimebound:AbsorbEndCombat","Blue Doll","hubris:SlimyHat","AntiCross","Black Star","Oddly Smooth Stone","Nunchaku","ReplayTheSpireMod:Lightbulb"],"acts_visited":["Exordium","TheCity"],"potions_floor_usage":[21,26,26,26],"damage_taken":[{"damage":9,"enemies":"2 Louse","floor":2,"turns":3},{"damage":18,"enemies":"Jaw Worm","floor":5,"turns":2},{"damage":12,"enemies":"Cultist","floor":8,"turns":3},{"damage":13,"enemies":"Red Slaver","floor":9,"turns":3},{"damage":26,"enemies":"downfall:FleeingMerchant","floor":12,"turns":4},{"damage":12,"enemies":"Large Slime","floor":13,"turns":3},{"damage":4,"enemies":"Blue Slaver","floor":14,"turns":2},{"damage":24,"enemies":"Red Slaver","floor":15,"turns":3},{"damage":53,"enemies":"downfall:CharBossIronclad","floor":16,"turns":8},{"damage":10,"enemies":"Chosen","floor":20,"turns":3},{"damage":68,"enemies":"Slavers","floor":21,"turns":5},{"damage":62,"enemies":"Book of Stabbing","floor":26,"turns":5}],"seed_played":"485411301257704496","potions_obtained":[{"floor":5,"key":"Block Potion"},{"floor":9,"key":"LiquidBronze"},{"floor":15,"key":"Languid Potion"},{"floor":16,"key":"Swift Potion"},{"floor":21,"key":"Venom Potion"}],"is_trial":false,"path_per_floor":["R","M","?","R","M","R","T","M","M","R","?","$","M","M","M","B",null,"R","?","M","E","?","R","T","R","E"],"character_chosen":"SLIMEBOUND","items_purchased":["Slimebound:SamplingLick","Slimebound:PressTheAttack+1","Madness"],"campfire_rested":0,"item_purchase_floors":[12,12,12],"current_hp_per_floor":[60,60,60,60,58,58,58,60,60,60,60,50,58,56,56,27,60,60,70,70,38,38,38,38,38,0,0],"gold":133,"neow_bonus":"RANDOM_COMMON_RELIC","is_daily":false,"chose_seed":false,"campfire_upgraded":7,"win_rate":0.0,"timestamp":1607614534,"path_taken":["R","M","?","R","M","R","T","M","M","R","?","?","?","M","M","BOSS","R","?","?","E","?","R","T","R","E"],"build_version":"2020-11-30","purchased_purges":1,"victory":false,"max_hp_per_floor":[60,60,60,60,60,60,60,60,60,60,60,60,60,60,60,60,60,60,70,70,70,70,70,70,70,70,70],"card_choices":[{"not_picked":["Slimebound:ViciousTackle","Slimebound:Equalize"],"picked":"Slimebound:SplitLeeching","floor":2},{"not_picked":["Slimebound:RollThrough","Slimebound:SplitLeeching"],"picked":"Slimebound:GoopSpray","floor":5},{"not_picked":["Slimebound:ItLooksTasty","Slimebound:SplitBruiser"],"picked":"Slimebound:LevelUp","floor":8},{"not_picked":["Slimebound:SplitLeeching","Slimebound:Schlurp"],"picked":"Slimebound:SamplingLick","floor":9},{"not_picked":["Slimebound:SplitBruiser","Slimebound:PressTheAttack"],"picked":"Slimebound:Equalize","floor":13},{"not_picked":["Slimebound:ComboTackle","Slimebound:RollThrough"],"picked":"Slimebound:HauntingLick","floor":14},{"not_picked":["Slimebound:LeadByExample","Slimebound:GoopSpray"],"picked":"Slimebound:ProtectTheBoss","floor":15},{"not_picked":["Slimebound:Teamwork","Slimebound:DuplicatedForm"],"picked":"Slimebound:SelfFormingGoo","floor":16},{"not_picked":["Slimebound:SplitLeeching","Slimebound:SlimeSpikes"],"picked":"Slimebound:SlimeBrawl","floor":20},{"not_picked":["Slimebound:LeechEnergy","Slimebound:GoopSpray"],"picked":"Slimebound:Schlurp","floor":21}],"player_experience":53277,"relics_obtained":[{"floor":7,"key":"hubris:SlimyHat"},{"floor":21,"key":"Oddly Smooth Stone"},{"floor":21,"key":"Nunchaku"},{"floor":24,"key":"ReplayTheSpireMod:Lightbulb"}],"event_choices":[{"damage_healed":0,"gold_gain":0,"player_choice":"Box","damage_taken":0,"relics_obtained":["AntiCross"],"max_hp_gain":0,"max_hp_loss":0,"event_name":"Big Fish","floor":11,"gold_loss":0,"cards_obtained":["Regret"]},{"cards_removed":["Slimebound:SamplingLick"],"damage_healed":0,"gold_gain":0,"player_choice":"Take \u0026 Give","damage_taken":0,"max_hp_gain":0,"max_hp_loss":0,"event_name":"betterNote:BetterNote","floor":22,"gold_loss":0,"cards_obtained":["Burst"]}],"is_beta":false,"boss_relics":[{"not_picked":["Honey Jar","Ring of Chaos"],"picked":"Black Star"}],"items_purged_floors":[12],"is_endless":false,"potions_floor_spawned":[5,9,15,16,21],"killed_by":"Book of Stabbing","ascension_level":0}}