{"host":"ueef25wtkg2eer3h","time":1607591098,"event":{"gold_per_floor":[111,61,73,89,89,89,101,134,134,166,166,182,247,258,258,354,354,369,13,27,27,27,27],"floor_reached":22,"playtime":1067,"items_purged":[],"score":274,"play_id":"57382507-e360-4bde-ad62-b83713ddd34f","local_time":"20201210100458","is_ascension_mode":true,"campfire_choices":[{"data":"Glacier","floor":6,"key":"SMITH"},{"floor":11,"key":"REST"},{"floor":15,"key":"REST"}],"neow_cost":"NONE","seed_source_timestamp":38540723774300,"circlet_count":0,"master_deck":["Strike_B","Strike_B","Strike_B","Strike_B","Defend_B","Defend_B","Defend_B","Zap","Dualcast","Glacier+1","Sweeping Beam","Beam Cell","Decay","Beam Cell","White Noise","Ball Lightning","Sunder","Gash","Conserve Battery","Seek","Double Energy","Gash","Ball Lightning","Writhe"],"relics":["FrozenCore","NeowsBlessing","Unceasing Top","Eternal Feather","Question Card","Ancient Tea Set","Vajra","Runic Capacitor","Molten Egg 2"],"potions_floor_usage":[10,10,16,16,16,22],"damage_taken":[{"damage":0,"enemies":"Cultist","floor":1,"turns":1},{"damage":0,"enemies":"Small Slimes","floor":3,"turns":1},{"damage":0,"enemies":"Jaw Worm","floor":4,"turns":1},{"damage":1,"enemies":"Blue Slaver","floor":7,"turns":4},{"damage":27,"enemies":"Lagavulin","floor":8,"turns":8},{"damage":14,"enemies":"3 Sentries","floor":10,"turns":11},{"damage":6,"enemies":"Looter","floor":12,"turns":3},{"damage":39,"enemies":"Lagavulin Event","floor":13,"turns":6},{"damage":0,"enemies":"2 Fungi Beasts","floor":14,"turns":2},{"damage":32,"enemies":"Slime Boss","floor":16,"turns":10},{"damage":6,"enemies":"3 Byrds","floor":18,"turns":5},{"damage":21,"enemies":"2 Thieves","floor":20,"turns":4},{"damage":35,"enemies":"Cultist and Chosen","floor":22,"turns":6}],"seed_played":"-1530207661332745148","potions_obtained":[{"floor":4,"key":"Energy Potion"},{"floor":8,"key":"LiquidMemories"},{"floor":10,"key":"FocusPotion"},{"floor":13,"key":"FearPotion"},{"floor":14,"key":"Strength Potion"},{"floor":20,"key":"SkillPotion"}],"is_trial":false,"path_per_floor":["M","?","M","M","?","R","M","E","T","E","R","M","?","M","R","B",null,"M","$","M","?","M"],"character_chosen":"DEFECT","items_purchased":["Vajra","Runic Capacitor","Gash"],"campfire_rested":2,"item_purchase_floors":[19,19,19],"current_hp_per_floor":[68,68,68,68,68,68,67,40,40,26,57,51,12,12,43,11,59,53,53,32,32,0,0],"gold":27,"neow_bonus":"THREE_ENEMY_KILL","is_prod":false,"is_daily":false,"chose_seed":false,"campfire_upgraded":1,"win_rate":0,"timestamp":1607591098,"path_taken":["M","?","M","M","?","R","M","E","T","E","R","?","?","M","R","BOSS","M","$","M","?","M"],"build_version":"2020-11-30","purchased_purges":0,"victory":false,"max_hp_per_floor":[75,75,75,75,75,75,75,75,75,75,75,75,75,75,75,75,75,75,75,75,75,75,75],"card_choices":[{"not_picked":["Steam","Hologram"],"picked":"Glacier","floor":1},{"not_picked":["Chaos","Capacitor"],"picked":"Sweeping Beam","floor":3},{"not_picked":["Compile Driver","Leap"],"picked":"Beam Cell","floor":4},{"not_picked":["Stack","Melter"],"picked":"Beam Cell","floor":7},{"not_picked":["Steam","Amplify"],"picked":"White Noise","floor":8},{"not_picked":["Darkness","Rebound"],"picked":"Ball Lightning","floor":10},{"not_picked":["White Noise","Rebound","Sweeping Beam"],"picked":"Sunder","floor":12},{"not_picked":["Compile Driver","Hologram","Scrape"],"picked":"Gash","floor":13},{"not_picked":["Blizzard","Storm","Compile Driver"],"picked":"Conserve Battery","floor":14},{"not_picked":["Reboot","Machine Learning","All For One"],"picked":"Seek","floor":16},{"not_picked":["Streamline","Conserve Battery","Blizzard"],"picked":"Double Energy","floor":18},{"not_picked":["Beam Cell","Hello World","Stack"],"picked":"Ball Lightning","floor":20}],"player_experience":221975,"relics_obtained":[{"floor":8,"key":"Unceasing Top"},{"floor":9,"key":"Eternal Feather"},{"floor":10,"key":"Question Card"},{"floor":13,"key":"Ancient Tea Set"}],"event_choices":[{"cards_removed":["Defend_B"],"damage_healed":0,"gold_gain":0,"player_choice":"Card Removal","damage_taken":0,"max_hp_gain":0,"max_hp_loss":0,"event_name":"The Cleric","floor":2,"gold_loss":50},{"damage_healed":0,"gold_gain":0,"player_choice":"Cursed","damage_taken":0,"max_hp_gain":0,"max_hp_loss":0,"event_name":"Wheel of Change","floor":5,"gold_loss":0,"cards_obtained":["Decay"]},{"damage_healed":0,"gold_gain":0,"player_choice":"Searched \u00272\u0027 times","damage_taken":0,"max_hp_gain":0,"max_hp_loss":0,"event_name":"Dead Adventurer","floor":13,"gold_loss":0},{"damage_healed":0,"gold_gain":0,"player_choice":"Opened","damage_taken":0,"relics_obtained":["Molten Egg 2"],"max_hp_gain":0,"max_hp_loss":0,"event_name":"The Mausoleum","floor":21,"gold_loss":0,"cards_obtained":["Writhe"]}],"is_beta":false,"boss_relics":[{"not_picked":["Snecko Eye","Inserter"],"picked":"FrozenCore"}],"items_purged_floors":[],"is_endless":false,"potions_floor_spawned":[4,8,10,13,14,20],"killed_by":"Cultist and Chosen","ascension_level":8}}