{"host":"90bfy57pkiuyfps3","time":1607635018,"event":{"mods":["BaseMod","StSLib","Downfall","Googly Eyes","Hubris","Infinite Spire","Minty Spire (QoL Compilation)"],"gold_per_floor":[111,111,111,127,137,164,174,206,206,235,255,274,288,114,114,213,213,228,228,247,247,260,292,309,339,339,339,339,339,367,385,385,486,486,497,508,528,528,540,559,579,608,608,568,21,41,61,74,74,74],"floor_reached":51,"playtime":9161,"items_purged":["hubris:Lust"],"score":817,"play_id":"93223111-242b-4406-8a66-2fc16b193ed0","local_time":"20201210141658","is_ascension_mode":false,"campfire_choices":[{"floor":15.0,"key":"REST"},{"data":"Bite","floor":29.0,"key":"SMITH"},{"data":"Envenom","floor":32.0,"key":"SMITH"},{"data":"Infinite Blades","floor":49.0,"key":"SMITH"}],"circlet_count":0,"master_deck":["Defend_G","Defend_G","Defend_G+1","Defend_G","Survivor","Neutralize","Leg Sweep","hubris:SlightOfHand","Footwork","Infinite Blades+1","Sucker Punch","Deflect","Bouncing Flask","Blade Dance","Envenom","Envenom+1","Outmaneuver","Deflect+1","Malaise","Endless Agony","Doubt","Bite+1","Bite","Bite","Bite","Bite","Backstab","Adrenaline","Die Die Die","Tools of the Trade","hubris:Despair","hubris:EnhanceAbility","Choke"],"special_seed":0,"relics":["Cursed Key","hubris:Zylophone","hubris:AncientText","hubris:Metronome","Potion Belt","hubris:ScarierMask","hubris:Towel","Anchor","Regal Pillow","hubris:PeanutButter","Nunchaku","Black Star","Ice Cream","Blood Vial","Pear","Lee\u0027s Waffle","Happy Flower"],"acts_visited":[],"potions_floor_usage":[],"damage_taken":[{"damage":0.0,"enemies":"Cultist","floor":1.0,"turns":4.0},{"damage":0.0,"enemies":"2 Louse","floor":4.0,"turns":3.0},{"damage":0.0,"enemies":"Jaw Worm","floor":5.0,"turns":4.0},{"damage":0.0,"enemies":"3 Sentries","floor":6.0,"turns":9.0},{"damage":0.0,"enemies":"Exordium Wildlife","floor":7.0,"turns":5.0},{"damage":6.0,"enemies":"Gremlin Nob","floor":8.0,"turns":6.0},{"damage":9.0,"enemies":"3 Sentries","floor":10.0,"turns":6.0},{"damage":12.0,"enemies":"2 Fungi Beasts","floor":11.0,"turns":4.0},{"damage":0.0,"enemies":"Looter","floor":12.0,"turns":3.0},{"damage":4.0,"enemies":"Exordium Thugs","floor":13.0,"turns":5.0},{"damage":13.0,"enemies":"Slime Boss","floor":16.0,"turns":8.0},{"damage":7.0,"enemies":"3 Byrds","floor":18.0,"turns":5.0},{"damage":5.0,"enemies":"Shell Parasite","floor":20.0,"turns":4.0},{"damage":8.0,"enemies":"Shelled Parasite and Fungi","floor":22.0,"turns":3.0},{"damage":12.0,"enemies":"Book of Stabbing","floor":23.0,"turns":5.0},{"damage":0.0,"enemies":"Snecko","floor":24.0,"turns":4.0},{"damage":0.0,"enemies":"Slavers","floor":25.0,"turns":3.0},{"damage":0.0,"enemies":"Gremlin Leader","floor":30.0,"turns":5.0},{"damage":0.0,"enemies":"Snake Plant","floor":31.0,"turns":4.0},{"damage":19.0,"enemies":"Collector","floor":33.0,"turns":7.0},{"damage":2.0,"enemies":"3 Darklings","floor":35.0,"turns":4.0},{"damage":0.0,"enemies":"Orb Walker","floor":36.0,"turns":3.0},{"damage":11.0,"enemies":"Maw","floor":37.0,"turns":6.0},{"damage":4.0,"enemies":"Spire Growth","floor":39.0,"turns":4.0},{"damage":0.0,"enemies":"Writhing Mass","floor":40.0,"turns":1.0},{"damage":0.0,"enemies":"Jaw Worm Horde","floor":41.0,"turns":3.0},{"damage":24.0,"enemies":"Reptomancer","floor":42.0,"turns":6.0},{"damage":19.0,"enemies":"Spire Growth","floor":46.0,"turns":4.0},{"damage":12.0,"enemies":"Writhing Mass","floor":47.0,"turns":7.0},{"damage":0.0,"enemies":"3 Darklings","floor":48.0,"turns":5.0},{"damage":32.0,"enemies":"hubris:GrandSnecko","floor":50.0,"turns":13.0}],"seed_played":"-7894635153226123447","potions_obtained":[{"floor":1.0,"key":"ColorlessPotion"},{"floor":4.0,"key":"Fruit Juice"},{"floor":5.0,"key":"Fire Potion"},{"floor":10.0,"key":"Explosive Potion"},{"floor":16.0,"key":"Strength Potion"},{"floor":18.0,"key":"Fire Potion"},{"floor":21.0,"key":"EntropicBrew"},{"floor":21.0,"key":"EntropicBrew"},{"floor":22.0,"key":"Fire Potion"},{"floor":24.0,"key":"SmokeBomb"},{"floor":30.0,"key":"LiquidBronze"},{"floor":35.0,"key":"LiquidMemories"},{"floor":41.0,"key":"sneckomod:MuddlingPotion"},{"floor":42.0,"key":"EntropicBrew"},{"floor":44.0,"key":"Fruit Juice"},{"floor":44.0,"key":"Swift Potion"},{"floor":44.0,"key":"Explosive Potion"},{"floor":47.0,"key":"sneckomod:MuddlingPotion"}],"is_trial":false,"path_per_floor":["M","?","?","M","M","E","M","E","T","E","M","M","M","$","R","B",null,"M","?","M","?","M","E","M","E","T","?","?","R","E","M","R","B",null,"M","M","M","?","M","M","M","E","T","?","$","M","M","M","R","B",null],"character_chosen":"THE_SILENT","items_purchased":["Energy Potion","FearPotion","Lee\u0027s Waffle","Happy Flower","PowerPotion","hubris:EnhanceAbility"],"campfire_rested":1,"item_purchase_floors":[14,14,45,45,45,45],"current_hp_per_floor":[70,56,56,61,61,61,61,55,55,46,34,34,30,30,52,39,75,68,68,63,63,55,43,43,43,43,43,46,46,55,55,55,36,55,55,55,48,48,52,52,55,35,45,50,77,65,68,77,77,69],"gold":74,"neow_bonus":"BOSS_RELIC","is_daily":false,"chose_seed":false,"campfire_upgraded":3,"win_rate":0,"timestamp":1607635018,"path_taken":["M","?","?","M","M","E","M","E","T","E","M","M","M","?","R","BOSS","M","?","M","?","M","E","?","E","T","?","?","R","E","M","R","BOSS","M","M","M","?","?","?","M","E","T","?","$","M","?","M","R","BOSS"],"build_version":"2020-11-30","purchased_purges":1,"victory":true,"max_hp_per_floor":[70,70,70,75,75,75,75,75,75,75,75,75,75,75,75,75,75,75,75,75,75,75,75,75,75,75,52,55,55,55,55,55,55,55,55,55,55,55,55,55,55,55,65,70,77,77,77,77,77,77],"card_choices":[{"not_picked":["Poisoned Stab","Underhanded Strike"],"picked":"Leg Sweep","floor":1.0},{"not_picked":["Dodge and Roll","Reflex"],"picked":"Footwork","floor":4.0},{"not_picked":["Dodge and Roll","Cloak And Dagger"],"picked":"Infinite Blades","floor":5.0},{"not_picked":["Backflip","Deflect"],"picked":"Sucker Punch","floor":6.0},{"not_picked":["Distraction","Dagger Spray"],"picked":"Deflect","floor":7.0},{"not_picked":["Distraction","All Out Attack"],"picked":"Bouncing Flask","floor":8.0},{"not_picked":["Quick Slash","hubris:SlightOfHand"],"picked":"Blade Dance","floor":10.0},{"not_picked":["Dodge and Roll","Well Laid Plans"],"picked":"Envenom","floor":11.0},{"not_picked":["Underhanded Strike","Dagger Throw","Blade Dance"],"picked":"SKIP","floor":12.0},{"not_picked":["Dagger Throw","Deflect","Quick Slash"],"picked":"SKIP","floor":13.0},{"not_picked":["Glass Knife","Storm of Steel"],"picked":"Envenom","floor":16.0},{"not_picked":["PiercingWail+1","Deadly Poison","Acrobatics"],"picked":"SKIP","floor":18.0},{"not_picked":["Heel Hook","Sucker Punch+1"],"picked":"Outmaneuver","floor":20.0},{"not_picked":["Underhanded Strike","Bullet Time"],"picked":"Deflect+1","floor":22.0},{"not_picked":["Calculated Gamble+1","Outmaneuver"],"picked":"Malaise","floor":23.0},{"not_picked":["Calculated Gamble+1","Blade Dance","Flying Knee"],"picked":"SKIP","floor":24.0},{"not_picked":["Reflex","Cloak And Dagger"],"picked":"Endless Agony","floor":25.0},{"not_picked":["Underhanded Strike","Acrobatics"],"picked":"Backstab","floor":30.0},{"not_picked":["Footwork","Prepared","Bane"],"picked":"SKIP","floor":31.0},{"not_picked":["Malaise","Doppelganger"],"picked":"Adrenaline","floor":33.0},{"not_picked":["hubris:TrickCloak+1","Sucker Punch+1","Unload"],"picked":"SKIP","floor":35.0},{"not_picked":["Calculated Gamble","Footwork","Deadly Poison"],"picked":"SKIP","floor":36.0},{"not_picked":["Bane","Heel Hook+1","Bouncing Flask+1"],"picked":"SKIP","floor":37.0},{"not_picked":["Underhanded Strike","Deflect"],"picked":"Tools of the Trade","floor":39.0},{"not_picked":["Sucker Punch","Masterful Stab","Poisoned Stab+1"],"picked":"SKIP","floor":40.0},{"not_picked":["hubris:Counter","Quick Slash","Tactician+1"],"picked":"SKIP","floor":41.0},{"not_picked":["Dodge and Roll+1","hubris:SlightOfHand","Poisoned Stab"],"picked":"SKIP","floor":42.0},{"not_picked":["Infinite Blades","Blade Dance","Cloak And Dagger"],"picked":"SKIP","floor":46.0},{"not_picked":["hubris:SlightOfHand+1","Blur","hubris:Sniper"],"picked":"SKIP","floor":47.0},{"not_picked":["Deadly Poison","Blade Dance"],"picked":"Choke","floor":48.0}],"player_experience":421825,"relics_obtained":[{"floor":6.0,"key":"hubris:Zylophone"},{"floor":8.0,"key":"hubris:AncientText"},{"floor":9.0,"key":"hubris:Metronome"},{"floor":10.0,"key":"Potion Belt"},{"floor":23.0,"key":"Anchor"},{"floor":25.0,"key":"Regal Pillow"},{"floor":26.0,"key":"hubris:PeanutButter"},{"floor":30.0,"key":"Nunchaku"},{"floor":42.0,"key":"Ice Cream"},{"floor":42.0,"key":"Blood Vial"},{"floor":43.0,"key":"Pear"}],"event_choices":[{"damage_healed":0.0,"max_hp_gain":0.0,"max_hp_loss":0.0,"gold_gain":0.0,"event_name":"Shining Light","player_choice":"Entered Light","floor":2.0,"gold_loss":0.0,"damage_taken":14.0,"cards_upgraded":["Defend_G","Strike_G"]},{"damage_healed":0.0,"max_hp_gain":0.0,"max_hp_loss":0.0,"gold_gain":0.0,"cards_transformed":["Defend_G"],"event_name":"Living Wall","player_choice":"Change","floor":3.0,"gold_loss":0.0,"damage_taken":0.0,"cards_obtained":["hubris:SlightOfHand"]},{"damage_healed":0.0,"max_hp_gain":0.0,"max_hp_loss":0.0,"gold_gain":0.0,"event_name":"Lab","player_choice":"Got Potions","floor":21.0,"gold_loss":0.0,"damage_taken":0.0},{"damage_healed":0.0,"max_hp_gain":0.0,"max_hp_loss":23.0,"gold_gain":0.0,"event_name":"Vampires","player_choice":"Became a vampire","floor":27.0,"gold_loss":0.0,"damage_taken":0.0,"cards_obtained":["Bite","Bite","Bite","Bite","Bite"]},{"damage_healed":0.0,"max_hp_gain":0.0,"max_hp_loss":0.0,"gold_gain":0.0,"event_name":"Match and Keep!","player_choice":"1 cards matched","floor":38.0,"gold_loss":0.0,"damage_taken":0.0,"cards_obtained":["Die Die Die"]},{"damage_healed":0.0,"max_hp_gain":0.0,"max_hp_loss":0.0,"gold_gain":0.0,"event_name":"The Woman in Blue","player_choice":"Bought 3 Potions","floor":44.0,"gold_loss":0.0,"damage_taken":0.0}],"is_beta":false,"boss_relics":[{"not_picked":["SlaversCollar","hubris:HollowSoul"],"picked":"hubris:ScarierMask"},{"not_picked":["Pandora\u0027s Box","Runic Pyramid"],"picked":"Black Star"}],"items_purged_floors":[14],"is_endless":false,"potions_floor_spawned":[1,4,5,10,16,18,22,24,30,35,41,42,47],"ascension_level":0}}