{"host":"6ko66ogg91i6g7xq","time":1607579062,"event":{"gold_per_floor":[118,293,293,6,26,61,61,132,205,205,233,233,261,271,271,373,373,388,388,408,422,337,337,337],"floor_reached":23,"playtime":1152,"items_purged":[],"score":283,"play_id":"67852407-adfb-4ed2-b968-5d07ff31f6db","local_time":"20201210004422","is_ascension_mode":true,"campfire_choices":[{"floor":10,"key":"RECALL"},{"floor":12,"key":"REST"},{"data":"Unload","floor":15,"key":"SMITH"}],"neow_cost":"NONE","seed_source_timestamp":207535309289600,"circlet_count":0,"master_deck":["Strike_G","Strike_G","Strike_G","Defend_G","Defend_G","Defend_G","Defend_G","Defend_G","Survivor","Neutralize","Blade Dance","Cloak And Dagger","Unload+1","Backflip","Envenom+1","Finisher","Blade Dance","Dagger Spray+1"],"relics":["Ring of the Snake","NeowsBlessing","Torii","TungstenRod","Frozen Egg 2","Pantograph","Paper Crane","Bag of Preparation","Potion Belt","Empty Cage","NlothsMask","The Specimen"],"potions_floor_usage":[13,18,21,23],"damage_taken":[{"damage":0,"enemies":"Jaw Worm","floor":1,"turns":1},{"damage":0,"enemies":"Cultist","floor":5,"turns":1},{"damage":0,"enemies":"3 Sentries","floor":6,"turns":1},{"damage":23,"enemies":"Lagavulin","floor":11,"turns":7},{"damage":0,"enemies":"3 Sentries","floor":13,"turns":11},{"damage":0,"enemies":"Small Slimes","floor":14,"turns":2},{"damage":25,"enemies":"The Guardian","floor":16,"turns":15},{"damage":10,"enemies":"2 Thieves","floor":18,"turns":3},{"damage":5,"enemies":"Shell Parasite","floor":20,"turns":6},{"damage":13,"enemies":"Centurion and Healer","floor":21,"turns":5},{"damage":46,"enemies":"Slavers","floor":23,"turns":3}],"seed_played":"-5275335459500641424","potions_obtained":[{"floor":5,"key":"GamblersBrew"},{"floor":6,"key":"Guardian:BlockOnCardUsePotion"},{"floor":11,"key":"DuplicationPotion"},{"floor":20,"key":"sneckomod:MuddlingPotion"}],"is_trial":false,"path_per_floor":["M","?","?","$","M","E","T","T","T","R","E","R","E","M","R","B",null,"M","?","M","M","?","E"],"character_chosen":"THE_SILENT","items_purchased":["Torii"],"campfire_rested":1,"item_purchase_floors":[4],"current_hp_per_floor":[70,70,63,63,63,63,63,63,63,63,40,61,61,61,61,45,70,60,60,55,42,42,0,0],"gold":337,"neow_bonus":"THREE_ENEMY_KILL","is_prod":false,"is_daily":false,"chose_seed":false,"campfire_upgraded":1,"win_rate":0,"timestamp":1607579062,"path_taken":["M","?","?","$","?","E","?","?","T","R","E","R","E","M","R","BOSS","M","?","?","M","?","E"],"build_version":"2020-11-30","purchased_purges":0,"victory":false,"max_hp_per_floor":[70,70,70,70,70,70,70,70,70,70,70,70,70,70,70,70,70,70,70,70,70,70,70,70],"relic_stats":{"Torii":79,"counters":[11,55],"Pantograph":9,"Bag of Preparation":[14],"obtain_stats":[{"Potion Belt":13,"NeowsBlessing":0,"Torii":4,"The Specimen":22,"Pantograph":8,"Bag of Preparation":11,"Frozen Egg 2":7,"Paper Crane":9,"Empty Cage":17,"TungstenRod":6,"Ring of the Snake":0,"NlothsMask":19},{"Potion Belt":5,"NeowsBlessing":0,"Torii":1,"The Specimen":10,"Pantograph":3,"Bag of Preparation":4,"Frozen Egg 2":3,"Paper Crane":3,"Empty Cage":7,"TungstenRod":3,"Ring of the Snake":0,"NlothsMask":8},{"Potion Belt":21,"NeowsBlessing":0,"Torii":1,"The Specimen":52,"Pantograph":3,"Bag of Preparation":10,"Frozen Egg 2":3,"Paper Crane":3,"Empty Cage":38,"TungstenRod":3,"Ring of the Snake":0,"NlothsMask":41}],"TungstenRod":46,"Ring of the Snake":[22]},"card_choices":[{"not_picked":["Underhanded Strike","Cloak And Dagger"],"picked":"Blade Dance","floor":1},{"not_picked":["Quick Slash","Endless Agony"],"picked":"Cloak And Dagger","floor":5},{"not_picked":["Choke","Bane"],"picked":"Unload","floor":6},{"not_picked":["Dagger Throw","All Out Attack","Quick Slash"],"picked":"SKIP","floor":11},{"not_picked":["Bane","Underhanded Strike","Bouncing Flask"],"picked":"SKIP","floor":13},{"not_picked":["Deadly Poison","Poisoned Stab"],"picked":"Backflip","floor":14},{"not_picked":["Grand Finale","Die Die Die"],"picked":"Envenom+1","floor":16},{"not_picked":["Sucker Punch+1","Cloak And Dagger"],"picked":"Finisher","floor":18},{"not_picked":["Cloak And Dagger","Prepared+1"],"picked":"Blade Dance","floor":20},{"not_picked":["Footwork+1","Blade Dance"],"picked":"Dagger Spray+1","floor":21}],"player_experience":252548,"relics_obtained":[{"floor":6,"key":"TungstenRod"},{"floor":7,"key":"Frozen Egg 2"},{"floor":8,"key":"Pantograph"},{"floor":9,"key":"Paper Crane"},{"floor":11,"key":"Bag of Preparation"},{"floor":13,"key":"Potion Belt"}],"event_choices":[{"damage_healed":0,"gold_gain":175,"player_choice":"AGREE","damage_taken":0,"max_hp_gain":0,"max_hp_loss":0,"event_name":"Liars Game","floor":2,"gold_loss":0,"cards_obtained":["Doubt"]},{"cards_removed":["Doubt"],"damage_healed":0,"gold_gain":0,"player_choice":"Card Removal","damage_taken":7,"max_hp_gain":0,"max_hp_loss":0,"event_name":"Golden Wing","floor":3,"gold_loss":0},{"damage_healed":0,"gold_gain":0,"player_choice":"Trade","damage_taken":0,"relics_obtained":["NlothsMask"],"max_hp_gain":0,"max_hp_loss":0,"event_name":"FaceTrader","floor":19,"gold_loss":0},{"damage_healed":0,"gold_gain":0,"player_choice":"Obtained Relic","damage_taken":0,"relics_obtained":["The Specimen"],"max_hp_gain":0,"max_hp_loss":0,"event_name":"Addict","floor":22,"gold_loss":85}],"is_beta":false,"boss_relics":[{"not_picked":["Pandora\u0027s Box","Runic Dome"],"picked":"Empty Cage"}],"items_purged_floors":[],"is_endless":false,"potions_floor_spawned":[5,6,11,20],"killed_by":"Slavers","ascension_level":2}}