{"host":"0tiuc76yumknr6qf","time":1607558828,"event":{"gold_per_floor":[111,121,121,134,147,181,181,181,181,181,181],"floor_reached":10,"playtime":353,"items_purged":[],"score":82,"play_id":"7554c05f-e621-44a1-81a6-929c61a40ea6","local_time":"20201209180708","is_ascension_mode":true,"campfire_choices":[{"data":"JustLucky","floor":7,"key":"SMITH"}],"neow_cost":"NONE","seed_source_timestamp":46821036021900,"circlet_count":0,"master_deck":["Strike_P","Strike_P","Strike_P","Strike_P","Defend_P","Defend_P","Defend_P","Defend_P","Eruption","Vigilance","BattleHymn+1","Crescendo","ThirdEye","CutThroughFate","JustLucky+1"],"relics":["Runic Dome","Kunai","Molten Egg 2"],"potions_floor_usage":[5],"damage_taken":[{"damage":0,"enemies":"Small Slimes","floor":1,"turns":2},{"damage":0,"enemies":"Cultist","floor":2,"turns":3},{"damage":9,"enemies":"2 Louse","floor":4,"turns":2},{"damage":14,"enemies":"Blue Slaver","floor":5,"turns":3},{"damage":15,"enemies":"3 Sentries","floor":6,"turns":5},{"damage":36,"enemies":"Gremlin Nob","floor":10,"turns":2}],"seed_played":"-3562787773352932865","potions_obtained":[{"floor":2,"key":"Block Potion"}],"is_trial":false,"path_per_floor":["M","M","?","M","M","E","R","?","T","E"],"character_chosen":"WATCHER","items_purchased":[],"campfire_rested":0,"item_purchase_floors":[],"current_hp_per_floor":[72,72,72,63,49,34,34,34,34,0,0],"gold":181,"neow_bonus":"BOSS_RELIC","is_prod":false,"is_daily":false,"chose_seed":false,"campfire_upgraded":1,"win_rate":0,"timestamp":1607558828,"path_taken":["M","M","?","?","M","E","R","?","T","E"],"build_version":"2020-11-30","purchased_purges":0,"victory":false,"max_hp_per_floor":[72,72,72,72,72,72,72,72,72,72,72],"card_choices":[{"not_picked":["ClearTheMind","Evaluate"],"picked":"BattleHymn","floor":1},{"not_picked":["PathToVictory","EmptyFist"],"picked":"Crescendo","floor":2},{"not_picked":["Nirvana","BattleHymn"],"picked":"ThirdEye","floor":4},{"not_picked":["WreathOfFlame","ThirdEye"],"picked":"CutThroughFate","floor":5},{"not_picked":["EmptyFist","Collect"],"picked":"JustLucky","floor":6}],"player_experience":1761464,"relics_obtained":[{"floor":6,"key":"Kunai"},{"floor":9,"key":"Molten Egg 2"}],"event_choices":[{"damage_healed":0,"gold_gain":0,"player_choice":"Forge","damage_taken":0,"max_hp_gain":0,"max_hp_loss":0,"event_name":"Accursed Blacksmith","floor":3,"gold_loss":0,"cards_upgraded":["BattleHymn"]},{"damage_healed":0,"gold_gain":0,"player_choice":"Fled","damage_taken":0,"max_hp_gain":0,"max_hp_loss":0,"event_name":"Scrap Ooze","floor":8,"gold_loss":0}],"is_beta":false,"boss_relics":[],"items_purged_floors":[],"is_endless":false,"potions_floor_spawned":[2],"killed_by":"Gremlin Nob","ascension_level":4}}