{"host":"zkqorkqsr6o67e8b","time":1607573745,"event":{"gold_per_floor":[116,41,41,55,55,86,86,86,86,11,11,11,11],"floor_reached":12,"playtime":263,"items_purged":["alterego_mod:Strike"],"score":188,"play_id":"a34b2a07-ff48-4e8c-91ac-84747fa3702b","local_time":"20201210121545","is_ascension_mode":true,"campfire_choices":[{"data":"alterego_mod:Table","floor":8,"key":"SMITH"},{"data":"alterego_mod:Impale","floor":11,"key":"SMITH"}],"neow_cost":"NONE","seed_source_timestamp":13279393926500,"circlet_count":0,"master_deck":["AscendersBane","alterego_mod:Strike","alterego_mod:Strike","alterego_mod:Strike","alterego_mod:Defend","alterego_mod:Defend","alterego_mod:Defend","alterego_mod:Defend","alterego_mod:Impale+1","alterego_mod:BrynhildrsRune","Doppelganger","alterego_mod:Nekomimi","alterego_mod:Table+1"],"special_seed":0,"relics":["alterego_mod:MasochisticConstitution","REME_ComplimentaryCards","NeowsBlessing","Golden Idol","Eternal Feather","Omamori"],"potions_floor_usage":[12],"damage_taken":[{"damage":1,"enemies":"2 Louse","floor":1,"turns":3},{"damage":4,"enemies":"Jaw Worm","floor":4,"turns":2},{"damage":0,"enemies":"Lagavulin","floor":6,"turns":3},{"damage":28,"enemies":"3 Sentries","floor":12,"turns":5}],"seed_played":"-1741758146019537906","potions_obtained":[{"floor":4,"key":"BlessingOfTheForge"},{"floor":6,"key":"Block Potion"}],"is_trial":false,"path_per_floor":["M","$","?","M","?","E","?","R","T","?","R","E"],"character_chosen":"The_Alterego","items_purchased":[],"campfire_rested":0,"item_purchase_floors":[],"current_hp_per_floor":[66,66,66,67,44,51,46,52,52,52,58,30,30],"gold":11,"neow_bonus":"THREE_ENEMY_KILL","is_prod":false,"is_daily":false,"chose_seed":false,"campfire_upgraded":2,"win_rate":0,"timestamp":1607573745,"path_taken":["M","$","?","M","?","E","?","R","T","?","R","E"],"build_version":"2020-11-30","purchased_purges":1,"victory":false,"max_hp_per_floor":[66,66,66,67,67,67,67,67,67,67,67,67,67],"card_choices":[{"not_picked":["alterego_mod:BustOut","alterego_mod:Exercise"],"picked":"alterego_mod:Nekomimi","floor":1},{"not_picked":["alterego_mod:Cycle","alterego_mod:HighServant"],"picked":"alterego_mod:Table","floor":4},{"not_picked":["alterego_mod:SakuraPetals","alterego_mod:RocketPunch","alterego_mod:PurpleHair"],"picked":"SKIP","floor":6}],"player_experience":650365,"relics_obtained":[{"floor":6,"key":"Eternal Feather"}],"event_choices":[{"damage_healed":0,"gold_gain":0,"player_choice":"Ignored","damage_taken":0,"max_hp_gain":0,"max_hp_loss":0,"event_name":"Liars Game","floor":3,"gold_loss":0},{"damage_healed":0,"gold_gain":0,"player_choice":"Take Damage","damage_taken":23,"relics_obtained":["Golden Idol"],"max_hp_gain":0,"max_hp_loss":0,"event_name":"Golden Idol","floor":5,"gold_loss":0},{"damage_healed":0,"gold_gain":0,"player_choice":"Success","damage_taken":5,"relics_obtained":["Omamori"],"max_hp_gain":0,"max_hp_loss":0,"event_name":"Scrap Ooze","floor":7,"gold_loss":0},{"cards_removed":["alterego_mod:BigMeatyClaws"],"damage_healed":0,"gold_gain":0,"player_choice":"Card Removal","damage_taken":0,"max_hp_gain":0,"max_hp_loss":0,"event_name":"The Cleric","floor":10,"gold_loss":75}],"is_beta":false,"boss_relics":[],"items_purged_floors":[2],"is_endless":false,"potions_floor_spawned":[4,6],"killed_by":"3 Sentries","ascension_level":18}}