{"host":"c10fjmjt4zmpjqlg","time":1607592333,"event":{"gold_per_floor":[117,292,292,292,305,340,356,381,406,371,387,387,399,432,432,531,531,543,561,476,496,508,533,533,562,562,562,574,574,499,534,534,534,534],"floor_reached":33,"playtime":959,"items_purged":[],"score":366,"play_id":"d520cbc1-b52d-4f3e-b3a9-f7778ae3e41b","local_time":"20201210202533","is_ascension_mode":true,"campfire_choices":[{"data":"Fiend Fire","floor":12,"key":"SMITH"},{"floor":15,"key":"REST"},{"floor":24,"key":"REST"},{"floor":29,"key":"REST"},{"floor":32,"key":"REST"}],"neow_cost":"NONE","seed_source_timestamp":710149714391900,"circlet_count":0,"master_deck":["Strike_R","Strike_R","Strike_R","Strike_R","Defend_R","Defend_R","Defend_R","Defend_R","Bash","Fiend Fire+1","Headbutt","Twin Strike","Shockwave","Headbutt","Clothesline","Twin Strike","Headbutt","Berserk","Demon Form","Flex+1","Barricade","Heavy Blade","Pommel Strike+1","Power Through","Defend_R","Headbutt","Cleave+1"],"relics":["Burning Blood","PreservedInsect","Blood Vial","Smiling Mask","Vajra","Snecko Eye","Blue Candle","Sundial","Oddly Smooth Stone","FossilizedHelix","Tiny Chest"],"potions_floor_usage":[23,23,23,28,31],"damage_taken":[{"damage":6,"enemies":"Jaw Worm","floor":1,"turns":3},{"damage":0,"enemies":"2 Louse","floor":5,"turns":2},{"damage":36,"enemies":"Lagavulin","floor":6,"turns":5},{"damage":0,"enemies":"Small Slimes","floor":7,"turns":2},{"damage":18,"enemies":"3 Sentries","floor":8,"turns":4},{"damage":12,"enemies":"Exordium Thugs","floor":11,"turns":4},{"damage":0,"enemies":"2 Fungi Beasts","floor":13,"turns":2},{"damage":11,"enemies":"Lagavulin","floor":14,"turns":5},{"damage":51,"enemies":"The Guardian","floor":16,"turns":9},{"damage":0,"enemies":"Spheric Guardian","floor":18,"turns":2},{"damage":10,"enemies":"Chosen","floor":19,"turns":3},{"damage":11,"enemies":"Snecko","floor":21,"turns":3},{"damage":10,"enemies":"Snake Plant","floor":22,"turns":2},{"damage":52,"enemies":"Gremlin Leader","floor":23,"turns":3},{"damage":37,"enemies":"Slavers","floor":25,"turns":3},{"damage":17,"enemies":"Centurion and Healer","floor":28,"turns":4},{"damage":27,"enemies":"Gremlin Leader","floor":31,"turns":4},{"damage":55,"enemies":"Collector","floor":33,"turns":6}],"seed_played":"-7646347983461843152","potions_obtained":[{"floor":8,"key":"PowerPotion"},{"floor":16,"key":"SteroidPotion"},{"floor":18,"key":"SteroidPotion"},{"floor":25,"key":"ColorlessPotion"},{"floor":28,"key":"PowerPotion"}],"is_trial":false,"path_per_floor":["M","?","?","$","M","E","M","E","T","?","M","R","M","E","R","B",null,"M","M","?","M","M","E","R","E","T","?","M","R","?","E","R","B"],"character_chosen":"IRONCLAD","items_purchased":[],"campfire_rested":4,"item_purchase_floors":[],"current_hp_per_floor":[80,80,73,73,79,49,55,43,43,63,59,59,67,64,80,35,80,80,76,76,73,71,27,51,22,22,22,13,37,37,18,42,0,0],"gold":534,"neow_bonus":"ONE_RANDOM_RARE_CARD","is_prod":false,"is_daily":false,"chose_seed":false,"campfire_upgraded":1,"win_rate":0,"timestamp":1607592333,"path_taken":["M","?","?","$","M","E","M","E","T","?","M","R","?","E","R","BOSS","M","M","?","M","M","E","R","E","T","?","?","R","?","E","R","BOSS"],"build_version":"2020-11-30","purchased_purges":0,"victory":false,"max_hp_per_floor":[80,80,80,80,80,80,80,80,80,80,80,80,80,80,80,80,80,80,80,80,80,80,80,80,80,80,80,80,80,80,80,80,80,80],"relic_stats":{"Blood Vial":20,"counters":[18,66],"Sundial":[2],"Blue Candle":[0],"Snecko Eye":[53,49,56,54],"Tiny Chest":0,"PreservedInsect":191,"Smiling Mask":0,"obtain_stats":[{"Blood Vial":8,"Sundial":23,"Blue Candle":20,"Vajra":14,"Snecko Eye":17,"Oddly Smooth Stone":25,"Tiny Chest":31,"PreservedInsect":6,"Smiling Mask":9,"Burning Blood":0,"FossilizedHelix":26},{"Blood Vial":5,"Sundial":14,"Blue Candle":11,"Vajra":8,"Snecko Eye":9,"Oddly Smooth Stone":15,"Tiny Chest":17,"PreservedInsect":3,"Smiling Mask":5,"Burning Blood":0,"FossilizedHelix":15},{"Blood Vial":16,"Sundial":49,"Blue Candle":41,"Vajra":27,"Snecko Eye":36,"Oddly Smooth Stone":52,"Tiny Chest":60,"PreservedInsect":10,"Smiling Mask":16,"Burning Blood":0,"FossilizedHelix":52}],"Burning Blood":96},"card_choices":[{"not_picked":["Iron Wave","Anger"],"picked":"Headbutt","floor":1},{"not_picked":["Shrug It Off","Armaments"],"picked":"Twin Strike","floor":5},{"not_picked":["Warcry","Limit Break"],"picked":"Shockwave","floor":6},{"not_picked":["Armaments","Sever Soul"],"picked":"Headbutt","floor":7},{"not_picked":["Armaments","Sword Boomerang"],"picked":"Clothesline","floor":8},{"not_picked":["Armaments","Flex"],"picked":"Twin Strike","floor":11},{"not_picked":["Iron Wave","Intimidate"],"picked":"Headbutt","floor":13},{"not_picked":["Disarm","Perfected Strike"],"picked":"Berserk","floor":14},{"not_picked":["Bludgeon","Immolate"],"picked":"Demon Form","floor":16},{"not_picked":["True Grit","Flame Barrier"],"picked":"Body Slam","floor":18},{"not_picked":["Cleave","Iron Wave"],"picked":"Flex+1","floor":19},{"not_picked":["Clothesline","Iron Wave+1"],"picked":"Barricade","floor":21},{"not_picked":["Carnage+1","Combust"],"picked":"Heavy Blade","floor":22},{"not_picked":["Anger","Hemokinesis"],"picked":"Pommel Strike+1","floor":23},{"not_picked":["Seeing Red","Evolve+1"],"picked":"Power Through","floor":25},{"not_picked":["Entrench","Body Slam"],"picked":"Headbutt","floor":28},{"not_picked":["True Grit+1","Sentinel+1"],"picked":"Cleave+1","floor":31}],"player_experience":302345,"relics_obtained":[{"floor":6,"key":"PreservedInsect"},{"floor":8,"key":"Blood Vial"},{"floor":9,"key":"Smiling Mask"},{"floor":14,"key":"Vajra"},{"floor":23,"key":"Sundial"},{"floor":25,"key":"Oddly Smooth Stone"},{"floor":26,"key":"FossilizedHelix"},{"floor":31,"key":"Tiny Chest"}],"event_choices":[{"damage_healed":0,"gold_gain":175,"player_choice":"AGREE","damage_taken":0,"max_hp_gain":0,"max_hp_loss":0,"event_name":"Liars Game","floor":2,"gold_loss":0,"cards_obtained":["Doubt"]},{"cards_removed":["Doubt"],"damage_healed":0,"gold_gain":0,"player_choice":"Card Removal","damage_taken":7,"max_hp_gain":0,"max_hp_loss":0,"event_name":"Golden Wing","floor":3,"gold_loss":0},{"damage_healed":20,"gold_gain":0,"player_choice":"Healed","damage_taken":0,"max_hp_gain":0,"max_hp_loss":0,"event_name":"The Cleric","floor":10,"gold_loss":35},{"damage_healed":0,"gold_gain":0,"player_choice":"Obtained Relic","damage_taken":0,"relics_obtained":["Blue Candle"],"max_hp_gain":0,"max_hp_loss":0,"event_name":"Addict","floor":20,"gold_loss":85},{"cards_removed":["Body Slam"],"damage_healed":0,"gold_gain":0,"player_choice":"Took Card","damage_taken":0,"max_hp_gain":0,"max_hp_loss":0,"event_name":"NoteForYourself","floor":27,"gold_loss":0,"cards_obtained":["Defend_R"]},{"cards_removed":["Strike_R"],"damage_healed":0,"gold_gain":0,"player_choice":"Gave Gold","damage_taken":0,"max_hp_gain":0,"max_hp_loss":0,"event_name":"Beggar","floor":30,"gold_loss":75}],"is_beta":false,"boss_relics":[{"not_picked":["Velvet Choker","SlaversCollar"],"picked":"Snecko Eye"}],"items_purged_floors":[],"is_endless":false,"potions_floor_spawned":[8,16,18,25,28],"killed_by":"Collector","ascension_level":1}}