{"host":"q8o6l8eqnoevndy4","time":1607578403,"event":{"gold_per_floor":[369,369,444,460,472,472,472,472],"floor_reached":7,"playtime":225,"items_purged":[],"score":41,"play_id":"0c0583d5-b6c0-4f7f-aa81-1e7dab6b76c3","local_time":"20201210003323","is_ascension_mode":false,"campfire_choices":[{"data":"Spot Weakness","floor":6,"key":"SMITH"}],"neow_cost":"CURSE","seed_source_timestamp":75506821224000,"circlet_count":0,"master_deck":["Strike_R","Strike_R","Strike_R","Strike_R","Strike_R","Defend_R","Defend_R","Defend_R","Defend_R","Bash","Regret","Clash","Impatience","Shrug It Off","Spot Weakness+1"],"special_seed":0,"relics":["Burning Blood"],"potions_floor_usage":[7],"damage_taken":[{"damage":10,"enemies":"2 Louse","floor":1,"turns":3},{"damage":9,"enemies":"Small Slimes","floor":4,"turns":3},{"damage":12,"enemies":"Jaw Worm","floor":5,"turns":4},{"damage":40,"enemies":"Lagavulin","floor":7,"turns":7}],"seed_played":"3057189449092529155","potions_obtained":[{"floor":1,"key":"SkillPotion"}],"is_trial":false,"path_per_floor":["M","?","?","M","M","R","E"],"character_chosen":"IRONCLAD","items_purchased":[],"campfire_rested":0,"item_purchase_floors":[],"current_hp_per_floor":[76,76,65,62,56,56,16,16],"gold":472,"neow_bonus":"TWO_FIFTY_GOLD","is_prod":false,"is_daily":false,"chose_seed":false,"campfire_upgraded":1,"win_rate":0,"timestamp":1607578403,"path_taken":["M","?","?","M","M","R","E"],"build_version":"2020-11-30","purchased_purges":0,"victory":false,"max_hp_per_floor":[80,80,80,80,80,80,80,80],"relic_stats":{"counters":[4,17],"obtain_stats":[{"Burning Blood":0},{"Burning Blood":0},{"Burning Blood":0}],"Burning Blood":18},"card_choices":[{"not_picked":["Dark Embrace","Sentinel"],"picked":"Clash","floor":1},{"not_picked":["Magnetism","Purity"],"picked":"Impatience","floor":2},{"not_picked":["Perfected Strike","Flex"],"picked":"Shrug It Off","floor":4},{"not_picked":["Sword Boomerang","Corruption"],"picked":"Spot Weakness","floor":5}],"player_experience":1133123,"relics_obtained":[],"event_choices":[{"damage_healed":0,"gold_gain":1,"player_choice":"1","damage_taken":0,"max_hp_gain":0,"max_hp_loss":0,"event_name":"betterStone:BetterStone","floor":2,"gold_loss":0},{"damage_healed":0,"gold_gain":75,"player_choice":"Gold","damage_taken":11,"max_hp_gain":0,"max_hp_loss":0,"event_name":"betterThird:BetterGoop","floor":3,"gold_loss":0}],"is_beta":false,"boss_relics":[],"items_purged_floors":[],"is_endless":false,"potions_floor_spawned":[1],"killed_by":"Lagavulin","ascension_level":0}}