{"host":"t9ey1ebdrj6sa9fi","time":1607604299,"event":{"mods":["BaseMod","Colored Map","Highlight Path","Permanent Neow","Act Like it!","StSLib","Gensokyo","Koishi","SuperFastMode","Better Silent Start","Random Character Button","The IronCluck","everything is the same but u backflip on backflip","Better Vampires","Aspiration","Colored Powertips","Minty Spire (QoL Compilation)"],"gold_per_floor":[119,119,215,215,231,41,41,41],"floor_reached":7,"playtime":105,"items_purged":[],"score":120,"play_id":"e2c56482-5de2-41e6-a4cc-04c85fa82760","local_time":"20201210134459","is_ascension_mode":true,"campfire_choices":[{"data":"Koishi:HauntingSlash","floor":2,"key":"SMITH"}],"circlet_count":0,"master_deck":["Koishi:BasicStrike","Koishi:BasicStrike","Koishi:BasicStrike","Koishi:BasicStrike","Koishi:BasicDefend","Koishi:BasicDefend","Koishi:BasicDefend","Koishi:BasicDefend","Koishi:Provoke","Koishi:HauntingSlash+1","Poisoned Stab","Storm of Steel","Quick Slash+1","Metamorphosis"],"relics":["aspiration:SilentSkillbook","Snecko Eye"],"acts_visited":["Gensokyo:Gensokyo","Gensokyo:Gensokyoer"],"potions_floor_usage":[],"damage_taken":[{"damage":0,"enemies":"Gensokyo:2_Kodama","floor":1,"turns":1},{"damage":0,"enemies":"Gensokyo:Yukari","floor":3,"turns":1},{"damage":0,"enemies":"Gensokyo:3_Dogs","floor":5,"turns":1},{"damage":381,"enemies":"Gensokyo:Chomper_and_Gloop","floor":7,"turns":4}],"seed_played":"3744450692229447670","potions_obtained":[{"floor":1,"key":"FairyPotion"},{"floor":3,"key":"ColorlessPotion"},{"floor":5,"key":"Energy Potion"}],"is_trial":false,"path_per_floor":["M","R","B",null,"M","$","M"],"character_chosen":"KOISHI","items_purchased":["Metamorphosis"],"campfire_rested":0,"item_purchase_floors":[6],"current_hp_per_floor":[60,60,60,60,60,60,0,0],"gold":41,"neow_bonus":"BOSS_RELIC","is_daily":false,"chose_seed":false,"campfire_upgraded":1,"win_rate":0,"timestamp":1607604299,"path_taken":["M","R","BOSS","M","$","M"],"build_version":"2020-11-30","purchased_purges":0,"victory":false,"max_hp_per_floor":[60,60,60,60,60,60,60,60],"card_choices":[{"not_picked":["Tactician","Outmaneuver","PiercingWail"],"picked":"Poisoned Stab","floor":1},{"not_picked":["Koishi:ConditionedTeleport","Koishi:FadingMemory","Doppelganger"],"picked":"Storm of Steel","floor":3},{"not_picked":["Choke","Eviscerate","Backstab"],"picked":"Quick Slash+1","floor":5}],"player_experience":60890,"relics_obtained":[],"event_choices":[],"is_beta":false,"boss_relics":[{"not_picked":["aspiration:FutureDiary","Koishi:ColorfulDays"],"picked":"Snecko Eye"}],"items_purged_floors":[],"is_endless":false,"potions_floor_spawned":[1,3,5],"killed_by":"Gensokyo:Chomper_and_Gloop","ascension_level":1}}