{"host":"dk2z91z2zpxxiy2a","time":1607576230,"event":{"gold_per_floor":[117,130,141,154,168,168,202,202,226,260,78,95,95,95,95,197,197,215,315,334,334,167,167,194,194,194,214,232,261,75,90,90,189,189,201,201,212,230,79,109,21,56,56,70,70,17,17,31,31,31,31,31,8,37,37,37],"floor_reached":55,"playtime":3937,"items_purged":["Strike_W","Strike_W","Blood_for_Blood","Strike_W","Defend_W"],"score":1328,"play_id":"806d1a24-e0b9-4e22-9f62-bbc282f563a9","local_time":"20201209235710","is_ascension_mode":true,"campfire_choices":[{"floor":6,"key":"REST"},{"data":"Summon_Undead","floor":8,"key":"SMITH"},{"data":"Pandemic","floor":13,"key":"SMITH"},{"data":"Negative_Energy_Arrows","floor":15,"key":"SMITH"},{"data":"Blood_Is_Power","floor":23,"key":"SMITH"},{"data":"Summon_Vampire_Lady","floor":25,"key":"SMITH"},{"data":"Bane","floor":32,"key":"SMITH"},{"floor":47,"key":"RECALL"},{"floor":49,"key":"REST"},{"data":"Siphon_Strength","floor":52,"key":"SMITH"}],"neow_cost":"","seed_source_timestamp":1673036347322100,"circlet_count":0,"master_deck":["Strike_W","Defend_W","Defend_W","Defend_W","Negative_Energy_Arrows+1","Blood_for_Blood","Blood_Is_Power+1","Negative_Energy_Mist","Secret Weapon","Consume_Illness","Blood_Curse","Spectral_Walk+1","Exploit","Negative_Energy_Sphere","Summon_Undead+1","Pandemic+1","Blood_Whip","Blood_Whip","Siphon_Strength+1","Summon_Vampire_Lady+1","Fluid Movement","Noxious Fumes","Quick Slash","Life_Tap","Bane+1","Corpse Explosion","Shackles_Of_Pain+1","Summon_Vampire_Lady+1","Corrupt+1","Negative_Energy_Shield+1","Negative_Energy_Javelin","Negative_Energy_Javelin"],"relics":["Vampire_Amulet","Membership Card","Orichalcum","hubris:Zylophone","Replay:Rubber Ducky","Pondfish Scales","Velvet Choker","Matryoshka","Quantum Egg","Happy Flower","Shuriken","Onion Ring","aspiration:SilentSkillbook","aspiration:Lifesprig","Darkstone Periapt","Bag of Preparation","Regal Pillow","Pear","halation:PinkAlligatorPlush","Bronze Scales","hubris:BundleOfHerbs","Strawberry","hubris:Teleporter","Gremlin Food"],"potions_floor_usage":[10,24,24,35,40,44,48,50,50,50,55],"damage_taken":[{"damage":2,"enemies":"Cultist","floor":1,"turns":3},{"damage":2,"enemies":"conspire:RoseBush","floor":2,"turns":3},{"damage":2,"enemies":"Small Slimes","floor":3,"turns":2},{"damage":17,"enemies":"conspire:2 RoseBushes","floor":4,"turns":5},{"damage":5,"enemies":"Lots of Slimes","floor":5,"turns":4},{"damage":10,"enemies":"3 Sentries","floor":7,"turns":7},{"damage":14,"enemies":"Gremlin Nob","floor":10,"turns":4},{"damage":8,"enemies":"2 Fungi Beasts","floor":12,"turns":3},{"damage":12,"enemies":"Slime Boss","floor":16,"turns":7},{"damage":3,"enemies":"Spheric Guardian","floor":18,"turns":3},{"damage":0,"enemies":"Chosen","floor":20,"turns":3},{"damage":2,"enemies":"conspire:SneckoGhost","floor":24,"turns":6},{"damage":6,"enemies":"conspire:HollyBat","floor":27,"turns":5},{"damage":4,"enemies":"Chosen and Byrds","floor":28,"turns":3},{"damage":2,"enemies":"conspire:Head Lice","floor":29,"turns":5},{"damage":4,"enemies":"Snake Plant","floor":31,"turns":4},{"damage":20,"enemies":"conspire:MysteriousRune","floor":33,"turns":8},{"damage":21,"enemies":"3 Darklings","floor":35,"turns":2},{"damage":12,"enemies":"3 Shapes","floor":37,"turns":4},{"damage":17,"enemies":"Spire Growth","floor":38,"turns":4},{"damage":42,"enemies":"Nemesis","floor":40,"turns":5},{"damage":14,"enemies":"R_Hoarder","floor":42,"turns":7},{"damage":37,"enemies":"4 Shapes","floor":44,"turns":4},{"damage":12,"enemies":"Jaw Worm Horde","floor":48,"turns":3},{"damage":89,"enemies":"conspire:OrnateMirror","floor":50,"turns":4},{"damage":57,"enemies":"Shield and Spear","floor":54,"turns":7},{"damage":115,"enemies":"The Heart","floor":55,"turns":8}],"seed_played":"7618779239026464135","potions_obtained":[{"floor":1,"key":"Adrenaline Potion"},{"floor":5,"key":"Block Potion"},{"floor":12,"key":"ColorlessPotion"},{"floor":16,"key":"FearPotion"},{"floor":18,"key":"Regen Potion"},{"floor":27,"key":"Elixir"},{"floor":29,"key":"LiquidBronze"},{"floor":33,"key":"Energy Potion"},{"floor":36,"key":"Energy Potion"},{"floor":42,"key":"SkillPotion"},{"floor":48,"key":"SpeedPotion"},{"floor":54,"key":"DuplicationPotion"}],"is_trial":false,"path_per_floor":["M","M","M","M","M","R","E","R","T","E","$","M","R","?","R_BF","B",null,"M","?","M","?","$","R","E","R","T","M","M","E","$","M","R","B",null,"M","?","M","M","$","E","$","E","T","M","?","$","R","M","R","B",null,"R","$","E","B"],"character_chosen":"NECROMANCER","items_purchased":["Membership Card","Orichalcum","Blood_for_Blood","Blood_Is_Power","Negative_Energy_Mist","Onion Ring","Blood_Whip","aspiration:Lifesprig","Life_Tap","Pear","Bronze Scales","Corrupt+1","Weak Potion","Negative_Energy_Javelin"],"campfire_rested":2,"item_purchase_floors":[0,0,0,0,0,11,11,22,22,30,39,46,46,53],"current_hp_per_floor":[37,40,42,32,37,59,55,55,55,43,43,39,39,39,39,56,70,69,69,71,71,71,71,75,75,75,75,75,75,85,83,83,77,83,67,67,76,64,64,33,33,46,46,29,29,29,29,32,74,92,92,92,92,63,0,0],"gold":37,"neow_bonus":"","is_prod":false,"is_daily":false,"chose_seed":false,"campfire_upgraded":7,"win_rate":0,"timestamp":1607576230,"path_taken":["M","?","?","M","M","R","E","R","T","E","$","M","R","?","R_BF","BOSS","M","?","?","?","$","R","E","R","T","M","?","E","$","M","R","BOSS","M","?","M","M","$","E","?","E","T","?","?","?","R","?","R","BOSS","R","$","E","BOSS"],"build_version":"2020-11-30","purchased_purges":5,"victory":false,"max_hp_per_floor":[75,75,75,75,75,75,75,75,75,75,75,75,75,75,75,75,75,75,75,75,75,75,75,75,75,75,75,75,75,85,85,85,85,85,85,85,85,85,85,85,85,92,92,92,92,92,92,92,92,92,92,92,92,92,92,92],"relic_stats":{"Darkstone Periapt":0,"Regal Pillow":15,"Happy Flower":[33],"counters":[67,371],"Shuriken":[14],"Bronze Scales":[323],"Bag of Preparation":[30],"Orichalcum":[126],"obtain_stats":[{"Tiny House":53,"Gremlin Horn":9,"aspiration:SneckoTail":27,"halation:StarCompass":22,"Replay:Wanted Poster":54,"Centennial Puzzle":33,"Replay:Bronze Core":34,"Strawberry":42,"Vampire_Amulet":0,"Fusion Hammer":17,"Iron Hammer":41,"conspire:Dentures":26,"Pear":30,"hubris:Teleporter":43,"Happy Flower":9,"ReplayTheSpireMod:CursedCoin":53,"Velvet Choker":0,"aspiration:SeaSaltIceCream":53,"hubris:Zylophone":0,"SlaversCollar":46,"ReplayTheSpireMod:Shallot":14,"Shuriken":10,"halation:Jellyphish":19,"Bronze Scales":53,"Molten Egg 2":5,"Onion Ring":11,"aspiration:SilentSkillbook":17,"Mirror":11,"aspiration:HatOfInfinitePower":48,"halation:BlackBeret":38,"Darkstone Periapt":24,"hubris:Metronome":30,"halation:PapillonHeart":36,"aspiration:Lifesprig":22,"Regal Pillow":29,"StoneCalendar":50,"hubris:SlimyHat":25,"Bag of Preparation":26,"Ancient Tea Set":25,"conspire:InfiniteJournal":39,"Replay:Rubber Ducky":0,"Nunchaku":55,"Matryoshka":7,"aspiration:AnachronicSnailShell":27,"halation:Toothbrush":6,"Red Mask":28,"halation:PinkAlligatorPlush":34,"aspiration:ChemicalBlood":8,"Runic Pyramid":35,"aspiration:VileToxins":48,"Gremlin Food":54,"hubris:DisguiseKit":54,"Quantum Egg":9,"Orichalcum":41,"keyreminder:keyreminder":14,"Pondfish Scales":42,"Busted Crown":28,"Ornamental Fan":21,"ChewingGum":31,"hubris:BundleOfHerbs":40,"Art of War":47,"Membership Card":0,"halation:PinkSoulGem":20},{"Tiny House":38,"Gremlin Horn":17,"aspiration:SneckoTail":24,"halation:StarCompass":23,"Replay:Wanted Poster":38,"Centennial Puzzle":28,"Replay:Bronze Core":29,"Strawberry":62,"Vampire_Amulet":0,"Fusion Hammer":21,"Iron Hammer":32,"conspire:Dentures":24,"Pear":55,"hubris:Teleporter":62,"Happy Flower":46,"ReplayTheSpireMod:CursedCoin":38,"Velvet Choker":40,"aspiration:SeaSaltIceCream":38,"hubris:Zylophone":40,"SlaversCollar":34,"ReplayTheSpireMod:Shallot":20,"Shuriken":47,"halation:Jellyphish":22,"Bronze Scales":38,"Molten Egg 2":15,"Onion Ring":47,"aspiration:SilentSkillbook":49,"Mirror":18,"aspiration:HatOfInfinitePower":36,"halation:BlackBeret":30,"Darkstone Periapt":52,"hubris:Metronome":26,"halation:PapillonHeart":30,"aspiration:Lifesprig":51,"Regal Pillow":55,"StoneCalendar":37,"hubris:SlimyHat":24,"Bag of Preparation":52,"Ancient Tea Set":23,"conspire:InfiniteJournal":31,"Replay:Rubber Ducky":40,"Nunchaku":39,"Matryoshka":46,"aspiration:AnachronicSnailShell":25,"halation:Toothbrush":16,"Red Mask":26,"halation:PinkAlligatorPlush":57,"aspiration:ChemicalBlood":17,"Runic Pyramid":29,"aspiration:VileToxins":37,"Gremlin Food":66,"hubris:DisguiseKit":39,"Quantum Egg":46,"Orichalcum":33,"keyreminder:keyreminder":20,"Pondfish Scales":33,"Busted Crown":25,"Ornamental Fan":22,"ChewingGum":27,"hubris:BundleOfHerbs":61,"Art of War":35,"Membership Card":40,"halation:PinkSoulGem":22},{"Tiny House":230,"Gremlin Horn":84,"aspiration:SneckoTail":133,"halation:StarCompass":125,"Replay:Wanted Poster":230,"Centennial Puzzle":156,"Replay:Bronze Core":168,"Strawberry":345,"Vampire_Amulet":0,"Fusion Hammer":116,"Iron Hammer":187,"conspire:Dentures":133,"Pear":311,"hubris:Teleporter":345,"Happy Flower":272,"ReplayTheSpireMod:CursedCoin":230,"Velvet Choker":248,"aspiration:SeaSaltIceCream":230,"hubris:Zylophone":248,"SlaversCollar":203,"ReplayTheSpireMod:Shallot":105,"Shuriken":276,"halation:Jellyphish":119,"Bronze Scales":230,"Molten Egg 2":64,"Onion Ring":276,"aspiration:SilentSkillbook":286,"Mirror":91,"aspiration:HatOfInfinitePower":215,"halation:BlackBeret":172,"Darkstone Periapt":298,"hubris:Metronome":145,"halation:PapillonHeart":172,"aspiration:Lifesprig":292,"Regal Pillow":311,"StoneCalendar":222,"hubris:SlimyHat":133,"Bag of Preparation":298,"Ancient Tea Set":125,"conspire:InfiniteJournal":178,"Replay:Rubber Ducky":248,"Nunchaku":238,"Matryoshka":272,"aspiration:AnachronicSnailShell":141,"halation:Toothbrush":79,"Red Mask":145,"halation:PinkAlligatorPlush":323,"aspiration:ChemicalBlood":84,"Runic Pyramid":168,"aspiration:VileToxins":222,"Gremlin Food":363,"hubris:DisguiseKit":238,"Quantum Egg":272,"Orichalcum":198,"keyreminder:keyreminder":105,"Pondfish Scales":198,"Busted Crown":141,"Ornamental Fan":119,"ChewingGum":150,"hubris:BundleOfHerbs":338,"Art of War":209,"Membership Card":248,"halation:PinkSoulGem":119}]},"card_choices":[{"not_picked":["Exploit","Blood_Curse"],"picked":"Consume_Illness","floor":1},{"not_picked":["Death_March_Dance","Bones_to_Steel"],"picked":"Blood_Curse","floor":2},{"not_picked":["Bone_Bullets","Necrotic_Claws"],"picked":"Spectral_Walk","floor":3},{"not_picked":["Epidemic","Detonate_Bones"],"picked":"Exploit","floor":4},{"not_picked":["Bone_Shift","Consume_Illness"],"picked":"Negative_Energy_Sphere","floor":5},{"not_picked":["Epidemic","Violent_Necrosis"],"picked":"Summon_Undead","floor":7},{"not_picked":["Bone_Shift","Scare"],"picked":"Pandemic","floor":10},{"not_picked":["Bone_Spikes","Life_Drain"],"picked":"Siphon_Strength","floor":12},{"not_picked":["Summon_Death_Knight","Grasp_Heart"],"picked":"Summon_Vampire_Lady","floor":16},{"not_picked":["ReplayTheSpireMod:Speed Training","Bone_Bullets+1","Slice"],"picked":"Fluid Movement","floor":18},{"not_picked":["hubris:SlightOfHand","Bone_Bullets","Predator"],"picked":"Noxious Fumes","floor":20},{"not_picked":["Tactician","Bone_Bullets","Poison Darts","Deflect+1"],"picked":"SKIP","floor":24},{"not_picked":["Leg Sweep+1","Terror+1","hubris:SlightOfHand+1","Underhanded Strike"],"picked":"SKIP","floor":27},{"not_picked":["hubris:SlightOfHand","Toxic_Smoke_Screen","Uncharnel","Backflip"],"picked":"SKIP","floor":28},{"not_picked":["Scare+1","Leg Sweep+1","Cloak And Dagger","Flechettes+1"],"picked":"SKIP","floor":29},{"not_picked":["Finger_Of_Death+1","Bone_Spikes","Bone_Bullets"],"picked":"Bane","floor":31},{"not_picked":["Summon_Vampire_Lady","Reap_The_Weak","Envenom"],"picked":"Corpse Explosion","floor":33},{"not_picked":["Negative_Energy_Sphere","Blur","Blood_Shield","Bone_Armor+1"],"picked":"SKIP","floor":35},{"not_picked":["Fluid Movement","Backflip","Prepared","Necrotic_Claws"],"picked":"SKIP","floor":37},{"not_picked":["Quick Slash","ReplayTheSpireMod:Scrap Shanks","Slice+1","ReplayTheSpireMod:Speed Training"],"picked":"SKIP","floor":38},{"not_picked":["Infinite Blades","Die Die Die","Bone_Shift+1"],"picked":"Shackles_Of_Pain+1","floor":40},{"not_picked":["Sucker Punch","Underhanded Strike","Slice+1","Prepared+1"],"picked":"SKIP","floor":42},{"not_picked":["Predator+1","Death_March_Dance+1","hubris:SlightOfHand+1","Life_Tap+1"],"picked":"SKIP","floor":44},{"not_picked":["Dash+1","Bouncing Flask","Bone_Bullets+1"],"picked":"Negative_Energy_Shield+1","floor":48},{"not_picked":["Storm of Steel","Outmaneuver+1","Bane+1"],"picked":"Negative_Energy_Javelin","floor":54}],"player_experience":449210,"relics_obtained":[{"floor":7,"key":"Matryoshka"},{"floor":9,"key":"Quantum Egg"},{"floor":9,"key":"Happy Flower"},{"floor":10,"key":"Shuriken"},{"floor":24,"key":"Darkstone Periapt"},{"floor":26,"key":"Bag of Preparation"},{"floor":29,"key":"Regal Pillow"},{"floor":40,"key":"hubris:BundleOfHerbs"},{"floor":42,"key":"Strawberry"},{"floor":43,"key":"hubris:Teleporter"},{"floor":54,"key":"Gremlin Food"}],"event_choices":[{"damage_healed":0,"gold_gain":0,"player_choice":"Grow","damage_taken":0,"max_hp_gain":0,"max_hp_loss":0,"event_name":"Living Wall","floor":14,"gold_loss":0,"cards_upgraded":["Spectral_Walk"]},{"damage_healed":0,"gold_gain":100,"player_choice":"Pray","damage_taken":0,"max_hp_gain":0,"max_hp_loss":0,"event_name":"Golden Shrine","floor":19,"gold_loss":0},{"damage_healed":0,"gold_gain":0,"player_choice":"1 cards matched","damage_taken":0,"max_hp_gain":0,"max_hp_loss":0,"event_name":"Match and Keep!","floor":21,"gold_loss":0,"cards_obtained":["Quick Slash"]},{"damage_healed":0,"gold_gain":0,"player_choice":"Got Potions","damage_taken":0,"max_hp_gain":0,"max_hp_loss":0,"event_name":"Lab","floor":36,"gold_loss":0},{"damage_healed":0,"gold_gain":0,"player_choice":"Copied","damage_taken":0,"max_hp_gain":0,"max_hp_loss":0,"event_name":"Duplicator","floor":45,"gold_loss":0,"cards_obtained":["Summon_Vampire_Lady"]}],"is_beta":false,"boss_relics":[{"not_picked":["halation:CatFaceCupcake","Snecko Eye"],"picked":"aspiration:SilentSkillbook"},{"not_picked":["aspiration:RunicSpoon","halation:Yufonium"],"picked":"halation:PinkAlligatorPlush"}],"items_purged_floors":[11,22,30,39,41],"is_endless":false,"potions_floor_spawned":[1,5,12,16,18,27,29,33,42,48,54],"killed_by":"The Heart","ascension_level":6}}