{"host":"lvf3ywlo9ittp3f6","time":1607573360,"event":{"gold_per_floor":[365,245,262,64,64,64,97,97,97,124,141,141,141,156,156,258,258,258,20,20,20,20,20,20,20,20,20,20,20,20,20,20,20,20,20,20,20,20,20,20,20,20,20,20,20,20,20,20,20,20,20,20,20,20,20],"floor_reached":56,"playtime":6666,"items_purged":["Defend_G","Strike_G"],"score":1730,"play_id":"13e79e7c-3cb3-4bf7-b011-2e03ffd04db7","local_time":"20201210070920","is_ascension_mode":true,"campfire_choices":[{"data":"Footwork","floor":6.0,"key":"SMITH"},{"data":"Dash","floor":8.0,"key":"SMITH"},{"data":"Neutralize","floor":12.0,"key":"SMITH"},{"floor":15.0,"key":"REST"},{"data":"Adrenaline","floor":23.0,"key":"SMITH"},{"data":"Accuracy","floor":25.0,"key":"SMITH"},{"data":"Accuracy","floor":32.0,"key":"SMITH"},{"data":"Night Terror","floor":41.0,"key":"SMITH"},{"floor":44.0,"key":"RECALL"},{"data":"Phantasmal Killer","floor":49,"key":"SMITH"},{"data":"Concentrate","floor":52,"key":"SMITH"}],"neow_cost":"TEN_PERCENT_HP_LOSS","seed_source_timestamp":2092409489129347,"circlet_count":0,"master_deck":["Strike_G","Strike_G","Strike_G","Defend_G","Defend_G","Survivor","Neutralize+1","Dash+1","Blade Dance","Backflip","Footwork+1","Cloak And Dagger+1","Calculated Gamble","Blade Dance","Finisher","Adrenaline+1","Discovery","Accuracy+1","Accuracy+1","Concentrate+1","Choke+1","Finisher","PiercingWail","Night Terror+1","Prepared+1","Leg Sweep+1","Adrenaline+1","Reflex+1","Escape Plan","Phantasmal Killer+1","Shame","Calculated Gamble","Escape Plan","PiercingWail"],"special_seed":0,"relics":["Ring of the Snake","White Beast Statue","Dead Branch","Bag of Marbles","Ectoplasm","Bag of Preparation","Tingsha","The Courier","Frozen Egg 2","Cursed Key","Gremlin Horn","InkBottle","Lantern"],"potions_floor_usage":[48,55,55],"damage_taken":[{"damage":12.0,"enemies":"Small Slimes","floor":1.0,"turns":4.0},{"damage":0.0,"enemies":"Jaw Worm","floor":3.0,"turns":2.0},{"damage":23.0,"enemies":"Gremlin Nob","floor":7.0,"turns":6.0},{"damage":12.0,"enemies":"Lagavulin","floor":10.0,"turns":7.0},{"damage":0.0,"enemies":"Cultist","floor":11.0,"turns":2.0},{"damage":0.0,"enemies":"Exordium Wildlife","floor":14.0,"turns":3.0},{"damage":0.0,"enemies":"Slime Boss","floor":16.0,"turns":2.0},{"damage":0.0,"enemies":"Chosen","floor":18.0,"turns":2.0},{"damage":0.0,"enemies":"3 Byrds","floor":20.0,"turns":2.0},{"damage":0.0,"enemies":"Cultist and Chosen","floor":21.0,"turns":3.0},{"damage":0.0,"enemies":"Snake Plant","floor":22.0,"turns":1.0},{"damage":2.0,"enemies":"Sentry and Sphere","floor":24.0,"turns":3.0},{"damage":0.0,"enemies":"Gremlin Leader","floor":27.0,"turns":1.0},{"damage":0.0,"enemies":"Shelled Parasite and Fungi","floor":28.0,"turns":2.0},{"damage":0.0,"enemies":"Snake Plant","floor":29.0,"turns":1.0},{"damage":0.0,"enemies":"Slavers","floor":30.0,"turns":2.0},{"damage":3.0,"enemies":"Collector","floor":33.0,"turns":3.0},{"damage":0.0,"enemies":"3 Shapes","floor":35.0,"turns":2.0},{"damage":0.0,"enemies":"Orb Walker","floor":36.0,"turns":1.0},{"damage":0.0,"enemies":"4 Shapes","floor":38.0,"turns":3.0},{"damage":0.0,"enemies":"Giant Head","floor":40.0,"turns":4.0},{"damage":0.0,"enemies":"Reptomancer","floor":42.0,"turns":1.0},{"damage":2,"enemies":"Writhing Mass","floor":46,"turns":5},{"damage":0,"enemies":"Jaw Worm Horde","floor":47,"turns":1},{"damage":0,"enemies":"Transient","floor":48,"turns":4},{"damage":0,"enemies":"Donu and Deca","floor":50,"turns":3},{"damage":0,"enemies":"Shield and Spear","floor":54,"turns":1},{"damage":56,"enemies":"The Heart","floor":55,"turns":5}],"seed_played":"9116614074110879617","potions_obtained":[{"floor":7.0,"key":"Fire Potion"},{"floor":10.0,"key":"SneckoOil"},{"floor":11.0,"key":"SpeedPotion"},{"floor":14.0,"key":"BlessingOfTheForge"},{"floor":16.0,"key":"DuplicationPotion"},{"floor":18.0,"key":"Fruit Juice"},{"floor":20.0,"key":"CunningPotion"},{"floor":21.0,"key":"AttackPotion"},{"floor":22.0,"key":"Strength Potion"},{"floor":28.0,"key":"Swift Potion"},{"floor":30.0,"key":"EssenceOfSteel"},{"floor":33.0,"key":"Block Potion"},{"floor":38.0,"key":"LiquidBronze"},{"floor":47,"key":"DistilledChaos"},{"floor":48,"key":"Strength Potion"},{"floor":54,"key":"PowerPotion"}],"is_trial":false,"path_per_floor":["M","$","M","$","?","R","E","R","T","E","M","R","?","M","R","B",null,"M","$","M","M","M","R","M","R","T","E","M","M","E","?","R","B",null,"M","M","?","M","?","E","R","E","T","R","?","M","M","M","R","B",null,"R","$","E","B",null],"character_chosen":"THE_SILENT","items_purchased":["Blade Dance","Footwork","Cloak And Dagger","Bag of Preparation","Discovery"],"campfire_rested":1,"item_purchase_floors":[2,4,4,19,19],"current_hp_per_floor":[51,51,51,51,51,51,28,28,28,16,16,16,9,9,27,27,54,54,54,59,59,59,59,57,57,57,57,57,57,57,51,51,48,63,63,63,63,63,63,63,63,63,63,63,63,61,61,61,61,61,66,66,66,66,10],"gold":20,"neow_bonus":"TWO_FIFTY_GOLD","is_prod":false,"is_daily":false,"chose_seed":false,"campfire_upgraded":9,"win_rate":0,"timestamp":1607573360,"path_taken":["M","$","M","$","?","R","E","R","T","E","M","R","?","M","R","BOSS","M","$","M","M","M","R","M","R","T","E","M","M","E","?","R","BOSS","M","?","?","?","?","E","R","E","T","R","?","M","M","?","R","BOSS","R","$","E","BOSS"],"build_version":"2020-11-30","purchased_purges":2,"victory":true,"max_hp_per_floor":[63,63,63,63,63,63,63,63,63,63,63,63,63,63,63,63,63,63,63,68,68,68,68,68,68,68,68,68,68,68,68,68,68,68,68,68,68,68,68,68,68,68,68,68,68,68,68,68,68,68,68,68,68,68,68],"relic_stats":{"Gremlin Horn":[3,4],"counters":[28,76],"Dead Branch":[280],"Tingsha":[635],"Ectoplasm":533,"Bag of Preparation":[40],"Cursed Key":1,"obtain_stats":[{"Lantern":54,"Gremlin Horn":40,"Dead Branch":9,"Tingsha":26,"The Courier":27,"Bag of Preparation":19,"Frozen Egg 2":30,"Cursed Key":34,"White Beast Statue":7,"Ectoplasm":17,"Bag of Marbles":10,"InkBottle":42,"Ring of the Snake":0},{"Lantern":27,"Gremlin Horn":21,"Dead Branch":3,"Tingsha":12,"The Courier":13,"Bag of Preparation":8,"Frozen Egg 2":16,"Cursed Key":17,"White Beast Statue":3,"Ectoplasm":7,"Bag of Marbles":4,"InkBottle":22,"Ring of the Snake":0},{"Lantern":71,"Gremlin Horn":56,"Dead Branch":12,"Tingsha":37,"The Courier":38,"Bag of Preparation":28,"Frozen Egg 2":43,"Cursed Key":46,"White Beast Statue":12,"Ectoplasm":26,"Bag of Marbles":19,"InkBottle":57,"Ring of the Snake":0}],"InkBottle":[26],"Ring of the Snake":[56]},"card_choices":[{"not_picked":["Slice","Acrobatics"],"picked":"Dash","floor":1.0},{"not_picked":["Heel Hook","Dagger Spray"],"picked":"Backflip","floor":3.0},{"not_picked":["Sucker Punch","Underhanded Strike","Skewer"],"picked":"SKIP","floor":7.0},{"not_picked":["Endless Agony","Setup"],"picked":"Calculated Gamble","floor":10.0},{"not_picked":["Quick Slash","Deflect"],"picked":"Blade Dance","floor":11.0},{"not_picked":["Leg Sweep","Quick Slash"],"picked":"Finisher","floor":14.0},{"not_picked":["A Thousand Cuts","Malaise"],"picked":"Adrenaline","floor":16.0},{"not_picked":["Caltrops","All Out Attack","Predator"],"picked":"SKIP","floor":18.0},{"not_picked":["Cloak And Dagger","Dodge and Roll"],"picked":"Accuracy","floor":20.0},{"not_picked":["Bane","Underhanded Strike","Dagger Throw+1"],"picked":"SKIP","floor":21.0},{"not_picked":["Blade Dance","Underhanded Strike","Slice"],"picked":"SKIP","floor":22.0},{"not_picked":["Noxious Fumes","Deflect+1"],"picked":"Accuracy","floor":24.0},{"not_picked":["Bouncing Flask","Acrobatics"],"picked":"Concentrate","floor":27.0},{"not_picked":["Riddle With Holes","Underhanded Strike+1"],"picked":"Choke+1","floor":28.0},{"not_picked":["Deflect","Catalyst"],"picked":"Finisher","floor":29.0},{"not_picked":["Skewer","Sucker Punch+1"],"picked":"PiercingWail","floor":30.0},{"not_picked":["Grand Finale","Malaise"],"picked":"Night Terror","floor":33.0},{"not_picked":["Acrobatics+1","Sucker Punch"],"picked":"Prepared+1","floor":35.0},{"not_picked":["PiercingWail","Quick Slash+1"],"picked":"Leg Sweep+1","floor":36.0},{"not_picked":["Riddle With Holes","Heel Hook"],"picked":"Reflex+1","floor":38.0},{"not_picked":["Dagger Spray","Flechettes"],"picked":"Escape Plan","floor":40.0},{"not_picked":["Unload","Skewer"],"picked":"Phantasmal Killer","floor":42.0},{"not_picked":["Dodge and Roll","Slice+1"],"picked":"Calculated Gamble","floor":46},{"not_picked":["Poisoned Stab","Slice","Dagger Throw"],"picked":"SKIP","floor":47},{"not_picked":["Bane+1","PiercingWail"],"picked":"Escape Plan","floor":48},{"not_picked":["Heel Hook+1","Poisoned Stab+1"],"picked":"PiercingWail","floor":54}],"player_experience":460109,"relics_obtained":[{"floor":7.0,"key":"White Beast Statue"},{"floor":9.0,"key":"Dead Branch"},{"floor":10.0,"key":"Bag of Marbles"},{"floor":26.0,"key":"Tingsha"},{"floor":27.0,"key":"The Courier"},{"floor":30.0,"key":"Frozen Egg 2"},{"floor":40.0,"key":"Gremlin Horn"},{"floor":42.0,"key":"InkBottle"},{"floor":54,"key":"Lantern"}],"event_choices":[{"damage_healed":0.0,"max_hp_gain":0.0,"max_hp_loss":0.0,"gold_gain":0.0,"event_name":"Living Wall","player_choice":"Grow","floor":5.0,"gold_loss":0.0,"damage_taken":0.0,"cards_upgraded":["Cloak And Dagger"]},{"cards_removed":["Strike_G"],"damage_healed":0.0,"max_hp_gain":0.0,"max_hp_loss":0.0,"gold_gain":0.0,"event_name":"Golden Wing","player_choice":"Card Removal","floor":13.0,"gold_loss":0.0,"damage_taken":7.0},{"damage_healed":0.0,"max_hp_gain":0.0,"max_hp_loss":0.0,"gold_gain":0.0,"event_name":"Knowing Skull","player_choice":"","floor":31.0,"potions_obtained":[],"gold_loss":0.0,"damage_taken":6.0,"cards_obtained":[]},{"damage_healed":0.0,"max_hp_gain":0.0,"max_hp_loss":0.0,"gold_gain":0.0,"event_name":"Duplicator","player_choice":"Copied","floor":37.0,"gold_loss":0.0,"damage_taken":0.0,"cards_obtained":["Adrenaline"]},{"cards_removed":["Defend_G"],"damage_healed":0.0,"max_hp_gain":0.0,"max_hp_loss":0.0,"gold_gain":0.0,"event_name":"Falling","player_choice":"Removed Skill","floor":39.0,"gold_loss":0.0,"damage_taken":0.0},{"cards_removed":["Defend_G"],"damage_healed":0.0,"max_hp_gain":0.0,"max_hp_loss":0.0,"gold_gain":0.0,"event_name":"Purifier","player_choice":"Purged","floor":45.0,"gold_loss":0.0,"damage_taken":0.0}],"is_beta":false,"boss_relics":[{"not_picked":["Calling Bell","Black Star"],"picked":"Ectoplasm"},{"not_picked":["Snecko Eye","Empty Cage"],"picked":"Cursed Key"}],"items_purged_floors":[2,4],"is_endless":false,"potions_floor_spawned":[7,10,11,14,16,18,20,21,22,24,27,28,29,30,33,35,36,38,40,42,46,47,48,54],"ascension_level":5}}