{"host":"a484oiac96svwyi6","time":1607618772,"event":{"mods":["2.2 Compatiblity","BaseMod","AchievementEnabler","Act Like it!","StSLib","Astrologer","Better Altar","Better Match","Better Sensory Stone","Better Skull","Better Third Choice","Better-Laid Plans","BetterRewards","Block Reminder","Clawfect","Colored Map","Colored Powertips","Conjunction","Conspire","Custom Start","Dio Mod","Displayed Cursed Tome","Duelist Mod","GifTheSpireLib","Gold Saver","Googly Eyes","Hallownest","Hubris","Infinite Spire","Ironclad Rager","Jorbs\u0027s Wanderer Trilogy","Melee Mod","Menagerie","Minty Spire (QoL Compilation)","Quick Restart","RNG Fix","Random Character Button","Relic Filter","Relic Sorter","Relic Stats","Replay The Spire","Retaliation","Shop Mod","Small Relic Pack","Spikes Relics","Stuff the Spire","SuperFastMode","The Fake Hero","The Necromancer","The Poker Player","TheHero","Uncapped","Virulent Crown","[JumpMod]????","everything is the same but u backflip on backflip","vexMod","Spire Birthday Party","Transform Curses"],"gold_per_floor":[1247,1247,1261,1281,1281,1294,1309,979,979,979,1005,1025,1055,1069,1069,1165,1165,1184,1204,1221,1238,1238,1564,1495,1505,1529,1561,1201,1218,1250,1269,1269,1367,1367,1385,1385,1401,1411,1411,1411,1438,1247,1247,1267,1300,1300,1300,767,767,767],"floor_reached":51,"playtime":3066,"items_purged":[],"score":1381,"play_id":"59100308-ea37-426c-b171-1d3f1f557b16","local_time":"20201210114612","is_ascension_mode":false,"campfire_choices":[{"data":"dioMod:MudaMudaMuda","floor":15.0,"key":"SMITH"},{"data":"dioMod:MudaMudaMuda","floor":32,"key":"SMITH"},{"data":"dioMod:DominatingPresence","floor":40,"key":"SMITH"},{"data":"dioMod:Muda","floor":46,"key":"SMITH"},{"data":"dioMod:MudaMudaMuda","floor":49,"key":"SMITH"}],"circlet_count":0,"master_deck":["dioMod:Strike","dioMod:Strike","dioMod:Strike","dioMod:Strike","Bite","dioMod:Defend","dioMod:Defend","dioMod:Defend","dioMod:Defend","dioMod:MudaMudaMuda+1","dioMod:Muda+1","dioMod:Muda","dioMod:MudaMudaMuda+1","dioMod:BloodSplash","dioMod:DominatingPresence+1","dioMod:BloodShield","dioMod:Muda","dioMod:DoubleTime","dioMod:Muda","dioMod:BloodShield","dioMod:Muda","dioMod:MudaMudaMuda+1","dioMod:Pluck+1","dioMod:Muda+1","dioMod:Muda","dioMod:CautiousMuda+1","dioMod:MudaMudaMuda+1","dioMod:DominatingPresence"],"special_seed":0,"relics":["dioMod:VampireBlood","ReplayTheSpireMod:EnergyBall","HowToJump","Lantern","vexMod:Spyglass","BlackRope","hubris:SlimyHat","MerchantsRug","Shuriken","CaptainsWheel","StuffTheSpire:Barrel","Ornamental Fan","Busted Crown","Old Coin","Strawberry","StuffTheSpire:HeavyRock","infinitespire:BottledMercury","Boot","SlaversCollar","StuffTheSpire:DarkSteelAnvil","Simple Rune","vexMod:Dragonfruit","Turnip","hubris:Icosahedron","conspire:Dentures","Replay:Baseball"],"acts_visited":["Exordium","TheCity","TheBeyond"],"potions_floor_usage":[45,50],"damage_taken":[{"damage":0.0,"enemies":"Jaw Worm","floor":1.0,"turns":2.0},{"damage":0.0,"enemies":"2 Louse","floor":3.0,"turns":2.0},{"damage":0.0,"enemies":"Cultist","floor":4.0,"turns":2.0},{"damage":7.0,"enemies":"Red Slaver","floor":6.0,"turns":3.0},{"damage":5.0,"enemies":"3 Louse","floor":7.0,"turns":3.0},{"damage":5.0,"enemies":"Replay:BlueRogue","floor":11.0,"turns":3.0},{"damage":9.0,"enemies":"Exordium Thugs","floor":12.0,"turns":3.0},{"damage":1.0,"enemies":"Lagavulin","floor":13.0,"turns":4.0},{"damage":1.0,"enemies":"conspire:2 RoseBushes","floor":14.0,"turns":3.0},{"damage":0.0,"enemies":"Slime Boss","floor":16.0,"turns":2.0},{"damage":3.0,"enemies":"2 Thieves","floor":18.0,"turns":3.0},{"damage":0.0,"enemies":"3 Byrds","floor":19.0,"turns":4.0},{"damage":7.0,"enemies":"Snecko","floor":20.0,"turns":3.0},{"damage":0.0,"enemies":"Sentry and Sphere","floor":21.0,"turns":2.0},{"damage":0,"enemies":"Replay:Snechameleon","floor":23,"turns":1},{"damage":1,"enemies":"Snake Plant","floor":25,"turns":3},{"damage":1,"enemies":"Slavers","floor":27,"turns":2},{"damage":2,"enemies":"Centurion and Healer","floor":29,"turns":3},{"damage":0,"enemies":"theDuelist:KaibaA2","floor":30,"turns":2},{"damage":13,"enemies":"conspire:HollyBat","floor":31,"turns":6},{"damage":0,"enemies":"conspire:MysteriousRune","floor":33,"turns":3},{"damage":10,"enemies":"3 Shapes","floor":35,"turns":3},{"damage":2,"enemies":"3 Darklings","floor":37,"turns":3},{"damage":6,"enemies":"Sphere and 2 Shapes","floor":38,"turns":4},{"damage":31,"enemies":"Nemesis","floor":41,"turns":3},{"damage":0,"enemies":"Maw","floor":44,"turns":4},{"damage":9,"enemies":"Reptomancer","floor":45,"turns":3},{"damage":0,"enemies":"Jotaro","floor":50,"turns":3}],"seed_played":"-4226185357746713359","potions_obtained":[{"floor":1.0,"key":"AttackPotion"},{"floor":3.0,"key":"PowerPotion"},{"floor":7.0,"key":"SpeedPotion"},{"floor":31,"key":"dioMod:HumanBlood"}],"is_trial":false,"path_per_floor":["M","?","M","M","$","M","M","$","T","$","E","M","E","M","R","B",null,"M","M","M","M","?","E","$","M","T","E","$","M","E","M","R","B",null,"M","AVR","M","M","?","R","E","$","T","M","E","R","?","$","R","B",null],"character_chosen":"THE_DEFAULT","items_purchased":["Lantern","vexMod:Spyglass","dioMod:MudaMudaMuda+1","dioMod:Muda","BlackRope","hubris:SlimyHat","MerchantsRug","dioMod:Muda","dioMod:DoubleTime","Shuriken","dioMod:MudaMudaMuda","infinitespire:BottledMercury","dioMod:Pluck+1","dioMod:Muda","Simple Rune","dioMod:MudaMudaMuda","conspire:Dentures","dioMod:DominatingPresence","Replay:Baseball"],"campfire_rested":0,"item_purchase_floors":[0,0,0,0,0,0,0,0,8,8,24,28,28,42,42,48,48,48,48],"current_hp_per_floor":[75,75,75,75,75,71,75,75,75,75,73,74,75,75,75,75,75,75,75,71,75,75,75,75,75,82,82,82,82,82,74,74,77,82,79,79,82,82,82,82,54,54,59,64,69,69,69,69,69,74],"gold":767,"neow_bonus":"","is_daily":false,"chose_seed":false,"campfire_upgraded":5,"win_rate":0,"timestamp":1607618772,"path_taken":["M","?","?","M","$","M","M","?","T","$","E","M","E","M","R","BOSS","M","M","M","M","?","E","?","M","T","E","$","M","E","M","R","BOSS","M","AVR","M","M","?","R","E","?","T","?","E","R","?","$","R","BOSS"],"build_version":"2020-11-30","purchased_purges":0,"victory":true,"max_hp_per_floor":[75,75,75,75,75,75,75,75,75,75,75,75,75,75,75,75,75,75,75,75,75,75,75,75,75,82,82,82,82,82,82,82,82,82,82,82,82,82,82,82,82,82,87,87,87,87,87,87,87,87],"relic_stats":{"Busted Crown":42,"counters":[94,351],"Shuriken":[62],"Ornamental Fan":[220],"Turnip":[0],"Boot":[0],"obtain_stats":[{"infinitespire:BottledMercury":28,"StuffTheSpire:Barrel":11,"Gremlin Horn":46,"Whetstone":8,"Ginger":9,"Boot":0,"Old Coin":23,"Replay:Wanted Poster":17,"Blood Vial":19,"vexMod:InvisibilityCloak":24,"DollysMirror":10,"Strawberry":26,"Replay:Bottled Steam":7,"conspire:Dentures":27,"Girya":20,"MerchantsRug":0,"Replay:Grab Bag":17,"Oddly Smooth Stone":0,"Pen Nib":45,"Letter Opener":26,"BlackRope":0,"War Paint":4,"Question Card":24,"Akabeko":0,"relicPack:EdsArm":5,"SlaversCollar":34,"Bottled Flame":45,"Replay:Baseball":50,"relicPack:KazumaCape":34,"dioMod:VampireBlood":0,"Shuriken":8,"StuffTheSpire:DarkSteelAnvil":41,"Simple Rune":42,"ReplayTheSpireMod:TigerMarble":28,"infinitespire:EmpoweringShard":23,"ReplayTheSpireMod:DimensionalGlitch":38,"vexMod:ImprovementManual":28,"SnailShell":38,"Lantern":0,"SacredBark":17,"RetroEgg":30,"Rawhide":11,"conspire:SpecialSausage":17,"Replay:Multitool":40,"hubris:SlimyHat":0,"Smiling Mask":11,"Empty Cage":17,"vexMod:Spyglass":0,"Replay:Rubber Ducky":9,"ReplayTheSpireMod:EnergyBall":36,"StuffTheSpire:RunicConfusion":17,"Frozen Eye":14,"Nunchaku":44,"Replay:Bandana":0,"hubris:Icosahedron":19,"Shovel":30,"StuffTheSpire:HeavyRock":6,"Toolbox":0,"MiniBlackHole":26,"hubris:FunFungus":9,"Gremlin Food":10,"HowToJump":0,"StuffTheSpire:Expresso":11,"MawBank":13,"vexMod:Dragonfruit":43,"Pondfish Scales":26,"CaptainsWheel":9,"Busted Crown":17,"StuffTheSpire:Mouthbags":43,"Ornamental Fan":13,"betterThird:SlimedRelic":3,"Bloody Idol":19,"StuffTheSpire:CocoNut":44,"Turnip":0,"ReplayTheSpireMod:Lightbulb":8,"FossilizedHelix":42},{"infinitespire:BottledMercury":83,"StuffTheSpire:Barrel":72,"Gremlin Horn":63,"Whetstone":4,"Ginger":28,"Boot":25,"Old Coin":81,"Replay:Wanted Poster":8,"Blood Vial":47,"vexMod:InvisibilityCloak":11,"DollysMirror":43,"Strawberry":82,"Replay:Bottled Steam":43,"conspire:Dentures":36,"Girya":9,"MerchantsRug":66,"Replay:Grab Bag":8,"Oddly Smooth Stone":25,"Pen Nib":62,"Letter Opener":12,"BlackRope":66,"War Paint":41,"Question Card":35,"Akabeko":39,"relicPack:EdsArm":26,"SlaversCollar":55,"Bottled Flame":21,"Replay:Baseball":65,"relicPack:KazumaCape":16,"dioMod:VampireBlood":0,"Shuriken":71,"StuffTheSpire:DarkSteelAnvil":91,"Simple Rune":91,"ReplayTheSpireMod:TigerMarble":13,"infinitespire:EmpoweringShard":50,"ReplayTheSpireMod:DimensionalGlitch":18,"vexMod:ImprovementManual":13,"SnailShell":18,"Lantern":66,"SacredBark":8,"RetroEgg":14,"Rawhide":28,"conspire:SpecialSausage":31,"Replay:Multitool":19,"hubris:SlimyHat":66,"Smiling Mask":5,"Empty Cage":8,"vexMod:Spyglass":66,"Replay:Rubber Ducky":4,"ReplayTheSpireMod:EnergyBall":88,"StuffTheSpire:RunicConfusion":8,"Frozen Eye":45,"Nunchaku":21,"Replay:Bandana":25,"hubris:Icosahedron":9,"Shovel":53,"StuffTheSpire:HeavyRock":3,"Toolbox":25,"MiniBlackHole":35,"hubris:FunFungus":43,"Gremlin Food":43,"HowToJump":0,"StuffTheSpire:Expresso":28,"MawBank":45,"vexMod:Dragonfruit":91,"Pondfish Scales":51,"CaptainsWheel":71,"Busted Crown":76,"StuffTheSpire:Mouthbags":20,"Ornamental Fan":74,"betterThird:SlimedRelic":1,"Bloody Idol":47,"StuffTheSpire:CocoNut":62,"Turnip":25,"ReplayTheSpireMod:Lightbulb":43,"FossilizedHelix":60},{"infinitespire:BottledMercury":314,"StuffTheSpire:Barrel":284,"Gremlin Horn":257,"Whetstone":21,"Ginger":96,"Boot":81,"Old Coin":309,"Replay:Wanted Poster":32,"Blood Vial":191,"vexMod:InvisibilityCloak":40,"DollysMirror":169,"Strawberry":312,"Replay:Bottled Steam":169,"conspire:Dentures":140,"Girya":35,"MerchantsRug":269,"Replay:Grab Bag":32,"Oddly Smooth Stone":81,"Pen Nib":254,"Letter Opener":42,"BlackRope":269,"War Paint":160,"Question Card":137,"Akabeko":154,"relicPack:EdsArm":84,"SlaversCollar":227,"Bottled Flame":66,"Replay:Baseball":263,"relicPack:KazumaCape":51,"dioMod:VampireBlood":0,"Shuriken":281,"StuffTheSpire:DarkSteelAnvil":341,"Simple Rune":341,"ReplayTheSpireMod:TigerMarble":43,"infinitespire:EmpoweringShard":204,"ReplayTheSpireMod:DimensionalGlitch":53,"vexMod:ImprovementManual":43,"SnailShell":53,"Lantern":269,"SacredBark":32,"RetroEgg":45,"Rawhide":96,"conspire:SpecialSausage":114,"Replay:Multitool":57,"hubris:SlimyHat":269,"Smiling Mask":24,"Empty Cage":32,"vexMod:Spyglass":269,"Replay:Rubber Ducky":21,"ReplayTheSpireMod:EnergyBall":331,"StuffTheSpire:RunicConfusion":32,"Frozen Eye":176,"Nunchaku":66,"Replay:Bandana":81,"hubris:Icosahedron":35,"Shovel":214,"StuffTheSpire:HeavyRock":14,"Toolbox":81,"MiniBlackHole":137,"hubris:FunFungus":169,"Gremlin Food":169,"HowToJump":0,"StuffTheSpire:Expresso":96,"MawBank":176,"vexMod:Dragonfruit":341,"Pondfish Scales":207,"CaptainsWheel":281,"Busted Crown":296,"StuffTheSpire:Mouthbags":61,"Ornamental Fan":291,"betterThird:SlimedRelic":3,"Bloody Idol":191,"StuffTheSpire:CocoNut":254,"Turnip":81,"ReplayTheSpireMod:Lightbulb":169,"FossilizedHelix":249}]},"card_choices":[{"not_picked":["dioMod:DaggerSpree","dioMod:DarkRebirth"],"picked":"dioMod:MudaMudaMuda","floor":1.0},{"not_picked":["dioMod:DarkRebirth","dioMod:HeavyLifting"],"picked":"dioMod:BloodSplash","floor":3.0},{"not_picked":["dioMod:CautiousMuda","dioMod:SecretPlan"],"picked":"dioMod:DominatingPresence","floor":4.0},{"not_picked":["dioMod:CoffinBath","dioMod:Minions"],"picked":"dioMod:BloodShield","floor":6.0},{"not_picked":["dioMod:VengefulMuda","dioMod:Roundabout"],"picked":"dioMod:Muda","floor":7.0},{"not_picked":["dioMod:VengefulMuda","dioMod:BloodTransfusion","dioMod:HeavyLifting"],"picked":"SKIP","floor":11.0},{"not_picked":["dioMod:StreetSign","dioMod:CutDeep","dioMod:SlashThroughTime"],"picked":"SKIP","floor":12.0},{"not_picked":["dioMod:Freeze","dioMod:CoffinBath"],"picked":"dioMod:Muda","floor":13.0},{"not_picked":["dioMod:TripleThreat","dioMod:FlyAway","dioMod:HeavyLifting"],"picked":"SKIP","floor":14.0},{"not_picked":[],"picked":"dioMod:BloodShield","floor":18.0},{"not_picked":[],"picked":"dioMod:Muda","floor":19.0},{"not_picked":["dioMod:BloodTransfusion"],"picked":"SKIP","floor":20.0},{"not_picked":["dioMod:ComposedMuda"],"picked":"SKIP","floor":21.0},{"not_picked":["dioMod:Diversion"],"picked":"SKIP","floor":23},{"not_picked":["dioMod:BlendIn"],"picked":"SKIP","floor":25},{"not_picked":["dioMod:LaserVision"],"picked":"SKIP","floor":27},{"not_picked":["dioMod:Hiss+1"],"picked":"SKIP","floor":29},{"not_picked":["dioMod:StreetSign"],"picked":"SKIP","floor":30},{"not_picked":["dioMod:BloodSplash"],"picked":"SKIP","floor":31},{"not_picked":["dioMod:TripleThreat"],"picked":"SKIP","floor":35},{"not_picked":[],"picked":"dioMod:Muda+1","floor":37},{"not_picked":["dioMod:ComposedMuda"],"picked":"SKIP","floor":38},{"not_picked":["dioMod:DoubleTime"],"picked":"SKIP","floor":41},{"not_picked":["dioMod:BlendIn"],"picked":"SKIP","floor":44},{"not_picked":[],"picked":"dioMod:CautiousMuda+1","floor":45}],"player_experience":279059,"relics_obtained":[{"floor":9.0,"key":"CaptainsWheel"},{"floor":11.0,"key":"StuffTheSpire:Barrel"},{"floor":13.0,"key":"Ornamental Fan"},{"floor":23,"key":"Old Coin"},{"floor":26,"key":"Strawberry"},{"floor":27,"key":"StuffTheSpire:HeavyRock"},{"floor":30,"key":"Boot"},{"floor":41,"key":"StuffTheSpire:DarkSteelAnvil"},{"floor":43,"key":"vexMod:Dragonfruit"},{"floor":45,"key":"Turnip"}],"event_choices":[{"damage_healed":0.0,"max_hp_gain":0.0,"max_hp_loss":0.0,"gold_gain":0.0,"event_name":"conspire:Investor","player_choice":"Leave","floor":22.0,"gold_loss":0.0,"damage_taken":0.0}],"is_beta":false,"boss_relics":[{"not_picked":["hubris:Stopwatch","Fusion Hammer"],"picked":"Busted Crown"},{"not_picked":["vexMod:EndlessSickness","ReplayTheSpireMod:SealedPack"],"picked":"SlaversCollar"}],"items_purged_floors":[],"is_endless":false,"potions_floor_spawned":[1,3,7,12,13,16,23,27,29,31,33,35,41,45],"ascension_level":0}}