{"host":"vd5put2n5b3t1prw","time":1607587641,"event":{"gold_per_floor":[117,127,302,0,14,14,43,63,89,202,219,233,233,243,243,346,346,359,359,24,41,3,3,33,33,88,88,104,123,123,142,142,238,238,250,268,287,287,20,20,1,1,1,1,13,13,13,30,30,30,30,30,30,61,61],"floor_reached":56,"playtime":7872,"items_purged":["Guardian:Strike_Guardian","Guardian:CurlUp","Doubt","Guardian:Strike_Guardian"],"score":1494,"play_id":"bb20a927-af5f-4d37-bcdd-adeb3adc85eb","local_time":"20201210020721","is_ascension_mode":false,"campfire_choices":[{"data":"Guardian:TimeBomb","floor":6,"key":"SMITH"},{"floor":13,"key":"REST"},{"data":"expansioncontent:Collect","floor":15,"key":"SMITH"},{"data":"Guardian:SpikerProtocol","floor":27,"key":"SMITH"},{"data":"Guardian:BaubleBeam","floor":32,"key":"SMITH"},{"floor":40,"key":"RECALL"},{"data":"Guardian:SentryBeam","floor":44,"key":"SMITH"},{"data":"Guardian:StasisStrike","floor":46,"key":"SMITH"},{"floor":49,"key":"REST"},{"data":"Guardian:Repulse","floor":53,"key":"SMITH"}],"neow_cost":"","seed_source_timestamp":80282533736100,"circlet_count":0,"master_deck":["Guardian:Strike_Guardian","Guardian:Defend_Guardian","Guardian:Defend_Guardian","Guardian:Defend_Guardian","Guardian:Defend_Guardian","Guardian:TwinSlam+1","Guardian:BronzeArmor","Guardian:PrismaticBeam","Guardian:Suspension","expansioncontent:Collect+1","Guardian:Emergency","Guardian:ArmoredProtocol","Guardian:Repulse+1","Guardian:TimeBomb+1","Guardian:Preprogram+1","Guardian:PiercingHide+1","Guardian:Harden+1","Guardian:PiercingHide+1","Guardian:DecasProtection+1","Guardian:BaubleBeam+1","Guardian:WalkerClaw+1","Guardian:ChargeUp+1","Guardian:RollAttack","Metamorphosis+1","expansioncontent:Collect","Guardian:StasisField+1","Guardian:TimeBomb+1","Guardian:SpikerProtocol+1","Guardian:EvasiveProtocol+1","Guardian:EvasiveProtocol","Guardian:ArmoredProtocol","Guardian:FastForward+1","CurseOfTheBell","Guardian:TemporalShield+1","Guardian:Clone+1","Guardian:SentryBeam+1","Apotheosis+1","Guardian:SpikerProtocol","Guardian:StasisStrike+1","Guardian:Emergency+1","Barricade+1"],"relics":["Guardian:ModeShifter","Hammer of Thor","Seething Fire","Anvil of the Gods","Guardian:PickAxe","Membership Card","Guardian:SackOfGems","Guardian:BottledStasis","Incense Burner","Toxic Egg 2","Oddly Smooth Stone","HandDrill","Pen Nib","Art of War","Sozu","MealTicket","Ancient Tea Set","Blood Vial","Calling Bell","Bag of Marbles","Mercury Hourglass","Du-Vu Doll","TungstenRod","Whetstone","Dream Catcher","Boot","Ornamental Fan"],"potions_floor_usage":[12],"damage_taken":[{"damage":0,"enemies":"Small Slimes","floor":1,"turns":4},{"damage":9,"enemies":"Cultist","floor":2,"turns":6},{"damage":11,"enemies":"Jaw Worm","floor":5,"turns":5},{"damage":20,"enemies":"Gremlin Nob","floor":7,"turns":5},{"damage":0,"enemies":"Exordium Wildlife","floor":8,"turns":4},{"damage":2,"enemies":"Exordium Thugs","floor":11,"turns":4},{"damage":0,"enemies":"3 Louse","floor":12,"turns":2},{"damage":0,"enemies":"Gremlin Gang","floor":14,"turns":5},{"damage":10,"enemies":"Hexaghost","floor":16,"turns":9},{"damage":12,"enemies":"Spheric Guardian","floor":18,"turns":5},{"damage":0,"enemies":"3 Byrds","floor":21,"turns":4},{"damage":0,"enemies":"Book of Stabbing","floor":24,"turns":5},{"damage":0,"enemies":"Snecko","floor":28,"turns":5},{"damage":2,"enemies":"Snake Plant","floor":29,"turns":5},{"damage":5,"enemies":"3 Cultists","floor":31,"turns":4},{"damage":2,"enemies":"Champ","floor":33,"turns":8},{"damage":0,"enemies":"Orb Walker","floor":35,"turns":4},{"damage":2,"enemies":"3 Shapes","floor":36,"turns":3},{"damage":0,"enemies":"Maw","floor":37,"turns":8},{"damage":2,"enemies":"Transient","floor":45,"turns":5},{"damage":21,"enemies":"Spire Growth","floor":48,"turns":5},{"damage":34,"enemies":"Time Eater","floor":50,"turns":10},{"damage":8,"enemies":"Shield and Spear","floor":54,"turns":7},{"damage":37,"enemies":"The Heart","floor":55,"turns":11}],"seed_played":"-7249087508819675324","potions_obtained":[{"floor":2,"key":"Explosive Potion"},{"floor":11,"key":"SmokeBomb"},{"floor":14,"key":"Strength Potion"},{"floor":16,"key":"AttackPotion"}],"is_trial":false,"path_per_floor":["M","M","?","$","M","R","E","M","T","?","M","M","R","M","R","B",null,"M","?","$","M","$","R","E","?","T","R","M","M","?","M","R","B",null,"M","M","M","?","$","R","$","?","T","R","M","R","?","M","R","B",null,"$","R","E","B",null],"character_chosen":"GUARDIAN","items_purchased":["Guardian:BronzeArmor","Guardian:PickAxe","Membership Card","Guardian:PrismaticBeam","Guardian:SackOfGems","Guardian:Suspension","expansioncontent:Collect","Guardian:BottledStasis","Guardian:Emergency","Guardian:ArmoredProtocol","Incense Burner","Toxic Egg 2","Guardian:Preprogram+1","Oddly Smooth Stone","HandDrill","MealTicket","Guardian:RollAttack","Metamorphosis+1","expansioncontent:Collect","Ancient Tea Set","TungstenRod","Whetstone","Guardian:SentryBeam","Apotheosis+1","Guardian:SpikerProtocol"],"campfire_rested":2,"item_purchase_floors":[0,0,0,0,0,0,0,0,0,0,4,4,4,4,4,20,20,20,20,22,39,39,39,39,41],"current_hp_per_floor":[80,71,71,71,60,60,40,40,40,31,29,29,53,53,53,43,80,68,68,68,68,80,80,80,80,80,80,80,78,78,75,75,75,80,80,78,80,80,80,80,80,80,80,80,78,78,78,59,80,46,80,80,80,72,37],"gold":61,"neow_bonus":"","is_prod":false,"is_daily":false,"chose_seed":false,"campfire_upgraded":7,"win_rate":1,"timestamp":1607587641,"path_taken":["M","M","?","$","M","R","E","M","T","?","?","M","R","M","R","BOSS","M","?","$","M","?","R","E","?","T","R","M","M","?","?","R","BOSS","M","M","M","?","$","R","?","?","T","R","M","R","?","?","R","BOSS","$","R","E","BOSS"],"build_version":"2020-11-30","purchased_purges":4,"victory":true,"max_hp_per_floor":[80,80,80,80,80,80,80,80,80,80,80,80,80,80,80,80,80,80,80,80,80,80,80,80,80,80,80,80,80,80,80,80,80,80,80,80,80,80,80,80,80,80,80,80,80,80,80,80,80,80,80,80,80,80,80],"relic_stats":{"counters":[54,217],"Pen Nib":[32],"Whetstone":["Guardian:TwinSlam","Guardian:Harden"],"Boot":[0],"Mercury Hourglass":[170],"Sozu":6,"Blood Vial":10,"Dream Catcher":1,"Ornamental Fan":[20],"MealTicket":12,"HandDrill":[30],"Art of War":[17],"obtain_stats":[{"Ice Cream":36,"Vajra":35,"downfall:HeartBlessingGreen":18,"Guardian:SackOfGems":0,"Hammer of Thor":0,"Whetstone":39,"Boot":47,"Guardian:PickAxe":6,"Sozu":17,"Blood Vial":24,"HornCleat":25,"MealTicket":20,"HandDrill":4,"Toxic Egg 2":4,"Guardian:BottledStasis":0,"Pear":41,"Blue Candle":31,"Guardian:ModeShifter":0,"Oddly Smooth Stone":4,"Pen Nib":30,"Letter Opener":47,"Question Card":7,"Du-Vu Doll":34,"Anvil of the Gods":0,"Bird Faced Urn":42,"Nloth\u0027s Gift":21,"Lantern":8,"Guardian:StasisSlotReductionRelic":34,"Guardian:ModeShifterPlus":17,"Singing Bowl":24,"Incense Burner":4,"PrismaticShard":47,"Ancient Tea Set":22,"Dream Catcher":43,"Shovel":0,"downfall:HeartBlessingBlue":23,"Mummified Hand":40,"Tiny Chest":9,"Potion Belt":10,"downfall:HeartBlessingRed":23,"PreservedInsect":5,"Seething Fire":0,"MawBank":43,"Mercury Hourglass":34,"Peace Pipe":27,"Calling Bell":34,"Ornamental Fan":54,"Turnip":23,"Art of War":38,"Bag of Marbles":34,"Membership Card":0,"TungstenRod":39},{"Ice Cream":20,"Vajra":19,"downfall:HeartBlessingGreen":10,"Guardian:SackOfGems":30,"Hammer of Thor":0,"Whetstone":49,"Boot":50,"Guardian:PickAxe":4,"Sozu":39,"Blood Vial":42,"HornCleat":12,"MealTicket":40,"HandDrill":32,"Toxic Egg 2":32,"Guardian:BottledStasis":30,"Pear":23,"Blue Candle":17,"Guardian:ModeShifter":0,"Oddly Smooth Stone":32,"Pen Nib":17,"Letter Opener":27,"Question Card":4,"Du-Vu Doll":46,"Anvil of the Gods":0,"Bird Faced Urn":23,"Nloth\u0027s Gift":10,"Lantern":5,"Guardian:StasisSlotReductionRelic":19,"Guardian:ModeShifterPlus":10,"Singing Bowl":11,"Incense Burner":32,"PrismaticShard":27,"Ancient Tea Set":41,"Dream Catcher":49,"Shovel":0,"downfall:HeartBlessingBlue":11,"Mummified Hand":23,"Tiny Chest":5,"Potion Belt":6,"downfall:HeartBlessingRed":11,"PreservedInsect":4,"Seething Fire":0,"MawBank":24,"Mercury Hourglass":46,"Peace Pipe":14,"Calling Bell":46,"Ornamental Fan":53,"Turnip":11,"Art of War":22,"Bag of Marbles":46,"Membership Card":30,"TungstenRod":49},{"Ice Cream":64,"Vajra":61,"downfall:HeartBlessingGreen":37,"Guardian:SackOfGems":86,"Hammer of Thor":0,"Whetstone":179,"Boot":184,"Guardian:PickAxe":20,"Sozu":129,"Blood Vial":143,"HornCleat":41,"MealTicket":134,"HandDrill":96,"Toxic Egg 2":96,"Guardian:BottledStasis":86,"Pear":69,"Blue Candle":56,"Guardian:ModeShifter":0,"Oddly Smooth Stone":96,"Pen Nib":56,"Letter Opener":79,"Question Card":20,"Du-Vu Doll":164,"Anvil of the Gods":0,"Bird Faced Urn":69,"Nloth\u0027s Gift":37,"Lantern":25,"Guardian:StasisSlotReductionRelic":61,"Guardian:ModeShifterPlus":37,"Singing Bowl":40,"Incense Burner":96,"PrismaticShard":79,"Ancient Tea Set":138,"Dream Catcher":179,"Shovel":0,"downfall:HeartBlessingBlue":40,"Mummified Hand":69,"Tiny Chest":25,"Potion Belt":28,"downfall:HeartBlessingRed":40,"PreservedInsect":20,"Seething Fire":0,"MawBank":72,"Mercury Hourglass":164,"Peace Pipe":47,"Calling Bell":164,"Ornamental Fan":206,"Turnip":40,"Art of War":66,"Bag of Marbles":164,"Membership Card":86,"TungstenRod":179}],"TungstenRod":18},"card_choices":[{"not_picked":["Guardian:VentSteam","Guardian:TemporalStrike"],"picked":"Guardian:Repulse","floor":1},{"not_picked":["Guardian:RollAttack","Guardian:Planning"],"picked":"Guardian:TimeBomb","floor":2},{"not_picked":["Guardian:Gem_Fragmented","Guardian:ChargeCore"],"picked":"Guardian:PiercingHide+1","floor":5},{"not_picked":["Guardian:Clone+1","Guardian:Gem_Cyan"],"picked":"Guardian:Harden","floor":7},{"not_picked":["Guardian:TemporalStrike","Guardian:Gem_Green","Guardian:Harden"],"picked":"SKIP","floor":8},{"not_picked":["Guardian:Reroute","Guardian:BronzeOrb","Guardian:Suspension+1"],"picked":"SKIP","floor":11},{"not_picked":["Guardian:Suspension+1","Guardian:ChargeCore"],"picked":"Guardian:PiercingHide+1","floor":12},{"not_picked":["Guardian:ExploitGems+1","Guardian:VentSteam+1"],"picked":"Guardian:DecasProtection+1","floor":14},{"not_picked":["Guardian:Gem_Red","Guardian:Gem_Green"],"picked":"Guardian:Gem_Fragmented","floor":16},{"not_picked":["Guardian:WeakpointTargeting+1","Guardian:GemFire"],"picked":"Guardian:BaubleBeam","floor":16},{"not_picked":["Guardian:Incinerate","Guardian:Gem_Green"],"picked":"Guardian:WalkerClaw+1","floor":18},{"not_picked":["Guardian:Planning+1","Guardian:Gem_Fragmented"],"picked":"Guardian:StasisField+1","floor":21},{"not_picked":["Guardian:ChargeCore+1","Guardian:Planning+1"],"picked":"Guardian:TimeBomb+1","floor":24},{"not_picked":["Guardian:Gem_Green","Guardian:Gem_Red"],"picked":"Guardian:Gem_Cyan","floor":28},{"not_picked":["Guardian:CrystalBeam","Guardian:FastForward+1","Guardian:EvasiveProtocol+1"],"picked":"SKIP","floor":28},{"not_picked":["Guardian:CrystalBeam","Guardian:FastForward+1"],"picked":"Guardian:EvasiveProtocol+1","floor":28},{"not_picked":["Guardian:Gem_Red","Guardian:Gem_Cyan"],"picked":"Guardian:Gem_Fragmented","floor":29},{"not_picked":["Guardian:ShieldCharger+1","Guardian:ChargeCore"],"picked":"Guardian:EvasiveProtocol","floor":29},{"not_picked":["Guardian:PrimingBeam","Guardian:FloatingOrbs"],"picked":"Guardian:ArmoredProtocol","floor":31},{"not_picked":["Guardian:WeakpointTargeting+1","Guardian:Gem_Synthetic"],"picked":"Guardian:FastForward+1","floor":33},{"not_picked":["Guardian:RollAttack+1","Guardian:ChargeCore"],"picked":"Guardian:TemporalShield+1","floor":35},{"not_picked":["Guardian:Recover+1","Guardian:CrystalBeam+1"],"picked":"Guardian:Gem_Fragmented","floor":36},{"not_picked":["Guardian:PiercingHide+1","Guardian:PolyBeam"],"picked":"Guardian:Clone+1","floor":37},{"not_picked":["Guardian:Gem_Fragmented","Guardian:PrismaticBeam"],"picked":"Guardian:StasisStrike","floor":45},{"not_picked":["Guardian:Repulse","Guardian:VentSteam+1"],"picked":"Guardian:Gem_Crimson","floor":48},{"not_picked":["Guardian:WalkerClaw+1","Guardian:Repulse"],"picked":"Guardian:Emergency+1","floor":49},{"not_picked":["Guardian:SentryBeam+1","Guardian:BronzeOrb+1","Guardian:Harden"],"picked":"SKIP","floor":54}],"player_experience":173610,"relics_obtained":[{"floor":7,"key":"Pen Nib"},{"floor":9,"key":"Art of War"},{"floor":24,"key":"Blood Vial"},{"floor":34,"key":"Bag of Marbles"},{"floor":34,"key":"Mercury Hourglass"},{"floor":34,"key":"Du-Vu Doll"},{"floor":43,"key":"Dream Catcher"},{"floor":54,"key":"Ornamental Fan"}],"event_choices":[{"damage_healed":0,"gold_gain":175,"player_choice":"AGREE","damage_taken":127,"max_hp_gain":0,"max_hp_loss":0,"event_name":"betterThird:BetterSerpent","floor":3,"gold_loss":0},{"damage_healed":0,"gold_gain":113,"player_choice":"GO ","damage_taken":10,"relics_obtained":[],"max_hp_gain":0,"max_hp_loss":0,"event_name":"betterSkull:BetterSkull","floor":10,"gold_loss":0,"cards_upgraded":[]},{"cards_removed":["Guardian:TimeBomb"],"damage_healed":0,"gold_gain":0,"player_choice":"Take \u0026 Give","damage_taken":0,"max_hp_gain":0,"max_hp_loss":0,"event_name":"betterNote:BetterNote","floor":19,"gold_loss":0,"cards_obtained":["Guardian:ChargeUp"]},{"damage_healed":0,"gold_gain":0,"player_choice":"Read","damage_taken":0,"max_hp_gain":0,"max_hp_loss":0,"event_name":"The Library","floor":25,"gold_loss":0,"cards_obtained":["Guardian:SpikerProtocol"]},{"damage_healed":0,"gold_gain":0,"player_choice":"Gave Potion","damage_taken":0,"relics_obtained":["Boot"],"max_hp_gain":0,"max_hp_loss":0,"event_name":"WeMeetAgain","floor":47,"gold_loss":0}],"is_beta":false,"boss_relics":[{"not_picked":["Runic Dome","Coffee Dripper"],"picked":"Sozu"},{"not_picked":["Velvet Choker","Runic Pyramid"],"picked":"Calling Bell"}],"items_purged_floors":[0,20,20,39],"is_endless":false,"potions_floor_spawned":[2,11,14,16,24,28,33,35,37,45],"ascension_level":0}}