{"host":"i0avyit1s6jb1siw","time":1607594097,"event":{"gold_per_floor":[118,135,1,1,1,28,28,62,62,62,62,78,78,97,97,175,175,192,192,203,103,120,154,65,79,79,131,131,162,173,186,186,269,369,383,383,443,465,518,558,164,201,201,232,232,276,276,276,285,285,285],"floor_reached":50,"playtime":3174,"items_purged":["Strike_G","Strike_G","Strike_G"],"score":1408,"play_id":"96f50756-4ac6-46a0-93eb-f358e9a7d6db","local_time":"20201210105457","is_ascension_mode":true,"campfire_choices":[{"data":"Cloak And Dagger","floor":7,"key":"SMITH"},{"data":"Blade Dance","floor":11,"key":"SMITH"},{"floor":15,"key":"RECALL"},{"data":"Adrenaline","floor":28,"key":"SMITH"},{"data":"Well Laid Plans","floor":32,"key":"SMITH"},{"data":"A Thousand Cuts","floor":45,"key":"SMITH"},{"data":"Tactician","floor":49,"key":"SMITH"}],"neow_cost":"NONE","seed_source_timestamp":113551838012900,"circlet_count":0,"master_deck":["AscendersBane","Defend_G+1","Defend_G+1","Defend_G","Defend_G","Defend_G+1","Survivor","Neutralize+1","Replay:Bag of Tricks+1","Dagger Throw","Cloak And Dagger+1","Backflip","Blade Dance+1","Parasite","Endless Agony","Adrenaline+1","Acrobatics+1","Well Laid Plans+1","Tactician+1","After Image","Tactician+1","Backstab+1","Acrobatics+1","A Thousand Cuts+1","PiercingWail+1","Escape Plan+1","ReplayTheSpireMod:Scrap Shanks"],"special_seed":0,"relics":["Ring of the Snake","Dead Branch","Garlic","Ancient Tea Set","War Paint","SacredBark","Dota2Spire:LotusOrb","Bird Faced Urn","Nunchaku","CeramicFish","Replay:Wanted Poster","Replay:PocketPolymizer","ReplayFunnel","Dota2Spire:PowerTreads","Membership Card","Mango","StrikeDummy","Bag of Marbles","Dota2Spire:DrumOfEndurance"],"potions_floor_usage":[22,23,33,37,37],"damage_taken":[{"damage":0.0,"enemies":"Cultist","floor":1.0,"turns":4.0},{"damage":7.0,"enemies":"2 Louse","floor":2.0,"turns":2.0},{"damage":3.0,"enemies":"Replay:BlueRogue","floor":6.0,"turns":9.0},{"damage":16,"enemies":"Lagavulin","floor":8,"turns":4},{"damage":0,"enemies":"Small Slimes","floor":12,"turns":2},{"damage":0,"enemies":"2 Fungi Beasts","floor":14,"turns":2},{"damage":14,"enemies":"The Guardian","floor":16,"turns":10},{"damage":0,"enemies":"3 Byrds","floor":18,"turns":5},{"damage":7,"enemies":"Shell Parasite","floor":20,"turns":6},{"damage":0,"enemies":"Chosen and Byrds","floor":22,"turns":2},{"damage":0,"enemies":"Slavers","floor":23,"turns":3},{"damage":2,"enemies":"3 Cultists","floor":25,"turns":4},{"damage":0,"enemies":"Replay:Snechameleon","floor":29,"turns":2},{"damage":0,"enemies":"Snecko","floor":30,"turns":4},{"damage":1,"enemies":"Centurion and Healer","floor":31,"turns":5},{"damage":5,"enemies":"Collector","floor":33,"turns":7},{"damage":0,"enemies":"3 Shapes","floor":35,"turns":5},{"damage":0,"enemies":"2 Orb Walkers","floor":37,"turns":7},{"damage":0,"enemies":"Orb Walker","floor":38,"turns":3},{"damage":17,"enemies":"Nemesis","floor":40,"turns":5},{"damage":22,"enemies":"Giant Head","floor":42,"turns":7},{"damage":18,"enemies":"R_Hoarder","floor":44,"turns":7},{"damage":0,"enemies":"Giant Head","floor":46,"turns":6},{"damage":64,"enemies":"Time Eater","floor":50,"turns":9}],"seed_played":"3885730496413700428","potions_obtained":[{"floor":6.0,"key":"SteroidPotion"},{"floor":8,"key":"EntropicBrew"},{"floor":22,"key":"Reflective Coating"},{"floor":23,"key":"Strength Potion"},{"floor":37,"key":"Reflective Coating"},{"floor":46,"key":"EntropicBrew"}],"is_trial":false,"path_per_floor":["M","M","$","?","?","E","R","E","T","?","R","M","?","M","R","B",null,"M","?","M","$","M","E","$","M","T","T","R","E","M","M","R","B",null,"M","$","?","M","?","E","$","E","T","E","R","E","?","$","R","B"],"character_chosen":"THE_SILENT","items_purchased":["Cloak And Dagger","Tactician","Membership Card","Mango"],"campfire_rested":0,"item_purchase_floors":[3,24,41,41],"current_hp_per_floor":[59,52,52,52,32,29,29,13,13,13,13,13,29,29,29,15,53,53,53,46,46,46,46,46,44,44,44,44,46,54,53,53,52,63,66,66,66,66,45,36,50,38,38,38,38,52,52,52,52,0,0],"gold":285,"neow_bonus":"ONE_RANDOM_RARE_CARD","is_prod":false,"is_daily":false,"chose_seed":false,"campfire_upgraded":6,"win_rate":0,"timestamp":1607594097,"path_taken":["M","?","$","?","?","E","R","E","T","?","R","M","?","M","R","BOSS","M","?","M","?","M","E","$","M","T","?","R","E","M","?","R","BOSS","M","?","?","M","?","E","$","E","T","E","R","E","?","$","R","BOSS"],"build_version":"2020-11-30","purchased_purges":3,"victory":false,"max_hp_per_floor":[66,66,66,66,66,66,66,66,66,66,66,66,66,66,66,66,66,66,66,66,66,66,66,66,66,66,66,66,66,66,66,66,66,66,66,66,66,66,66,66,80,80,80,80,80,80,80,80,80,80,80],"card_choices":[{"not_picked":["Dodge and Roll","Catalyst"],"picked":"Dagger Throw","floor":1.0},{"not_picked":["Predator","Accuracy","Dodge and Roll"],"picked":"SKIP","floor":2.0},{"not_picked":["Bane","ReplayTheSpireMod:Tripwire"],"picked":"Backflip","floor":6.0},{"not_picked":["ReplayTheSpireMod:Necrosis","Choke"],"picked":"Blade Dance","floor":8},{"not_picked":["Sneak Up","Quick Slash","Sucker Punch"],"picked":"SKIP","floor":12},{"not_picked":["Masterful Stab","PiercingWail"],"picked":"Endless Agony","floor":14},{"not_picked":["Storm of Steel","Unload"],"picked":"Adrenaline","floor":16},{"not_picked":["Accuracy","Poisoned Stab+1"],"picked":"Acrobatics+1","floor":18},{"not_picked":["Flying Knee","Toxin Wave","Underhanded Strike"],"picked":"SKIP","floor":20},{"not_picked":["Acrobatics+1","Underhanded Strike","PiercingWail"],"picked":"SKIP","floor":22},{"not_picked":["Leg Sweep","Unload","Cloak And Dagger"],"picked":"SKIP","floor":23},{"not_picked":["Dodge and Roll","Slice","Masterful Stab+1"],"picked":"SKIP","floor":25},{"not_picked":["Deflect","Flying Knee","ReplayTheSpireMod:Necrosis"],"picked":"SKIP","floor":29},{"not_picked":["Dagger Throw","Slice","Leg Sweep"],"picked":"SKIP","floor":30},{"not_picked":["Sucker Punch","Deadly Poison","Dagger Spray"],"picked":"SKIP","floor":31},{"not_picked":["ReplayTheSpireMod:Necrosis","Venomology"],"picked":"After Image","floor":33},{"not_picked":["Flechettes","Dash+1","Dagger Throw"],"picked":"SKIP","floor":35},{"not_picked":["Expertise","Poisoned Stab"],"picked":"Tactician+1","floor":37},{"not_picked":["Catalyst","Slice"],"picked":"Backstab+1","floor":38},{"not_picked":["Accuracy","ReplayTheSpireMod:Scrap Shanks"],"picked":"Acrobatics+1","floor":39},{"not_picked":["Outmaneuver","Deadly Poison+1"],"picked":"A Thousand Cuts","floor":40},{"not_picked":["Quick Slash+1","Blur+1"],"picked":"PiercingWail+1","floor":42},{"not_picked":["Heel Hook","Deflect+1","Flying Knee+1"],"picked":"SKIP","floor":44},{"not_picked":["Predator","Endless Agony"],"picked":"Escape Plan+1","floor":46}],"player_experience":2062948,"relics_obtained":[{"floor":6.0,"key":"Garlic"},{"floor":8,"key":"Ancient Tea Set"},{"floor":9,"key":"War Paint"},{"floor":23,"key":"Dota2Spire:LotusOrb"},{"floor":26,"key":"Bird Faced Urn"},{"floor":27,"key":"Nunchaku"},{"floor":29,"key":"CeramicFish"},{"floor":37,"key":"Replay:PocketPolymizer"},{"floor":39,"key":"ReplayFunnel"},{"floor":40,"key":"Dota2Spire:PowerTreads"},{"floor":42,"key":"StrikeDummy"},{"floor":44,"key":"Bag of Marbles"},{"floor":46,"key":"Dota2Spire:DrumOfEndurance"}],"event_choices":[{"damage_healed":0.0,"max_hp_gain":0.0,"max_hp_loss":0.0,"gold_gain":0.0,"event_name":"Shining Light","player_choice":"Entered Light","floor":5.0,"gold_loss":0.0,"damage_taken":20.0,"cards_upgraded":["Defend_G","Neutralize"]},{"damage_healed":16,"gold_gain":0,"player_choice":"Healed and dodged fight","damage_taken":0,"max_hp_gain":0,"max_hp_loss":0,"event_name":"Mushrooms","floor":13,"gold_loss":0,"cards_obtained":["Parasite"]},{"damage_healed":0,"gold_gain":0,"cards_transformed":["Strike_G"],"player_choice":"Transformed","damage_taken":0,"max_hp_gain":0,"max_hp_loss":0,"event_name":"Transmorgrifier","floor":19,"gold_loss":0,"cards_obtained":["Well Laid Plans"]},{"damage_healed":0,"gold_gain":0,"player_choice":"Fight","damage_taken":0,"max_hp_gain":0,"max_hp_loss":0,"event_name":"Mysterious Sphere","floor":37,"gold_loss":0},{"damage_healed":0,"gold_gain":0,"player_choice":"Ignored","damage_taken":0,"max_hp_gain":0,"max_hp_loss":0,"event_name":"Tomb of Lord Red Mask","floor":47,"gold_loss":0}],"is_beta":false,"boss_relics":[{"not_picked":["HoveringKite","Kintsugi"],"picked":"SacredBark"},{"not_picked":["Replay:Grab Bag","Snecko Heart"],"picked":"Replay:Wanted Poster"}],"items_purged_floors":[3,21,41],"is_endless":false,"potions_floor_spawned":[6,8,14,18,20,22,23,31,37,40,46],"killed_by":"Time Eater","ascension_level":20}}