{"host":"snexu5jml7bblvq8","time":1607606197,"event":{"mods":["BaseMod","StSLib","Colored Map","Spicy Shops","2.2 Compatiblity","Downfall","Infinite Spire","Minty Spire (QoL Compilation)"],"gold_per_floor":[99,134,134,134,134,149,174,208,226,226,226],"floor_reached":10,"playtime":330,"items_purged":[],"score":99,"play_id":"9e8accd8-a569-425a-8538-0a2902cc49db","local_time":"20201211001637","is_ascension_mode":false,"campfire_choices":[{"data":"sneckomod:Unknown","floor":1.0,"key":"SMITH"},{"data":"sneckomod:UnknownX","floor":5.0,"key":"SMITH"}],"circlet_count":0,"master_deck":["sneckomod:Strike","sneckomod:Strike","sneckomod:Strike","sneckomod:Defend","sneckomod:Defend","sneckomod:Defend","sneckomod:TailWhip","sneckomod:SnekBite","sneckomod:Unknown+1","sneckomod:Unknown","sneckomod:UnknownX+1","sneckomod:CheapStock","sneckomod:UnknownWeak","sneckomod:WideSting"],"special_seed":0,"relics":["sneckomod:SneckoSoul","downfall:HeartsMalice","Thread and Needle","Bag of Marbles","Ginger"],"acts_visited":[],"potions_floor_usage":[],"damage_taken":[{"damage":0.0,"enemies":"Lagavulin","floor":2.0,"turns":1.0},{"damage":0.0,"enemies":"2 Louse","floor":4.0,"turns":1.0},{"damage":0.0,"enemies":"Cultist","floor":6.0,"turns":3.0},{"damage":16.0,"enemies":"3 Sentries","floor":8.0,"turns":9.0},{"damage":7.0,"enemies":"Jaw Worm","floor":9.0,"turns":2.0},{"damage":0,"enemies":"Lagavulin","floor":10,"turns":1}],"seed_played":"3290491851160557449","potions_obtained":[{"floor":6.0,"key":"FearPotion"}],"is_trial":false,"path_per_floor":["R","E","?","M","R","M","T","E","M","E"],"character_chosen":"THE_SNECKO","items_purchased":[],"campfire_rested":0,"item_purchase_floors":[],"current_hp_per_floor":[90,91,91,91,91,91,91,76,69,69,69],"gold":226,"neow_bonus":"THREE_ENEMY_KILL","is_daily":false,"chose_seed":false,"campfire_upgraded":2,"win_rate":0.0,"timestamp":1607606197,"path_taken":["R","E","?","?","R","M","T","E","M","E"],"build_version":"2020-11-30","purchased_purges":0,"victory":false,"max_hp_per_floor":[90,91,91,91,91,91,91,92,92,92,92],"card_choices":[{"not_picked":["sneckomod:Nope","sneckomod:UnknownCommonSkill"],"picked":"sneckomod:UnknownX","floor":2.0},{"not_picked":["sneckomod:SoulRoll","sneckomod:UnknownWeak","sneckomod:UnknownCommonAttack"],"picked":"SKIP","floor":4.0},{"not_picked":["sneckomod:RainOfDice","sneckomod:UnknownVulnerable"],"picked":"sneckomod:CheapStock","floor":6.0},{"not_picked":["sneckomod:QuickMove","sneckomod:SerpentMind"],"picked":"sneckomod:UnknownWeak","floor":8.0},{"not_picked":["sneckomod:DiceBlock","sneckomod:RainOfDice"],"picked":"sneckomod:WideSting","floor":9.0}],"player_experience":189647,"relics_obtained":[{"floor":2.0,"key":"Thread and Needle"},{"floor":7.0,"key":"Bag of Marbles"},{"floor":8.0,"key":"Ginger"}],"event_choices":[],"is_beta":false,"boss_relics":[],"items_purged_floors":[],"is_endless":false,"potions_floor_spawned":[6],"killed_by":"Lagavulin","ascension_level":0}}