{"host":"lvf3ywlo9ittp3f6","time":1607631660,"event":{"mods":["BaseMod","AchievementEnabler","StSLib","Better Third Choice","Block Reminder","Colored Map","Colored Powertips","Highlight Path","Minty Spire (QoL Compilation)","Rare Cards Sparkle","Relic Stats","Synergy Search","Permanent Neow"],"gold_per_floor":[110,122,135,155,26,26,26,57,82,101,127,142,154,54,54,152,152,165,183,202,217,232,263,263,263,263],"floor_reached":25,"playtime":4170,"items_purged":["Defend_B","Strike_B"],"score":330,"play_id":"c7b4c232-a1a8-4b66-9128-4dc2f25761ae","local_time":"20201210232100","is_ascension_mode":true,"campfire_choices":[{"data":"Go for the Eyes","floor":6.0,"key":"SMITH"},{"data":"Streamline","floor":15,"key":"SMITH"},{"floor":24,"key":"REST"}],"circlet_count":0,"master_deck":["Strike_B","Strike_B","Strike_B","Defend_B+1","Defend_B+1","Zap","Dualcast","Auto Shields","Go for the Eyes+1","Reinforced Body","Cold Snap","Beam Cell","Sweeping Beam","Streamline+1","Self Repair","Core Surge","Conserve Battery+1","Capacitor","Seek","Capacitor","Barrage","Darkness"],"special_seed":0,"relics":["FrozenCore","TungstenRod","Centennial Puzzle","War Paint","Strawberry","Happy Flower"],"acts_visited":["TheCity"],"potions_floor_usage":[11,11,13,20,21,21,22,25],"damage_taken":[{"damage":0.0,"enemies":"Small Slimes","floor":1.0,"turns":2.0},{"damage":0.0,"enemies":"Cultist","floor":2.0,"turns":3.0},{"damage":0.0,"enemies":"2 Louse","floor":3.0,"turns":3.0},{"damage":3.0,"enemies":"2 Fungi Beasts","floor":4.0,"turns":3.0},{"damage":3.0,"enemies":"Gremlin Nob","floor":8.0,"turns":4.0},{"damage":2.0,"enemies":"Large Slime","floor":10.0,"turns":4.0},{"damage":0,"enemies":"Lagavulin","floor":11,"turns":3},{"damage":0,"enemies":"Looter","floor":12,"turns":2},{"damage":4,"enemies":"Gremlin Gang","floor":13,"turns":2},{"damage":29,"enemies":"Slime Boss","floor":16,"turns":7},{"damage":0,"enemies":"Shell Parasite","floor":18,"turns":9},{"damage":5,"enemies":"Spheric Guardian","floor":19,"turns":4},{"damage":1,"enemies":"Snake Plant","floor":20,"turns":5},{"damage":0,"enemies":"3 Cultists","floor":21,"turns":6},{"damage":2,"enemies":"Snecko","floor":22,"turns":7},{"damage":79,"enemies":"Gremlin Leader","floor":23,"turns":12},{"damage":35,"enemies":"Book of Stabbing","floor":25,"turns":8}],"seed_played":"2571487185979930286","potions_obtained":[{"floor":1.0,"key":"LiquidBronze"},{"floor":4.0,"key":"Strength Potion"},{"floor":8.0,"key":"SteroidPotion"},{"floor":10.0,"key":"SteroidPotion"},{"floor":12,"key":"Fire Potion"},{"floor":16,"key":"DistilledChaos"},{"floor":19,"key":"AttackPotion"},{"floor":20,"key":"Weak Potion"},{"floor":23,"key":"Weak Potion"}],"is_trial":false,"path_per_floor":["M","M","M","M","$","R","?","E","T","M","E","M","M","$","R","B",null,"M","M","M","M","M","E","R","E"],"character_chosen":"DEFECT","items_purchased":["Beam Cell"],"campfire_rested":1,"item_purchase_floors":[5],"current_hp_per_floor":[54,54,54,51,51,51,51,48,48,46,53,53,49,49,49,27,68,75,77,76,82,82,10,34,0,0],"gold":263,"neow_bonus":"ONE_RARE_RELIC","is_daily":false,"chose_seed":false,"campfire_upgraded":2,"win_rate":0,"timestamp":1607631660,"path_taken":["M","M","M","M","$","R","?","E","T","M","E","M","M","$","R","BOSS","M","M","?","M","?","E","R","E"],"build_version":"2020-11-30","purchased_purges":2,"victory":false,"max_hp_per_floor":[75,75,75,75,75,75,75,75,75,75,82,82,82,82,82,82,82,82,82,82,82,82,82,82,82,82],"relic_stats":{"Centennial Puzzle":[24],"Happy Flower":[2],"counters":[17,84],"War Paint":["Defend_B","Defend_B"],"obtain_stats":[{"Centennial Puzzle":8,"Happy Flower":23,"Strawberry":11,"War Paint":9,"Cracked Core":0,"TungstenRod":0,"FrozenCore":17},{"Centennial Puzzle":5,"Happy Flower":16,"Strawberry":7,"War Paint":5,"Cracked Core":0,"TungstenRod":0,"FrozenCore":10},{"Centennial Puzzle":15,"Happy Flower":76,"Strawberry":22,"War Paint":15,"Cracked Core":0,"TungstenRod":0,"FrozenCore":33}],"TungstenRod":25,"FrozenCore":[30]},"card_choices":[{"not_picked":["Rip and Tear","Turbo"],"picked":"Auto Shields","floor":1.0},{"not_picked":["Ball Lightning","BootSequence"],"picked":"Go for the Eyes","floor":2.0},{"not_picked":["Cold Snap","Loop"],"picked":"Reinforced Body","floor":3.0},{"not_picked":["Turbo","Steam"],"picked":"Cold Snap","floor":4.0},{"not_picked":["Stack","Loop"],"picked":"Sweeping Beam","floor":8.0},{"not_picked":["Aggregate","Stack","Undo"],"picked":"SKIP","floor":10.0},{"not_picked":["Doom and Gloom","Auto Shields"],"picked":"Streamline","floor":11},{"not_picked":["Ball Lightning","Conserve Battery","Aggregate"],"picked":"SKIP","floor":12},{"not_picked":["Static Discharge","BootSequence"],"picked":"Self Repair","floor":13},{"not_picked":["Electrodynamics","Amplify"],"picked":"Core Surge","floor":16},{"not_picked":["Turbo","Compile Driver"],"picked":"Conserve Battery+1","floor":18},{"not_picked":["Compile Driver+1","Chaos"],"picked":"Capacitor","floor":19},{"not_picked":["Steam","Gash"],"picked":"Seek","floor":20},{"not_picked":["Cold Snap","Chill"],"picked":"Capacitor","floor":21},{"not_picked":["Skim+1","Sunder+1"],"picked":"Barrage","floor":22},{"not_picked":["Recycle+1","Sweeping Beam"],"picked":"Darkness","floor":23}],"player_experience":473121,"relics_obtained":[{"floor":8.0,"key":"Centennial Puzzle"},{"floor":9.0,"key":"War Paint"},{"floor":11,"key":"Strawberry"},{"floor":23,"key":"Happy Flower"}],"event_choices":[{"cards_removed":["Defend_B"],"damage_healed":0.0,"max_hp_gain":0.0,"max_hp_loss":0.0,"gold_gain":0.0,"event_name":"Purifier","player_choice":"Purged","floor":7.0,"gold_loss":0.0,"damage_taken":0.0}],"is_beta":false,"boss_relics":[{"not_picked":["Philosopher\u0027s Stone","SlaversCollar"],"picked":"FrozenCore"}],"items_purged_floors":[5,14],"is_endless":false,"potions_floor_spawned":[1,4,8,10,12,16,19,20,23],"killed_by":"Book of Stabbing","ascension_level":5}}