{"host":"uua02xqorlefedoe","time":1607601606,"event":{"gold_per_floor":[114,24,24,50,125,159,159,190,217,245,263,277,277,311,311,415,415,428,338,357,371,371,371,371],"floor_reached":23,"playtime":820,"items_purged":[],"score":374,"play_id":"7c5db58d-77cb-4fe7-b1e3-fd98c2afa3e4","local_time":"20201210120006","is_ascension_mode":true,"campfire_choices":[{"data":"Terror","floor":7,"key":"SMITH"},{"data":"Wraith Form v2","floor":13,"key":"SMITH"},{"data":"Crippling Poison","floor":15,"key":"SMITH"}],"neow_cost":"NONE","seed_source_timestamp":51638953926000,"circlet_count":0,"master_deck":["Strike_G+1","Strike_G","Strike_G","Strike_G","Defend_G","Defend_G","Defend_G","Defend_G","Defend_G","Survivor","Neutralize","Predator","Terror+1","Crippling Poison+1","Wraith Form v2+1","Dagger Throw","Deadly Poison","Quick Slash","Wraith Form v2","Backflip+1","Bouncing Flask","Catalyst","Necronomicurse"],"relics":["Ring of the Snake","NeowsBlessing","Nunchaku","Bronze Scales","Ancient Tea Set","Tiny Chest","Snake Skull","Question Card","Gremlin Horn","Coffee Dripper","Necronomicon"],"potions_floor_usage":[14,23],"damage_taken":[{"damage":0,"enemies":"Jaw Worm","floor":1,"turns":1},{"damage":0,"enemies":"Lagavulin","floor":6,"turns":1},{"damage":0,"enemies":"3 Sentries","floor":8,"turns":2},{"damage":25,"enemies":"Lagavulin","floor":10,"turns":6},{"damage":0,"enemies":"Cultist","floor":11,"turns":2},{"damage":0,"enemies":"2 Louse","floor":12,"turns":2},{"damage":1,"enemies":"Gremlin Nob","floor":14,"turns":3},{"damage":5,"enemies":"Hexaghost","floor":16,"turns":8},{"damage":8,"enemies":"3 Byrds","floor":18,"turns":3},{"damage":4,"enemies":"2 Thieves","floor":20,"turns":4},{"damage":12,"enemies":"Sentry and Sphere","floor":21,"turns":5},{"damage":20,"enemies":"Slavers","floor":23,"turns":1}],"seed_played":"-2029144327773435360","potions_obtained":[{"floor":6,"key":"Block Potion"},{"floor":12,"key":"Energy Potion"},{"floor":14,"key":"SteroidPotion"},{"floor":16,"key":"DuplicationPotion"}],"is_trial":false,"path_per_floor":["M","?","$","T","?","E","R","E","T","E","M","M","R","E","R","B",null,"M","?","M","M","?","E"],"character_chosen":"THE_SILENT","items_purchased":[],"campfire_rested":0,"item_purchase_floors":[],"current_hp_per_floor":[63,63,63,63,52,52,52,52,52,27,27,27,27,26,26,21,58,50,50,46,34,18,0,0],"gold":371,"neow_bonus":"THREE_ENEMY_KILL","is_prod":false,"is_daily":false,"chose_seed":false,"campfire_upgraded":3,"win_rate":0,"timestamp":1607601606,"path_taken":["M","?","$","?","?","E","R","E","T","E","M","M","R","E","R","BOSS","M","?","?","M","?","E"],"build_version":"2020-11-30","purchased_purges":0,"victory":false,"max_hp_per_floor":[70,70,70,70,70,70,70,70,70,70,70,70,70,70,70,70,70,70,70,70,70,70,70,70],"card_choices":[{"not_picked":["Dodge and Roll","Slice"],"picked":"Predator","floor":1},{"not_picked":["Eviscerate","Heel Hook"],"picked":"Terror","floor":6},{"not_picked":["Quick Slash","Acrobatics"],"picked":"Crippling Poison","floor":8},{"not_picked":["Underhanded Strike","Deadly Poison"],"picked":"Wraith Form v2","floor":10},{"not_picked":["Riddle With Holes","Prepared","Concentrate"],"picked":"Dagger Throw","floor":11},{"not_picked":["Cloak And Dagger","Outmaneuver","Backstab"],"picked":"Deadly Poison","floor":12},{"not_picked":["Slice","Dodge and Roll","Acrobatics"],"picked":"Quick Slash","floor":14},{"not_picked":["A Thousand Cuts","Burst","Storm of Steel"],"picked":"Wraith Form v2","floor":16},{"not_picked":["Deadly Poison","Flying Knee","Dagger Spray+1"],"picked":"Backflip+1","floor":18},{"not_picked":["Prepared","Bane","Riddle With Holes"],"picked":"Bouncing Flask","floor":20},{"not_picked":["Setup","Choke+1","PiercingWail+1"],"picked":"Catalyst","floor":21}],"player_experience":420552,"relics_obtained":[{"floor":4,"key":"Bronze Scales"},{"floor":6,"key":"Ancient Tea Set"},{"floor":8,"key":"Tiny Chest"},{"floor":9,"key":"Snake Skull"},{"floor":10,"key":"Question Card"},{"floor":14,"key":"Gremlin Horn"},{"floor":22,"key":"Necronomicon"}],"event_choices":[{"damage_healed":0,"gold_gain":0,"player_choice":"Paid Gold","damage_taken":0,"relics_obtained":["Nunchaku"],"max_hp_gain":0,"max_hp_loss":0,"event_name":"WeMeetAgain","floor":2,"gold_loss":90},{"damage_healed":0,"gold_gain":75,"player_choice":"Gather Gold","damage_taken":11,"max_hp_gain":0,"max_hp_loss":0,"event_name":"World of Goop","floor":5,"gold_loss":0},{"cards_removed":["Strike_G"],"damage_healed":0,"gold_gain":0,"player_choice":"Upgrade and Remove","damage_taken":0,"max_hp_gain":0,"max_hp_loss":0,"event_name":"Designer","floor":19,"gold_loss":90,"cards_upgraded":["Strike_G"]},{"damage_healed":0,"gold_gain":0,"player_choice":"Obtained Book","damage_taken":16,"max_hp_gain":0,"max_hp_loss":0,"event_name":"Cursed Tome","floor":22,"gold_loss":0}],"is_beta":false,"boss_relics":[{"not_picked":["Black Star","HoveringKite"],"picked":"Coffee Dripper"}],"items_purged_floors":[],"is_endless":false,"potions_floor_spawned":[6,12,14,16,18,20],"killed_by":"Slavers","ascension_level":8}}