{"host":"3l94tha3a4jgu0q4","time":1607580435,"event":{"gold_per_floor":[168,168,168,188,199,199,232,232,232,22,19,31,31,50,50,166,166,176,176,23,40,40,73,73,23,47,81,18,18,48,66,66,66,66],"floor_reached":33,"playtime":815,"items_purged":["Strike_P","Strike_P","Writhe"],"score":455,"play_id":"c7e70d49-1da9-4331-8be9-a1c0982ebde8","local_time":"20201209220715","is_ascension_mode":true,"campfire_choices":[{"data":"WheelKick","floor":6,"key":"SMITH"},{"data":"Vigilance","floor":8,"key":"SMITH"},{"data":"CarveReality","floor":15,"key":"SMITH"},{"floor":24,"key":"REST"},{"floor":29,"key":"REST"},{"data":"Eruption","floor":32,"key":"SMITH"}],"neow_cost":"NONE","seed_source_timestamp":618823694777500,"circlet_count":0,"master_deck":["AscendersBane","Strike_P+1","Strike_P+1","Defend_P","Defend_P","Defend_P","Defend_P","Eruption+1","Vigilance+1","WheelKick+1","EmptyMind","EmptyMind","Protect","Halt","CarveReality+1","DeceiveReality","Vault","Forethought","Eruption+1","Sanctity+1","Indignation+1","Evaluate+1"],"relics":["Tiny House","TeardropLocket","MawBank","PreservedInsect","Singing Bowl","Runic Pyramid","Membership Card","White Beast Statue","Bag of Marbles","Anchor","Bronze Scales","Toxic Egg 2"],"potions_floor_usage":[7,7,16,16,18,23,27],"damage_taken":[{"damage":2,"enemies":"Jaw Worm","floor":1,"turns":3},{"damage":3,"enemies":"Small Slimes","floor":4,"turns":4},{"damage":0,"enemies":"Cultist","floor":5,"turns":2},{"damage":26,"enemies":"3 Sentries","floor":7,"turns":8},{"damage":13,"enemies":"Exordium Thugs","floor":11,"turns":5},{"damage":0,"enemies":"Exordium Wildlife","floor":12,"turns":3},{"damage":0,"enemies":"3 Louse","floor":14,"turns":2},{"damage":24,"enemies":"Hexaghost","floor":16,"turns":14},{"damage":28,"enemies":"3 Byrds","floor":18,"turns":7},{"damage":0,"enemies":"Shell Parasite","floor":21,"turns":4},{"damage":14,"enemies":"Book of Stabbing","floor":23,"turns":6},{"damage":24,"enemies":"Slavers","floor":27,"turns":7},{"damage":17,"enemies":"Book of Stabbing","floor":30,"turns":7},{"damage":0,"enemies":"Centurion and Healer","floor":31,"turns":4},{"damage":70,"enemies":"Collector","floor":33,"turns":8}],"seed_played":"1325243525589818986","potions_obtained":[{"floor":0,"key":"EssenceOfSteel"},{"floor":1,"key":"Strength Potion"},{"floor":11,"key":"SkillPotion"},{"floor":12,"key":"Fire Potion"},{"floor":14,"key":"ColorlessPotion"},{"floor":21,"key":"StancePotion"},{"floor":23,"key":"LiquidMemories"},{"floor":27,"key":"DistilledChaos"},{"floor":30,"key":"FairyPotion"},{"floor":31,"key":"BottledMiracle"}],"is_trial":false,"path_per_floor":["M","?","?","M","M","R","E","R","T","$","M","M","T","M","R","B",null,"M","?","$","M","?","E","R","$","T","E","$","R","E","M","R","B"],"character_chosen":"WATCHER","items_purchased":["PreservedInsect","Membership Card"],"campfire_rested":2,"item_purchase_floors":[10,20],"current_hp_per_floor":[68,53,77,74,74,74,48,48,48,48,35,35,35,35,35,11,61,35,35,35,37,37,25,49,49,49,25,25,49,32,32,32,0,0],"gold":66,"neow_bonus":"BOSS_RELIC","is_prod":false,"is_daily":false,"chose_seed":false,"campfire_upgraded":4,"win_rate":0,"timestamp":1607580435,"path_taken":["M","?","?","M","?","R","E","R","T","?","M","M","?","M","R","BOSS","M","?","?","?","?","E","R","$","T","E","?","R","E","M","R","BOSS"],"build_version":"2020-11-30","purchased_purges":3,"victory":false,"max_hp_per_floor":[77,77,77,77,77,77,77,77,77,77,77,77,77,77,77,77,77,79,79,79,81,81,83,83,83,83,83,83,83,83,83,83,83,83],"card_choices":[{"not_picked":["Meditate","Evaluate"],"picked":"WheelKick","floor":0},{"not_picked":["PathToVictory","Meditate"],"picked":"EmptyMind","floor":1},{"not_picked":["SashWhip","Prostrate","Crescendo"],"picked":"SKIP","floor":4},{"not_picked":["JustLucky","Wish"],"picked":"EmptyMind","floor":5},{"not_picked":["JustLucky","Prostrate"],"picked":"Protect","floor":7},{"not_picked":["SandsOfTime","Perseverance"],"picked":"Halt","floor":11},{"not_picked":["Halt","Prostrate"],"picked":"CarveReality","floor":12},{"not_picked":["WreathOfFlame","Worship"],"picked":"DeceiveReality","floor":14},{"not_picked":["Establishment","Blasphemy"],"picked":"Vault","floor":16},{"not_picked":["Nirvana","SashWhip","SandsOfTime"],"picked":"Singing Bowl","floor":18},{"not_picked":["WindmillStrike","PathToVictory","WheelKick"],"picked":"Singing Bowl","floor":21},{"not_picked":["Crescendo","SashWhip+1","Halt"],"picked":"Singing Bowl","floor":23},{"not_picked":["Wireheading","Crescendo"],"picked":"Sanctity+1","floor":27},{"not_picked":["Devotion","ThirdEye+1"],"picked":"Indignation+1","floor":30},{"not_picked":["FlyingSleeves","EmptyBody+1"],"picked":"Evaluate+1","floor":31}],"player_experience":1857293,"relics_obtained":[{"floor":7,"key":"TeardropLocket"},{"floor":9,"key":"MawBank"},{"floor":13,"key":"Singing Bowl"},{"floor":23,"key":"Bag of Marbles"},{"floor":26,"key":"Anchor"},{"floor":27,"key":"Bronze Scales"},{"floor":30,"key":"Toxic Egg 2"}],"event_choices":[{"damage_healed":0,"gold_gain":0,"player_choice":"Entered Light","damage_taken":15,"max_hp_gain":0,"max_hp_loss":0,"event_name":"Shining Light","floor":2,"gold_loss":0,"cards_upgraded":["Strike_P","Eruption"]},{"damage_healed":24,"gold_gain":0,"player_choice":"Full Heal","damage_taken":0,"max_hp_gain":0,"max_hp_loss":0,"event_name":"Wheel of Change","floor":3,"gold_loss":0},{"damage_healed":0,"gold_gain":0,"player_choice":"2 cards matched","damage_taken":0,"max_hp_gain":0,"max_hp_loss":0,"event_name":"Match and Keep!","floor":19,"gold_loss":0,"cards_obtained":["Forethought","Eruption"]},{"damage_healed":0,"gold_gain":0,"player_choice":"Opened","damage_taken":0,"relics_obtained":["White Beast Statue"],"max_hp_gain":0,"max_hp_loss":0,"event_name":"The Mausoleum","floor":22,"gold_loss":0,"cards_obtained":["Writhe"]}],"is_beta":false,"boss_relics":[{"not_picked":["Fusion Hammer","Calling Bell"],"picked":"Runic Pyramid"}],"items_purged_floors":[10,25,28],"is_endless":false,"potions_floor_spawned":[1,11,12,14,21,23,27,30,31],"killed_by":"Collector","ascension_level":10}}