{"host":"l2dnabsh5e0fsksb","time":1607615115,"event":{"mods":["BaseMod","StSLib","Minty Spire (QoL Compilation)","Quick Restart","Downfall","2.2 Compatiblity","TheBandit"],"gold_per_floor":[109,123,48,105,105,105,138,138,138,172,188,202,230,250,250,353,653,678,78,78,87,98,140,140,177,177,177,177,177,208,226,226,226,226,226],"floor_reached":33,"playtime":1412,"items_purged":["Doubt"],"score":370,"play_id":"b5f4f0f5-4a0c-4b10-9b5e-04fc3abb9551","local_time":"20201211021515","is_ascension_mode":true,"campfire_choices":[{"data":"wariomod:BlastDash","floor":6.0,"key":"SMITH"},{"floor":8.0,"key":"REST"},{"floor":15.0,"key":"REST"},{"data":"wariomod:SpacialMastery","floor":24.0,"key":"SMITH"},{"floor":28.0,"key":"REST"},{"data":"wariomod:PoisonBombs","floor":32.0,"key":"SMITH"}],"circlet_count":0,"master_deck":["wariomod:Strike+1","wariomod:Strike+1","wariomod:Strike+1","wariomod:Strike+1","wariomod:Defend+1","wariomod:Defend+1","wariomod:Defend+1","wariomod:Leap","wariomod:BlastDash+1","wariomod:Boomsmack","wariomod:ChargeForth","wariomod:Purify","wariomod:DoubleDash","wariomod:Game","wariomod:BodyBlock","wariomod:BodyBlock","wariomod:SpacialMastery+1","CurseOfTheBell","wariomod:Bombshield","wariomod:SmackSlam+1","Writhe","wariomod:DanceDash+1","wariomod:Leapslam+1","wariomod:BodyBlock+1","wariomod:ChargeForth+1","wariomod:PoisonBombs+1","wariomod:BoomBoom","wariomod:NullJump+1"],"special_seed":0,"relics":["wariomod:TheHat","TungstenRod","Kunai","wariomod:SunglassHat","Tiny Chest","StrikeDummy","Calling Bell","CeramicFish","Molten Egg 2","Old Coin","Strange Spoon","Pear","Toy Ornithopter","Du-Vu Doll","Prayer Wheel","Thread and Needle","PreservedInsect"],"acts_visited":["Exordium","TheCity"],"potions_floor_usage":[33],"damage_taken":[{"damage":3.0,"enemies":"Small Slimes","floor":1.0,"turns":3.0},{"damage":7.0,"enemies":"2 Louse","floor":2.0,"turns":3.0},{"damage":14.0,"enemies":"Lagavulin","floor":7.0,"turns":3.0},{"damage":32.0,"enemies":"3 Sentries","floor":10.0,"turns":6.0},{"damage":3.0,"enemies":"Jaw Worm","floor":11.0,"turns":4.0},{"damage":0.0,"enemies":"2 Fungi Beasts","floor":12.0,"turns":3.0},{"damage":0.0,"enemies":"Gremlin Nob","floor":13.0,"turns":5.0},{"damage":1.0,"enemies":"3 Louse","floor":14.0,"turns":3.0},{"damage":30.0,"enemies":"Hexaghost","floor":16.0,"turns":11.0},{"damage":0.0,"enemies":"Shell Parasite","floor":18.0,"turns":5.0},{"damage":13.0,"enemies":"Spheric Guardian","floor":22.0,"turns":6.0},{"damage":39.0,"enemies":"Gremlin Leader","floor":23.0,"turns":8.0},{"damage":5.0,"enemies":"3 Cultists","floor":25.0,"turns":5.0},{"damage":7.0,"enemies":"Snake Plant","floor":30.0,"turns":4.0},{"damage":63,"enemies":"Automaton","floor":33,"turns":10}],"seed_played":"-1535152111189592662","potions_obtained":[{"floor":1.0,"key":"PowerPotion"},{"floor":11.0,"key":"SpeedPotion"},{"floor":13.0,"key":"Explosive Potion"},{"floor":14.0,"key":"DuplicationPotion"},{"floor":30.0,"key":"Ancient Potion"}],"is_trial":false,"path_per_floor":["M","M","$","?","?","R","E","R","T","E","M","M","E","M","R","B",null,"M","$","?","?","M","E","R","M","T","?","R","T","M","?","R","B"],"character_chosen":"THE_BANDIT","items_purchased":["Strange Spoon","Pear","Toy Ornithopter","wariomod:SmackSlam+1"],"campfire_rested":3,"item_purchase_floors":[19,19,19,19],"current_hp_per_floor":[77,70,70,70,55,55,41,65,65,33,30,30,30,29,53,23,80,80,90,90,90,77,43,43,38,38,38,65,65,58,58,58,0,0,0],"gold":226,"neow_bonus":"ONE_RARE_RELIC","is_daily":false,"chose_seed":false,"campfire_upgraded":3,"win_rate":0,"timestamp":1607615115,"path_taken":["M","M","$","?","?","R","E","R","T","E","M","M","E","M","R","BOSS","M","$","?","?","M","E","R","M","T","?","R","?","M","?","R","BOSS"],"build_version":"2020-11-30","purchased_purges":1,"victory":false,"max_hp_per_floor":[80,80,80,80,80,80,80,80,80,80,80,80,80,80,80,80,80,80,90,90,90,90,90,90,90,90,90,90,90,90,90,90,90,90,90],"card_choices":[{"not_picked":["wariomod:DoubleDash","wariomod:ThatsNotAll"],"picked":"wariomod:BlastDash","floor":1.0},{"not_picked":["wariomod:DonateDraw","wariomod:BlastDash"],"picked":"wariomod:Boomsmack","floor":2.0},{"not_picked":["wariomod:SmallSprint","wariomod:Boomsmack"],"picked":"wariomod:ChargeForth","floor":7.0},{"not_picked":["wariomod:BoomBoom","wariomod:SpikeSlash"],"picked":"wariomod:Purify","floor":10.0},{"not_picked":["wariomod:ForbiddenMagic","wariomod:SelfImprison"],"picked":"wariomod:DoubleDash","floor":11.0},{"not_picked":["wariomod:BumRush","wariomod:NullJump"],"picked":"wariomod:Game","floor":12.0},{"not_picked":["wariomod:Immortalize","wariomod:PayItForwards"],"picked":"wariomod:BodyBlock","floor":13.0},{"not_picked":["wariomod:TheGrandJourney","wariomod:DisarmingMoves"],"picked":"wariomod:BodyBlock","floor":14.0},{"not_picked":["wariomod:PoisonBombs","wariomod:MassiveParty"],"picked":"wariomod:SpacialMastery","floor":16.0},{"not_picked":["wariomod:DanceDash+1","wariomod:DonateDraw"],"picked":"wariomod:Bombshield","floor":18.0},{"not_picked":["wariomod:SimpleShield","wariomod:Smackflip+1","wariomod:AwfulLook+1"],"picked":"SKIP","floor":22.0},{"not_picked":["wariomod:BlastDash+1","wariomod:WhirlwindBurst"],"picked":"wariomod:DanceDash+1","floor":23.0},{"not_picked":["wariomod:AwfulLook+1","wariomod:BoomBoom+1"],"picked":"wariomod:Leapslam+1","floor":25.0},{"not_picked":["wariomod:HappyHop+1","wariomod:SmackSlam+1"],"picked":"wariomod:BodyBlock+1","floor":25.0},{"not_picked":["wariomod:BoomBoom","wariomod:DanceDash+1"],"picked":"wariomod:ChargeForth+1","floor":30.0},{"not_picked":["wariomod:Leapslam+1","wariomod:DisarmingMoves"],"picked":"wariomod:PoisonBombs","floor":30.0}],"player_experience":1730956,"relics_obtained":[{"floor":7.0,"key":"Kunai"},{"floor":9.0,"key":"wariomod:SunglassHat"},{"floor":10.0,"key":"Tiny Chest"},{"floor":13.0,"key":"StrikeDummy"},{"floor":17.0,"key":"CeramicFish"},{"floor":17.0,"key":"Molten Egg 2"},{"floor":17.0,"key":"Old Coin"},{"floor":23.0,"key":"Prayer Wheel"},{"floor":26.0,"key":"Thread and Needle"},{"floor":29.0,"key":"PreservedInsect"}],"event_choices":[{"damage_healed":0.0,"max_hp_gain":0.0,"max_hp_loss":0.0,"gold_gain":57.0,"event_name":"Golden Wing","player_choice":"Gained Gold","floor":4.0,"gold_loss":0.0,"damage_taken":0.0},{"damage_healed":0.0,"max_hp_gain":0.0,"max_hp_loss":0.0,"gold_gain":0.0,"event_name":"Shining Light","player_choice":"Entered Light","floor":5.0,"gold_loss":0.0,"damage_taken":16.0,"cards_upgraded":["wariomod:Defend","wariomod:Strike"]},{"damage_healed":0.0,"max_hp_gain":0.0,"max_hp_loss":0.0,"gold_gain":0.0,"event_name":"Back to Basics","player_choice":"Simplicity","floor":20.0,"gold_loss":0.0,"damage_taken":0.0,"cards_upgraded":["wariomod:Strike","wariomod:Strike","wariomod:Strike","wariomod:Defend","wariomod:Defend","wariomod:Defend"]},{"damage_healed":0.0,"max_hp_gain":0.0,"max_hp_loss":0.0,"gold_gain":0.0,"event_name":"The Mausoleum","player_choice":"Opened","floor":21.0,"gold_loss":0.0,"damage_taken":0.0,"relics_obtained":["Du-Vu Doll"],"cards_obtained":["Writhe"]},{"damage_healed":0.0,"max_hp_gain":0.0,"max_hp_loss":0.0,"gold_gain":0.0,"cards_transformed":["wariomod:Step","wariomod:Defend"],"event_name":"Drug Dealer","player_choice":"Became Test Subject","floor":31.0,"gold_loss":0.0,"damage_taken":0.0,"cards_obtained":["wariomod:BoomBoom","wariomod:NullJump"]}],"is_beta":false,"boss_relics":[{"not_picked":["wariomod:SuperHat","Runic Pyramid"],"picked":"Calling Bell"}],"items_purged_floors":[3],"is_endless":false,"potions_floor_spawned":[1,11,13,14,30],"killed_by":"Automaton","ascension_level":4}}