{"host":"63rwe7p34ct1i0qu","time":1607573993,"event":{"gold_per_floor":[116,132,144,158,172,172,182,182,231,211,222,71,88,107,107,107,107],"floor_reached":16,"playtime":515,"items_purged":[],"score":127,"play_id":"23122a0c-eef9-4e0a-b309-301251048fd6","local_time":"20201210131953","is_ascension_mode":true,"campfire_choices":[{"data":"Conserve Battery","floor":6.0,"key":"SMITH"},{"floor":15,"key":"REST"}],"neow_cost":"PERCENT_DAMAGE","seed_source_timestamp":0,"circlet_count":0,"master_deck":["Strike_B","Strike_B","Strike_B","Strike_B","Defend_B","Defend_B","Defend_B","Defend_B","Zap","Dualcast","Seek","Conserve Battery+1","Capacitor","Coolheaded","BootSequence","Ball Lightning","BootSequence","Genetic Algorithm","Doom and Gloom","Conserve Battery","Reprogram"],"special_seed":0,"relics":["Cracked Core","Boot"],"potions_floor_usage":[],"damage_taken":[{"damage":1.0,"enemies":"2 Louse","floor":1.0,"turns":2.0},{"damage":7.0,"enemies":"Jaw Worm","floor":2.0,"turns":3.0},{"damage":0.0,"enemies":"Cultist","floor":3.0,"turns":3.0},{"damage":4.0,"enemies":"3 Louse","floor":4.0,"turns":5.0},{"damage":0.0,"enemies":"Large Slime","floor":5.0,"turns":6.0},{"damage":10.0,"enemies":"Red Slaver","floor":7.0,"turns":4.0},{"damage":9.0,"enemies":"Gremlin Gang","floor":11.0,"turns":5.0},{"damage":10.0,"enemies":"Lots of Slimes","floor":13.0,"turns":3.0},{"damage":1.0,"enemies":"Exordium Thugs","floor":14.0,"turns":5.0},{"damage":37,"enemies":"Hexaghost","floor":16,"turns":11}],"seed_played":"1533292804019230939","potions_obtained":[{"floor":3.0,"key":"Dexterity Potion"},{"floor":4.0,"key":"Ancient Potion"},{"floor":7.0,"key":"Block Potion"},{"floor":11.0,"key":"Dexterity Potion"}],"is_trial":false,"path_per_floor":["M","M","M","M","M","R","M","?","T","?","M","$","M","M","R","B"],"character_chosen":"DEFECT","items_purchased":["Genetic Algorithm","Doom and Gloom"],"campfire_rested":1,"item_purchase_floors":[12,12],"current_hp_per_floor":[49,42,42,38,38,38,28,28,28,28,19,19,9,8,30,0,0],"gold":107,"neow_bonus":"THREE_RARE_CARDS","is_prod":false,"is_daily":false,"chose_seed":false,"campfire_upgraded":1,"win_rate":0,"timestamp":1607573993,"path_taken":["M","M","M","M","M","R","M","?","T","?","M","$","M","M","R","BOSS"],"build_version":"2020-11-30","purchased_purges":0,"victory":false,"max_hp_per_floor":[75,75,75,75,75,75,75,75,75,75,75,75,75,75,75,75,75],"card_choices":[{"not_picked":["Rainbow","Reboot"],"picked":"Seek","floor":0.0},{"not_picked":["Redo","Beam Cell"],"picked":"Conserve Battery","floor":1.0},{"not_picked":["Force Field","Hello World"],"picked":"Capacitor","floor":2.0},{"not_picked":["Glacier","Loop"],"picked":"Coolheaded","floor":3.0},{"not_picked":["Recycle","Steam Power","Redo"],"picked":"SKIP","floor":4.0},{"not_picked":["Stack","Conserve Battery"],"picked":"BootSequence","floor":5.0},{"not_picked":["Gash","Stack"],"picked":"Ball Lightning","floor":7.0},{"not_picked":["Hello World","Beam Cell"],"picked":"BootSequence","floor":11.0},{"not_picked":["Streamline","Cold Snap"],"picked":"Conserve Battery","floor":13.0},{"not_picked":["Barrage","Stack"],"picked":"Reprogram","floor":14.0}],"player_experience":1262890,"relics_obtained":[{"floor":9.0,"key":"Boot"}],"event_choices":[{"damage_healed":0.0,"max_hp_gain":0.0,"max_hp_loss":0.0,"gold_gain":0.0,"event_name":"Dead Adventurer","player_choice":"Searched \u00270\u0027 times","floor":8.0,"gold_loss":0.0,"damage_taken":0.0},{"damage_healed":0.0,"max_hp_gain":0.0,"max_hp_loss":0.0,"gold_gain":0.0,"event_name":"World of Goop","player_choice":"Left Gold","floor":10.0,"gold_loss":20.0,"damage_taken":0.0}],"is_beta":false,"boss_relics":[],"items_purged_floors":[],"is_endless":false,"potions_floor_spawned":[3,4,7,11],"killed_by":"Hexaghost","ascension_level":6}}