{"host":"igj4vwc42ivwqexo","time":1607634472,"event":{"mods":["BaseMod","StSLib","Infinite Spire","Koishi","Marisa????????","Minty Spire (QoL Compilation)","Shop Mod","The Disciple","The Hierophant","The Servant 0.9.4"],"gold_per_floor":[118,193,208,383,398,398,398,398,398,398,58,88,88,88,88,186,186,203,143,143],"floor_reached":19,"playtime":1320,"items_purged":["Doubt"],"score":274,"play_id":"5a336abf-ba79-4996-8a06-e9f14b078e85","local_time":"20201210220752","is_ascension_mode":true,"campfire_choices":[{"data":"Buffer","floor":6,"key":"SMITH"},{"data":"White Noise","floor":8,"key":"SMITH"},{"data":"Zap","floor":10,"key":"SMITH"},{"data":"Mayhem","floor":13,"key":"SMITH"},{"floor":15,"key":"REST"},{"data":"Aggregate","floor":15,"key":"SMITH"}],"circlet_count":0,"master_deck":["Strike_B","Strike_B","Strike_B","Strike_B","Defend_B+1","Defend_B","Defend_B","Defend_B","Zap+1","Dualcast","Buffer+1","Aggregate+1","White Noise+1","Capacitor+1","Hologram","Mayhem+1","Coolheaded","Lockon","Biased Cognition","Darkness+1"],"relics":["Cracked Core","Nunchaku","Lizard Tail","infinitespire:Magic Flask","Philosopher\u0027s Stone"],"acts_visited":["Exordium","TheCity"],"potions_floor_usage":[16,19],"damage_taken":[{"damage":0,"enemies":"Jaw Worm","floor":1,"turns":3},{"damage":0,"enemies":"2 Louse","floor":3,"turns":2},{"damage":0,"enemies":"Cultist","floor":5,"turns":4},{"damage":0,"enemies":"Lagavulin","floor":12,"turns":7},{"damage":0,"enemies":"Slime Boss","floor":16,"turns":8},{"damage":64,"enemies":"3 Byrds","floor":18,"turns":6},{"damage":0,"enemies":"2 Thieves","floor":19,"turns":3}],"seed_played":"3142816761940275675","potions_obtained":[{"floor":1,"key":"Weak Potion"},{"floor":3,"key":"Dexterity Potion"},{"floor":18,"key":"SteroidPotion"}],"is_trial":false,"path_per_floor":["M","?","M","?","M","R","?","R","T","R","$","E","R","T","R","B",null,"M","M"],"character_chosen":"DEFECT","items_purchased":["Hologram","Mayhem","Coolheaded"],"campfire_rested":1,"item_purchase_floors":[11,11,11],"current_hp_per_floor":[68,57,57,57,57,57,43,43,43,43,43,43,43,43,63,63,68,4,4,4],"gold":143,"neow_bonus":"THREE_RARE_CARDS","is_daily":false,"chose_seed":false,"campfire_upgraded":5,"win_rate":0,"timestamp":1607634472,"path_taken":["M","?","M","?","M","R","?","R","T","R","?","E","R","?","R","BOSS","M","M"],"build_version":"2020-11-30","purchased_purges":1,"victory":false,"max_hp_per_floor":[68,68,68,68,68,68,68,68,68,68,68,68,68,68,68,68,68,68,68,68],"card_choices":[{"not_picked":["Core Surge","Meteor Strike"],"picked":"Buffer","floor":0},{"not_picked":["Reprogram","Compile Driver"],"picked":"Aggregate","floor":1},{"not_picked":["Chaos","Leap"],"picked":"White Noise","floor":3},{"not_picked":["Streamline","Compile Driver"],"picked":"Capacitor","floor":5},{"not_picked":["Leap","Beam Cell"],"picked":"Lockon","floor":12},{"not_picked":["Meteor Strike","Core Surge"],"picked":"Biased Cognition","floor":16},{"not_picked":["Compile Driver","Rebound+1"],"picked":"Darkness+1","floor":18}],"player_experience":224653,"relics_obtained":[{"floor":9,"key":"Nunchaku"},{"floor":12,"key":"Lizard Tail"},{"floor":14,"key":"infinitespire:Magic Flask"}],"event_choices":[{"damage_healed":0,"gold_gain":75,"player_choice":"Gather Gold","damage_taken":11,"max_hp_gain":0,"max_hp_loss":0,"event_name":"World of Goop","floor":2,"gold_loss":0},{"damage_healed":0,"gold_gain":175,"player_choice":"AGREE","damage_taken":0,"max_hp_gain":0,"max_hp_loss":0,"event_name":"Liars Game","floor":4,"gold_loss":0,"cards_obtained":["Doubt"]},{"damage_healed":0,"gold_gain":0,"player_choice":"Entered Light","damage_taken":14,"max_hp_gain":0,"max_hp_loss":0,"event_name":"Shining Light","floor":7,"gold_loss":0,"cards_upgraded":["Defend_B","Capacitor"]}],"is_beta":false,"boss_relics":[{"not_picked":["Cursed Key","FrozenCore"],"picked":"Philosopher\u0027s Stone"}],"items_purged_floors":[11],"is_endless":false,"potions_floor_spawned":[1,3,18],"killed_by":"2 Thieves","ascension_level":3}}