{"host":"dpjm9ksidutf4nb4","time":1607624626,"event":{"mods":["BaseMod","StSLib","2.2 Compatiblity","AchievementEnabler","Bartender","BetterRewards","Rare Cards Sparkle","The Judge","Infinite Spire","Replay The Spire","Small Relic Pack","Minty Spire (QoL Compilation)","The Cursed","The Servant 0.9.4","The Wild Card","Yuri Mod","The Bladedancer","vexMod","Duelist Mod","Fireblade Mod","Hermit","Shade Mod"],"gold_per_floor":[109,127,140,140,67,101,101,26,26,58,77,77,111,125,125,229,229,244,302,302,321,352,352,368,368,368,368,385,385,416,434,434,533,533,581,599,657,657,657],"floor_reached":38,"playtime":1707,"items_purged":["FireBladeMod:StrikeFireBlade","KidneyShot"],"score":730,"play_id":"5d2942b8-43a5-44eb-8860-8dd4cf488a13","local_time":"20201210122346","is_ascension_mode":true,"campfire_choices":[{"floor":7,"key":"DIG"},{"floor":15,"key":"REST"},{"floor":23,"key":"REST"},{"floor":25,"key":"REST"},{"floor":27,"key":"DIG"},{"floor":32,"key":"DIG"}],"circlet_count":0,"master_deck":["FireBladeMod:DefendFireBlade+1","FireBladeMod:FlamingSword","FireBladeMod:FireBarrier","FireBladeMod:EruptionSlash","FireBladeMod:SpinningSmash+1","FireBladeMod:Robust","FireBladeMod:SmokeScreen","FireBladeMod:GetPumped+1","FireBladeMod:Shove","FireBladeMod:Ignition","FireBladeMod:ScorchingStrike","FireBladeMod:SteadyEndurance","FireBladeMod:FerventSlash+1","FireBladeMod:Shove","FireBladeMod:Blitzkreig+1","FireBladeMod:SpinningSmash+1","theDuelist:CursedBill","FireBladeMod:Unbalance","FireBladeMod:Arson","FireBladeMod:SpiritEndurance+1","FireBladeMod:DeathBlade","FireBladeMod:Tempo","Voices","FireBladeMod:AfterBurn","FireBladeMod:HealthyEndurance+1","FireBladeMod:SpinningSmash","FireBladeMod:SoulSword","FireBladeMod:LearnTells","theDuelist:CurseAnubis","FireBladeMod:BattleStamina","Replay:Bootleg Shield Generator","infinitespire:Starlight","FireBladeMod:SoulSword+1","infinitespire:Collect","infinitespire:UltimateForm","FireBladeMod:Accelerant"],"relics":["FireBladeMod:DuelistLocket","Shovel","Bottled Tornado","Shuriken","Replay:PocketPolymizer","Vajra","Cursed Key","vexMod:BarristanHead","Red Mask","Cleaning_Rag","vexMod:ScavengeHelm","Whetstone","Happy Flower","infinitespire:EvilPickle","Replay:Grab Bag","Busted Crown","Runic Dome","Black Star","ReplayTheSpireMod:SealedPack","CeramicFish"],"acts_visited":["Exordium","TheCity","TheBeyond"],"potions_floor_usage":[6,13,16,22,24,30,33],"damage_taken":[{"damage":2,"enemies":"2 Louse","floor":1,"turns":3},{"damage":0,"enemies":"Cultist","floor":2,"turns":3},{"damage":0,"enemies":"Small Slimes","floor":3,"turns":2},{"damage":8,"enemies":"Gremlin Nob","floor":6,"turns":3},{"damage":9,"enemies":"Replay:BlueRogue","floor":10,"turns":5},{"damage":7,"enemies":"Blue Slaver","floor":11,"turns":4},{"damage":15,"enemies":"Gremlin Nob","floor":13,"turns":4},{"damage":12,"enemies":"Exordium Wildlife","floor":14,"turns":3},{"damage":5,"enemies":"Slime Boss","floor":16,"turns":8},{"damage":10,"enemies":"Shell Parasite","floor":18,"turns":5},{"damage":10,"enemies":"Spheric Guardian","floor":21,"turns":5},{"damage":2,"enemies":"Masked Bandits","floor":22,"turns":3},{"damage":10,"enemies":"Snecko","floor":24,"turns":4},{"damage":20,"enemies":"Snake Plant","floor":28,"turns":3},{"damage":8,"enemies":"Replay:Snechameleon","floor":30,"turns":6},{"damage":10,"enemies":"Centurion and Healer","floor":31,"turns":4},{"damage":14,"enemies":"Pondfish","floor":33,"turns":8},{"damage":12,"enemies":"3 Shapes","floor":35,"turns":4},{"damage":25,"enemies":"Orb Walker","floor":37,"turns":3},{"damage":41,"enemies":"3 Darklings","floor":38,"turns":2}],"seed_played":"-2853632730376710725","potions_obtained":[{"floor":1,"key":"LiquidMemories"},{"floor":10,"key":"ColorlessPotion"},{"floor":14,"key":"BlessingOfTheForge"},{"floor":16,"key":"SneckoOil"},{"floor":19,"key":"Adrenaline Potion"},{"floor":19,"key":"SteroidPotion"},{"floor":21,"key":"GamblersBrew"},{"floor":22,"key":"Swift Potion"},{"floor":28,"key":"GamblersBrew"},{"floor":31,"key":"SpeedPotion"},{"floor":37,"key":"Strength Potion"}],"is_trial":false,"path_per_floor":["M","M","M","?","$","E","R","$","T","E","M","?","E","M","R","B",null,"M","?","?","M","?","R","M","R","T","R","M","?","E","M","R","B",null,"M","AVR","M","M"],"character_chosen":"THE_FIREBLADE","items_purchased":["FireBladeMod:GetPumped"],"campfire_rested":3,"item_purchase_floors":[5],"current_hp_per_floor":[68,68,68,68,68,60,60,60,60,51,44,30,15,3,24,19,57,47,47,47,37,35,56,46,67,67,67,47,47,47,45,45,39,62,66,66,41,0,0],"gold":657,"neow_bonus":"TRANSFORM_CARD","is_daily":false,"chose_seed":false,"campfire_upgraded":0,"win_rate":0,"timestamp":1607624626,"path_taken":["M","M","M","?","?","E","R","$","T","E","M","?","E","M","R","BOSS","M","?","?","?","?","R","M","R","T","R","M","?","E","M","R","BOSS","M","AVR","?","M"],"build_version":"2020-11-30","purchased_purges":2,"victory":false,"max_hp_per_floor":[70,70,70,70,70,70,70,70,70,70,70,70,70,70,70,70,70,70,70,70,70,70,70,70,70,70,70,70,70,70,70,70,70,70,70,70,70,70,70],"card_choices":[{"not_picked":["FireBladeMod:BackhandSwing","FireBladeMod:ComboCleave"],"picked":"FireBladeMod:SpinningSmash","floor":1},{"not_picked":["FireBladeMod:ScorchingStrike","FireBladeMod:Speed"],"picked":"FireBladeMod:Robust","floor":2},{"not_picked":["FireBladeMod:WellPrepared","FireBladeMod:SpinningSmash"],"picked":"FireBladeMod:SmokeScreen","floor":3},{"not_picked":["FireBladeMod:BackhandSwing","FireBladeMod:EruptionSlash"],"picked":"FireBladeMod:Shove","floor":6},{"not_picked":["FireBladeMod:PyromancerForm","FireBladeMod:Speed"],"picked":"FireBladeMod:Ignition","floor":10},{"not_picked":["FireBladeMod:ComboSlashes","FireBladeMod:Shove"],"picked":"FireBladeMod:ScorchingStrike","floor":11},{"not_picked":["FireBladeMod:Flames","FireBladeMod:SpinningSmash"],"picked":"FireBladeMod:SteadyEndurance","floor":13},{"not_picked":["FireBladeMod:Robust","FireBladeMod:SoulStrike"],"picked":"FireBladeMod:FerventSlash","floor":14},{"not_picked":["FireBladeMod:Ignition","FireBladeMod:DeathBlade"],"picked":"FireBladeMod:Blitzkreig","floor":16},{"not_picked":["FireBladeMod:BackhandSwing+1","FireBladeMod:Turtle"],"picked":"FireBladeMod:SpinningSmash+1","floor":18},{"not_picked":["FireBladeMod:Feint+1","FireBladeMod:FlashBang"],"picked":"FireBladeMod:Unbalance","floor":19},{"not_picked":["FireBladeMod:Turtle","FireBladeMod:BackhandSwing+1"],"picked":"FireBladeMod:Arson","floor":21},{"not_picked":["FireBladeMod:Shove","FireBladeMod:Flames"],"picked":"FireBladeMod:SpiritEndurance+1","floor":22},{"not_picked":["FireBladeMod:RapidDodges","FireBladeMod:AbsorbEnergy"],"picked":"FireBladeMod:Tempo","floor":24},{"not_picked":["FireBladeMod:StunningBlow","FireBladeMod:BackhandSwing"],"picked":"FireBladeMod:HealthyEndurance+1","floor":28},{"not_picked":["FireBladeMod:Wildfire+1","FireBladeMod:SoulStrike"],"picked":"FireBladeMod:SpinningSmash","floor":30},{"not_picked":["FireBladeMod:SoulStrike","FireBladeMod:Reposition"],"picked":"FireBladeMod:SoulSword","floor":31},{"not_picked":["FireBladeMod:Blitzkreig","FireBladeMod:FinalSmash"],"picked":"FireBladeMod:LearnTells","floor":33},{"not_picked":[],"picked":"FireBladeMod:BattleStamina","floor":34},{"not_picked":[],"picked":"Replay:Bootleg Shield Generator","floor":34},{"not_picked":[],"picked":"infinitespire:Starlight","floor":34},{"not_picked":[],"picked":"KidneyShot","floor":34},{"not_picked":[],"picked":"FireBladeMod:SoulSword+1","floor":35},{"not_picked":[],"picked":"FireBladeMod:Accelerant","floor":37}],"player_experience":705214,"relics_obtained":[{"floor":6,"key":"Shovel"},{"floor":7,"key":"Bottled Tornado"},{"floor":9,"key":"Shuriken"},{"floor":10,"key":"Replay:PocketPolymizer"},{"floor":13,"key":"Vajra"},{"floor":19,"key":"vexMod:BarristanHead"},{"floor":22,"key":"Red Mask"},{"floor":26,"key":"Cleaning_Rag"},{"floor":27,"key":"vexMod:ScavengeHelm"},{"floor":30,"key":"Whetstone"},{"floor":32,"key":"Happy Flower"}],"event_choices":[{"cards_removed":["FireBladeMod:StrikeFireBlade"],"damage_healed":0,"gold_gain":0,"player_choice":"Offered Basic","damage_taken":0,"max_hp_gain":0,"max_hp_loss":0,"event_name":"Bonfire Elementals","floor":4,"gold_loss":0},{"damage_healed":0,"gold_gain":0,"player_choice":"Entered Light","damage_taken":14,"max_hp_gain":0,"max_hp_loss":0,"event_name":"Shining Light","floor":12,"gold_loss":0,"cards_upgraded":["FireBladeMod:DefendFireBlade","FireBladeMod:GetPumped"]},{"damage_healed":0,"gold_gain":0,"player_choice":"Upgraded","damage_taken":0,"max_hp_gain":0,"max_hp_loss":0,"event_name":"Upgrade Shrine","floor":20,"gold_loss":0,"cards_upgraded":["FireBladeMod:Blitzkreig"]},{"damage_healed":0,"gold_gain":0,"player_choice":"Fought Bandits","damage_taken":0,"max_hp_gain":0,"max_hp_loss":0,"event_name":"Masked Bandits","floor":22,"gold_loss":0},{"cards_removed":["FireBladeMod:SoulStrike"],"damage_healed":0,"gold_gain":0,"player_choice":"Card Removal","damage_taken":0,"max_hp_gain":0,"max_hp_loss":0,"event_name":"Wheel of Change","floor":29,"gold_loss":0}],"is_beta":false,"boss_relics":[{"not_picked":["Snecko Eye","Replay:Drink Me"],"picked":"Cursed Key"},{"not_picked":["FireBladeMod:InnerFlame","Empty Cage"],"picked":"Replay:Grab Bag"},{"not_picked":["Painkiller Herb","Philosopher\u0027s Stone"],"picked":"Busted Crown"},{"not_picked":["Replay:Wanted Poster","Abe\u0027s Treasure"],"picked":"Runic Dome"},{"not_picked":["relicPack:ShieldShield","relicPack:StarArrow"],"picked":"Black Star"},{"not_picked":["relicPack:KazumaCape","Pandora\u0027s Box"],"picked":"ReplayTheSpireMod:SealedPack"}],"items_purged_floors":[8,36],"is_endless":false,"potions_floor_spawned":[1,10,14,16,21,22,28,31,37],"killed_by":"3 Darklings","ascension_level":5}}