{"host":"r6jigiblrojhp6xe","time":1607586846,"event":{"gold_per_floor":[363,375,198,198,209,209,242,242,318,318,318,336,252,268,268,364,364,377,377,396,42,58,97,97,117,140,180,180,180,227,242,242,338,338,354,379,379,403,242,242,24,24,48,64,98,98,111,111,111,111,111],"floor_reached":50,"playtime":948,"items_purged":[],"score":1170,"play_id":"f6acc6d8-2887-43f6-9a3d-deedb2d17432","local_time":"20201210165406","is_ascension_mode":true,"campfire_choices":[{"data":"Perfected Strike","floor":6.0,"key":"SMITH"},{"data":"Perfected Strike","floor":10.0,"key":"SMITH"},{"data":"Perfected Strike","floor":15.0,"key":"SMITH"},{"data":"Perfected Strike","floor":24.0,"key":"SMITH"},{"floor":32.0,"key":"REST"},{"floor":40.0,"key":"DIG"},{"floor":42.0,"key":"DIG"},{"floor":46.0,"key":"DIG"},{"floor":49,"key":"DIG"}],"neow_cost":"TEN_PERCENT_HP_LOSS","seed_source_timestamp":407934607762700,"circlet_count":0,"master_deck":["AscendersBane","Strike_R","Strike_R","Strike_R","Strike_R","Strike_R","Defend_R","Defend_R+1","Defend_R+1","Defend_R","Bash","Perfected Strike+1","Twin Strike","Flash of Steel","Corruption","Shrug It Off","Perfected Strike+1","Pommel Strike","Perfected Strike+1","Wild Strike","Offering","Perfected Strike+1","Perfected Strike+1","Battle Trance","Clothesline+1","Offering","Necronomicurse","Shrug It Off","Pommel Strike","Shrug It Off+1","Wild Strike","Purity"],"special_seed":0,"relics":["Burning Blood","Bag of Preparation","Meat on the Bone","Golden Idol","Philosopher\u0027s Stone","Pantograph","Gremlin Horn","Smiling Mask","Shovel","Necronomicon","Centennial Puzzle","Snecko Eye","Ancient Tea Set","Pen Nib","Blood Vial","Mummified Hand","Vajra","Bottled Flame","Shuriken","Nunchaku"],"potions_floor_usage":[],"damage_taken":[{"damage":9.0,"enemies":"2 Louse","floor":1.0,"turns":3.0},{"damage":2.0,"enemies":"Jaw Worm","floor":2.0,"turns":5.0},{"damage":0.0,"enemies":"Cultist","floor":5.0,"turns":3.0},{"damage":34.0,"enemies":"3 Sentries","floor":7.0,"turns":8.0},{"damage":12.0,"enemies":"Looter","floor":12.0,"turns":3.0},{"damage":7.0,"enemies":"Gremlin Gang","floor":14.0,"turns":5.0},{"damage":45.0,"enemies":"Hexaghost","floor":16.0,"turns":7.0},{"damage":0.0,"enemies":"Chosen","floor":18.0,"turns":2.0},{"damage":31.0,"enemies":"3 Byrds","floor":20.0,"turns":3.0},{"damage":16.0,"enemies":"Shelled Parasite and Fungi","floor":22.0,"turns":3.0},{"damage":28.0,"enemies":"Slavers","floor":23.0,"turns":4.0},{"damage":0.0,"enemies":"3 Cultists","floor":25.0,"turns":2.0},{"damage":21.0,"enemies":"Gremlin Leader","floor":27.0,"turns":2.0},{"damage":6.0,"enemies":"Chosen and Byrds","floor":31.0,"turns":2.0},{"damage":47.0,"enemies":"Champ","floor":33.0,"turns":4.0},{"damage":0.0,"enemies":"3 Darklings","floor":35.0,"turns":1.0},{"damage":14.0,"enemies":"3 Shapes","floor":36.0,"turns":2.0},{"damage":6.0,"enemies":"Transient","floor":38.0,"turns":6.0},{"damage":0.0,"enemies":"3 Darklings","floor":44.0,"turns":1.0},{"damage":6.0,"enemies":"Nemesis","floor":45.0,"turns":1.0},{"damage":9,"enemies":"Writhing Mass","floor":47,"turns":2},{"damage":68,"enemies":"Time Eater","floor":50,"turns":4}],"seed_played":"6485296680439574789","potions_obtained":[{"floor":5.0,"key":"SpeedPotion"},{"floor":12.0,"key":"BloodPotion"},{"floor":16.0,"key":"Explosive Potion"},{"floor":22.0,"key":"BloodPotion"},{"floor":23.0,"key":"Regen Potion"},{"floor":36.0,"key":"BloodPotion"}],"is_trial":false,"path_per_floor":["M","M","$","?","M","R","E","?","T","R","?","M","$","M","R","B",null,"M","?","M","$","M","E","R","M","T","E","?","?","T","M","R","B",null,"M","M","$","M","$","R","$","R","T","M","E","R","M","?","R","B"],"character_chosen":"IRONCLAD","items_purchased":["Flash of Steel","Corruption","Perfected Strike","Wild Strike","Pantograph","Battle Trance","Ancient Tea Set","Pommel Strike","Blood Vial"],"campfire_rested":1,"item_purchase_floors":[3,3,13,13,21,21,39,41,41],"current_hp_per_floor":[65,68,68,48,54,54,26,31,31,31,31,37,37,48,48,21,55,61,61,48,48,50,53,53,59,59,44,44,23,23,35,54,37,59,65,66,66,66,66,66,66,66,66,66,66,66,63,63,63,0,0],"gold":111,"neow_bonus":"TWO_FIFTY_GOLD","is_prod":false,"is_daily":false,"chose_seed":false,"campfire_upgraded":4,"win_rate":0,"timestamp":1607586846,"path_taken":["M","M","$","?","M","R","E","?","T","R","?","M","$","M","R","BOSS","M","?","M","$","?","E","R","M","T","E","?","?","?","M","R","BOSS","M","M","$","?","$","R","$","R","T","M","E","R","M","?","R","BOSS"],"build_version":"2020-11-30","purchased_purges":0,"victory":false,"max_hp_per_floor":[68,68,68,68,68,68,68,73,73,73,66,66,66,66,66,66,66,66,66,66,66,66,66,66,66,66,66,66,66,66,66,66,66,66,66,66,66,66,66,66,66,66,66,66,66,66,66,66,66,66,66],"relic_stats":{"Gremlin Horn":[11,11],"counters":[22,73],"Golden Idol":104,"Pen Nib":[3],"Bag of Preparation":[36],"Smiling Mask":0,"Burning Blood":119,"Blood Vial":2,"Centennial Puzzle":[21],"Nunchaku":[1],"Shovel":4,"Mummified Hand":[2],"Shuriken":[5],"Pantograph":13,"Snecko Eye":[39,44,34,47],"Necronomicon":[19],"obtain_stats":[{"Gremlin Horn":23,"Golden Idol":11,"Vajra":43,"Pen Nib":40,"Bag of Preparation":7,"Smiling Mask":26,"Ancient Tea Set":39,"Burning Blood":0,"Blood Vial":41,"Centennial Puzzle":30,"Bottled Flame":45,"Nunchaku":49,"Shovel":27,"Mummified Hand":42,"Shuriken":46,"Pantograph":21,"Snecko Eye":34,"Philosopher\u0027s Stone":17,"Necronomicon":29,"Meat on the Bone":9},{"Gremlin Horn":11,"Golden Idol":4,"Vajra":18,"Pen Nib":18,"Bag of Preparation":4,"Smiling Mask":12,"Ancient Tea Set":18,"Burning Blood":0,"Blood Vial":18,"Centennial Puzzle":13,"Bottled Flame":20,"Nunchaku":21,"Shovel":13,"Mummified Hand":18,"Shuriken":20,"Pantograph":9,"Snecko Eye":15,"Philosopher\u0027s Stone":7,"Necronomicon":13,"Meat on the Bone":4},{"Gremlin Horn":46,"Golden Idol":19,"Vajra":65,"Pen Nib":65,"Bag of Preparation":19,"Smiling Mask":48,"Ancient Tea Set":65,"Burning Blood":0,"Blood Vial":65,"Centennial Puzzle":50,"Bottled Flame":67,"Nunchaku":69,"Shovel":50,"Mummified Hand":65,"Shuriken":67,"Pantograph":39,"Snecko Eye":56,"Philosopher\u0027s Stone":34,"Necronomicon":50,"Meat on the Bone":19}],"Meat on the Bone":96},"card_choices":[{"not_picked":["Anger","Thunderclap"],"picked":"Perfected Strike","floor":1.0},{"not_picked":["Iron Wave","Heavy Blade"],"picked":"Twin Strike","floor":2.0},{"not_picked":["Metallicize","Clash"],"picked":"Shrug It Off","floor":5.0},{"not_picked":["Iron Wave","Ghostly Armor"],"picked":"Perfected Strike","floor":7.0},{"not_picked":["Sword Boomerang","Anger"],"picked":"Pommel Strike","floor":12.0},{"not_picked":["Combust","Heavy Blade","Warcry"],"picked":"SKIP","floor":14.0},{"not_picked":["Juggernaut","Brutality"],"picked":"Offering","floor":16.0},{"not_picked":["Anger+1","Armaments","Clash"],"picked":"SKIP","floor":18.0},{"not_picked":["Sword Boomerang","Dark Embrace"],"picked":"Perfected Strike","floor":20.0},{"not_picked":["Spot Weakness","True Grit","Clothesline+1"],"picked":"SKIP","floor":22.0},{"not_picked":["Spot Weakness","True Grit"],"picked":"Clothesline+1","floor":22.0},{"not_picked":["Uppercut","Sever Soul","Disarm"],"picked":"SKIP","floor":23.0},{"not_picked":["Armaments","Power Through"],"picked":"Offering","floor":25.0},{"not_picked":["True Grit","Dual Wield","Anger"],"picked":"SKIP","floor":27.0},{"not_picked":["Metallicize","Feel No Pain","Pummel"],"picked":"SKIP","floor":31.0},{"not_picked":["Flex","Armaments"],"picked":"Shrug It Off","floor":35.0},{"not_picked":["Armaments","Feel No Pain","Body Slam"],"picked":"SKIP","floor":36.0},{"not_picked":["Fire Breathing","Thunderclap","Iron Wave"],"picked":"SKIP","floor":38.0},{"not_picked":["Feel No Pain","Anger+1","Reckless Charge"],"picked":"SKIP","floor":44.0},{"not_picked":["Blood for Blood","Headbutt"],"picked":"Shrug It Off+1","floor":45.0},{"not_picked":["Bloodletting","Whirlwind+1"],"picked":"Wild Strike","floor":47},{"not_picked":["Secret Technique","Jack Of All Trades"],"picked":"Purity","floor":48}],"player_experience":492881,"relics_obtained":[{"floor":7.0,"key":"Bag of Preparation"},{"floor":9.0,"key":"Meat on the Bone"},{"floor":23.0,"key":"Gremlin Horn"},{"floor":26.0,"key":"Smiling Mask"},{"floor":27.0,"key":"Shovel"},{"floor":29.0,"key":"Necronomicon"},{"floor":30.0,"key":"Centennial Puzzle"},{"floor":40.0,"key":"Pen Nib"},{"floor":42.0,"key":"Mummified Hand"},{"floor":43.0,"key":"Vajra"},{"floor":45.0,"key":"Bottled Flame"},{"floor":46.0,"key":"Shuriken"},{"floor":49,"key":"Nunchaku"}],"event_choices":[{"damage_healed":0.0,"max_hp_gain":0.0,"max_hp_loss":0.0,"gold_gain":0.0,"event_name":"Shining Light","player_choice":"Entered Light","floor":4.0,"gold_loss":0.0,"damage_taken":20.0,"cards_upgraded":["Defend_R","Defend_R"]},{"damage_healed":0.0,"max_hp_gain":5.0,"max_hp_loss":0.0,"gold_gain":0.0,"event_name":"Big Fish","player_choice":"Donut","floor":8.0,"gold_loss":0.0,"damage_taken":0.0},{"damage_healed":0.0,"max_hp_gain":0.0,"max_hp_loss":7.0,"gold_gain":0.0,"event_name":"Golden Idol","player_choice":"Lose Max HP","floor":11.0,"gold_loss":0.0,"damage_taken":0.0,"relics_obtained":["Golden Idol"]},{"damage_healed":0.0,"max_hp_gain":0.0,"max_hp_loss":0.0,"gold_gain":0.0,"event_name":"Duplicator","player_choice":"Copied","floor":19.0,"gold_loss":0.0,"damage_taken":0.0,"cards_obtained":["Perfected Strike"]},{"damage_healed":0.0,"max_hp_gain":0.0,"max_hp_loss":0.0,"gold_gain":0.0,"event_name":"Vampires","player_choice":"Ignored","floor":28.0,"gold_loss":0.0,"damage_taken":0.0},{"damage_healed":0.0,"max_hp_gain":0.0,"max_hp_loss":0.0,"gold_gain":0.0,"event_name":"Cursed Tome","player_choice":"Obtained Book","floor":29.0,"gold_loss":0.0,"damage_taken":21.0},{"damage_healed":0,"gold_gain":0,"player_choice":"Memory 1","damage_taken":0,"max_hp_gain":0,"max_hp_loss":0,"event_name":"SensoryStone","floor":48,"gold_loss":0}],"is_beta":false,"boss_relics":[{"not_picked":["SlaversCollar","Runic Cube"],"picked":"Philosopher\u0027s Stone"},{"not_picked":["Busted Crown","Runic Dome"],"picked":"Snecko Eye"}],"items_purged_floors":[],"is_endless":false,"potions_floor_spawned":[5,12,16,22,23,25,31,36,38],"killed_by":"Time Eater","ascension_level":20}}