{"host":"xxi53rn2ndafw16n","time":1607634399,"event":{"mods":["BaseMod","StSLib","Marisa（F雨　魔理沙）","【角色mod】十八桐人","Remilia（蕾米莉亚）","RumiaBox-露米娅的神秘盒子","Youmu（魂魄妖梦）","vexMod","Act Like it!","Gensokyo","Remove Card Discount Mod","Colored Map","Gold Saver","Replay The Spire","【功能Mod】混沌之环修复补丁","Minty Spire (QoL Compilation)","篝火指南","Reimu（博丽灵梦）","HololiveMod","Waifu the Spire","WarShipGirlsR/战舰少女R mod","Downfall","Dota2Spire","MostiFishMod","【东方二次创作】八云紫mod","The Bug Knight"],"gold_per_floor":[113,128,141,141,157,6,31,41,41,73,87,87,112,130,130,229,229,245,255,97,108,108,141,141,175,255,289,289,321,332,350,198,295,295,309,326,322,339,339,370,390,424,470,470,470,488,506,539,539,539],"floor_reached":51,"playtime":1718,"items_purged":["Strike_Black","Strike_Black","Defend_Black","Defend_Black","Strike_Black","Strike_Black","MostiFishMod:FantasySummer","Attacker_Black","Defend_Black","SwordDance_Black","SwordDance_Black","ThespeedofsoundToattack_Black"],"score":1849,"play_id":"e08a5ecb-f6f6-4384-a472-15c2dc976c40","local_time":"20201211050639","is_ascension_mode":true,"campfire_choices":[{"data":"MostiFishMod:TheEndOfMoonlight","floor":12,"key":"SMITH"},{"data":"MostiFishMod:NightSea","floor":15,"key":"SMITH"},{"data":"MostiFishMod:SparklingWater","floor":24,"key":"SMITH"},{"data":"J.A.X.","floor":45,"key":"SMITH"},{"data":"SharpCut_Black","floor":49,"key":"SMITH"},{"data":"Stab_Black","floor":49,"key":"SMITH"}],"circlet_count":0,"master_deck":["AscendersBane","Defend_Black","Observe_Black","MostiFishMod:Neptune","MostiFishMod:TheEndOfMoonlight+1","MostiFishMod:SparklingWater+1","MostiFishMod:NightSea+1","Spitting_Black+1","Stab_Black+1","TakeAdvantage_Black+1","SharpCut_Black+1","LevelUp_Black+1","Attacker_Black+1","SpeedBlade3_Colorless+1","J.A.X.+1","SwordDance_Black+1","DefensiveStance_Black+1","Stab_Black+1","Intimidate_Black+1","ThespeedofsoundToattack_Black+1"],"relics":["TheHeartOfYui","Aincard","DaveBox","MoonlightInvasionPlan","NeowsBlessing","Question Card","BrkXgEgg","Dead Branch","Dota2Spire:Dagon","Dota2Spire:BlackKingBar","vexMod:BarristanHead","ImportantClient","Dota2Spire:Bloodstone","Replay:Towering Pillar of Hats","DaCapo","LastBattle","Matryoshka","Prayer Wheel","Technique","PatriotShield","vexMod:RetaliationKit","Dota2Spire:EyeOfSkadi","Dota2Spire:PowerTreads","ScarletDevilRocket","Replay:Arrowhead"],"acts_visited":["Exordium","TheCity","TheBeyond"],"potions_floor_usage":[16,16,25,27,40],"damage_taken":[{"damage":0,"enemies":"Cultist","floor":1,"turns":1},{"damage":0,"enemies":"2 Louse","floor":2,"turns":1},{"damage":0,"enemies":"Small Slimes","floor":3,"turns":1},{"damage":5,"enemies":"3 Louse","floor":5,"turns":3},{"damage":5,"enemies":"3 Sentries","floor":7,"turns":5},{"damage":0,"enemies":"Exordium Wildlife","floor":8,"turns":2},{"damage":0,"enemies":"Lagavulin","floor":10,"turns":2},{"damage":0,"enemies":"Lots of Slimes","floor":11,"turns":1},{"damage":0,"enemies":"Gremlin Nob","floor":13,"turns":3},{"damage":0,"enemies":"Blue Slaver","floor":14,"turns":1},{"damage":0,"enemies":"Hexaghost","floor":16,"turns":4},{"damage":0,"enemies":"Shell Parasite","floor":18,"turns":1},{"damage":0,"enemies":"Chosen","floor":19,"turns":2},{"damage":0,"enemies":"Snecko","floor":21,"turns":3},{"damage":0,"enemies":"Book of Stabbing","floor":23,"turns":4},{"damage":0,"enemies":"Gremlin Leader","floor":25,"turns":4},{"damage":12,"enemies":"Slavers","floor":27,"turns":3},{"damage":15,"enemies":"Book of Stabbing","floor":29,"turns":3},{"damage":0,"enemies":"3 Cultists","floor":30,"turns":1},{"damage":0,"enemies":"Cultist and Chosen","floor":31,"turns":2},{"damage":0,"enemies":"Collector","floor":33,"turns":4},{"damage":18,"enemies":"3 Shapes","floor":35,"turns":1},{"damage":0,"enemies":"3 Darklings","floor":36,"turns":2},{"damage":0,"enemies":"Spire Growth","floor":38,"turns":2},{"damage":0,"enemies":"Giant Head","floor":40,"turns":3},{"damage":0,"enemies":"Jaw Worm Horde","floor":41,"turns":2},{"damage":0,"enemies":"Nemesis","floor":42,"turns":1},{"damage":8,"enemies":"4 Shapes","floor":46,"turns":2},{"damage":0,"enemies":"Writhing Mass","floor":47,"turns":2},{"damage":1,"enemies":"Giant Head","floor":48,"turns":1},{"damage":0,"enemies":"Awakened One","floor":50,"turns":3}],"seed_played":"3870640504294485195","potions_obtained":[{"floor":2,"key":"Fire Potion"},{"floor":7,"key":"SteroidPotion"},{"floor":14,"key":"ZuzhouPotion:ReiMu"},{"floor":21,"key":"Explosive Potion"},{"floor":23,"key":"PowerPotion"},{"floor":29,"key":"Adrenaline Potion"},{"floor":36,"key":"PowerPotion"}],"is_trial":false,"path_per_floor":["M","M","M","?","M","R","E","M","T","E","M","R","E","M","R","B",null,"M","M","$","M","?","E","R","E","T","E","?","E","M","M","R","B",null,"M","M","$","M","?","E","M","E","T","?","R","M","M","E","R","B",null],"character_chosen":"THE_KIRITO","items_purchased":["BrkXgEgg","SpeedBlade3_Colorless+1","Technique"],"campfire_rested":0,"item_purchase_floors":[6,20,32],"current_hp_per_floor":[72,72,72,72,69,69,64,64,64,64,64,64,64,64,64,64,76,76,76,76,76,76,76,76,78,78,66,66,53,55,75,75,77,79,61,61,61,63,63,63,63,68,68,68,68,62,64,63,63,63],"gold":539,"neow_bonus":"THREE_ENEMY_KILL","is_daily":false,"chose_seed":false,"campfire_upgraded":6,"win_rate":0,"timestamp":1607634399,"path_taken":["M","M","M","?","?","R","E","M","T","E","M","R","E","M","R","BOSS","M","M","$","M","?","E","R","E","T","E","?","E","M","M","R","BOSS","M","M","$","M","?","E","M","E","T","?","R","M","M","E","R","BOSS"],"build_version":"2020-11-30","purchased_purges":12,"victory":true,"max_hp_per_floor":[80,80,80,80,80,80,80,80,80,80,80,80,80,80,80,80,80,80,80,80,80,80,80,80,80,80,80,80,80,80,80,80,80,80,80,80,80,80,76,76,76,81,81,81,81,81,81,81,81,81],"card_choices":[{"not_picked":["PrewarPrepare_Black","BrilliantBlade_Black","Thrust_Black"],"picked":"SKIP","floor":1},{"not_picked":["WeakHit_Black","WartimeReply_Black","Defender_Black"],"picked":"SwordDance_Black","floor":2},{"not_picked":["SelfCongested_Black","FlashPuncture_Black","HorizontalSquareChopping_Black"],"picked":"Spitting_Black","floor":3},{"not_picked":["SunBlade_Black","DexterityTransform_Black","StarSpatter_Black"],"picked":"Stab_Black","floor":5},{"not_picked":["SelfCongested_Black","Eclipse_Black+1","Mark_Black","MentalSkills_Black"],"picked":"SKIP","floor":7},{"not_picked":["WartimeReply_Black","DoubleAttack_Black","DoubleCut_Black"],"picked":"SwordDance_Black","floor":8},{"not_picked":["SpiritCrash_Black","FlashPuncture_Black","Exercise2_Black","Flash_Black"],"picked":"SKIP","floor":10},{"not_picked":["Defender_Black","WeakHit_Black","HorizontalSquareChopping_Black"],"picked":"Attacker_Black","floor":11},{"not_picked":["BrokenRibs_Black","SmokeScreen_Black","CuttingEdge_Black"],"picked":"TakeAdvantage_Black","floor":13},{"not_picked":["DoubleAttack_Black","PrewarPrepare_Black","StrengthTransform_Black"],"picked":"SharpCut_Black","floor":14},{"not_picked":["Brilliance_Black+1","TrueLove_Black+1","Eclipse_Black+1"],"picked":"LevelUp_Black+1","floor":16},{"not_picked":["WeakHit_Black","Defender_Black","PrewarPrepare_Black"],"picked":"Attacker_Black+1","floor":18},{"not_picked":["WartimeReply_Black","Smile_Black+1","SharpCut_Black"],"picked":"ThespeedofsoundToattack_Black","floor":19},{"not_picked":["HighSpeedReaction_Black","Intimidate_Black","StrengthTransform_Black","WartimeReply_Black+1"],"picked":"SKIP","floor":21},{"not_picked":["SmokeScreen_Black","Smile_Black","NotreDame_Black+1","DoubleAttack_Black"],"picked":"SKIP","floor":23},{"not_picked":["FlashPuncture_Black+1","SelfCongested_Black","TakeAdvantage_Black","BrokenRibs_Black"],"picked":"SKIP","floor":25},{"not_picked":["DoubleAttack_Black","SmokeScreen_Black","HeartyMeal_Black+1","Unreasonable_Black+1"],"picked":"SKIP","floor":27},{"not_picked":["Thrust_Black+1","DoubleCut_Black","Attacker_Black","StrengthTransform_Black"],"picked":"SKIP","floor":29},{"not_picked":["BrokenRibs_Black","Track_Black","SunBlade_Black"],"picked":"SwordDance_Black+1","floor":30},{"not_picked":["Defender_Black","SmokeScreen_Black","Ghost_Black","Smile_Black"],"picked":"SKIP","floor":30},{"not_picked":["BrilliantBlade_Black","SelfCongested_Black","BrokenRibs_Black"],"picked":"DefensiveStance_Black+1","floor":31},{"not_picked":["HeroicBearing_Black+1","BrilliantBlade_Black","ThespeedofsoundToattack_Black","SwordDance_Black"],"picked":"SKIP","floor":31},{"not_picked":["GunFight_Black","BrokenRibs_Black","SharpCut_Black"],"picked":"Stab_Black+1","floor":35},{"not_picked":["HeroicBearing_Black","Elucidator_Black+1","Attacker_Black"],"picked":"Intimidate_Black+1","floor":35},{"not_picked":["Stab_Black+1","SwordDance_Black+1","Exercise2_Black"],"picked":"ThespeedofsoundToattack_Black+1","floor":36},{"not_picked":["SunBlade_Black","Mark_Black+1","MentalSkills_Black","HeartyMeal_Black+1"],"picked":"SKIP","floor":36},{"not_picked":["SelfCongested_Black+1","ThespeedofsoundToattack_Black","Guard_Black+1","Intimidate_Black+1"],"picked":"SKIP","floor":38},{"not_picked":["BrokenRibs_Black+1","Attacker_Black","HeroicBearing_Black+1","Exercise2_Black+1"],"picked":"SKIP","floor":38},{"not_picked":["WithoutFear_Black","Injury_Black+1","GunFight_Black","Exercise2_Black"],"picked":"SKIP","floor":40},{"not_picked":["HeroicBearing_Black","HorizontalSquareChopping_Black+1","CuttingEdge_Black","Stab_Black+1"],"picked":"SKIP","floor":41},{"not_picked":["SwordDance_Black","Guard_Black","Beater_Black+1","SharpCut_Black+1"],"picked":"SKIP","floor":41},{"not_picked":["FlashPuncture_Black","Guard_Black","HighSpeedReaction_Black","SmokeScreen_Black"],"picked":"SKIP","floor":42},{"not_picked":["HeroicBearing_Black+1","Attacker_Black","StarBurstStream_Black+1","DefensiveStance_Black"],"picked":"SKIP","floor":46},{"not_picked":["Injury_Black+1","WeakHit_Black+1","SpiritCrash_Black+1","Defender_Black+1"],"picked":"SKIP","floor":46},{"not_picked":["BrokenRibs_Black","Eclipse_Black+1","FlashPuncture_Black","HeroicBearing_Black+1"],"picked":"SKIP","floor":47},{"not_picked":["Injury_Black+1","Ghost_Black","SunBlade_Black+1","Kiriko_Black+1"],"picked":"SKIP","floor":47},{"not_picked":["SharpCut_Black","Exercise2_Black","ThespeedofsoundToattack_Black","Stab_Black+1"],"picked":"SKIP","floor":48}],"player_experience":449589,"relics_obtained":[{"floor":1,"key":"Question Card"},{"floor":7,"key":"Dead Branch"},{"floor":9,"key":"Dota2Spire:Dagon"},{"floor":10,"key":"Dota2Spire:BlackKingBar"},{"floor":13,"key":"vexMod:BarristanHead"},{"floor":16,"key":"ImportantClient"},{"floor":23,"key":"Replay:Towering Pillar of Hats"},{"floor":25,"key":"DaCapo"},{"floor":26,"key":"LastBattle"},{"floor":27,"key":"Matryoshka"},{"floor":29,"key":"Prayer Wheel"},{"floor":40,"key":"vexMod:RetaliationKit"},{"floor":42,"key":"Dota2Spire:EyeOfSkadi"},{"floor":43,"key":"Dota2Spire:PowerTreads"},{"floor":43,"key":"ScarletDevilRocket"},{"floor":48,"key":"Replay:Arrowhead"}],"event_choices":[{"damage_healed":0,"gold_gain":0,"player_choice":"Obtain J.A.X.","damage_taken":0,"max_hp_gain":0,"max_hp_loss":0,"event_name":"Drug Dealer","floor":22,"gold_loss":0,"cards_obtained":["J.A.X."]},{"damage_healed":0,"gold_gain":0,"player_choice":"Max HP","damage_taken":0,"max_hp_gain":0,"max_hp_loss":4,"event_name":"Winding Halls","floor":39,"gold_loss":0},{"damage_healed":0,"gold_gain":0,"player_choice":"Ignored","damage_taken":0,"max_hp_gain":0,"max_hp_loss":0,"event_name":"Tomb of Lord Red Mask","floor":44,"gold_loss":0}],"is_beta":false,"boss_relics":[{"not_picked":["vexMod:MegatonBomb","ChewingGum"],"picked":"Dota2Spire:Bloodstone"},{"not_picked":["vexMod:RockOfEvil","Replay:Wanted Poster"],"picked":"PatriotShield"}],"items_purged_floors":[6,6,6,6,20,20,20,20,32,32,37,37],"is_endless":false,"potions_floor_spawned":[2,7,10,11,14,16,21,23,27,29,33,36,38,40],"ascension_level":10}}