{"host":"m7puq4mk16tgc6yn","time":1607584730,"event":{"gold_per_floor":[109,109,128,0,16,16,45,45,123,154,154,169,169,187,187,288,288,305,305,316,335,354,387,387,413,413,4,29,29,29,55,55,156,156,170,188,243,259,61,61,87,87,113,113,140,160,179,193,193,193,193,193,29,59,59],"floor_reached":56,"playtime":4128,"items_purged":["Strike_B","Writhe"],"score":1391,"play_id":"df5c7e9f-8b86-4621-b276-98a9b46089ea","local_time":"20201209231850","is_ascension_mode":true,"campfire_choices":[{"data":"Sweeping Beam","floor":6.0,"key":"SMITH"},{"data":"Cold Snap","floor":11.0,"key":"SMITH"},{"data":"Ball Lightning","floor":15.0,"key":"SMITH"},{"data":"Capacitor","floor":24,"key":"SMITH"},{"data":"Loop","floor":30,"key":"SMITH"},{"data":"Zap","floor":32,"key":"SMITH"},{"floor":40,"key":"REST"},{"data":"Self Repair","floor":44,"key":"SMITH"},{"floor":49,"key":"RECALL"},{"data":"Leap","floor":52,"key":"SMITH"}],"neow_cost":"NONE","seed_source_timestamp":807662418700,"circlet_count":0,"master_deck":["Strike_B","Strike_B","Defend_B","Defend_B","Defend_B","Defend_B","Zap+1","Dualcast","Leap+1","Cold Snap","Ball Lightning+1","Sweeping Beam+1","Cold Snap+1","Conserve Battery+1","Chaos+1","Reboot+1","Machine Learning","Hologram+1","Steam+1","Coolheaded+1","Capacitor+1","Coolheaded+1","Conserve Battery+1","Double Energy+1","Loop+1","Seek+1","Genetic Algorithm+1","Creative AI","Self Repair+1","Hologram+1","Leap+1","Consume+1","Fusion+1","Double Energy+1","Clumsy","Meteor Strike","Coolheaded+1","Self Repair+1","Master of Strategy+1","Core Surge"],"special_seed":0,"relics":["Cracked Core","Happy Flower","Ancient Tea Set","Sundial","Toxic Egg 2","Cursed Key","CultistMask","Kunai","Bottled Tornado","TheAbacus","Centennial Puzzle","Art of War","Inserter","Ice Cream","Oddly Smooth Stone","Gremlin Horn","Pen Nib","Toy Ornithopter","Bag of Marbles"],"potions_floor_usage":[23,23,37,46,46,55,55,55],"damage_taken":[{"damage":3.0,"enemies":"Small Slimes","floor":1.0,"turns":2.0},{"damage":1.0,"enemies":"Cultist","floor":3.0,"turns":3.0},{"damage":4.0,"enemies":"2 Louse","floor":5.0,"turns":2.0},{"damage":12.0,"enemies":"Lagavulin","floor":7.0,"turns":6.0},{"damage":6.0,"enemies":"Gremlin Nob","floor":10.0,"turns":3.0},{"damage":0.0,"enemies":"Exordium Wildlife","floor":12.0,"turns":3.0},{"damage":8.0,"enemies":"Gremlin Gang","floor":14.0,"turns":4.0},{"damage":6.0,"enemies":"Hexaghost","floor":16.0,"turns":7.0},{"damage":0,"enemies":"Chosen","floor":18,"turns":3},{"damage":2,"enemies":"Shell Parasite","floor":20,"turns":4},{"damage":1,"enemies":"Cultist and Chosen","floor":21,"turns":5},{"damage":0,"enemies":"Centurion and Healer","floor":22,"turns":6},{"damage":34,"enemies":"Slavers","floor":23,"turns":8},{"damage":3,"enemies":"Gremlin Leader","floor":25,"turns":10},{"damage":4,"enemies":"Book of Stabbing","floor":28,"turns":5},{"damage":2,"enemies":"Slavers","floor":31,"turns":6},{"damage":10,"enemies":"Automaton","floor":33,"turns":10},{"damage":14,"enemies":"3 Shapes","floor":35,"turns":3},{"damage":4,"enemies":"Orb Walker","floor":36,"turns":4},{"damage":46,"enemies":"2 Orb Walkers","floor":37,"turns":7},{"damage":0,"enemies":"Sphere and 2 Shapes","floor":38,"turns":5},{"damage":6,"enemies":"Nemesis","floor":41,"turns":7},{"damage":23,"enemies":"Giant Head","floor":45,"turns":7},{"damage":8,"enemies":"3 Darklings","floor":46,"turns":5},{"damage":2,"enemies":"Jaw Worm Horde","floor":47,"turns":5},{"damage":0,"enemies":"Sphere and 2 Shapes","floor":48,"turns":5},{"damage":15,"enemies":"Donu and Deca","floor":50,"turns":9},{"damage":53,"enemies":"Shield and Spear","floor":54,"turns":7},{"damage":43,"enemies":"The Heart","floor":55,"turns":13}],"seed_played":"494276055052246011","potions_obtained":[{"floor":5.0,"key":"BlessingOfTheForge"},{"floor":10.0,"key":"SteroidPotion"},{"floor":14.0,"key":"FocusPotion"},{"floor":18,"key":"Dexterity Potion"},{"floor":21,"key":"SkillPotion"},{"floor":33,"key":"PowerPotion"},{"floor":36,"key":"Ancient Potion"},{"floor":37,"key":"Ancient Potion"},{"floor":38,"key":"SpeedPotion"},{"floor":48,"key":"Fire Potion"},{"floor":54,"key":"Energy Potion"}],"is_trial":false,"path_per_floor":["M","?","M","$","M","R","E","$","T","E","R","M","?","M","R","B",null,"M","?","M","M","M","E","R","E","T","$","E","$","R","E","R","B",null,"M","M","?","M","$","R","E","?","T","R","E","M","M","M","R","B",null,"R","$","E","B",null],"character_chosen":"DEFECT","items_purchased":["Ball Lightning","TheAbacus","Double Energy+1","Loop","Consume+1","Oddly Smooth Stone","Master of Strategy+1"],"campfire_rested":1,"item_purchase_floors":[4,27,27,27,39,39,53],"current_hp_per_floor":[72,72,71,71,67,67,55,55,55,49,49,49,54,46,46,40,80,80,80,78,77,77,43,43,40,40,40,36,36,36,34,34,24,80,66,69,30,30,30,54,55,55,55,55,42,54,62,72,72,77,80,80,80,47,39],"gold":59,"neow_bonus":"RANDOM_COMMON_RELIC","is_prod":false,"is_daily":false,"chose_seed":false,"campfire_upgraded":8,"win_rate":0,"timestamp":1607584730,"path_taken":["M","?","M","?","M","R","E","$","T","E","R","M","?","M","R","BOSS","M","?","?","M","M","E","R","E","T","?","E","$","R","E","R","BOSS","M","M","?","M","$","R","E","?","T","R","E","M","?","M","R","BOSS","R","$","E","BOSS"],"build_version":"2020-11-30","purchased_purges":2,"victory":true,"max_hp_per_floor":[75,75,75,75,75,75,75,75,75,75,75,75,80,80,80,80,80,80,80,80,80,80,80,80,80,80,80,80,80,80,80,80,80,80,80,80,80,80,80,80,80,80,80,80,80,80,80,80,80,80,80,80,80,80,80],"relic_stats":{"Inserter":[38],"Happy Flower":[54],"Gremlin Horn":[8,8],"counters":[29,163],"Pen Nib":[9],"Cursed Key":2,"Centennial Puzzle":[36],"TheAbacus":[192],"Sundial":[34],"Art of War":[21],"Kunai":[31],"obtain_stats":[{"Ice Cream":37,"Inserter":34,"Happy Flower":0,"Gremlin Horn":41,"Oddly Smooth Stone":39,"Pen Nib":43,"Bottled Tornado":25,"Ancient Tea Set":7,"Cursed Key":17,"Centennial Puzzle":28,"TheAbacus":27,"Sundial":9,"CultistMask":19,"Art of War":31,"Bag of Marbles":54,"Kunai":23,"Toxic Egg 2":10,"Cracked Core":0,"Toy Ornithopter":45},{"Ice Cream":20,"Inserter":17,"Happy Flower":0,"Gremlin Horn":22,"Oddly Smooth Stone":21,"Pen Nib":22,"Bottled Tornado":14,"Ancient Tea Set":4,"Cursed Key":8,"Centennial Puzzle":15,"TheAbacus":14,"Sundial":4,"CultistMask":9,"Art of War":16,"Bag of Marbles":28,"Kunai":13,"Toxic Egg 2":5,"Cracked Core":0,"Toy Ornithopter":23},{"Ice Cream":101,"Inserter":87,"Happy Flower":0,"Gremlin Horn":113,"Oddly Smooth Stone":106,"Pen Nib":113,"Bottled Tornado":66,"Ancient Tea Set":13,"Cursed Key":30,"Centennial Puzzle":71,"TheAbacus":66,"Sundial":13,"CultistMask":33,"Art of War":77,"Bag of Marbles":150,"Kunai":56,"Toxic Egg 2":16,"Cracked Core":0,"Toy Ornithopter":119}],"Toy Ornithopter":25},"card_choices":[{"not_picked":["Gash","Consume"],"picked":"Leap","floor":1.0},{"not_picked":["Ball Lightning","Hello World"],"picked":"Cold Snap","floor":3.0},{"not_picked":["Lockon","Tempest"],"picked":"Sweeping Beam","floor":5.0},{"not_picked":["Go for the Eyes","Steam"],"picked":"Cold Snap","floor":7.0},{"not_picked":["Chaos+1","Leap+1"],"picked":"Conserve Battery+1","floor":10.0},{"not_picked":["Reprogram+1","Doom and Gloom"],"picked":"Chaos+1","floor":12.0},{"not_picked":["Beam Cell","Melter"],"picked":"Reboot+1","floor":14.0},{"not_picked":["Fission+1","Core Surge"],"picked":"Machine Learning","floor":16.0},{"not_picked":["Conserve Battery+1","Redo+1"],"picked":"Hologram+1","floor":18},{"not_picked":["Reprogram+1","Cold Snap"],"picked":"Steam+1","floor":20},{"not_picked":["Gash+1","Rip and Tear"],"picked":"Coolheaded+1","floor":21},{"not_picked":["Static Discharge+1","Chaos+1"],"picked":"Capacitor","floor":22},{"not_picked":["Leap+1","Streamline"],"picked":"Coolheaded+1","floor":23},{"not_picked":["Streamline+1","Doom and Gloom"],"picked":"Conserve Battery+1","floor":25},{"not_picked":["Streamline","Hologram+1"],"picked":"Seek+1","floor":28},{"not_picked":["Beam Cell","Leap+1"],"picked":"Genetic Algorithm+1","floor":31},{"not_picked":["Reboot+1","Buffer"],"picked":"Creative AI","floor":33},{"not_picked":["Compile Driver","Sweeping Beam"],"picked":"Self Repair","floor":35},{"not_picked":["Barrage","Steam+1","Conserve Battery+1"],"picked":"SKIP","floor":36},{"not_picked":["Barrage","Steam+1","Conserve Battery+1"],"picked":"SKIP","floor":36},{"not_picked":["Redo+1","Reprogram+1"],"picked":"Hologram+1","floor":37},{"not_picked":["Beam Cell+1","Ball Lightning"],"picked":"Leap+1","floor":38},{"not_picked":["Ball Lightning","Darkness+1"],"picked":"Fusion+1","floor":41},{"not_picked":["Conserve Battery+1","Gash+1"],"picked":"Meteor Strike","floor":45},{"not_picked":["Go for the Eyes+1","Streamline"],"picked":"Coolheaded+1","floor":46},{"not_picked":["Stack+1","Ball Lightning+1","Lockon"],"picked":"SKIP","floor":47},{"not_picked":["Stack+1","Beam Cell+1"],"picked":"Self Repair+1","floor":48},{"not_picked":["Recycle+1","Steam+1"],"picked":"Core Surge","floor":54}],"player_experience":42502,"relics_obtained":[{"floor":7.0,"key":"Ancient Tea Set"},{"floor":9.0,"key":"Sundial"},{"floor":10.0,"key":"Toxic Egg 2"},{"floor":23,"key":"Kunai"},{"floor":25,"key":"Bottled Tornado"},{"floor":28,"key":"Centennial Puzzle"},{"floor":31,"key":"Art of War"},{"floor":37,"key":"Ice Cream"},{"floor":41,"key":"Gremlin Horn"},{"floor":43,"key":"Pen Nib"},{"floor":45,"key":"Toy Ornithopter"},{"floor":54,"key":"Bag of Marbles"}],"event_choices":[{"cards_removed":["Strike_B"],"damage_healed":0.0,"max_hp_gain":0.0,"max_hp_loss":0.0,"gold_gain":0.0,"event_name":"Bonfire Elementals","player_choice":"Offered Basic","floor":2.0,"gold_loss":0.0,"damage_taken":0.0},{"damage_healed":0.0,"max_hp_gain":5.0,"max_hp_loss":0.0,"gold_gain":0.0,"event_name":"Big Fish","player_choice":"Donut","floor":13.0,"gold_loss":0.0,"damage_taken":0.0},{"damage_healed":0,"gold_gain":0,"player_choice":"Trade","damage_taken":0,"relics_obtained":["CultistMask"],"max_hp_gain":0,"max_hp_loss":0,"event_name":"FaceTrader","floor":19,"gold_loss":0},{"damage_healed":0,"gold_gain":0,"player_choice":"Fight","damage_taken":0,"max_hp_gain":0,"max_hp_loss":0,"event_name":"Mysterious Sphere","floor":37,"gold_loss":0},{"damage_healed":0,"gold_gain":0,"player_choice":"Copied","damage_taken":0,"max_hp_gain":0,"max_hp_loss":0,"event_name":"Duplicator","floor":42,"gold_loss":0,"cards_obtained":["Double Energy"]}],"is_beta":false,"boss_relics":[{"not_picked":["Sozu","Runic Dome"],"picked":"Cursed Key"},{"not_picked":["Black Star","Snecko Eye"],"picked":"Inserter"}],"items_purged_floors":[4,27],"is_endless":false,"potions_floor_spawned":[5,10,14,18,21,33,36,37,38,48,54],"ascension_level":3}}