{"host":"wghdsg8ym2wc7ov9","time":1607634319,"event":{"mods":["BaseMod","Highlight Path","Minty Spire (QoL Compilation)","Random Character Button","AchievementEnabler","StSLib","Better Altar","Better Note","Relic Stats","Shop Mod","Colored Map"],"gold_per_floor":[110,128,128,141,162,203,11,24,49,80,80,80,96,196,196,327,390,413,426,442,460,15,15,50,50,50,50,50,50],"floor_reached":28,"playtime":4416,"items_purged":[],"score":275,"play_id":"917a5c40-2efd-4ad4-8f44-f46e3074ebcf","local_time":"20201210130519","is_ascension_mode":false,"campfire_choices":[{"floor":12.0,"key":"REST"},{"floor":15.0,"key":"REST"},{"floor":23,"key":"REST"},{"floor":27,"key":"REST"}],"circlet_count":0,"master_deck":["Strike_G+1","Strike_G","Strike_G","Strike_G","Strike_G","Defend_G","Defend_G+1","Defend_G","Defend_G+1","Defend_G","Survivor","Neutralize","Dash","Bouncing Flask","Injury","Bane","Underhanded Strike","After Image","Apotheosis","Infinite Blades","Night Terror","Catalyst","Venomology","Dash","Accuracy","Finisher+1","Predator+1","Deadly Poison","Caltrops","Secret Weapon"],"special_seed":0,"relics":["Ring of the Snake","Golden Idol","Strawberry","Snake Skull","Akabeko","War Paint","Tiny House","PrismaticShard","Blood Vial","Molten Egg 2","Ninja Scroll"],"acts_visited":["Exordium","TheCity"],"potions_floor_usage":[19,20,21,21,24,24,28],"damage_taken":[{"damage":4.0,"enemies":"Jaw Worm","floor":1.0,"turns":7.0},{"damage":0.0,"enemies":"2 Louse","floor":2.0,"turns":3.0},{"damage":0.0,"enemies":"Cultist","floor":4.0,"turns":3.0},{"damage":8.0,"enemies":"Large Slime","floor":5.0,"turns":5.0},{"damage":22.0,"enemies":"Gremlin Nob","floor":6.0,"turns":4.0},{"damage":11.0,"enemies":"Gremlin Gang","floor":8.0,"turns":3.0},{"damage":21.0,"enemies":"3 Sentries","floor":10.0,"turns":9.0},{"damage":13.0,"enemies":"Red Slaver","floor":13.0,"turns":4.0},{"damage":19.0,"enemies":"Slime Boss","floor":16.0,"turns":16.0},{"damage":31.0,"enemies":"3 Byrds","floor":18.0,"turns":10.0},{"damage":16.0,"enemies":"2 Thieves","floor":19.0,"turns":5.0},{"damage":18,"enemies":"Centurion and Healer","floor":20,"turns":10},{"damage":16,"enemies":"Snake Plant","floor":21,"turns":4},{"damage":56,"enemies":"Book of Stabbing","floor":24,"turns":8},{"damage":37,"enemies":"Shelled Parasite and Fungi","floor":28,"turns":5}],"seed_played":"-4100922187909554122","potions_obtained":[{"floor":2.0,"key":"SkillPotion"},{"floor":4.0,"key":"LiquidBronze"},{"floor":6.0,"key":"Ancient Potion"},{"floor":10.0,"key":"LiquidMemories"},{"floor":17.0,"key":"Dexterity Potion"},{"floor":19,"key":"Fruit Juice"},{"floor":24,"key":"LiquidBronze"}],"is_trial":false,"path_per_floor":["M","M","?","M","M","E","$","M","T","E","?","R","M","?","R","B",null,"M","M","M","M","$","R","E","$","T","R","M"],"character_chosen":"THE_SILENT","items_purchased":["Apotheosis","PrismaticShard","Blood Vial","Caltrops","Regen Potion"],"campfire_rested":4,"item_purchase_floors":[7,22,22,22,22],"current_hp_per_floor":[73,73,73,73,65,50,50,39,39,18,18,43,30,30,55,36,89,58,47,29,13,13,41,2,2,2,30,0,0],"gold":50,"neow_bonus":"TEN_PERCENT_HP_BONUS","is_daily":false,"chose_seed":false,"campfire_upgraded":0,"win_rate":0.0,"timestamp":1607634319,"path_taken":["M","M","?","M","M","E","$","M","T","E","?","R","?","?","R","BOSS","M","M","M","?","$","R","E","?","T","R","M"],"build_version":"2020-11-30","purchased_purges":0,"victory":false,"max_hp_per_floor":[77,77,77,77,77,84,84,84,84,84,84,84,84,84,84,84,89,89,94,94,94,94,94,94,94,94,94,94,94],"relic_stats":{"Blood Vial":4,"counters":[15,96],"Golden Idol":91,"Snake Skull":[31],"War Paint":["Defend_G","Defend_G"],"obtain_stats":[{"Blood Vial":22,"Tiny House":17,"Golden Idol":3,"Ninja Scroll":26,"Strawberry":6,"Molten Egg 2":24,"Snake Skull":9,"War Paint":11,"PrismaticShard":22,"Akabeko":10,"Ring of the Snake":0},{"Blood Vial":13,"Tiny House":9,"Golden Idol":2,"Ninja Scroll":14,"Strawberry":5,"Molten Egg 2":14,"Snake Skull":6,"War Paint":7,"PrismaticShard":13,"Akabeko":7,"Ring of the Snake":0},{"Blood Vial":83,"Tiny House":54,"Golden Idol":10,"Ninja Scroll":91,"Strawberry":22,"Molten Egg 2":91,"Snake Skull":25,"War Paint":34,"PrismaticShard":83,"Akabeko":34,"Ring of the Snake":0}],"Ring of the Snake":[30]},"card_choices":[{"not_picked":["Bane","Acrobatics"],"picked":"Dash","floor":1.0},{"not_picked":["Blade Dance","Prepared"],"picked":"Bouncing Flask","floor":2.0},{"not_picked":["Underhanded Strike","Outmaneuver"],"picked":"Bane","floor":4.0},{"not_picked":["Expertise","Outmaneuver"],"picked":"Underhanded Strike","floor":5.0},{"not_picked":["Blade Dance","PiercingWail"],"picked":"After Image","floor":6.0},{"not_picked":["Choke","Dagger Throw"],"picked":"Infinite Blades","floor":8.0},{"not_picked":["Outmaneuver","Flying Knee"],"picked":"Night Terror","floor":10.0},{"not_picked":["Slice","Outmaneuver"],"picked":"Catalyst","floor":13.0},{"not_picked":["Unload","Wraith Form v2"],"picked":"Venomology","floor":16.0},{"not_picked":["Well Laid Plans","Slice"],"picked":"Dash","floor":17.0},{"not_picked":["Reflex","Cloak And Dagger"],"picked":"Accuracy","floor":18.0},{"not_picked":["PiercingWail","Cloak And Dagger"],"picked":"Finisher+1","floor":19},{"not_picked":["Heel Hook","Dagger Spray"],"picked":"Predator+1","floor":20},{"not_picked":["Catalyst","Riddle With Holes+1"],"picked":"Deadly Poison","floor":21},{"not_picked":["Prepared+1","Phantasmal Killer"],"picked":"Secret Weapon","floor":24}],"player_experience":298930,"relics_obtained":[{"floor":6.0,"key":"Strawberry"},{"floor":9.0,"key":"Snake Skull"},{"floor":10.0,"key":"Akabeko"},{"floor":24,"key":"Molten Egg 2"},{"floor":26,"key":"Ninja Scroll"}],"event_choices":[{"damage_healed":0.0,"max_hp_gain":0.0,"max_hp_loss":0.0,"gold_gain":0.0,"event_name":"Golden Idol","player_choice":"Take Wound","floor":3.0,"gold_loss":0.0,"damage_taken":0.0,"relics_obtained":["Golden Idol"],"cards_obtained":["Injury"]},{"damage_healed":0.0,"max_hp_gain":0.0,"max_hp_loss":0.0,"gold_gain":0.0,"event_name":"WeMeetAgain","player_choice":"Gave Potion","floor":11.0,"gold_loss":0.0,"damage_taken":0.0,"relics_obtained":["War Paint"]},{"damage_healed":0.0,"max_hp_gain":0.0,"max_hp_loss":0.0,"gold_gain":100.0,"event_name":"Wheel of Change","player_choice":"Gold","floor":14.0,"gold_loss":0.0,"damage_taken":0.0}],"is_beta":false,"boss_relics":[{"not_picked":["Fusion Hammer","Sozu"],"picked":"Tiny House"}],"items_purged_floors":[],"is_endless":false,"potions_floor_spawned":[2,4,6,10,19,24],"killed_by":"Shelled Parasite and Fungi","ascension_level":0}}