{"host":"wbdldanbffix1hn8","time":1607588743,"event":{"gold_per_floor":[109,0,0,13,27,27,27],"floor_reached":6,"playtime":315,"items_purged":[],"score":36,"play_id":"061c7782-7e4b-40e4-9d58-70164a8d0faa","local_time":"20201210032543","is_ascension_mode":false,"campfire_choices":[],"neow_cost":"","seed_source_timestamp":13362265376800,"circlet_count":0,"master_deck":["MadScienceMod:Strike_MadScience","MadScienceMod:Strike_MadScience","MadScienceMod:Strike_MadScience","MadScienceMod:Strike_MadScience","MadScienceMod:Defend_MadScience","MadScienceMod:Defend_MadScience","MadScienceMod:Defend_MadScience","MadScienceMod:Defend_MadScience","MadScienceMod:PoweredStrike","MadScienceMod:HideBehindJunk","MadScienceMod:RadioactiveSword","MadScienceMod:FlexibleSpear","MadScienceMod:CaptureMomentum","MadScienceMod:BoxOfScraps","MadScienceMod:MakeOrBreak","MadScienceMod:FlameCannon","MadScienceMod:Refuel"],"relics":["MadScienceMod:FuelTank"],"potions_floor_usage":[6],"damage_taken":[{"damage":10,"enemies":"2 Louse","floor":1,"turns":3},{"damage":0,"enemies":"Cultist","floor":4,"turns":3},{"damage":16,"enemies":"Jaw Worm","floor":5,"turns":3},{"damage":47,"enemies":"Lagavulin","floor":6,"turns":6}],"seed_played":"854530148845146648","potions_obtained":[{"floor":1,"key":"Regen Potion"},{"floor":4,"key":"Strength Potion"}],"is_trial":false,"path_per_floor":["M","$","?","M","M","E"],"character_chosen":"MAD_SCIENTIST","items_purchased":["MadScienceMod:BoxOfScraps","MadScienceMod:MakeOrBreak"],"campfire_rested":0,"item_purchase_floors":[2,2],"current_hp_per_floor":[58,58,58,58,42,0,0],"gold":27,"neow_bonus":"","is_prod":false,"is_daily":false,"chose_seed":false,"campfire_upgraded":0,"win_rate":0.0,"timestamp":1607588743,"path_taken":["M","$","?","?","M","E"],"build_version":"2020-11-30","purchased_purges":0,"victory":false,"max_hp_per_floor":[70,70,70,70,70,70,70],"card_choices":[{"not_picked":["MadScienceMod:ShrinkRay","MadScienceMod:FlexibleSpear"],"picked":"MadScienceMod:CaptureMomentum","floor":1},{"not_picked":["MadScienceMod:ShrinkRay","MadScienceMod:LightOnFire"],"picked":"MadScienceMod:FlameCannon","floor":4},{"not_picked":["MadScienceMod:MechanicalClaw","MadScienceMod:GattlingGun"],"picked":"MadScienceMod:Refuel","floor":5}],"player_experience":139539,"relics_obtained":[],"event_choices":[{"damage_healed":0,"gold_gain":0,"player_choice":"0 cards matched","damage_taken":0,"max_hp_gain":0,"max_hp_loss":0,"event_name":"Match and Keep!","floor":3,"gold_loss":0,"cards_obtained":[]}],"is_beta":false,"boss_relics":[],"items_purged_floors":[],"is_endless":false,"potions_floor_spawned":[1,4],"killed_by":"Lagavulin","ascension_level":0}}