{"host":"elnvswdbusdewy2q","time":1607622219,"event":{"gold_per_floor":[117,117,181,181,199,199,213,213,213,213,213,224,249,5,5,104,104,115,115,133,133,133,168,168,178,178,178,178,178,188,288,288,288,288,288],"floor_reached":33,"playtime":70941,"items_purged":[],"score":261,"play_id":"cc20888a-a53d-4192-9fb7-f197a038493c","local_time":"20201211024339","is_ascension_mode":false,"campfire_choices":[{"data":"MokouMod:HeatSpark","floor":6.0,"key":"SMITH"},{"data":"MokouMod:Scorch","floor":8.0,"key":"SMITH"},{"data":"MokouMod:FlickeringFlame","floor":10.0,"key":"SMITH"},{"data":"MokouMod:ScorchedEarth","floor":15.0,"key":"SMITH"},{"floor":27.0,"key":"REST"},{"floor":28.0,"key":"REST"},{"floor":29.0,"key":"REST"},{"data":"MokouMod:ProfanedFlare","floor":32.0,"key":"SMITH"}],"neow_cost":"NONE","seed_source_timestamp":686427957130400,"circlet_count":0,"master_deck":["MokouMod:Strike","MokouMod:Strike","MokouMod:Strike","MokouMod:Strike","MokouMod:Strike","MokouMod:Defend","MokouMod:Defend","MokouMod:Defend","MokouMod:Defend","MokouMod:HeatSpark+1","MokouMod:FlamingFireTalons+1","MokouMod:FlickeringFlame+1","MokouMod:Scorch+1","MokouMod:TemporalFireSeal","MokouMod:ScorchedEarth+1","MokouMod:SacredFire+1","MokouMod:Afterburner","MokouMod:ScorchingColumn","MokouMod:ProfanedFlare+1","MokouMod:RetainTemperature","MokouMod:BurningDraft+1"],"special_seed":0,"relics":["MokouMod:PhoenixFeather","NeowsBlessing","Gremlin Horn","Ice Cream","Blue Candle","Matryoshka","Turnip","Bottled Flame","WingedGreaves"],"potions_floor_usage":[33,33,33,33,33,33],"damage_taken":[{"damage":0.0,"enemies":"Jaw Worm","floor":1.0,"turns":1.0},{"damage":0.0,"enemies":"2 Louse","floor":5.0,"turns":1.0},{"damage":0.0,"enemies":"Small Slimes","floor":7.0,"turns":1.0},{"damage":19.0,"enemies":"Exordium Thugs","floor":12.0,"turns":3.0},{"damage":13.0,"enemies":"Gremlin Nob","floor":13.0,"turns":3.0},{"damage":27.0,"enemies":"Slime Boss","floor":16.0,"turns":7.0},{"damage":40.0,"enemies":"2 Thieves","floor":18.0,"turns":4.0},{"damage":10.0,"enemies":"Chosen","floor":20.0,"turns":3.0},{"damage":41.0,"enemies":"HollowMod:Nosk","floor":23.0,"turns":6.0},{"damage":36.0,"enemies":"Snake Plant","floor":25.0,"turns":4.0},{"damage":21.0,"enemies":"3 Cultists","floor":30.0,"turns":4.0},{"damage":58,"enemies":"Automaton","floor":33,"turns":6}],"seed_played":"-5337078383334051584","potions_obtained":[{"floor":1.0,"key":"FearPotion"},{"floor":12.0,"key":"LiquidMemories"},{"floor":13.0,"key":"LiquidBronze"},{"floor":16.0,"key":"SpeedPotion"},{"floor":20.0,"key":"FearPotion"},{"floor":23.0,"key":"EntropicBrew"},{"floor":25.0,"key":"DuplicationPotion"}],"is_trial":false,"path_per_floor":["M","?","?","?","M","R","M","R","T","R","T","M","E","$","R","B",null,"M","?","M","?","$","E","?","M","T","R","R","R","M","?","R","B"],"character_chosen":"MKU","items_purchased":["Matryoshka"],"campfire_rested":3,"item_purchase_floors":[14],"current_hp_per_floor":[75,75,75,75,75,75,75,75,75,75,75,56,43,43,43,16,75,35,35,25,25,25,9,9,12,12,34,56,75,54,54,54,0,0,0],"gold":288,"neow_bonus":"THREE_ENEMY_KILL","is_prod":false,"is_daily":false,"chose_seed":false,"campfire_upgraded":5,"win_rate":0.0,"timestamp":1607622219,"path_taken":["M","?","?","?","M","R","?","R","T","R","?","M","E","$","R","BOSS","M","?","?","?","$","E","?","M","T","R","R","R","?","?","R","BOSS"],"build_version":"2020-11-30","purchased_purges":0,"victory":false,"max_hp_per_floor":[75,75,75,75,75,75,75,75,75,75,75,75,75,75,75,75,75,75,75,75,75,75,75,75,75,75,75,75,75,75,75,75,75,75,75],"card_choices":[{"not_picked":["MokouMod:CrimsonArmoury","MokouMod:FujiyamaVolcano"],"picked":"MokouMod:FlamingFireTalons","floor":1.0},{"not_picked":["MokouMod:SearingShot","MokouMod:Firecracker"],"picked":"MokouMod:FlickeringFlame","floor":5.0},{"not_picked":["MokouMod:TemporalFireSeal","MokouMod:Overheat"],"picked":"MokouMod:Scorch","floor":7.0},{"not_picked":["MokouMod:ScorchingColumn","MokouMod:EternalBurstReactor"],"picked":"MokouMod:TemporalFireSeal","floor":12.0},{"not_picked":["MokouMod:SearingShot","MokouMod:FusionFlare"],"picked":"MokouMod:ScorchedEarth","floor":13.0},{"not_picked":["MokouMod:SearingBlow","MokouMod:EnchantingBambooForest"],"picked":"MokouMod:SacredFire","floor":16.0},{"not_picked":["MokouMod:BurningDraft","MokouMod:Meltdown"],"picked":"MokouMod:Afterburner","floor":18.0},{"not_picked":["MokouMod:Firecracker","MokouMod:Singe"],"picked":"MokouMod:ScorchingColumn","floor":20.0},{"not_picked":["MokouMod:SearingShot","MokouMod:IgnitionBarrier"],"picked":"MokouMod:ProfanedFlare","floor":23.0},{"not_picked":["MokouMod:TemporalFireSeal","MokouMod:ScorchedEarth"],"picked":"MokouMod:RetainTemperature","floor":25.0},{"not_picked":["MokouMod:Singe","MokouMod:CrimsonArmoury"],"picked":"MokouMod:BurningDraft+1","floor":30.0}],"player_experience":430582,"relics_obtained":[{"floor":9.0,"key":"Gremlin Horn"},{"floor":11.0,"key":"Ice Cream"},{"floor":13.0,"key":"Blue Candle"},{"floor":23.0,"key":"Turnip"},{"floor":26.0,"key":"Bottled Flame"},{"floor":26.0,"key":"WingedGreaves"}],"event_choices":[{"damage_healed":0.0,"max_hp_gain":0.0,"max_hp_loss":0.0,"gold_gain":0.0,"event_name":"Living Wall","player_choice":"Grow","floor":2.0,"gold_loss":0.0,"damage_taken":0.0,"cards_upgraded":["MokouMod:FlamingFireTalons"]},{"damage_healed":0.0,"max_hp_gain":0.0,"max_hp_loss":0.0,"gold_gain":64.0,"event_name":"Golden Wing","player_choice":"Gained Gold","floor":3.0,"gold_loss":0.0,"damage_taken":0.0},{"damage_healed":0.0,"max_hp_gain":0.0,"max_hp_loss":0.0,"gold_gain":0.0,"event_name":"The Woman in Blue","player_choice":"Bought 0 Potions","floor":4.0,"gold_loss":0.0,"damage_taken":0.0},{"damage_healed":0.0,"max_hp_gain":0.0,"max_hp_loss":0.0,"gold_gain":0.0,"event_name":"Upgrade Shrine","player_choice":"Upgraded","floor":19.0,"gold_loss":0.0,"damage_taken":0.0,"cards_upgraded":["MokouMod:SacredFire"]},{"damage_healed":0.0,"max_hp_gain":0.0,"max_hp_loss":0.0,"gold_gain":0.0,"event_name":"Beggar","player_choice":"Ignored","floor":21.0,"gold_loss":0.0,"damage_taken":0.0},{"damage_healed":0.0,"max_hp_gain":0.0,"max_hp_loss":0.0,"gold_gain":0.0,"event_name":"NoteForYourself","player_choice":"Ignored","floor":24.0,"gold_loss":0.0,"damage_taken":0.0},{"damage_healed":0.0,"max_hp_gain":0.0,"max_hp_loss":0.0,"gold_gain":100.0,"event_name":"Golden Shrine","player_choice":"Pray","floor":31.0,"gold_loss":0.0,"damage_taken":0.0}],"is_beta":false,"boss_relics":[{"not_picked":["Sozu","Coffee Dripper","Runesmith:UraniumAnvil"]}],"items_purged_floors":[],"is_endless":false,"potions_floor_spawned":[1,12,13,16,20,23,25],"killed_by":"Automaton","ascension_level":0}}