{"host":"1tkoe3l8wf0xx8if","time":1607571027,"event":{"gold_per_floor":[365,365,34,54,77,77,110,110,110,110,154,172,122,165,165,258,321,345,270,293,293,193,193,193],"floor_reached":23,"playtime":674,"items_purged":["Strike_R","Strike_R"],"score":367,"play_id":"78d67601-bd7a-4faa-904b-8cf734ebddd4","local_time":"20201210123027","is_ascension_mode":true,"campfire_choices":[{"data":"Twin Strike","floor":6.0,"key":"SMITH"},{"data":"Shrug It Off","floor":8.0,"key":"SMITH"},{"floor":10.0,"key":"REST"},{"data":"Heavy Blade","floor":15.0,"key":"SMITH"}],"neow_cost":"PERCENT_DAMAGE","seed_source_timestamp":633290332221600,"circlet_count":0,"master_deck":["AscendersBane","Strike_R","Defend_R","Defend_R","Defend_R","Defend_R","Bash+1","Twin Strike+1","Shrug It Off+1","Clothesline","Cleave","Heavy Blade+1","Spot Weakness","Barricade+1","Bloodletting","Rupture+1","Ghostly","Ghostly","Ghostly","Ghostly","Ghostly"],"special_seed":0,"relics":["Burning Blood","Golden Idol","Singing Bowl","Red Skull","White Beast Statue","Frozen Egg 2","Pen Nib","Tiny House"],"potions_floor_usage":[20,23],"damage_taken":[{"damage":12.0,"enemies":"Jaw Worm","floor":1.0,"turns":2.0},{"damage":6.0,"enemies":"2 Louse","floor":4.0,"turns":5.0},{"damage":1.0,"enemies":"Cultist","floor":5.0,"turns":3.0},{"damage":22.0,"enemies":"Lagavulin","floor":7.0,"turns":7.0},{"damage":8.0,"enemies":"Gremlin Nob","floor":11.0,"turns":3.0},{"damage":12.0,"enemies":"Large Slime","floor":12.0,"turns":3.0},{"damage":30.0,"enemies":"Lagavulin","floor":14.0,"turns":6.0},{"damage":19.0,"enemies":"Hexaghost","floor":16.0,"turns":7.0},{"damage":38.0,"enemies":"Shell Parasite","floor":18.0,"turns":6.0},{"damage":12,"enemies":"2 Thieves","floor":20,"turns":3},{"damage":35,"enemies":"Book of Stabbing","floor":23,"turns":6}],"seed_played":"-7159310624348884053","potions_obtained":[{"floor":1.0,"key":"Strength Potion"},{"floor":7.0,"key":"Strength Potion"},{"floor":11.0,"key":"BlessingOfTheForge"},{"floor":12.0,"key":"BloodPotion"},{"floor":14.0,"key":"SmokeBomb"},{"floor":16.0,"key":"AttackPotion"},{"floor":17.0,"key":"SteroidPotion"},{"floor":18.0,"key":"Strength Potion"},{"floor":20,"key":"SkillPotion"}],"is_trial":false,"path_per_floor":["M","?","$","M","M","R","E","R","T","R","E","M","?","E","R","B",null,"M","?","M","?","$","E"],"character_chosen":"IRONCLAD","items_purchased":["Singing Bowl"],"campfire_rested":1,"item_purchase_floors":[3],"current_hp_per_floor":[45,25,25,27,32,32,16,16,16,40,38,48,48,24,24,11,69,39,39,33,33,33,0,0],"gold":193,"neow_bonus":"TWO_FIFTY_GOLD","is_prod":false,"is_daily":false,"chose_seed":false,"campfire_upgraded":3,"win_rate":0,"timestamp":1607571027,"path_taken":["M","?","$","M","M","R","E","R","T","R","E","M","?","E","R","BOSS","M","?","M","?","$","E"],"build_version":"2020-11-30","purchased_purges":2,"victory":false,"max_hp_per_floor":[80,80,80,82,82,82,82,82,82,82,82,82,82,82,82,82,87,89,89,89,44,44,44,44],"card_choices":[{"not_picked":["Reckless Charge","Warcry"],"picked":"Twin Strike","floor":1.0},{"not_picked":["Intimidate","Sever Soul","Seeing Red"],"picked":"Singing Bowl","floor":4.0},{"not_picked":["Flame Barrier","Sentinel"],"picked":"Shrug It Off","floor":5.0},{"not_picked":["Demon Form","Juggernaut"],"picked":"Clothesline","floor":7.0},{"not_picked":["Havoc","Shrug It Off"],"picked":"Cleave","floor":11.0},{"not_picked":["Perfected Strike","Burning Pact"],"picked":"Heavy Blade","floor":12.0},{"not_picked":["Headbutt","Thunderclap"],"picked":"Spot Weakness","floor":14.0},{"not_picked":["Feed","Demon Form+1"],"picked":"Barricade+1","floor":16.0},{"not_picked":["Wild Strike","Clash"],"picked":"Bloodletting","floor":17.0},{"not_picked":["Flex","Perfected Strike","Anger"],"picked":"Singing Bowl","floor":18.0},{"not_picked":["Cleave+1","Flex"],"picked":"Rupture+1","floor":20}],"player_experience":290129,"relics_obtained":[{"floor":7.0,"key":"Red Skull"},{"floor":9.0,"key":"White Beast Statue"},{"floor":11.0,"key":"Frozen Egg 2"},{"floor":14.0,"key":"Pen Nib"}],"event_choices":[{"damage_healed":0.0,"max_hp_gain":0.0,"max_hp_loss":0.0,"gold_gain":0.0,"event_name":"Golden Idol","player_choice":"Take Damage","floor":2.0,"gold_loss":0.0,"damage_taken":20.0,"relics_obtained":["Golden Idol"]},{"cards_removed":["Strike_R"],"damage_healed":0.0,"max_hp_gain":0.0,"max_hp_loss":0.0,"gold_gain":0.0,"event_name":"The Cleric","player_choice":"Card Removal","floor":13.0,"gold_loss":50.0,"damage_taken":0.0},{"cards_removed":["Strike_R"],"damage_healed":0.0,"max_hp_gain":0.0,"max_hp_loss":0.0,"gold_gain":0.0,"event_name":"Beggar","player_choice":"Gave Gold","floor":19.0,"gold_loss":75.0,"damage_taken":0.0},{"damage_healed":0,"gold_gain":0,"player_choice":"Became a Ghost","damage_taken":0,"max_hp_gain":0,"max_hp_loss":45,"event_name":"Ghosts","floor":21,"gold_loss":0,"cards_obtained":["Ghostly","Ghostly","Ghostly","Ghostly","Ghostly"]}],"is_beta":false,"boss_relics":[{"not_picked":["Fusion Hammer","Ectoplasm"],"picked":"Tiny House"}],"items_purged_floors":[3,22],"is_endless":false,"potions_floor_spawned":[1,7,11,12,14,16,18,20],"killed_by":"Book of Stabbing","ascension_level":13}}