{"host":"lreod2rejfd0az5i","time":1607577316,"event":{"gold_per_floor":[10,23,23,23,38,38,70,89,89,100,100,100],"floor_reached":11,"playtime":309,"items_purged":[],"score":143,"play_id":"d238f784-9f34-46f0-b294-5add3fed13da","local_time":"20201209221516","is_ascension_mode":true,"campfire_choices":[{"data":"Apotheosis","floor":6,"key":"SMITH"}],"neow_cost":"NO_GOLD","seed_source_timestamp":550560549439900,"circlet_count":0,"master_deck":["AscendersBane","Strike_R","Strike_R","Defend_R","Defend_R","Defend_R","Defend_R","Bash","Apotheosis+1","Heavy Blade","Heel Hook","Riddle With Holes","Flying Knee","Cleave","Sword Boomerang"],"relics":["Burning Blood","infinitespire:Golems Mask","Mercury Hourglass"],"potions_floor_usage":[5,7],"damage_taken":[{"damage":4,"enemies":"Cultist","floor":1,"turns":4},{"damage":14,"enemies":"2 Louse","floor":2,"turns":3},{"damage":2,"enemies":"infinitespire:Voidling","floor":5,"turns":3},{"damage":37,"enemies":"Lagavulin","floor":7,"turns":6},{"damage":26,"enemies":"Exordium Thugs","floor":8,"turns":5},{"damage":0,"enemies":"Large Slime","floor":10,"turns":3},{"damage":29,"enemies":"Gremlin Nob","floor":11,"turns":3}],"seed_played":"-2512409750501831624","potions_obtained":[{"floor":1,"key":"FearPotion"},{"floor":4,"key":"SpeedPotion"}],"is_trial":false,"path_per_floor":["M","M","?","?","M","R","E","M","T","M","E"],"character_chosen":"IRONCLAD","items_purchased":[],"campfire_rested":0,"item_purchase_floors":[],"current_hp_per_floor":[70,62,62,62,66,66,35,15,15,21,0,0],"gold":100,"neow_bonus":"RANDOM_COLORLESS_2","is_prod":false,"is_daily":false,"chose_seed":false,"campfire_upgraded":1,"win_rate":0,"timestamp":1607577316,"path_taken":["M","?","?","?","M","R","E","?","T","M","E"],"build_version":"2020-11-30","purchased_purges":0,"victory":false,"max_hp_per_floor":[75,75,75,75,75,75,75,75,75,75,75,75],"relic_stats":{"counters":[7,27],"obtain_stats":[{"infinitespire:Golems Mask":7,"Burning Blood":0,"Mercury Hourglass":9},{"infinitespire:Golems Mask":4,"Burning Blood":0,"Mercury Hourglass":5},{"infinitespire:Golems Mask":16,"Burning Blood":0,"Mercury Hourglass":21}],"Burning Blood":36,"Mercury Hourglass":[21]},"card_choices":[{"not_picked":["Magnetism","Panache"],"picked":"Apotheosis","floor":0},{"not_picked":["Havoc","Dark Embrace","Anger"],"picked":"SKIP","floor":1},{"not_picked":["conspire:Charge","Battle Trance"],"picked":"Heavy Blade","floor":2},{"not_picked":["Clash","Anger","Heavy Blade"],"picked":"SKIP","floor":5},{"not_picked":["Armaments","True Grit"],"picked":"Cleave","floor":7},{"not_picked":["True Grit","Twin Strike","Spot Weakness"],"picked":"SKIP","floor":8},{"not_picked":["Headbutt","Anger"],"picked":"Sword Boomerang","floor":10}],"player_experience":836475,"relics_obtained":[{"floor":7,"key":"infinitespire:Golems Mask"},{"floor":9,"key":"Mercury Hourglass"}],"event_choices":[{"damage_healed":0,"gold_gain":0,"player_choice":"Got Potions","damage_taken":0,"max_hp_gain":0,"max_hp_loss":0,"event_name":"Lab","floor":4,"gold_loss":0}],"is_beta":false,"boss_relics":[],"items_purged_floors":[],"is_endless":false,"potions_floor_spawned":[1],"killed_by":"Gremlin Nob","ascension_level":18}}