{"host":"mike","time":1607565840,"event":{"gold_per_floor":[112,122,122,122,141,172,192,192,219,237,237,276,276,292,292,421,421,440,456,474,492,302,302,335,335,335,335,335,335,354,377,377,507,507,522,537,391,414,208,208,208,241,268,268,311,324,342,367,367,367,367,367,13,47,47],"floor_reached":56,"playtime":4612,"items_purged":["blademaster:Strike","Shame","blademaster:Strike","Regret"],"score":1291,"play_id":"e2b29761-9706-4fb8-9554-c2c77f1943d1","local_time":"20201209210400","is_ascension_mode":false,"campfire_choices":[{"floor":8,"key":"REST"},{"floor":13,"key":"REST"},{"data":"blademaster:TraverseCut","floor":15,"key":"SMITH"},{"floor":23,"key":"REST"},{"data":"blademaster:DeadlyDance","floor":25,"key":"SMITH"},{"data":"blademaster:Blockade","floor":27,"key":"SMITH"},{"data":"blademaster:Havoc","floor":29,"key":"SMITH"},{"data":"blademaster:Meditate","floor":32,"key":"SMITH"},{"floor":40,"key":"RECALL"},{"data":"Metamorphosis","floor":49,"key":"SMITH"},{"data":"blademaster:Bloodbath","floor":52,"key":"SMITH"}],"neow_cost":"NONE","seed_source_timestamp":5719363703342500,"circlet_count":0,"master_deck":["blademaster:Strike","blademaster:Strike","blademaster:Defend","blademaster:Defend","blademaster:Defend","blademaster:Defend","blademaster:RagingBlow","blademaster:HighVoltage","blademaster:SlyStabs","blademaster:TraverseCut+1","blademaster:Flurry","blademaster:Blockade+1","blademaster:Meditate+1","blademaster:AspectOfWind","blademaster:Breeze","blademaster:AirSlash","blademaster:Flash","blademaster:AwakeningDefend","blademaster:Bloodbath+1","blademaster:Gust","blademaster:Vortex","blademaster:IcyWind","blademaster:BrainBloom","blademaster:DeadlyDance+1","blademaster:Havoc+1","blademaster:Safeguard","blademaster:CloudOfSteel","blademaster:ParryingStrike","blademaster:Stability+1","blademaster:DaggerAndCloak","blademaster:DaggerAndCloak+1","blademaster:AncestralHealing","blademaster:AwakeningDefend+1","Metamorphosis+1","blademaster:Empower","blademaster:FuriousStrike+1","blademaster:UnrelentingWind"],"relics":["blademaster:DancersAmulet","Golden Idol","Strawberry","Bronze Scales","Lantern","Cursed Key","Juzu Bracelet","SlaversCollar","Oddly Smooth Stone","Anchor","Smiling Mask","PreservedInsect","Dead Branch","Calipers"],"potions_floor_usage":[7,7,55,55,55],"damage_taken":[{"damage":0,"enemies":"2 Louse","floor":1,"turns":3},{"damage":2,"enemies":"Small Slimes","floor":2,"turns":4},{"damage":1,"enemies":"Cultist","floor":5,"turns":3},{"damage":55,"enemies":"Gremlin Nob","floor":6,"turns":6},{"damage":15,"enemies":"Exordium Thugs","floor":7,"turns":6},{"damage":13,"enemies":"2 Fungi Beasts","floor":10,"turns":4},{"damage":0,"enemies":"Lagavulin","floor":12,"turns":7},{"damage":16,"enemies":"Large Slime","floor":14,"turns":5},{"damage":9,"enemies":"Hexaghost","floor":16,"turns":8},{"damage":19,"enemies":"2 Thieves","floor":18,"turns":3},{"damage":8,"enemies":"Spheric Guardian","floor":19,"turns":4},{"damage":30,"enemies":"Snake Plant","floor":20,"turns":5},{"damage":11,"enemies":"3 Cultists","floor":21,"turns":4},{"damage":9,"enemies":"Book of Stabbing","floor":24,"turns":5},{"damage":8,"enemies":"Centurion and Healer","floor":30,"turns":5},{"damage":1,"enemies":"Cultist and Chosen","floor":31,"turns":5},{"damage":15,"enemies":"StardustCrusaders","floor":33,"turns":7},{"damage":16,"enemies":"3 Shapes","floor":35,"turns":5},{"damage":4,"enemies":"Orb Walker","floor":36,"turns":4},{"damage":12,"enemies":"Sphere and 2 Shapes","floor":38,"turns":6},{"damage":0,"enemies":"Nemesis","floor":42,"turns":3},{"damage":7,"enemies":"Giant Head","floor":45,"turns":8},{"damage":39,"enemies":"3 Darklings","floor":46,"turns":6},{"damage":24,"enemies":"Transient","floor":47,"turns":5},{"damage":5,"enemies":"4 Shapes","floor":48,"turns":6},{"damage":14,"enemies":"Awakened One","floor":50,"turns":12},{"damage":0,"enemies":"Shield and Spear","floor":54,"turns":4},{"damage":40,"enemies":"The Heart","floor":55,"turns":8}],"seed_played":"-4195064026263752889","potions_obtained":[{"floor":1,"key":"ColorlessPotion"},{"floor":5,"key":"SkillPotion"},{"floor":7,"key":"LiquidBronze"},{"floor":14,"key":"Dexterity Potion"},{"floor":18,"key":"AttackPotion"},{"floor":47,"key":"LiquidBronze"}],"is_trial":false,"path_per_floor":["M","M","?","?","M","E","M","R","T","M","?","E","R","M","R","B",null,"M","M","M","M","$","R","E","R","T","R","?","R","M","M","R","B",null,"M","M","$","M","$","R","?","E","T","?","E","M","M","M","R","B",null,"R","$","E","B",null],"character_chosen":"THE_BLADEMASTER","items_purchased":["blademaster:IcyWind","blademaster:BrainBloom","blademaster:DaggerAndCloak","blademaster:AncestralHealing","Dead Branch"],"campfire_rested":3,"item_purchase_floors":[22,22,37,39,53],"current_hp_per_floor":[82,80,60,65,64,16,1,29,29,19,19,28,56,43,43,37,94,81,73,43,35,35,63,54,54,54,54,54,54,46,45,45,30,94,78,74,74,65,65,65,65,65,65,65,70,55,78,79,79,89,94,94,94,94,75],"gold":47,"neow_bonus":"TEN_PERCENT_HP_BONUS","is_prod":false,"is_daily":false,"chose_seed":false,"campfire_upgraded":7,"win_rate":1,"timestamp":1607565840,"path_taken":["M","M","?","?","M","E","M","R","T","M","?","E","R","M","R","BOSS","M","M","M","M","$","R","E","R","T","R","?","R","M","M","R","BOSS","M","M","$","M","$","R","?","E","T","?","E","M","M","M","R","BOSS","R","$","E","BOSS"],"build_version":"2020-12-07","purchased_purges":4,"victory":true,"max_hp_per_floor":[82,82,82,87,87,94,94,94,94,94,94,94,94,94,94,94,94,94,94,94,94,94,94,94,94,94,94,94,94,94,94,94,94,94,94,94,94,94,94,94,94,94,94,94,94,94,94,94,94,94,94,94,94,94,94],"relic_stats":{"counters":[28,151],"Golden Idol":208,"Bronze Scales":[434],"Dead Branch":[34],"PreservedInsect":68,"Juzu Bracelet":1,"Cursed Key":2,"Smiling Mask":100,"obtain_stats":[{"Lantern":12,"Calipers":54,"Golden Idol":3,"blademaster:BonusFuryPerk":24,"Dead Branch":53,"Oddly Smooth Stone":41,"PreservedInsect":45,"Juzu Bracelet":24,"Cursed Key":17,"Smiling Mask":43,"SlaversCollar":34,"Anchor":42,"blademaster:FuryEveryTurnPerk":12,"Strawberry":6,"Bronze Scales":9,"blademaster:BleedingMoreDamagePerk":54,"blademaster:StanceHealPerk":45,"blademaster:DancersAmulet":0,"blademaster:DextrousPerk":6,"blademaster:ComboEveryTurnPerk":42},{"Lantern":7,"Calipers":27,"Golden Idol":2,"blademaster:BonusFuryPerk":14,"Dead Branch":26,"Oddly Smooth Stone":20,"PreservedInsect":22,"Juzu Bracelet":14,"Cursed Key":9,"Smiling Mask":21,"SlaversCollar":17,"Anchor":21,"blademaster:FuryEveryTurnPerk":7,"Strawberry":4,"Bronze Scales":5,"blademaster:BleedingMoreDamagePerk":27,"blademaster:StanceHealPerk":22,"blademaster:DancersAmulet":0,"blademaster:DextrousPerk":4,"blademaster:ComboEveryTurnPerk":21},{"Lantern":33,"Calipers":143,"Golden Idol":7,"blademaster:BonusFuryPerk":67,"Dead Branch":139,"Oddly Smooth Stone":99,"PreservedInsect":110,"Juzu Bracelet":67,"Cursed Key":46,"Smiling Mask":102,"SlaversCollar":84,"Anchor":102,"blademaster:FuryEveryTurnPerk":33,"Strawberry":16,"Bronze Scales":22,"blademaster:BleedingMoreDamagePerk":143,"blademaster:StanceHealPerk":110,"blademaster:DancersAmulet":0,"blademaster:DextrousPerk":16,"blademaster:ComboEveryTurnPerk":102}]},"card_choices":[{"not_picked":["blademaster:Meditate","blademaster:Cut"],"picked":"blademaster:SlyStabs","floor":1},{"not_picked":["blademaster:Sunder","blademaster:SlyStabs"],"picked":"blademaster:TraverseCut","floor":2},{"not_picked":["blademaster:ChargingUp","blademaster:RollingTyphoon"],"picked":"blademaster:Flurry","floor":5},{"not_picked":["blademaster:HighVoltage","blademaster:ThunderSlash"],"picked":"blademaster:Blockade","floor":6},{"not_picked":["blademaster:Flurry","blademaster:Stability"],"picked":"blademaster:Meditate","floor":7},{"not_picked":["blademaster:Cut","blademaster:AncestralHealing"],"picked":"blademaster:AspectOfWind","floor":10},{"not_picked":["blademaster:EyeOfTheStorm","blademaster:ThunderSlash"],"picked":"blademaster:Breeze","floor":12},{"not_picked":["blademaster:ChargingUp","blademaster:TraverseCut"],"picked":"blademaster:AirSlash","floor":14},{"not_picked":["blademaster:LightningDraw","blademaster:FuryOfTheElements"],"picked":"blademaster:Flash","floor":16},{"not_picked":["blademaster:AspectOfLightning","blademaster:Frenzy"],"picked":"blademaster:AwakeningDefend","floor":18},{"not_picked":["blademaster:DragonStrike+1","blademaster:Flurry"],"picked":"blademaster:Bloodbath","floor":19},{"not_picked":["blademaster:ThreePointStrike","blademaster:AwakeningStrike"],"picked":"blademaster:Gust","floor":20},{"not_picked":["blademaster:Cut+1","blademaster:Breeze+1"],"picked":"blademaster:Vortex","floor":21},{"not_picked":["blademaster:AncestralHealing+1","blademaster:TraverseCut+1"],"picked":"blademaster:DeadlyDance","floor":24},{"not_picked":["blademaster:Flurry","blademaster:Thrust","blademaster:AirSlash"],"picked":"SKIP","floor":30},{"not_picked":["blademaster:IcyWind","blademaster:DancingEdge"],"picked":"blademaster:Safeguard","floor":31},{"not_picked":["blademaster:HighVoltage","blademaster:FuryOfTheElements"],"picked":"blademaster:CloudOfSteel","floor":33},{"not_picked":["blademaster:Cut+1","blademaster:ThunderingOpener+1"],"picked":"blademaster:ParryingStrike","floor":35},{"not_picked":["blademaster:AwakeningStrike","blademaster:BrainBloom"],"picked":"blademaster:Stability+1","floor":36},{"not_picked":["blademaster:Quickstep+1","blademaster:Meditate"],"picked":"blademaster:DaggerAndCloak+1","floor":38},{"not_picked":["blademaster:DragonStrike","blademaster:ThunderingOpener"],"picked":"blademaster:AwakeningDefend+1","floor":42},{"not_picked":["Jack Of All Trades","Dark Shackles"],"picked":"Metamorphosis","floor":44},{"not_picked":["blademaster:BladeMastery+1","blademaster:Flurry"],"picked":"blademaster:Empower","floor":45},{"not_picked":["blademaster:DragonStrike","blademaster:Breeze","blademaster:KiBarrier"],"picked":"SKIP","floor":46},{"not_picked":["blademaster:Frontflip+1","blademaster:Sharpen+1"],"picked":"blademaster:FuriousStrike+1","floor":47},{"not_picked":["blademaster:FuriousStrike+1","blademaster:CombatPrep","blademaster:Flurry+1"],"picked":"SKIP","floor":48},{"not_picked":["blademaster:BladeCross","blademaster:AspectOfLightning+1"],"picked":"blademaster:UnrelentingWind","floor":54}],"player_experience":260537,"relics_obtained":[{"floor":6,"key":"Strawberry"},{"floor":6,"key":"blademaster:DextrousPerk"},{"floor":9,"key":"Bronze Scales"},{"floor":12,"key":"Lantern"},{"floor":12,"key":"blademaster:FuryEveryTurnPerk"},{"floor":24,"key":"Juzu Bracelet"},{"floor":24,"key":"blademaster:BonusFuryPerk"},{"floor":42,"key":"Anchor"},{"floor":42,"key":"blademaster:ComboEveryTurnPerk"},{"floor":43,"key":"Smiling Mask"},{"floor":45,"key":"PreservedInsect"},{"floor":45,"key":"blademaster:StanceHealPerk"},{"floor":54,"key":"Calipers"},{"floor":54,"key":"blademaster:BleedingMoreDamagePerk"}],"event_choices":[{"damage_healed":0,"gold_gain":0,"player_choice":"Take Damage","damage_taken":20,"relics_obtained":["Golden Idol"],"max_hp_gain":0,"max_hp_loss":0,"event_name":"Golden Idol","floor":3,"gold_loss":0},{"damage_healed":0,"gold_gain":0,"player_choice":"Donut","damage_taken":0,"max_hp_gain":5,"max_hp_loss":0,"event_name":"Big Fish","floor":4,"gold_loss":0},{"damage_healed":0,"gold_gain":0,"player_choice":"Ignored","damage_taken":0,"max_hp_gain":0,"max_hp_loss":0,"event_name":"Shining Light","floor":11,"gold_loss":0},{"damage_healed":0,"gold_gain":0,"player_choice":"1 cards matched","damage_taken":0,"max_hp_gain":0,"max_hp_loss":0,"event_name":"Match and Keep!","floor":28,"gold_loss":0,"cards_obtained":["blademaster:Havoc"]},{"damage_healed":0,"gold_gain":0,"player_choice":"Gave Potion","damage_taken":0,"relics_obtained":["Oddly Smooth Stone"],"max_hp_gain":0,"max_hp_loss":0,"event_name":"WeMeetAgain","floor":41,"gold_loss":0},{"damage_healed":0,"gold_gain":0,"player_choice":"Memory 1","damage_taken":0,"max_hp_gain":0,"max_hp_loss":0,"event_name":"SensoryStone","floor":44,"gold_loss":0}],"is_beta":true,"boss_relics":[{"not_picked":["Busted Crown","Ectoplasm"],"picked":"Cursed Key"},{"not_picked":["Runic Dome","Philosopher\u0027s Stone"],"picked":"SlaversCollar"}],"items_purged_floors":[22,37,39,53],"is_endless":false,"potions_floor_spawned":[1,5,7,14,18,21,33,36,38,47,48],"ascension_level":0}}