{"host":"78hrz0ylpj9lzvi8","time":1607618072,"event":{"mods":["BaseMod","Bestiary","Minty Spire (QoL Compilation)","StSLib","Quick Restart","Random Character Button","Relic Stats"],"gold_per_floor":[210,1,35,72,107,107,137,175,201,229,229,279,279,279,279,382,382,395,436,27,27,27],"floor_reached":21,"playtime":801,"items_purged":[],"score":498,"play_id":"2081e805-014e-47dc-bfe4-89388a1d9633","local_time":"20201210133432","is_ascension_mode":true,"campfire_choices":[{"data":"Eruption","floor":6.0,"key":"SMITH"},{"data":"Vault","floor":13.0,"key":"SMITH"},{"data":"HandOfGreed","floor":15.0,"key":"SMITH"}],"circlet_count":0,"master_deck":["AscendersBane","Strike_P","Strike_P","Strike_P","Defend_P","Defend_P","Defend_P","Defend_P","Eruption+1","Vigilance","PathToVictory","HandOfGreed+1","CrushJoints","BowlingBash","Consecrate","BattleHymn","Vault+1","Conclude","EmptyBody","Vengeance","DeusExMachina","ThirdEye","Evaluate","LikeWater"],"special_seed":0,"relics":["PureWater","Bottled Tornado","Boot","Ancient Tea Set","Bag of Preparation","Question Card","Black Star","Incense Burner"],"acts_visited":["Exordium","TheCity"],"potions_floor_usage":[19,21],"damage_taken":[{"damage":0.0,"enemies":"2 Louse","floor":1.0,"turns":2.0},{"damage":0.0,"enemies":"Small Slimes","floor":3.0,"turns":3.0},{"damage":0.0,"enemies":"Cultist","floor":4.0,"turns":2.0},{"damage":2.0,"enemies":"Lots of Slimes","floor":5.0,"turns":3.0},{"damage":0.0,"enemies":"Lagavulin","floor":7.0,"turns":4.0},{"damage":13.0,"enemies":"Looter","floor":8.0,"turns":5.0},{"damage":0.0,"enemies":"Gremlin Nob","floor":10.0,"turns":2.0},{"damage":13.0,"enemies":"Lagavulin","floor":12.0,"turns":4.0},{"damage":23.0,"enemies":"Hexaghost","floor":16.0,"turns":6.0},{"damage":38.0,"enemies":"Shell Parasite","floor":18.0,"turns":6.0},{"damage":10,"enemies":"2 Thieves","floor":19,"turns":2},{"damage":24,"enemies":"Shelled Parasite and Fungi","floor":21,"turns":1}],"seed_played":"-6901507613537193989","potions_obtained":[{"floor":1.0,"key":"CultistPotion"},{"floor":5.0,"key":"StancePotion"},{"floor":7.0,"key":"EssenceOfSteel"},{"floor":16.0,"key":"LiquidBronze"},{"floor":19,"key":"Explosive Potion"}],"is_trial":false,"path_per_floor":["M","$","M","M","M","R","E","M","T","E","?","E","R","?","R","B",null,"M","M","$","M"],"character_chosen":"WATCHER","items_purchased":["HandOfGreed","CrushJoints","Incense Burner","LikeWater"],"campfire_rested":0,"item_purchase_floors":[2,2,20,20],"current_hp_per_floor":[61,61,61,61,59,59,59,46,46,46,46,33,33,28,28,5,52,14,4,4,0,0],"gold":27,"neow_bonus":"HUNDRED_GOLD","is_daily":false,"chose_seed":false,"campfire_upgraded":3,"win_rate":0,"timestamp":1607618072,"path_taken":["M","$","M","M","M","R","E","M","T","E","?","E","R","?","R","BOSS","M","M","$","M"],"build_version":"2020-11-30","purchased_purges":0,"victory":false,"max_hp_per_floor":[68,68,68,68,68,68,68,68,68,68,68,68,68,68,68,68,68,68,68,68,68,68],"relic_stats":{"counters":[12,40],"Bag of Preparation":[8],"Black Star":0,"Boot":[6],"Question Card":3,"obtain_stats":[{"Bag of Preparation":12,"Black Star":17,"Incense Burner":20,"PureWater":0,"Bottled Tornado":7,"Boot":9,"Ancient Tea Set":10,"Question Card":14},{"Bag of Preparation":8,"Black Star":9,"Incense Burner":11,"PureWater":0,"Bottled Tornado":5,"Boot":6,"Ancient Tea Set":7,"Question Card":8},{"Bag of Preparation":25,"Black Star":31,"Incense Burner":39,"PureWater":0,"Bottled Tornado":14,"Boot":19,"Ancient Tea Set":21,"Question Card":25}]},"card_choices":[{"not_picked":["Collect","Sanctity"],"picked":"PathToVictory","floor":1.0},{"not_picked":["Halt","SashWhip"],"picked":"BowlingBash","floor":3.0},{"not_picked":["BowlingBash","Crescendo"],"picked":"Consecrate","floor":4.0},{"not_picked":["JustLucky","CarveReality"],"picked":"BattleHymn","floor":5.0},{"not_picked":["Prostrate","Fasting2"],"picked":"Vault","floor":7.0},{"not_picked":["ThirdEye","Wireheading"],"picked":"Conclude","floor":8.0},{"not_picked":["JustLucky","ThirdEye"],"picked":"EmptyBody","floor":10.0},{"not_picked":["ClearTheMind","WreathOfFlame"],"picked":"Vengeance","floor":12.0},{"not_picked":["Judgement","Ragnarok","Blasphemy"],"picked":"DeusExMachina","floor":16.0},{"not_picked":["WheelKick","EmptyBody","EmptyFist"],"picked":"ThirdEye","floor":18.0},{"not_picked":["Sanctity","BowlingBash","Devotion"],"picked":"Evaluate","floor":19}],"player_experience":904838,"relics_obtained":[{"floor":7.0,"key":"Bottled Tornado"},{"floor":9.0,"key":"Boot"},{"floor":10.0,"key":"Ancient Tea Set"},{"floor":12.0,"key":"Bag of Preparation"}],"event_choices":[{"cards_removed":["Strike_P"],"damage_healed":0.0,"max_hp_gain":0.0,"max_hp_loss":0.0,"gold_gain":0.0,"event_name":"Living Wall","player_choice":"Forget","floor":11.0,"gold_loss":0.0,"damage_taken":0.0},{"damage_healed":0.0,"max_hp_gain":0.0,"max_hp_loss":0.0,"gold_gain":0.0,"event_name":"Scrap Ooze","player_choice":"Success","floor":14.0,"gold_loss":0.0,"damage_taken":5.0,"relics_obtained":["Question Card"]}],"is_beta":false,"boss_relics":[{"not_picked":["Ectoplasm","Runic Pyramid"],"picked":"Black Star"}],"items_purged_floors":[],"is_endless":false,"potions_floor_spawned":[1,5,7,16,19],"killed_by":"Shelled Parasite and Fungi","ascension_level":20}}