{"host":"wbdly04l9mkn9nrc","time":1607584218,"event":{"gold_per_floor":[109,122,141,151,167,167,197,197,274,288,295,302,302,314,314,409,409,425,436,457,469,469,502,502,502,502,502,517,517,517,532,532,630,630,641,641,741,761,776,776,790,790,872,872,872,883,883,897,897,897],"floor_reached":51,"playtime":3929,"items_purged":["Strike_B","Defend_B","ElectricPowerLearning","Strike_B","Storm","Defend_B","Strike_B","Strike_B","Defend_B","Defend_B","Rebound","Steam","Ball Lightning","Go for the Eyes","Zap","Stack","Apotheosis+1"],"score":1096,"play_id":"37e3da61-d2a3-42ba-b591-942e1e7765e7","local_time":"20201210151018","is_ascension_mode":false,"campfire_choices":[{"data":"Dualcast","floor":6,"key":"SMITH"},{"floor":8,"key":"DIG"},{"floor":13,"key":"REST"},{"data":"BettingIsNotGood","floor":15,"key":"PURGE"},{"floor":25,"key":"DIG"},{"floor":27,"key":"DIG"},{"floor":29,"key":"DIG"},{"floor":32,"key":"DIG"},{"floor":40,"key":"DIG"},{"floor":42,"key":"DIG"},{"floor":49,"key":"REST"}],"neow_cost":"","seed_source_timestamp":258588331504600,"circlet_count":7,"master_deck":["Dualcast+1","Self Repair+1","Aggregate+1","Capacitor+1","Leap+1","ElectricPowerLearning+1","Reboot+1","Storm+1","BettingIsNotGood+1","Machine Learning+1","Auto Shields+1","Conserve Battery+1","Defragment+1","Redo+1","Heatsinks+1","FTL+1","Steam+1","Self Repair+1","Heatsinks+1","Aggregate+1","Stack+1","Lockon+1","Static Discharge+1","Beam Cell+1","Fusion+1","Rebound+1","Compile Driver+1","Seek+1","HandOfGreed+1","Melter+1","Gash+1","Dramatic Entrance+1","Stack+1","Steam Power+1","Good Instincts+1","Loop+1","Consume+1","Ball Lightning+1","Barrage+1","Go for the Eyes+1","Chaos+1","BloodyBrimstone+1","Hologram+1","Swift Strike+1","Pulse+1","Leap+1","Skim+1","Streamline+1","Glacier+1","Blizzard+1","All For One+1","Mayhem+1","Tempest+1","Lockon+1","Gash+1","Cold Snap+1","Metamorphosis+1","Ball Lightning+1","Gash+1","Scrape+1","Chrysalis+1","Sweeping Beam+1","All For One+1","Hello World+1","BloodyBrimstone+1","Go for the Eyes+1","Reboot+1","Streamline+1","BettingIsNotGood+1","Leap+1","Conserve Battery+1","All For One+1","Skim+1","Thunder Strike+1","Force Field+1","Auto Shields+1","Defragment+1","Pulse+1","Rip and Tear+1","Barrage+1","Defragment+1","Fission+1","PanicButton+1","Violence+1","Beam Cell+1","Gash+1","Trip+1","Gash+1","Redo+1","Coolheaded+1","Melter+1","Undo+1","Ball Lightning+1","Tempest+1","Skim+1","Seek+1","Seek+1","Double Energy+1","Aggregate+1","Gash+1","Steam+1","Amplify+1","Biased Cognition+1","Sweeping Beam+1","Steam Power+1","Melter+1","Darkness+1","EpicFetus+1","Master of Strategy+1","Ball Lightning+1","Lockon+1","Fan+1","BowlingBash+1","Headbutt+1","Outmaneuver+1","BettingIsNotGood+1","Clothesline+1","Acrobatics+1","Headbutt+1","Cancel+1","Limit Break+1","FollowUp+1","EmptyFist+1","Creative AI+1","CrushJoints+1","Caltrops+1","Heavy Blade+1","Tantrum+1","Heavy Blade+1","Outmaneuver+1","Body Slam+1","Brilliance+1","Battle Trance+1"],"relics":["Cracked Core","HushsDoor","SteamSale","Mango","Lizard Tail","Membership Card","Ginger","Centennial Puzzle","PokeGo","Frozen Egg 2","Toy Ornithopter","HandDrill","BlankCard","White Beast Statue","ClockworkSouvenir","Omamori","CaptainsWheel","TheAbacus","Bag of Marbles","Bag of Preparation","OrangePellets","Toxic Egg 2","MealTicket","Chemical X","Pen Nib","Frozen Eye","BelialBook","Kunai","FossilizedHelix","Eternal Feather","Thread and Needle","Toolbox","NineVolt","Boot","StoneCalendar","Molten Egg 2","Diplopia","TheBattery","Orichalcum","Nunchaku","Dead Branch","Sling","DeathBook","Blue Candle","Strange Spoon","HornCleat","Strawberry","Medical Kit","Mercury Hourglass","BFFS","Oddly Smooth Stone","Bronze Scales","ForgetMeNow","Anchor","Juzu Bracelet","Torii","TheBean","Lantern","Ancient Tea Set","Lee\u0027s Waffle","War Paint","Letter Opener","TungstenRod","Whetstone","DeadEye","Meat on the Bone","UnicornStump","Gremlin Horn","Happy Flower","Calipers","Potion Belt","Bird Faced Urn","SatanicBible","Incense Burner","Leech","Shuriken","Habit","TheBible","GuppysPaw","BookofShadows","Pantograph","Gambling Chip","Vajra","PunchingBag","Regal Pillow","Bottled Lightning","Ornamental Fan","SalivaCoin","TuHaoJin","PreservedInsect","Dream Catcher","PrismaticShard","Sundial","Blood Vial","Singing Bowl","InkBottle","Pear","D6","BookOfRevelations","EdensBlessing","Matryoshka","Mummified Hand","Chaos","Prayer Wheel","Nuclear Battery","GuppysTail","Self Forming Clay","MagicMushroom","Ninja Scroll","JudasShadow","Shovel","Succubus","Ring of the Snake","WingedGreaves","Peace Pipe","Inserter","Burning Blood","Champion Belt","MomsKnife","SacredBark","DoctorsRemote","PillsDrop","Question Card","SlaversCollar","D4","Red Skull","GuppysHairball","MoneyPower","Nilry\u0027s Codex","Mark of Pain","Paper Crane","Pocketwatch","Tough Bandages","GuppysHead","Unceasing Top","Ice Cream","Circlet"],"potions_floor_usage":[0,23,23],"damage_taken":[{"damage":0,"enemies":"Jaw Worm","floor":1,"turns":1},{"damage":0,"enemies":"Cultist","floor":2,"turns":1},{"damage":0,"enemies":"Small Slimes","floor":3,"turns":1},{"damage":0,"enemies":"Looter","floor":4,"turns":1},{"damage":0,"enemies":"Large Slime","floor":5,"turns":1},{"damage":0,"enemies":"Lagavulin","floor":7,"turns":1},{"damage":0,"enemies":"3 Louse","floor":10,"turns":1},{"damage":0,"enemies":"Looter","floor":14,"turns":1},{"damage":0,"enemies":"The Guardian","floor":16,"turns":1},{"damage":0,"enemies":"Chosen","floor":18,"turns":1},{"damage":0,"enemies":"3 Byrds","floor":19,"turns":1},{"damage":0,"enemies":"Snake Plant","floor":21,"turns":1},{"damage":0,"enemies":"Gremlin Leader","floor":23,"turns":1},{"damage":0,"enemies":"Centurion and Healer","floor":28,"turns":1},{"damage":0,"enemies":"3 Cultists","floor":31,"turns":1},{"damage":0,"enemies":"Automaton","floor":33,"turns":1},{"damage":0,"enemies":"Orb Walker","floor":35,"turns":1},{"damage":0,"enemies":"3 Shapes","floor":38,"turns":1},{"damage":0,"enemies":"Spire Growth","floor":39,"turns":1},{"damage":0,"enemies":"Sphere and 2 Shapes","floor":41,"turns":1},{"damage":0,"enemies":"3 Darklings","floor":46,"turns":1},{"damage":0,"enemies":"Jaw Worm Horde","floor":48,"turns":1},{"damage":0,"enemies":"Time Eater","floor":50,"turns":1}],"seed_played":"-1722769873525352599","potions_obtained":[{"floor":1,"key":"PowerPotion"},{"floor":4,"key":"DistilledChaos"},{"floor":5,"key":"Fruit Juice"},{"floor":23,"key":"Fruit Juice"},{"floor":33,"key":"AttackPotion"}],"is_trial":false,"path_per_floor":["M","M","M","M","M","R","E","R","T","M","?","?","R","M","R","B",null,"M","M","?","M","?","E","$","R","T","R","M","R","?","M","R","B",null,"M","?","?","M","M","R","M","R","T","$","?","M","$","M","R","B",null],"character_chosen":"DEFECT","items_purchased":["Rebound","Storm","Membership Card","Ginger","Centennial Puzzle","Steam","Go for the Eyes","Frozen Egg 2","Toy Ornithopter","HandDrill","Self Repair+1","Ball Lightning","Aggregate","BlankCard","White Beast Statue","ClockworkSouvenir","Stack","Omamori","Capacitor+1","CaptainsWheel","TheAbacus","Leap","Bag of Marbles","Bag of Preparation","ElectricPowerLearning+1","OrangePellets","Toxic Egg 2","Reboot+1","MealTicket","Chemical X","Explosive Potion","Storm+1","Pen Nib","Frozen Eye","BelialBook","BettingIsNotGood+1","Machine Learning+1","Auto Shields+1","Conserve Battery+1","Kunai","FossilizedHelix","Eternal Feather","Defragment+1","Redo+1","Toolbox","NineVolt","Boot","StoneCalendar","Heatsinks+1","Molten Egg 2","Diplopia","FTL+1","Steam+1","Self Repair+1","TheBattery","Orichalcum","Nunchaku","Heatsinks+1","Aggregate+1","Stack+1","Lockon+1","Dead Branch","Sling","Static Discharge+1","Beam Cell+1","Fusion+1","Rebound+1","DeathBook","Blue Candle","Strange Spoon","Compile Driver+1","Seek+1","HandOfGreed+1","HornCleat","Strawberry","Medical Kit","Explosive Potion","LiquidBronze","Melter+1","Gash+1","Dramatic Entrance+1","Stack+1","Mercury Hourglass","BFFS","Oddly Smooth Stone","Bronze Scales","ForgetMeNow","Steam Power+1","Good Instincts+1","Anchor","Loop+1","Consume+1","Juzu Bracelet","Ball Lightning+1","Torii","TheBean","Barrage+1","Lantern","Ancient Tea Set","Lee\u0027s Waffle","Secret Weapon+1","War Paint","Letter Opener","Go for the Eyes+1","Chaos+1","TungstenRod","Whetstone","BloodyBrimstone+1","Hologram+1","Swift Strike+1","DeadEye","Meat on the Bone","Pulse+1","UnicornStump","Leap+1","Skim+1","Gremlin Horn","Happy Flower","Calipers","Streamline+1","Glacier+1","Blizzard+1","Potion Belt","Energy Potion","Block Potion","All For One+1","Mayhem+1","Bird Faced Urn","Tempest+1","Lockon+1","Gash+1","SatanicBible","Incense Burner","Leech","Cold Snap+1","Metamorphosis+1","Shuriken","Habit","Fruit Juice","TheBible","GuppysPaw","BookofShadows","Ball Lightning+1","Pantograph","Gambling Chip","Vajra","PunchingBag","Regal Pillow","Gash+1","Scrape+1","Bottled Lightning","Ornamental Fan","SalivaCoin","TuHaoJin","Chrysalis+1","Sweeping Beam+1","PreservedInsect","All For One+1","Hello World+1","BloodyBrimstone+1","Dream Catcher","PrismaticShard","Sundial","Go for the Eyes+1","Reboot+1","Streamline+1","Blood Vial","BettingIsNotGood+1","Leap+1","Conserve Battery+1","Apotheosis+1","All For One+1","Singing Bowl","InkBottle","Skim+1","Pear","D6","Thunder Strike+1","BookOfRevelations","Force Field+1","Auto Shields+1","EdensBlessing","Matryoshka","Defragment+1","Pulse+1","Rip and Tear+1","Barrage+1","Defragment+1","Fission+1","PanicButton+1","Violence+1","Mummified Hand","Beam Cell+1","Gash+1","Chaos","Prayer Wheel","Nuclear Battery","GuppysTail","Trip+1","Gash+1","Redo+1","Coolheaded+1","Self Forming Clay","Melter+1","Undo+1","Ball Lightning+1","MagicMushroom","Ninja Scroll","Tempest+1","Skim+1","JudasShadow","Seek+1","Shovel","Succubus","Seek+1","Double Energy+1","Ring of the Snake","Aggregate+1","Gash+1","WingedGreaves","Steam+1","Amplify+1","Biased Cognition+1","Sweeping Beam+1","Peace Pipe","Steam Power+1","Inserter","Burning Blood","Melter+1","Champion Belt","Darkness+1","EpicFetus+1","Master of Strategy+1","Ball Lightning+1","Lockon+1","MomsKnife","Fan+1","SacredBark","GuppysHairball","MoneyPower","Paper Crane","Pocketwatch","Circlet","Circlet","Circlet","Circlet"],"campfire_rested":2,"item_purchase_floors":[0,0,0,0,0,0,0,0,0,0,0,0,0,0,0,0,0,0,0,0,0,0,0,0,0,0,0,0,0,0,0,0,0,0,0,0,0,0,0,0,0,0,0,0,0,0,0,0,0,0,0,0,0,0,0,0,0,0,0,0,0,0,0,0,0,0,0,0,0,0,0,0,0,0,0,0,0,0,0,0,0,0,0,0,0,0,0,0,0,0,0,0,0,0,0,0,0,0,0,0,0,0,0,0,0,0,0,0,0,0,0,0,0,0,0,0,0,0,0,0,0,0,0,0,0,0,0,0,0,0,0,0,0,0,0,0,0,0,0,0,0,0,0,0,0,0,0,0,0,0,0,0,0,0,0,0,0,0,0,0,0,0,0,0,0,0,0,0,0,0,0,0,0,0,0,0,0,0,0,0,0,0,0,0,0,0,0,0,0,0,0,0,0,0,0,0,0,0,0,0,0,0,0,0,0,0,0,0,0,0,0,0,0,0,0,0,0,0,0,0,0,0,0,0,0,0,0,0,0,0,0,0,0,0,0,0,0,0,17,17,24,24,44,44,44,47],"current_hp_per_floor":[127,129,131,131,133,133,135,135,135,135,133,121,135,135,135,135,115,117,119,107,115,115,141,141,141,141,141,145,145,145,147,147,149,149,151,143,145,149,153,158,162,167,172,172,172,174,174,174,176,176],"gold":897,"neow_bonus":"","is_prod":false,"is_daily":false,"chose_seed":false,"campfire_upgraded":1,"win_rate":0.0,"timestamp":1607584218,"path_taken":["M","M","M","M","M","R","E","R","T","M","?","?","R","M","R","BOSS","M","M","?","M","?","E","$","R","T","R","M","R","?","M","R","BOSS","M","?","?","M","M","R","M","R","T","$","?","M","?","M","R","BOSS"],"build_version":"2020-11-30","purchased_purges":17,"victory":true,"max_hp_per_floor":[127,129,131,131,133,133,135,135,135,135,135,135,135,135,135,135,115,117,119,119,119,119,141,141,141,141,141,145,145,145,147,147,149,149,151,143,145,149,153,158,162,167,172,172,172,174,174,174,176,176],"card_choices":[{"not_picked":[],"picked":"BettingIsNotGood","floor":0},{"not_picked":["Flying Knee+1","LikeWater+1","Pommel Strike+1"],"picked":"Singing Bowl","floor":1},{"not_picked":["LikeWater+1","All For One+1"],"picked":"BowlingBash+1","floor":1},{"not_picked":["PiercingWail+1","Reflex+1","Jack Of All Trades+1"],"picked":"Singing Bowl","floor":2},{"not_picked":["ClearTheMind+1","Quick Slash+1"],"picked":"Headbutt+1","floor":2},{"not_picked":["Dark Shackles+1","Clothesline+1"],"picked":"Outmaneuver+1","floor":3},{"not_picked":["Power Through+1","Flying Knee+1","Hello World+1"],"picked":"Singing Bowl","floor":3},{"not_picked":["Gash+1","Clash+1"],"picked":"BettingIsNotGood+1","floor":4},{"not_picked":["Stack+1","DoctorFetus+1","Clothesline+1"],"picked":"SKIP","floor":4},{"not_picked":["Stack+1","DoctorFetus+1"],"picked":"Clothesline+1","floor":4},{"not_picked":["Conserve Battery+1","EmptyBody+1"],"picked":"Acrobatics+1","floor":5},{"not_picked":["Havoc+1","Deflect+1","Conserve Battery+1"],"picked":"Singing Bowl","floor":5},{"not_picked":["Riddle With Holes+1","Endless Agony+1","Cleave+1"],"picked":"Singing Bowl","floor":7},{"not_picked":["Twin Strike+1","Escape Plan+1","Disarm+1"],"picked":"Headbutt+1","floor":10},{"not_picked":["Go for the Eyes+1","Catalyst+1","BootSequence+1"],"picked":"Cancel+1","floor":10},{"not_picked":["Inflame+1","Steam+1","Gash+1"],"picked":"Limit Break+1","floor":13},{"not_picked":["Slice+1","Escape Plan+1","Clash+1"],"picked":"FollowUp+1","floor":14},{"not_picked":["Ball Lightning+1","Clash+1","Beam Cell+1"],"picked":"EmptyFist+1","floor":14},{"not_picked":["Malaise+1","DeusExMachina+1","Brutality+1"],"picked":"Creative AI+1","floor":16},{"not_picked":["Indignation+1","Shrug It Off+1","Hologram+1"],"picked":"CrushJoints+1","floor":18},{"not_picked":["FlyingSleeves+1","Iron Wave+1","Underhanded Strike+1","Evaluate+1"],"picked":"Singing Bowl","floor":18},{"not_picked":["Bandage Up+1","Combust+1","EmptyBody+1","Disarm+1"],"picked":"Singing Bowl","floor":19},{"not_picked":["Doppelganger+1","Twin Strike+1","Infinite Blades+1"],"picked":"Caltrops+1","floor":19},{"not_picked":["Feel No Pain+1","Sweeping Beam+1","Riddle With Holes+1"],"picked":"Heavy Blade+1","floor":21},{"not_picked":["Leap+1","Headbutt+1","Coolheaded+1"],"picked":"Tantrum+1","floor":21},{"not_picked":["Doom and Gloom+1","JustLucky+1","Backflip+1","Havoc+1"],"picked":"Singing Bowl","floor":23},{"not_picked":["Twin Strike+1","Hologram+1","Cleave+1","Deadly Poison+1"],"picked":"Singing Bowl","floor":28},{"not_picked":["Aggregate+1","Barricade+1","Clash+1","Caltrops+1"],"picked":"Singing Bowl","floor":28},{"not_picked":["Deep Breath+1","WheelKick+1","Coolheaded+1"],"picked":"Heavy Blade+1","floor":31},{"not_picked":["FlurryOfBlows+1","Violence+1","Rebound+1","Compile Driver+1"],"picked":"Singing Bowl","floor":31},{"not_picked":["Chrysalis+1","Thinking Ahead+1","HandOfGreed+1","Brutality+1"],"picked":"Singing Bowl","floor":33},{"not_picked":["CutThroughFate+1","Distribution+1","FlyingSleeves+1"],"picked":"Outmaneuver+1","floor":35},{"not_picked":["Blizzard+1","Fan+1","Blade Dance+1","Defragment+1"],"picked":"Singing Bowl","floor":35},{"not_picked":["PathToVictory+1","CutThroughFate+1","Cleave+1","Flash of Steel+1"],"picked":"Singing Bowl","floor":37},{"not_picked":["Flying Knee+1","Beam Cell+1","Blade Dance+1","Discovery+1"],"picked":"Singing Bowl","floor":38},{"not_picked":["Loop+1","Body Slam+1","Rainbow+1","Rebound+1"],"picked":"Singing Bowl","floor":38},{"not_picked":["Underhanded Strike+1","Calculated Gamble+1","Static Discharge+1","Bane+1"],"picked":"Singing Bowl","floor":39},{"not_picked":["Caltrops+1","Lockon+1","CrushJoints+1","Crescendo+1"],"picked":"Singing Bowl","floor":39},{"not_picked":["Compile Driver+1","Static Discharge+1","Tempest+1","Anger+1"],"picked":"Singing Bowl","floor":41},{"not_picked":["Distribution+1","Halt+1","Quick Slash+1","Thunderclap+1"],"picked":"Singing Bowl","floor":41},{"not_picked":["Gash+1","Backflip+1","Collect+1","Iron Wave+1"],"picked":"Singing Bowl","floor":46},{"not_picked":["Poisoned Stab+1","Infinite Blades+1","BattleHymn+1"],"picked":"Body Slam+1","floor":46},{"not_picked":["PiercingWail+1","Flying Knee+1","True Grit+1"],"picked":"Brilliance+1","floor":48},{"not_picked":["Reprogram+1","Clash+1","Fusion+1"],"picked":"Battle Trance+1","floor":48},{"not_picked":["Metallicize+1","Enlightenment+1","CarveReality+1","Cold Snap+1"],"picked":"Singing Bowl","floor":49}],"player_experience":37757,"relics_obtained":[{"floor":7,"key":"DoctorsRemote"},{"floor":8,"key":"PillsDrop"},{"floor":9,"key":"Question Card"},{"floor":9,"key":"SlaversCollar"},{"floor":20,"key":"Nilry\u0027s Codex"},{"floor":25,"key":"Tough Bandages"},{"floor":26,"key":"GuppysHead"},{"floor":29,"key":"Unceasing Top"},{"floor":40,"key":"Circlet"},{"floor":42,"key":"Circlet"},{"floor":43,"key":"Circlet"}],"event_choices":[{"damage_healed":0,"gold_gain":0,"player_choice":"Success","damage_taken":3,"relics_obtained":["D4"],"max_hp_gain":0,"max_hp_loss":0,"event_name":"Scrap Ooze","floor":11,"gold_loss":0},{"damage_healed":0,"gold_gain":0,"player_choice":"Damaged","damage_taken":13,"max_hp_gain":0,"max_hp_loss":0,"event_name":"Wheel of Change","floor":12,"gold_loss":0},{"damage_healed":0,"gold_gain":0,"player_choice":"Obtained Book","damage_taken":16,"max_hp_gain":0,"max_hp_loss":0,"event_name":"Cursed Tome","floor":20,"gold_loss":0},{"damage_healed":0,"gold_gain":0,"player_choice":"Opened","damage_taken":0,"relics_obtained":["Mark of Pain"],"max_hp_gain":0,"max_hp_loss":0,"event_name":"The Mausoleum","floor":22,"gold_loss":0,"cards_obtained":["Writhe"]},{"damage_healed":0,"gold_gain":0,"player_choice":"Ignored","damage_taken":0,"max_hp_gain":0,"max_hp_loss":0,"event_name":"Beggar","floor":30,"gold_loss":0},{"damage_healed":0,"gold_gain":0,"player_choice":"Max HP","damage_taken":0,"max_hp_gain":0,"max_hp_loss":8,"event_name":"Winding Halls","floor":36,"gold_loss":0},{"cards_removed":["Secret Weapon"],"damage_healed":0,"gold_gain":0,"player_choice":"Removed Skill","damage_taken":0,"max_hp_gain":0,"max_hp_loss":0,"event_name":"Falling","floor":45,"gold_loss":0}],"is_beta":false,"boss_relics":[{"not_picked":["Black Star","Calling Bell"],"picked":"Red Skull"},{"not_picked":[]},{"not_picked":["Velvet Choker","DollysMirror"],"picked":"Ice Cream"},{"not_picked":[]}],"items_purged_floors":[0,0,0,0,0,0,0,0,0,0,0,0,0,0,0,0,0],"is_endless":false,"potions_floor_spawned":[1,2,3,4,5,7,10,14,16,18,19,21,23,28,31,33,35,38,39,41,46,48],"ascension_level":0}}