{"host":"zyn2zcp8fez1ptuq","time":1607613221,"event":{"mods":["BaseMod","StSLib","Downfall","BetterRewards","Hermit","Hubris","Minty Spire (QoL Compilation)","Replay The Spire","Robot Space Explorer","Shade Mod","Shop Mod","The Animator","The Cursed","The Jungle","The Necromancer","Infinite Spire"],"gold_per_floor":[111,126,126,126,144,178,178,178,202,317,492,507,507,520,520,470,470],"floor_reached":16,"playtime":658,"items_purged":[],"score":102,"play_id":"2f559fb8-374c-49ca-a2d4-469b4917498f","local_time":"20201210101341","is_ascension_mode":false,"campfire_choices":[{"data":"Ball Lightning","floor":7,"key":"SMITH"},{"data":"Fusion","floor":13,"key":"SMITH"},{"data":"Zap","floor":15,"key":"SMITH"}],"circlet_count":0,"master_deck":["Strike_B","Strike_B","Strike_B","Defend_B","Defend_B","Defend_B","Defend_B","Zap+1","Dualcast","hubris:Ukulele","Sweeping Beam","Cold Snap","Ball Lightning+1","Fusion+1","Doubt","Turbo","Conserve Battery"],"relics":["Cracked Core","NeowsBlessing","hubris:Icosahedron","PreservedInsect","hubris:TenFootPole"],"acts_visited":["Exordium"],"potions_floor_usage":[6,14],"damage_taken":[{"damage":0,"enemies":"Small Slimes","floor":1,"turns":1},{"damage":0,"enemies":"2 Louse","floor":2,"turns":1},{"damage":0,"enemies":"Cultist","floor":5,"turns":1},{"damage":9,"enemies":"3 Sentries","floor":6,"turns":6},{"damage":3,"enemies":"Looter","floor":10,"turns":2},{"damage":15,"enemies":"Blue Slaver","floor":12,"turns":3},{"damage":2,"enemies":"Exordium Thugs","floor":14,"turns":3},{"damage":55,"enemies":"Hexaghost","floor":16,"turns":9}],"seed_played":"7869974832366392374","potions_obtained":[{"floor":2,"key":"Block Potion"},{"floor":10,"key":"sneckomod:MuddlingPotion"},{"floor":12,"key":"DistilledChaos"},{"floor":14,"key":"Elixir"}],"is_trial":false,"path_per_floor":["M","M","?","?","M","E","R","?","T","M","?","M","R","M","R","B"],"character_chosen":"DEFECT","items_purchased":[],"campfire_rested":0,"item_purchase_floors":[],"current_hp_per_floor":[75,75,75,63,63,75,75,75,75,72,72,57,57,55,55,0,0],"gold":470,"neow_bonus":"THREE_ENEMY_KILL","is_daily":false,"chose_seed":false,"campfire_upgraded":3,"win_rate":0.0,"timestamp":1607613221,"path_taken":["M","M","?","?","M","E","R","?","T","?","?","M","R","M","R","BOSS"],"build_version":"2020-11-30","purchased_purges":0,"victory":false,"max_hp_per_floor":[75,75,75,75,75,75,75,75,75,75,75,75,75,75,75,75,75],"card_choices":[{"not_picked":["Stack","ReplaySort"],"picked":"hubris:Ukulele","floor":1},{"not_picked":["Conserve Battery","Compile Driver"],"picked":"Sweeping Beam","floor":2},{"not_picked":["ReplayTheSpireMod:System Scan","Conserve Battery"],"picked":"Cold Snap","floor":5},{"not_picked":["Melter","Steam"],"picked":"Ball Lightning","floor":6},{"not_picked":["Ball Lightning","Steam"],"picked":"Fusion","floor":10},{"not_picked":["Undo","Gash"],"picked":"Turbo","floor":12},{"not_picked":["Cold Snap","Recycle"],"picked":"Conserve Battery","floor":14}],"player_experience":456298,"relics_obtained":[{"floor":6,"key":"hubris:TenFootPole"}],"event_choices":[{"damage_healed":0,"gold_gain":0,"player_choice":"Success","damage_taken":12,"relics_obtained":["PreservedInsect"],"max_hp_gain":0,"max_hp_loss":0,"event_name":"Scrap Ooze","floor":4,"gold_loss":0},{"cards_removed":["Strike_B"],"damage_healed":0,"gold_gain":0,"player_choice":"Purged","damage_taken":0,"max_hp_gain":0,"max_hp_loss":0,"event_name":"Purifier","floor":8,"gold_loss":0},{"damage_healed":0,"gold_gain":175,"player_choice":"AGREE","damage_taken":0,"max_hp_gain":0,"max_hp_loss":0,"event_name":"Liars Game","floor":11,"gold_loss":0,"cards_obtained":["Doubt"]}],"is_beta":false,"boss_relics":[],"items_purged_floors":[],"is_endless":false,"potions_floor_spawned":[2,10,12,14],"killed_by":"Hexaghost","ascension_level":0}}