{"host":"ly20tmf9be7b85hl","time":1607592668,"event":{"gold_per_floor":[115,128,138,210,222,252,269,269,269],"floor_reached":8,"playtime":247,"items_purged":[],"score":120,"play_id":"40e21768-48c1-4b43-b269-b5a71b7d7db4","local_time":"20201210183108","is_ascension_mode":true,"campfire_choices":[],"neow_cost":"NONE","seed_source_timestamp":95793047283633,"circlet_count":0,"master_deck":["AscendersBane","Strike_R","Strike_R","Defend_R","Defend_R","Defend_R","Defend_R","Bash","Shockwave+1","Iron Wave+1","Battle Trance+1","Warcry","Sword Boomerang","Ghostly Armor","Hemokinesis","Bloodletting"],"relics":["Astrolabe","Self Forming Clay","Blood Vial"],"potions_floor_usage":[6,6,7],"damage_taken":[{"damage":5,"enemies":"Cultist","floor":1,"turns":4},{"damage":2,"enemies":"Jaw Worm","floor":2,"turns":3},{"damage":0,"enemies":"2 Louse","floor":3,"turns":2},{"damage":17,"enemies":"Large Slime","floor":5,"turns":7},{"damage":27,"enemies":"3 Sentries","floor":6,"turns":10},{"damage":14,"enemies":"Exordium Thugs","floor":7,"turns":5},{"damage":5,"enemies":"Lagavulin","floor":8,"turns":4}],"seed_played":"-8551557580559044823","potions_obtained":[{"floor":2,"key":"Swift Potion"},{"floor":3,"key":"SteroidPotion"},{"floor":6,"key":"Energy Potion"}],"is_trial":false,"path_per_floor":["M","M","M","T","M","E","M","E"],"character_chosen":"IRONCLAD","items_purchased":[],"campfire_rested":0,"item_purchase_floors":[],"current_hp_per_floor":[63,61,61,61,44,17,5,2,2],"gold":269,"neow_bonus":"BOSS_RELIC","is_prod":false,"is_daily":false,"chose_seed":false,"campfire_upgraded":0,"win_rate":0,"timestamp":1607592668,"path_taken":["M","M","M","?","M","E","M","E"],"build_version":"2020-11-30","purchased_purges":0,"victory":false,"max_hp_per_floor":[75,75,75,75,75,75,75,75,75],"card_choices":[{"not_picked":["Perfected Strike","Clothesline"],"picked":"Warcry","floor":1},{"not_picked":["Perfected Strike","Shrug It Off"],"picked":"Sword Boomerang","floor":2},{"not_picked":["Sever Soul","Warcry","Armaments"],"picked":"SKIP","floor":3},{"not_picked":["Carnage","Rampage"],"picked":"Ghostly Armor","floor":5},{"not_picked":["Rupture","Clash"],"picked":"Hemokinesis","floor":6},{"not_picked":["Clash","Dropkick"],"picked":"Bloodletting","floor":7}],"player_experience":835145,"relics_obtained":[{"floor":4,"key":"Self Forming Clay"},{"floor":6,"key":"Blood Vial"}],"event_choices":[],"is_beta":false,"boss_relics":[],"items_purged_floors":[],"is_endless":false,"potions_floor_spawned":[2,3,6],"killed_by":"Lagavulin","ascension_level":20}}