{"host":"h489koweml353l2y","time":1607566912,"event":{"gold_per_floor":[114,134,153,32,51,83,83,114,140,157,157,201,217,256,256,368,368,378,387,486,132,141,180,215,252,291,343,391,413,46,82,82,189,198,215,71,71,39,66,103,139,178,231,290,290,290,324,365,365,365],"floor_reached":51,"playtime":3038,"items_purged":["Rebound"],"score":1257,"play_id":"7c683aa3-5a6f-4e22-8ac6-0b4f404229f2","local_time":"20201210112152","daily_mods":["Draft","Vintage","Allstar","Heirloom","Time Dilation","Flight"],"is_ascension_mode":true,"campfire_choices":[{"data":"Defragment","floor":7,"key":"SMITH"},{"data":"Defragment","floor":11,"key":"SMITH"},{"data":"Capacitor","floor":15,"key":"SMITH"},{"data":"Capacitor","floor":32,"key":"SMITH"},{"data":"White Noise","floor":45,"key":"SMITH"},{"data":"Static Discharge","floor":46,"key":"SMITH"},{"data":"Melter","floor":49,"key":"SMITH"}],"neow_cost":"","seed_source_timestamp":0,"circlet_count":0,"master_deck":["Ball Lightning","Ball Lightning","Ball Lightning","Go for the Eyes","Beam Cell","Ball Lightning","Conserve Battery","Melter+1","Defragment+1","Hologram","Capacitor+1","Sunder","Beam Cell","Conserve Battery","Defragment+1","Conserve Battery","Static Discharge+1","Consume","Rip and Tear+1","Thunder Strike+1","J.A.X.","Storm","Double Energy","Conserve Battery","Go for the Eyes+1","Consume","Consume","Redo+1","Capacitor+1","Compile Driver+1","Seek","CurseOfTheBell","White Noise+1","Madness","Jack Of All Trades","Sadistic Nature","Conserve Battery+1","Reprogram+1","Steam+1","Beam Cell+1","Hello World+1","Stack+1"],"relics":["Cracked Core","Ginger","Boot","Orichalcum","Oddly Smooth Stone","HornCleat","Lizard Tail","Bag of Marbles","Vajra","Eternal Feather","CeramicFish","Bottled Flame","Molten Egg 2","SlaversCollar","Kunai","Medical Kit","Pen Nib","Du-Vu Doll","Happy Flower","MawBank","PreservedInsect","CaptainsWheel","Bird Faced Urn","Toy Ornithopter","Cables","FossilizedHelix","Calling Bell","Pantograph","Gambling Chip","Ancient Tea Set","StrikeDummy","Akabeko","Meat on the Bone","Toxic Egg 2","MealTicket","DataDisk","Girya","Art of War","Letter Opener"],"potions_floor_usage":[8,14,33,33,41,50],"damage_taken":[{"damage":0,"enemies":"Cultist","floor":1,"turns":2},{"damage":0,"enemies":"Small Slimes","floor":2,"turns":1},{"damage":0,"enemies":"Jaw Worm","floor":3,"turns":2},{"damage":4,"enemies":"3 Louse","floor":5,"turns":2},{"damage":1,"enemies":"3 Sentries","floor":6,"turns":4},{"damage":0,"enemies":"Gremlin Nob","floor":8,"turns":3},{"damage":2,"enemies":"Exordium Wildlife","floor":10,"turns":2},{"damage":0,"enemies":"Lagavulin","floor":12,"turns":3},{"damage":4,"enemies":"Exordium Thugs","floor":13,"turns":2},{"damage":3,"enemies":"3 Sentries","floor":14,"turns":3},{"damage":5,"enemies":"Slime Boss","floor":16,"turns":5},{"damage":2,"enemies":"Shell Parasite","floor":18,"turns":3},{"damage":22,"enemies":"Gremlin Leader","floor":23,"turns":4},{"damage":45,"enemies":"Slavers","floor":24,"turns":5},{"damage":18,"enemies":"Book of Stabbing","floor":25,"turns":4},{"damage":5,"enemies":"Gremlin Leader","floor":27,"turns":3},{"damage":9,"enemies":"Book of Stabbing","floor":28,"turns":3},{"damage":0,"enemies":"3 Byrds","floor":29,"turns":4},{"damage":2,"enemies":"Slavers","floor":31,"turns":2},{"damage":0,"enemies":"Champ","floor":33,"turns":4},{"damage":0,"enemies":"3 Darklings","floor":35,"turns":4},{"damage":17,"enemies":"Reptomancer","floor":40,"turns":4},{"damage":10,"enemies":"Giant Head","floor":41,"turns":5},{"damage":32,"enemies":"Nemesis","floor":42,"turns":5},{"damage":218,"enemies":"Mind Bloom Boss Battle","floor":44,"turns":4},{"damage":23,"enemies":"Giant Head","floor":47,"turns":6},{"damage":27,"enemies":"Reptomancer","floor":48,"turns":4},{"damage":8,"enemies":"Awakened One","floor":50,"turns":6}],"seed_played":"-6003286344617538713","potions_obtained":[{"floor":5,"key":"DuplicationPotion"},{"floor":8,"key":"Fire Potion"},{"floor":12,"key":"BlessingOfTheForge"},{"floor":13,"key":"Fire Potion"},{"floor":16,"key":"Block Potion"},{"floor":24,"key":"DistilledChaos"},{"floor":28,"key":"SkillPotion"},{"floor":31,"key":"DuplicationPotion"},{"floor":41,"key":"CultistPotion"},{"floor":44,"key":"Fire Potion"},{"floor":47,"key":"Block Potion"}],"is_trial":true,"path_per_floor":["M","M","M","$","M","E","R","E","T","M","R","E","M","E","R","B",null,"M","?","?","$","?","E","E","E","T","E","E","M","$","E","R","B",null,"M","$","?","$","?","E","E","E","T","?","R","R","E","E","R","B",null],"character_chosen":"DEFECT","items_purchased":["Defragment","Conserve Battery","Medical Kit","Pen Nib","Storm","Cables","Capacitor","Akabeko","White Noise"],"campfire_rested":0,"item_purchase_floors":[4,4,21,21,21,30,30,36,38],"current_hp_per_floor":[95,105,115,125,131,140,150,160,170,178,195,205,211,218,235,240,255,263,273,283,293,303,291,256,248,258,263,264,280,290,302,330,358,425,435,445,455,465,465,464,483,475,485,314,348,382,379,376,410,460],"gold":365,"neow_bonus":"","is_prod":false,"is_daily":false,"chose_seed":false,"campfire_upgraded":7,"win_rate":0,"timestamp":1607566912,"path_taken":["M","M","?","$","M","E","R","E","T","M","R","E","M","E","R","BOSS","M","?","?","$","?","E","E","E","T","E","E","M","$","E","R","BOSS","M","$","?","?","?","E","E","E","T","?","R","R","E","E","R","BOSS"],"build_version":"2020-11-30","purchased_purges":1,"victory":true,"max_hp_per_floor":[95,105,115,125,135,145,155,165,175,185,195,205,215,225,235,245,255,265,275,285,295,305,315,325,335,345,355,365,375,385,395,405,415,425,435,445,455,465,475,485,495,505,515,525,535,545,555,565,575,585],"card_choices":[{"not_picked":["Recycle","Fusion"],"picked":"Rebound","floor":0},{"not_picked":["Beam Cell","Conserve Battery"],"picked":"Ball Lightning","floor":0},{"not_picked":["Stack","Gash"],"picked":"Ball Lightning","floor":0},{"not_picked":["Leap","Heatsinks"],"picked":"Ball Lightning","floor":0},{"not_picked":["Leap","Compile Driver"],"picked":"Go for the Eyes","floor":0},{"not_picked":["Melter","Auto Shields"],"picked":"Beam Cell","floor":0},{"not_picked":["Gash","Tempest"],"picked":"Ball Lightning","floor":0},{"not_picked":["Barrage","Steam"],"picked":"Conserve Battery","floor":0},{"not_picked":["Steam Power","Hologram"],"picked":"Melter","floor":0},{"not_picked":["Cold Snap","Go for the Eyes"],"picked":"Defragment","floor":0},{"not_picked":["Sweeping Beam","Coolheaded"],"picked":"Hologram","floor":0},{"not_picked":["Sweeping Beam","Cold Snap"],"picked":"Capacitor","floor":0},{"not_picked":["Leap","FTL"],"picked":"Sunder","floor":0},{"not_picked":["Sunder","Consume"],"picked":"Beam Cell","floor":0},{"not_picked":["Hologram","Fusion"],"picked":"Conserve Battery","floor":0},{"not_picked":["Meteor Strike","Turbo"],"picked":"Barrage","floor":6},{"not_picked":["Darkness","Rebound"],"picked":"Static Discharge","floor":8},{"not_picked":["Stack","Hologram"],"picked":"Consume","floor":12},{"not_picked":["Rebound+1","Coolheaded"],"picked":"Rip and Tear+1","floor":14},{"not_picked":["Fission","Amplify"],"picked":"Thunder Strike+1","floor":16},{"not_picked":["Go for the Eyes+1","Compile Driver+1"],"picked":"Conserve Battery","floor":23},{"not_picked":["Streamline+1","Heatsinks"],"picked":"Go for the Eyes+1","floor":24},{"not_picked":["Barrage+1","Hologram"],"picked":"Consume","floor":25},{"not_picked":["Meteor Strike+1","Coolheaded+1"],"picked":"Consume","floor":27},{"not_picked":["Cold Snap+1","Darkness"],"picked":"Redo+1","floor":28},{"not_picked":["Rebound+1","FTL+1"],"picked":"Compile Driver+1","floor":31},{"not_picked":["Meteor Strike+1","Buffer"],"picked":"Seek","floor":33},{"not_picked":["Swift Strike+1","Good Instincts"],"picked":"Madness","floor":39},{"not_picked":["Impatience","Purity"],"picked":"Jack Of All Trades","floor":39},{"not_picked":["Bandage Up","Good Instincts"],"picked":"Sadistic Nature","floor":39},{"not_picked":["Auto Shields+1","Compile Driver+1"],"picked":"Conserve Battery+1","floor":40},{"not_picked":["Sweeping Beam+1","Darkness+1"],"picked":"Reprogram+1","floor":41},{"not_picked":["Self Repair+1","Biased Cognition"],"picked":"Steam+1","floor":42},{"not_picked":["Stack+1","Chaos+1"],"picked":"Beam Cell+1","floor":44},{"not_picked":["Cold Snap+1","Chaos+1"],"picked":"Hello World+1","floor":47},{"not_picked":["Reinforced Body+1","Chaos+1"],"picked":"Stack+1","floor":48}],"player_experience":184428,"relics_obtained":[{"floor":1,"key":"Boot"},{"floor":2,"key":"Orichalcum"},{"floor":3,"key":"Oddly Smooth Stone"},{"floor":5,"key":"HornCleat"},{"floor":6,"key":"Lizard Tail"},{"floor":8,"key":"Bag of Marbles"},{"floor":9,"key":"Vajra"},{"floor":10,"key":"Eternal Feather"},{"floor":12,"key":"CeramicFish"},{"floor":13,"key":"Bottled Flame"},{"floor":14,"key":"Molten Egg 2"},{"floor":18,"key":"Kunai"},{"floor":23,"key":"Du-Vu Doll"},{"floor":24,"key":"Happy Flower"},{"floor":25,"key":"MawBank"},{"floor":26,"key":"PreservedInsect"},{"floor":27,"key":"CaptainsWheel"},{"floor":28,"key":"Bird Faced Urn"},{"floor":29,"key":"Toy Ornithopter"},{"floor":31,"key":"FossilizedHelix"},{"floor":34,"key":"Pantograph"},{"floor":34,"key":"Gambling Chip"},{"floor":34,"key":"Ancient Tea Set"},{"floor":35,"key":"StrikeDummy"},{"floor":40,"key":"Meat on the Bone"},{"floor":41,"key":"Toxic Egg 2"},{"floor":42,"key":"MealTicket"},{"floor":43,"key":"DataDisk"},{"floor":44,"key":"Girya"},{"floor":47,"key":"Art of War"},{"floor":48,"key":"Letter Opener"}],"event_choices":[{"damage_healed":0,"gold_gain":0,"player_choice":"Obtain J.A.X.","damage_taken":0,"max_hp_gain":0,"max_hp_loss":0,"event_name":"Drug Dealer","floor":19,"gold_loss":0,"cards_obtained":["J.A.X."]},{"damage_healed":0,"gold_gain":99,"player_choice":"Stole From Cult","damage_taken":0,"max_hp_gain":0,"max_hp_loss":0,"event_name":"Nest","floor":20,"gold_loss":0},{"damage_healed":0,"gold_gain":0,"player_choice":"Read","damage_taken":0,"max_hp_gain":0,"max_hp_loss":0,"event_name":"The Library","floor":22,"gold_loss":0,"cards_obtained":["Double Energy"]},{"cards_removed":["Barrage"],"damage_healed":0,"gold_gain":0,"player_choice":"Purged","damage_taken":0,"max_hp_gain":0,"max_hp_loss":0,"event_name":"Purifier","floor":37,"gold_loss":0},{"damage_healed":0,"gold_gain":0,"player_choice":"Memory 3","damage_taken":10,"max_hp_gain":0,"max_hp_loss":0,"event_name":"SensoryStone","floor":39,"gold_loss":0},{"damage_healed":0,"gold_gain":0,"player_choice":"Fight","damage_taken":0,"max_hp_gain":0,"max_hp_loss":0,"event_name":"MindBloom","floor":44,"gold_loss":0}],"is_beta":false,"boss_relics":[{"not_picked":["SacredBark","Runic Dome"],"picked":"SlaversCollar"},{"not_picked":["Busted Crown","Astrolabe"],"picked":"Calling Bell"}],"items_purged_floors":[30],"is_endless":false,"potions_floor_spawned":[5,8,12,13,16,23,24,28,31,41,44,47],"ascension_level":1}}