{"host":"11k7wo0zmp5ji9sn","time":1607595077,"event":{"gold_per_floor":[118,136,86,96,96,96,126,126,202,234,260,279,340,375,375,478,478,508,521,39,39,56,56,126,126,126,26,43,20,45,45,45,45,45],"floor_reached":33,"playtime":1327,"items_purged":["hermit:Defend_Hermit","Writhe"],"score":305,"play_id":"f62c5c73-436c-4b81-9c4f-91843c3422aa","local_time":"20201210171117","is_ascension_mode":false,"campfire_choices":[{"data":"hermit:Desperado","floor":6.0,"key":"SMITH"},{"data":"hermit:Determination","floor":15.0,"key":"SMITH"},{"data":"hermit:Virtue","floor":23.0,"key":"SMITH"},{"data":"hermit:BodyArmor","floor":25.0,"key":"SMITH"},{"floor":32.0,"key":"REST"}],"neow_cost":"NONE","seed_source_timestamp":0,"circlet_count":0,"master_deck":["hermit:Strike_Hermit","hermit:Strike_Hermit","hermit:Strike_Hermit","hermit:Defend_Hermit","hermit:Defend_Hermit","hermit:Defend_Hermit","hermit:Snapshot+1","hermit:Covet","hermit:Desperado+1","hermit:Roulette","hermit:Dive","hermit:DeadOrAlive","hermit:LowProfile","hermit:BodyArmor+1","hermit:Determination+1","hermit:Feint","hermit:Roughhouse","hermit:Virtue+1","hermit:Vantage"],"special_seed":0,"relics":["hermit:Momento","Happy Flower","Bag of Preparation","Letter Opener","Bag of Marbles","Juzu Bracelet","Busted Crown","Kunai","Ancient Tea Set","Art of War","Potion Belt","Molten Egg 2","Red Mask"],"potions_floor_usage":[33],"damage_taken":[{"damage":2.0,"enemies":"2 Louse","floor":1.0,"turns":3.0},{"damage":0.0,"enemies":"Cultist","floor":2.0,"turns":3.0},{"damage":0.0,"enemies":"Small Slimes","floor":4.0,"turns":2.0},{"damage":23.0,"enemies":"Lagavulin","floor":7.0,"turns":4.0},{"damage":13.0,"enemies":"Gremlin Nob","floor":10.0,"turns":4.0},{"damage":2.0,"enemies":"Looter","floor":11.0,"turns":2.0},{"damage":6.0,"enemies":"Exordium Wildlife","floor":12.0,"turns":5.0},{"damage":10.0,"enemies":"3 Sentries","floor":13.0,"turns":4.0},{"damage":1.0,"enemies":"Exordium Thugs","floor":14.0,"turns":4.0},{"damage":12.0,"enemies":"Hexaghost","floor":16.0,"turns":13.0},{"damage":2.0,"enemies":"2 Thieves","floor":18.0,"turns":3.0},{"damage":0.0,"enemies":"Shell Parasite","floor":19.0,"turns":3.0},{"damage":0.0,"enemies":"Snecko","floor":22.0,"turns":2.0},{"damage":46.0,"enemies":"Slavers","floor":24.0,"turns":7.0},{"damage":9.0,"enemies":"Chosen and Byrds","floor":28.0,"turns":5.0},{"damage":5.0,"enemies":"Masked Bandits","floor":30.0,"turns":6.0},{"damage":0.0,"enemies":"Gremlin Leader","floor":31.0,"turns":1.0},{"damage":69,"enemies":"Automaton","floor":33,"turns":12}],"seed_played":"-248105281451139228","potions_obtained":[{"floor":2.0,"key":"EntropicBrew"},{"floor":7.0,"key":"SmokeBomb"},{"floor":13.0,"key":"Fruit Juice"},{"floor":24.0,"key":"Weak Potion"},{"floor":28.0,"key":"SkillPotion"},{"floor":30.0,"key":"Fruit Juice"}],"is_trial":false,"path_per_floor":["M","M","?","M","?","R","E","?","T","E","M","M","E","M","R","B",null,"M","M","$","?","M","R","E","R","T","$","M","$","?","E","R","B"],"character_chosen":"HERMIT","items_purchased":["Kunai","Ancient Tea Set","hermit:Vantage"],"campfire_rested":1,"item_purchase_floors":[20,20,29],"current_hp_per_floor":[73,73,73,73,73,73,50,50,50,37,35,29,24,23,23,11,80,78,78,78,78,78,78,32,32,32,32,23,23,23,23,48,0,0],"gold":45,"neow_bonus":"RANDOM_COMMON_RELIC","is_prod":false,"is_daily":false,"chose_seed":false,"campfire_upgraded":4,"win_rate":0.0,"timestamp":1607595077,"path_taken":["M","M","?","M","?","R","E","?","T","E","M","M","E","M","R","BOSS","M","M","?","?","M","R","E","R","T","$","M","$","?","E","R","BOSS"],"build_version":"2020-11-30","purchased_purges":2,"victory":false,"max_hp_per_floor":[75,75,75,75,75,75,75,75,75,75,75,75,80,80,80,80,80,80,80,80,80,80,80,80,80,80,80,80,80,85,85,85,85,85],"card_choices":[{"not_picked":["hermit:Glare","hermit:Vantage"],"picked":"hermit:Desperado","floor":1.0},{"not_picked":["hermit:BodyArmor","hermit:FlashPowder"],"picked":"hermit:Roulette","floor":2.0},{"not_picked":["hermit:Manifest","hermit:Virtue"],"picked":"hermit:Dive","floor":4.0},{"not_picked":["hermit:Desperado","hermit:NoHoldsBarred"],"picked":"hermit:DeadOrAlive","floor":7.0},{"not_picked":["hermit:HoleUp","hermit:Feint"],"picked":"hermit:LowProfile","floor":10.0},{"not_picked":["hermit:NoHoldsBarred","hermit:Snipe"],"picked":"hermit:BodyArmor","floor":11.0},{"not_picked":["hermit:Manifest","hermit:Glare"],"picked":"hermit:Determination","floor":12.0},{"not_picked":["hermit:Brawl","hermit:TakeAim"],"picked":"hermit:Feint","floor":13.0},{"not_picked":["hermit:Snipe","hermit:Roulette","hermit:TrackingShot"],"picked":"SKIP","floor":14.0},{"not_picked":["hermit:FromBeyond","hermit:Dissolve"],"picked":"hermit:Roughhouse","floor":16.0},{"not_picked":[],"picked":"hermit:Virtue","floor":18.0},{"not_picked":["hermit:Quickdraw"],"picked":"SKIP","floor":19.0},{"not_picked":["hermit:HighCaliber"],"picked":"SKIP","floor":22.0},{"not_picked":["hermit:Misfire"],"picked":"SKIP","floor":24.0},{"not_picked":["hermit:Desperado+1"],"picked":"SKIP","floor":28.0}],"player_experience":586535,"relics_obtained":[{"floor":7.0,"key":"Bag of Preparation"},{"floor":9.0,"key":"Letter Opener"},{"floor":10.0,"key":"Bag of Marbles"},{"floor":13.0,"key":"Juzu Bracelet"},{"floor":24.0,"key":"Potion Belt"},{"floor":26.0,"key":"Molten Egg 2"},{"floor":30.0,"key":"Red Mask"}],"event_choices":[{"cards_removed":["hermit:Strike_Hermit"],"damage_healed":0.0,"max_hp_gain":0.0,"max_hp_loss":0.0,"gold_gain":0.0,"event_name":"The Cleric","player_choice":"Card Removal","floor":3.0,"gold_loss":50.0,"damage_taken":0.0},{"damage_healed":0.0,"max_hp_gain":0.0,"max_hp_loss":0.0,"gold_gain":0.0,"event_name":"Liars Game","player_choice":"Ignored","floor":5.0,"gold_loss":0.0,"damage_taken":0.0},{"damage_healed":0.0,"max_hp_gain":0.0,"max_hp_loss":0.0,"gold_gain":0.0,"event_name":"Upgrade Shrine","player_choice":"Upgraded","floor":8.0,"gold_loss":0.0,"damage_taken":0.0,"cards_upgraded":["hermit:Snapshot"]},{"damage_healed":0.0,"max_hp_gain":0.0,"max_hp_loss":0.0,"gold_gain":0.0,"event_name":"The Mausoleum","player_choice":"Opened","floor":21.0,"gold_loss":0.0,"damage_taken":0.0,"relics_obtained":["Art of War"],"cards_obtained":["Writhe"]},{"damage_healed":0.0,"max_hp_gain":0.0,"max_hp_loss":0.0,"gold_gain":0.0,"event_name":"Masked Bandits","player_choice":"Fought Bandits","floor":30.0,"gold_loss":0.0,"damage_taken":0.0}],"is_beta":false,"boss_relics":[{"not_picked":["Astrolabe","Philosopher\u0027s Stone"],"picked":"Busted Crown"}],"items_purged_floors":[20,27],"is_endless":false,"potions_floor_spawned":[2,7,10,12,13,24,28,30,31],"killed_by":"Automaton","ascension_level":0}}