{"host":"xu4bnwtq7hv5gr1m","time":1607595760,"event":{"gold_per_floor":[112,37,0,0,13,38,50,50,50,50,68,188,188,202,202,298,298,315,328,328,342,356,356,388,388,413,212,212,229,272,73,73,173,173,192,49,63,125,75,75,107,164,233,183,183,133,0,27,27,122],"floor_reached":51,"playtime":1903,"items_purged":["Defend_R","ReplayReversal+1","Funeral","Strike_R","Strike_R","BodiesMountain"],"score":891,"play_id":"bc8278b9-d81c-439a-a7c5-7e8fa6fa1acf","local_time":"20201210182240","is_ascension_mode":false,"campfire_choices":[{"data":"Pommel Strike","floor":8.0,"key":"SMITH"},{"data":"Hemokinesis","floor":13.0,"key":"SMITH"},{"data":"Defend_R","floor":15.0,"key":"PURGE"},{"data":"Whirlwind","floor":23,"key":"SMITH"},{"floor":25,"key":"REST"},{"data":"Dark Embrace","floor":32,"key":"SMITH"},{"data":"Brutality","floor":40,"key":"SMITH"}],"neow_cost":"","seed_source_timestamp":7540288648500,"circlet_count":0,"master_deck":["BlueStar","CENSORED","CrumblingArmor","Pommel Strike+1","OSAHOGD","Hemokinesis+1","UniverseFragment","MHz","Whirlwind+1","ReplayTheSpireMod:Limb From Limb+1","Uppercut+1","VoidDream","Brutality+1","Dark Embrace+1","Combust+1"],"special_seed":0,"relics":["Burning Blood","CogitoBucket","RabbitCall","LetterFromLob","ReplayTheSpireMod:TigerMarble","Quantum Egg","aspiration:HiddenCompartment","MealTicket","Hallownest:DreamNailRelic","RedMistMask","BackwardClock","Astrolabe","CENSORED_r","AspirationHeart","Dream Catcher","Smiling Mask","Happy Flower","SolemnVow_r","Centennial Puzzle","WantedRequest","Replay:Grab Bag","Philosopher\u0027s Stone","Sozu","hubris:ScarierMask","Empty Cage","AtMidnight","LuminousBracelet","Chemical X","Incense Burner","TheSmile_r","Replay:Multitool","Bottled Flame","Hallownest:HeavyBlowRelic","Hallownest:StagBellRelic1","ReplayTheSpireMod:Spearhead","SoundOfStar_r"],"potions_floor_usage":[22,22,51],"damage_taken":[{"damage":3.0,"enemies":"Hallownest:2_MossCreeps","floor":1.0,"turns":6.0},{"damage":0.0,"enemies":"2_ Uuma","floor":5.0,"turns":4.0},{"damage":8.0,"enemies":"Hallownest:eliteVengeflyKing","floor":6.0,"turns":6.0},{"damage":10.0,"enemies":"Hallownest:2_Baldur","floor":7.0,"turns":4.0},{"damage":2.0,"enemies":"Hallownest:monsterFoolEater","floor":11.0,"turns":4.0},{"damage":10.0,"enemies":"Hallownest:MossCreep_and_Mosskin","floor":14.0,"turns":4.0},{"damage":30.0,"enemies":"Hallownest:BossFalseKnight","floor":16.0,"turns":7.0},{"damage":4,"enemies":"Hallownest:Flukemon_and_Top","floor":18,"turns":3},{"damage":6,"enemies":"Hallownest:3_Youths","floor":19,"turns":3},{"damage":11,"enemies":"Hallownest:Master_and_Novice","floor":21,"turns":2},{"damage":56,"enemies":"Hallownest:Warrior_and_Youth","floor":22,"turns":5},{"damage":0,"enemies":"Hallownest:eliteWatcherKnight","floor":24,"turns":6},{"damage":2,"enemies":"Hallownest:monsterShrumalOgre","floor":29,"turns":2},{"damage":20,"enemies":"Hallownest:Glutton_and_Coward","floor":30,"turns":2},{"damage":21,"enemies":"Hallownest:BossMantisLord","floor":33,"turns":4},{"damage":6,"enemies":"Hallownest:3_Siblings","floor":35,"turns":4},{"damage":6,"enemies":"Hallownest:2_Littles","floor":37,"turns":1},{"damage":2,"enemies":"Hallownest:2_Primals","floor":38,"turns":1},{"damage":13,"enemies":"Hallownest:StalkingDevout","floor":41,"turns":3},{"damage":105,"enemies":"Hallownest:BossHollowKnight","floor":50,"turns":7},{"damage":24,"enemies":"Malkuth","floor":51,"turns":4},{"damage":45,"enemies":"Netzach","floor":51,"turns":5},{"damage":25,"enemies":"Chesed","floor":51,"turns":4}],"seed_played":"-5705526057000366835","potions_obtained":[{"floor":5.0,"key":"Fire Potion"},{"floor":7.0,"key":"Weak Potion"},{"floor":11.0,"key":"Block Potion"},{"floor":21,"key":"LiquidBronze"},{"floor":24,"key":"Swift Potion"},{"floor":29,"key":"Explosive Potion"}],"is_trial":false,"path_per_floor":["M","$","?","T","M","E","M","R","T","?","M","?","R","M","R","B",null,"M","M","?","M","M","R","E","R","T","$","?","M","M","$","R","B",null,"M","$","M","?","$","R","E","R","T","$","?","$","?","T","R","B",null],"character_chosen":"IRONCLAD","items_purchased":["Happy Flower","Centennial Puzzle","Chemical X"],"campfire_rested":1,"item_purchase_floors":[27,31,36],"current_hp_per_floor":[80,80,80,80,80,78,74,74,74,74,78,78,78,82,82,62,92,92,92,92,87,47,47,65,95,95,102,98,102,93,102,102,92,102,117,117,58,58,58,58,60,60,60,62,62,62,62,62,62,58],"gold":122,"neow_bonus":"","is_prod":false,"is_daily":false,"chose_seed":false,"campfire_upgraded":5,"win_rate":0,"timestamp":1607595760,"path_taken":["M","$","?","?","M","E","M","R","T","?","?","?","R","M","R","BOSS","M","M","?","M","M","R","E","R","T","$","?","M","?","$","R","BOSS","M","$","?","?","$","R","E","R","T","$","?","?","?","?","R","BOSS"],"build_version":"2020-11-30","purchased_purges":6,"victory":true,"max_hp_per_floor":[80,80,80,80,80,80,80,80,80,80,80,80,80,88,88,92,92,92,92,92,92,102,102,102,102,102,102,102,102,102,102,102,102,102,117,117,58,58,58,58,62,62,62,62,62,62,62,62,62,62],"card_choices":[{"not_picked":["BigBird","ShyLook","WhitesApple"],"picked":"Singing Bowl","floor":1.0},{"not_picked":["MeatLantern","FairyFestival"],"picked":"CrumblingArmor","floor":1.0},{"not_picked":["Hemokinesis","Perfected Strike"],"picked":"Pommel Strike","floor":1.0},{"not_picked":["PunishingBird","ShyLook","FairyFestival"],"picked":"Singing Bowl","floor":5.0},{"not_picked":["LongBird","MeatLantern"],"picked":"OSAHOGD","floor":5.0},{"not_picked":["Armaments","Dual Wield","Clothesline"],"picked":"SKIP","floor":5.0},{"not_picked":["Abandon","Metallicize"],"picked":"Hemokinesis","floor":6.0},{"not_picked":["SnowQueen","FieryBird","MeatLantern"],"picked":"Singing Bowl","floor":6.0},{"not_picked":["Murderer","CherryBlossoms"],"picked":"UniverseFragment","floor":6.0},{"not_picked":["Laetitia","SpiderBud"],"picked":"MHz","floor":7.0},{"not_picked":["conspire:ExplosiveBarrier","Bloodletting","ReplayTheSpireMod:Strike From Hell"],"picked":"SKIP","floor":7.0},{"not_picked":["Wellcheers","Mercenary","Scorched"],"picked":"Singing Bowl","floor":11.0},{"not_picked":["Flex","Run Through","Defy Death"],"picked":"SKIP","floor":11.0},{"not_picked":["Warcry","Pommel Strike"],"picked":"Whirlwind","floor":14.0},{"not_picked":["Murderer","BigBadWolf","GreedKing"],"picked":"Singing Bowl","floor":14.0},{"not_picked":["Murderer","Bloodbath","Mercenary"],"picked":"Singing Bowl","floor":16.0},{"not_picked":["Rudolta","QueenOfHatred"],"picked":"VoidDream","floor":18},{"not_picked":["Warcry","Iron Wave","Flex"],"picked":"SKIP","floor":18},{"not_picked":["Warcry","Cleave"],"picked":"Brutality","floor":19},{"not_picked":["Freischutz","LittlePrince","SnowQueen"],"picked":"Singing Bowl","floor":19},{"not_picked":["Alriune","PunishingBird"],"picked":"CENSORED","floor":21},{"not_picked":["Sever Soul","Iron Wave","ReplayTheSpireMod:Corrosion Curse"],"picked":"SKIP","floor":21},{"not_picked":["DreamingCurrent","NakedNest","Wellcheers"],"picked":"Singing Bowl","floor":22},{"not_picked":["Headbutt","Replay:Undeath\u0027s Touch+1","Havoc"],"picked":"SKIP","floor":22},{"not_picked":["BeautyBeast","BlackArmy"],"picked":"Mercenary","floor":24},{"not_picked":["Offering","hubris:SharpeningStone","Inflame"],"picked":"SKIP","floor":24},{"not_picked":["MeatLantern","Variant"],"picked":"Funeral","floor":29},{"not_picked":["Heavy Blade","ReplayTheSpireMod:Muscle Training","True Grit"],"picked":"SKIP","floor":29},{"not_picked":["Uppercut","Clothesline+1"],"picked":"Dark Embrace","floor":30},{"not_picked":["FieryBird","Scarecrow","HeroicMonk"],"picked":"Singing Bowl","floor":33},{"not_picked":["BlackSwan","Scorched"],"picked":"BlueStar","floor":33},{"not_picked":["NakedNest","SilentOrchestra"],"picked":"MeltingLove","floor":35},{"not_picked":["Evolve+1","Pommel Strike+1","Armaments"],"picked":"SKIP","floor":35},{"not_picked":["LongBird","GalaxyChild","Alriune"],"picked":"Singing Bowl","floor":37},{"not_picked":["Clothesline+1","ReplayTheSpireMod:Stacked","Eclipse"],"picked":"SKIP","floor":37},{"not_picked":["PunishingBird","Rudolta"],"picked":"BodiesMountain","floor":38},{"not_picked":["conspire:Charge+1","Pommel Strike+1"],"picked":"Combust+1","floor":41},{"not_picked":["Rudolta","OldLady","Alriune"],"picked":"Singing Bowl","floor":41},{"not_picked":["FieryBird","Funeral","BigBadWolf"],"picked":"Singing Bowl","floor":50}],"player_experience":807554,"relics_obtained":[{"floor":1.0,"key":"LetterFromLob"},{"floor":4.0,"key":"Quantum Egg"},{"floor":6.0,"key":"aspiration:HiddenCompartment"},{"floor":9.0,"key":"MealTicket"},{"floor":11.0,"key":"RedMistMask"},{"floor":24,"key":"Dream Catcher"},{"floor":26,"key":"Smiling Mask"},{"floor":35,"key":"AtMidnight"},{"floor":38,"key":"Incense Burner"},{"floor":41,"key":"Replay:Multitool"},{"floor":43,"key":"Bottled Flame"},{"floor":48,"key":"ReplayTheSpireMod:Spearhead"}],"event_choices":[],"is_beta":false,"boss_relics":[{"not_picked":["Honey Jar","vexMod:NewClearReactor"],"picked":"Astrolabe"},{"not_picked":["conspire:RunicOctahedron","vexMod:ImprovementManual"],"picked":"Replay:Grab Bag"},{"not_picked":["Ooze Armor","Velvet Choker"],"picked":"Philosopher\u0027s Stone"},{"not_picked":["Runic Dome","vexMod:DeviousBotling"],"picked":"Sozu"},{"not_picked":["Ring of Chaos","hubris:BlackHole"],"picked":"hubris:ScarierMask"},{"not_picked":["Black Blood","vexMod:MysteryBossChallenge"],"picked":"Empty Cage"}],"items_purged_floors":[2,27,31,39,44,46],"is_endless":false,"potions_floor_spawned":[5,7,11,21,24,29,37,50],"ascension_level":0}}