{"host":"87fdiiwflhrwsj8a","time":1607576222,"event":{"gold_per_floor":[117,42,56,56,56,388,403,414,414,473,473,473,473,486,486,486,486],"floor_reached":16,"playtime":280,"items_purged":[],"score":250,"play_id":"e9ba287d-b961-4af3-a04d-004b75c088b7","local_time":"20201209235702","is_ascension_mode":true,"campfire_choices":[{"floor":12,"key":"REST"},{"floor":15,"key":"REST"}],"neow_cost":"NONE","seed_source_timestamp":130952937394800,"circlet_count":0,"master_deck":["AscendersBane","Strike_B","Strike_B","Strike_B","Defend_B","Defend_B","Defend_B","Defend_B","Zap","Dualcast","StuffTheSpire:Synthwave+1","StuffTheSpire:Synthwave","Barrage","Defragment","Lockon"],"relics":["Cracked Core","NeowsBlessing","Old Coin","Matryoshka","infinitespire:FocusingShard","Strawberry","Ice Cream"],"potions_floor_usage":[16],"damage_taken":[{"damage":0,"enemies":"Jaw Worm","floor":1,"turns":1},{"damage":0,"enemies":"2 Louse","floor":3,"turns":1},{"damage":0,"enemies":"Lagavulin","floor":6,"turns":1},{"damage":1,"enemies":"Cultist","floor":7,"turns":4},{"damage":12,"enemies":"Looter","floor":8,"turns":3},{"damage":39,"enemies":"Gremlin Nob","floor":10,"turns":4},{"damage":43,"enemies":"Exordium Wildlife","floor":14,"turns":5},{"damage":25,"enemies":"Slime Boss","floor":16,"turns":4}],"seed_played":"6339633804271431800","potions_obtained":[{"floor":6,"key":"FearPotion"},{"floor":7,"key":"LiquidBronze"}],"is_trial":false,"path_per_floor":["M","$","M","?","?","E","M","M","T","?","T","R","?","M","R","B"],"character_chosen":"DEFECT","items_purchased":["StuffTheSpire:Synthwave"],"campfire_rested":2,"item_purchase_floors":[2],"current_hp_per_floor":[64,64,64,57,57,57,56,44,44,5,12,35,45,2,25,0,0],"gold":486,"neow_bonus":"THREE_ENEMY_KILL","is_prod":false,"is_daily":false,"chose_seed":false,"campfire_upgraded":0,"win_rate":0,"timestamp":1607576222,"path_taken":["M","$","M","?","?","E","M","?","T","?","?","R","?","M","R","BOSS"],"build_version":"2020-11-30","purchased_purges":0,"victory":false,"max_hp_per_floor":[71,71,71,71,71,71,71,71,71,71,78,78,78,78,78,78,78],"card_choices":[{"not_picked":["Cold Snap","Force Field"],"picked":"StuffTheSpire:Synthwave","floor":1},{"not_picked":["Compile Driver","Coolheaded","Streamline"],"picked":"SKIP","floor":3},{"not_picked":["Panic Button","Chill"],"picked":"Barrage","floor":6},{"not_picked":["BasicCrystalCard","Leap","ReplayTheSpireMod:Reroute Power"],"picked":"SKIP","floor":7},{"not_picked":["Leap","Turbo"],"picked":"Defragment","floor":8},{"not_picked":["aspiration:Polymerization","StuffTheSpire:LoadUp"],"picked":"Lockon","floor":14}],"player_experience":2516870,"relics_obtained":[{"floor":6,"key":"Old Coin"},{"floor":9,"key":"Matryoshka"},{"floor":10,"key":"infinitespire:FocusingShard"},{"floor":11,"key":"Strawberry"},{"floor":11,"key":"Ice Cream"}],"event_choices":[{"cards_removed":["Strike_B"],"damage_healed":0,"gold_gain":0,"player_choice":"Card Removal","damage_taken":7,"max_hp_gain":0,"max_hp_loss":0,"event_name":"Golden Wing","floor":4,"gold_loss":0},{"damage_healed":0,"gold_gain":0,"player_choice":"Forge","damage_taken":0,"max_hp_gain":0,"max_hp_loss":0,"event_name":"Accursed Blacksmith","floor":5,"gold_loss":0,"cards_upgraded":["StuffTheSpire:Synthwave"]},{"damage_healed":0,"gold_gain":0,"player_choice":"Searched \u00272\u0027 times","damage_taken":0,"max_hp_gain":0,"max_hp_loss":0,"event_name":"Dead Adventurer","floor":10,"gold_loss":0}],"is_beta":false,"boss_relics":[],"items_purged_floors":[],"is_endless":false,"potions_floor_spawned":[6,7,14],"killed_by":"Slime Boss","ascension_level":20}}