{"host":"y76clbnovzmw9ubx","time":1607604978,"event":{"gold_per_floor":[113,123,67,67,67,67,67,67],"floor_reached":7,"playtime":248,"items_purged":[],"score":78,"play_id":"00bc9c4f-294a-4eed-8d91-e54b8c47b080","local_time":"20201210075618","is_ascension_mode":true,"campfire_choices":[{"data":"Deadly Poison","floor":6,"key":"SMITH"}],"neow_cost":"NONE","seed_source_timestamp":1386406443320,"circlet_count":0,"master_deck":["AscendersBane","Strike_G","Strike_G","Strike_G","Strike_G","Strike_G","Defend_G","Defend_G","Defend_G","Defend_G","Defend_G","Survivor","Neutralize","Deadly Poison+1"],"relics":["Ring of the Snake","Smiling Mask","Singing Bowl"],"potions_floor_usage":[],"damage_taken":[{"damage":1,"enemies":"Small Slimes","floor":1,"turns":4},{"damage":9,"enemies":"Jaw Worm","floor":2,"turns":6},{"damage":58,"enemies":"Lagavulin","floor":7,"turns":8}],"seed_played":"-245317013209912246","potions_obtained":[],"is_trial":false,"path_per_floor":["M","M","?","?","?","R","E"],"character_chosen":"THE_SILENT","items_purchased":[],"campfire_rested":0,"item_purchase_floors":[],"current_hp_per_floor":[58,49,49,49,49,49,0,0],"gold":67,"neow_bonus":"RANDOM_COMMON_RELIC","is_prod":false,"is_daily":false,"chose_seed":false,"campfire_upgraded":1,"win_rate":0,"timestamp":1607604978,"path_taken":["M","M","?","?","?","R","E"],"build_version":"2020-11-30","purchased_purges":0,"victory":false,"max_hp_per_floor":[66,66,66,66,66,66,66,66],"relic_stats":{"Singing Bowl":0,"counters":[3,18],"Smiling Mask":0,"obtain_stats":[{"Singing Bowl":4,"Smiling Mask":0,"Ring of the Snake":0},{"Singing Bowl":2,"Smiling Mask":0,"Ring of the Snake":0},{"Singing Bowl":10,"Smiling Mask":0,"Ring of the Snake":0}],"Ring of the Snake":[6]},"card_choices":[{"not_picked":["Blade Dance","Dagger Throw"],"picked":"Deadly Poison","floor":1},{"not_picked":["Cloak And Dagger","Tactician","Prepared"],"picked":"SKIP","floor":2}],"player_experience":2797433,"relics_obtained":[],"event_choices":[{"damage_healed":0,"gold_gain":0,"player_choice":"Left Gold","damage_taken":0,"max_hp_gain":0,"max_hp_loss":0,"event_name":"World of Goop","floor":3,"gold_loss":56},{"damage_healed":0,"gold_gain":0,"player_choice":"Box","damage_taken":0,"relics_obtained":["Singing Bowl"],"max_hp_gain":0,"max_hp_loss":0,"event_name":"Big Fish","floor":4,"gold_loss":0,"cards_obtained":["Regret"]},{"cards_removed":["Regret"],"damage_healed":0,"gold_gain":0,"player_choice":"Purged","damage_taken":0,"max_hp_gain":0,"max_hp_loss":0,"event_name":"Purifier","floor":5,"gold_loss":0}],"is_beta":false,"boss_relics":[],"items_purged_floors":[],"is_endless":false,"potions_floor_spawned":[],"killed_by":"Lagavulin","ascension_level":20}}