{"host":"1krvlh4vk1vybq4t","time":1607617926,"event":{"mods":["BaseMod","StSLib","Googly Eyes","everything is the same but u backflip on backflip","2.2 Compatiblity","Better Synergies","Block Reminder","SuperFastMode","Custom Start","slay the spire mod where everything is the same but ironclad has a cowboy hat","Act Like it!","Waifu the Spire","Relic Stats","Ironclad Rager","Virulent Crown","Better Altar","Better Match","Better Note","Better Sensory Stone","Better Skull","Better Third Choice","BetterRewards","Booster Modes","Challenge The Spire","Minty Spire (QoL Compilation)","Quick Restart","Swap Starting Deck Mod","Transform Curses","Defective Defect","GifTheSpireLib","Better-Laid Plans","Alarm Clock","Filter the Spire","Shop Mod","Colored Map","Trackpad"],"gold_per_floor":[113,113,88,106,158,158,108,134,159,159,177,177,212,226,226,226,226],"floor_reached":16,"playtime":304,"items_purged":[],"score":178,"play_id":"033954eb-8f2e-4eb6-a150-c0eee7922db2","local_time":"20201210173206","is_ascension_mode":true,"campfire_choices":[{"data":"Feel No Pain","floor":6,"key":"SMITH"},{"data":"Feel No Pain","floor":10,"key":"SMITH"},{"data":"Panacea","floor":12,"key":"SMITH"},{"data":"Pummel","floor":15,"key":"SMITH"}],"circlet_count":0,"master_deck":["AscendersBane","Strike_R","Strike_R","Strike_R","Strike_R","Defend_R","Defend_R","Defend_R","Defend_R","Bash+1","Panacea+1","Sword Boomerang","Feel No Pain+1","Feel No Pain+1","Pummel+1"],"relics":["Burning Blood","trackpad:FieryHotPepper","Boot","trackpad:ByrdBGone"],"acts_visited":["Exordium"],"potions_floor_usage":[],"damage_taken":[{"damage":5,"enemies":"Small Slimes","floor":1,"turns":3},{"damage":13,"enemies":"2 Louse","floor":4,"turns":2},{"damage":29,"enemies":"3 Sentries","floor":8,"turns":15},{"damage":8,"enemies":"Jaw Worm","floor":11,"turns":4},{"damage":24,"enemies":"Gremlin Nob","floor":13,"turns":4},{"damage":4,"enemies":"2 Fungi Beasts","floor":14,"turns":3},{"damage":27,"enemies":"Slime Boss","floor":16,"turns":6}],"seed_played":"-1888114844293044681","potions_obtained":[{"floor":1,"key":"Strength Potion"},{"floor":8,"key":"ColorlessPotion"},{"floor":13,"key":"LiquidMemories"}],"is_trial":false,"path_per_floor":["M","?","$","M","?","R","?","E","T","R","M","R","E","M","R","B"],"character_chosen":"IRONCLAD","items_purchased":["Sword Boomerang"],"campfire_rested":0,"item_purchase_floors":[3],"current_hp_per_floor":[73,73,73,66,66,66,66,43,43,43,41,41,23,25,25,0,0],"gold":226,"neow_bonus":"RANDOM_COLORLESS","is_daily":false,"chose_seed":false,"campfire_upgraded":4,"win_rate":0,"timestamp":1607617926,"path_taken":["M","?","$","M","?","R","?","E","T","R","?","R","E","M","R","BOSS"],"build_version":"2020-11-30","purchased_purges":0,"victory":false,"max_hp_per_floor":[80,80,80,80,80,80,80,80,80,80,80,80,80,80,80,80,80],"relic_stats":{"counters":[7,37],"Boot":[24],"obtain_stats":[{"trackpad:FieryHotPepper":8,"trackpad:ByrdBGone":13,"Boot":9,"Burning Blood":0},{"trackpad:FieryHotPepper":3,"trackpad:ByrdBGone":5,"Boot":3,"Burning Blood":0},{"trackpad:FieryHotPepper":20,"trackpad:ByrdBGone":28,"Boot":20,"Burning Blood":0}],"Burning Blood":36},"card_choices":[{"not_picked":["PanicButton","Mind Blast"],"picked":"Panacea","floor":0},{"not_picked":["Clothesline","Pommel Strike","Ghostly Armor"],"picked":"SKIP","floor":1},{"not_picked":["Sever Soul","Flex"],"picked":"Feel No Pain","floor":4},{"not_picked":["Iron Wave","Dual Wield"],"picked":"Feel No Pain","floor":8},{"not_picked":["Battle Trance","Headbutt","Shrug It Off"],"picked":"SKIP","floor":11},{"not_picked":["Rampage","Warcry","Twin Strike"],"picked":"SKIP","floor":13},{"not_picked":["Thunderclap","Armaments"],"picked":"Pummel","floor":14}],"player_experience":427392,"relics_obtained":[{"floor":8,"key":"trackpad:FieryHotPepper"},{"floor":9,"key":"Boot"},{"floor":13,"key":"trackpad:ByrdBGone"}],"event_choices":[{"damage_healed":0,"gold_gain":0,"player_choice":"Grow","damage_taken":0,"max_hp_gain":0,"max_hp_loss":0,"event_name":"Living Wall","floor":2,"gold_loss":0,"cards_upgraded":["Bash"]},{"damage_healed":0,"gold_gain":52,"player_choice":"Gained Gold","damage_taken":0,"max_hp_gain":0,"max_hp_loss":0,"event_name":"Golden Wing","floor":5,"gold_loss":0},{"cards_removed":["Strike_R"],"damage_healed":0,"gold_gain":0,"player_choice":"Card Removal","damage_taken":0,"max_hp_gain":0,"max_hp_loss":0,"event_name":"The Cleric","floor":7,"gold_loss":50}],"is_beta":false,"boss_relics":[],"items_purged_floors":[],"is_endless":false,"potions_floor_spawned":[1,8,13],"killed_by":"Slime Boss","ascension_level":13}}