{"host":"rl3s470f8onwqc1s","time":1607613105,"event":{"mods":["BaseMod","StSLib","TestMod","Gold Saver","Act Like it!","篝火指南","Minty Spire (QoL Compilation)","MostiFishMod","Shop Mod","Dota2Spire"],"gold_per_floor":[113,113,38,38,55,83,83,97,148,148,176,326,370,770,770,861,861,890,940,940,940,973,456,499,539,563,563,617,652,21,21,21,149,149,174,70,1087,1105,1134,1184,1245,1245,1245,1245,1294,1317,1335,1389,164,193,263,263,263,0,62,125],"floor_reached":57,"playtime":1856,"items_purged":["Pain","Doubt"],"score":3763,"play_id":"d6e70bda-c670-4ac1-9f66-4002ff39473d","local_time":"20201210231145","is_ascension_mode":true,"campfire_choices":[{"floor":7,"key":"RECALL"},{"data":"testmod-Collector","floor":10,"key":"SMITH"},{"data":"Feel No Pain","floor":15,"key":"SMITH"},{"data":"Body Slam","floor":27,"key":"SMITH"},{"data":"Jack Of All Trades","floor":32,"key":"SMITH"},{"data":"Cloak And Dagger","floor":42,"key":"SMITH"},{"data":"Madness","floor":53,"key":"SMITH"}],"circlet_count":0,"master_deck":["AscendersBane","Defend_G","Defend_G","Survivor","Neutralize","Slice","testmod-Collector+1","Feel No Pain+1","Evaluate","SpiritShield","Jack Of All Trades+1","Evaluate+1","Body Slam+1","ReachHeaven","Phantasmal Killer+1","Prepared","Madness+1","Madness","Pommel Strike","Cloak And Dagger+1","MostiFishMod:FlowState+1","Shrug It Off+1","Creative AI+1","Evaluate+1","testmod-Wormhole+1","Well Laid Plans","testmod-RepeatForm+1"],"relics":["Ring of the Snake","testmod-TestBox","DaveBox","BionicSphere","testmod-Temperance","Question Card","PrismaticShard","testmod-Acrobat","testmod-IndustrialRevolution","Art of War","Dota2Spire:UrnOfShadows","ImportantClient","testmod-DeterminationOfClimber","WarpedTongs","The Courier","Dodecahedron","Torii","Dota2Spire:MagicBottle","BrkXgEgg","Dota2Spire:DrumOfEndurance","Happy Flower","Dota2Spire:ArcaneBoots","Dota2Spire:PhaseBoots","Kunai","RhineSuit","TheAbacus","Oddly Smooth Stone","Juzu Bracelet","Dota2Spire:EchoSabre","Blood Vial","HornCleat","Dota2Spire:CrimsonGuard","Dota2Spire:Butterfly","Dota2Spire:LinkenSphere","Bottled Lightning","ClockworkSouvenir","Dota2Spire:ShadowBlade","testmod-Antiphasic"],"acts_visited":["Exordium","TheCity","TheBeyond","TheEnding"],"potions_floor_usage":[13,56],"damage_taken":[{"damage":0,"enemies":"Jaw Worm","floor":1,"turns":1},{"damage":0,"enemies":"Small Slimes","floor":5,"turns":1},{"damage":0,"enemies":"Lagavulin","floor":6,"turns":1},{"damage":0,"enemies":"2 Louse","floor":8,"turns":3},{"damage":0,"enemies":"Gremlin Nob","floor":11,"turns":4},{"damage":22,"enemies":"Lagavulin","floor":13,"turns":13},{"damage":0,"enemies":"The Guardian","floor":16,"turns":16},{"damage":0,"enemies":"Spheric Guardian","floor":18,"turns":4},{"damage":5,"enemies":"Chosen","floor":22,"turns":4},{"damage":0,"enemies":"Slavers","floor":24,"turns":2},{"damage":0,"enemies":"Shelled Parasite and Fungi","floor":25,"turns":2},{"damage":0,"enemies":"Gremlin Leader","floor":28,"turns":2},{"damage":0,"enemies":"Chosen and Byrds","floor":29,"turns":1},{"damage":0,"enemies":"Champ","floor":33,"turns":2},{"damage":0,"enemies":"3 Darklings","floor":35,"turns":1},{"damage":0,"enemies":"3 Shapes","floor":39,"turns":5},{"damage":0,"enemies":"Reptomancer","floor":40,"turns":1},{"damage":0,"enemies":"Maw","floor":41,"turns":1},{"damage":0,"enemies":"Nemesis","floor":45,"turns":1},{"damage":0,"enemies":"Sphere and 2 Shapes","floor":46,"turns":1},{"damage":0,"enemies":"4 Shapes","floor":47,"turns":1},{"damage":0,"enemies":"Giant Head","floor":48,"turns":1},{"damage":0,"enemies":"Time Eater","floor":50,"turns":3},{"damage":0,"enemies":"Awakened One","floor":51,"turns":2},{"damage":0,"enemies":"Shield and Spear","floor":55,"turns":1},{"damage":0,"enemies":"The Heart","floor":56,"turns":4}],"seed_played":"5382646010404825021","potions_obtained":[{"floor":6,"key":"Weak Potion"},{"floor":8,"key":"Explosive Potion"},{"floor":13,"key":"LiquidMemories"},{"floor":33,"key":"SkillPotion"}],"is_trial":false,"path_per_floor":["M","?","?","$","M","E","R","M","T","R","E","?","E","?","R","B",null,"M","?","?","?","M","R","E","M","T","R","E","M","$","?","R","B",null,"M","$","?","?","M","E","M","R","T","?","E","M","M","E","R","B","B",null,"R","$","E","B",null],"character_chosen":"THE_SILENT","items_purchased":["The Courier","Dodecahedron","BrkXgEgg","Dota2Spire:DrumOfEndurance","Happy Flower","Dota2Spire:ArcaneBoots","Dota2Spire:PhaseBoots","TheAbacus","HornCleat","Dota2Spire:CrimsonGuard","Dota2Spire:Butterfly","Dota2Spire:LinkenSphere","testmod-Wormhole+1","Bottled Lightning","ClockworkSouvenir","Dota2Spire:ShadowBlade","Well Laid Plans"],"campfire_rested":0,"item_purchase_floors":[23,23,30,30,30,30,30,36,49,49,49,49,49,49,54,54,54],"current_hp_per_floor":[59,52,52,52,52,52,52,52,52,52,52,52,30,30,30,30,57,66,66,48,48,55,55,64,71,71,71,71,71,71,71,71,71,71,71,71,71,58,71,71,71,71,71,71,71,71,71,71,71,71,71,71,71,71,71,71],"gold":125,"neow_bonus":"THREE_ENEMY_KILL","is_daily":false,"chose_seed":false,"campfire_upgraded":6,"win_rate":0,"timestamp":1607613105,"path_taken":["M","?","?","$","M","E","R","?","T","R","E","?","E","?","R","BOSS","M","?","?","?","?","R","E","M","T","R","E","M","?","?","R","BOSS","M","?","?","?","M","E","?","R","T","?","E","M","M","E","R","BOSS","BOSS","R","$","E","BOSS"],"build_version":"2020-11-30","purchased_purges":2,"victory":true,"max_hp_per_floor":[66,66,66,66,66,66,66,66,66,66,66,66,66,66,66,66,66,66,66,71,71,71,71,71,71,71,71,71,71,71,71,71,71,71,71,71,71,71,71,71,71,71,71,71,71,71,71,71,71,71,71,71,71,71,71,71],"card_choices":[{"not_picked":["Setup","Bane"],"picked":"Slice","floor":1},{"not_picked":["Sword Boomerang","Prostrate","CrushJoints","testmod-LifeRuler"],"picked":"SKIP","floor":5},{"not_picked":["Warcry","testmod-ConditionedReflex","Compile Driver","WindmillStrike"],"picked":"SKIP","floor":6},{"not_picked":["EmptyBody","Perseverance","Thunderclap"],"picked":"testmod-Collector","floor":8},{"not_picked":["Redo","Slice","Dagger Throw"],"picked":"Feel No Pain","floor":11},{"not_picked":["Accuracy","Thunderclap","Forethought"],"picked":"Evaluate","floor":13},{"not_picked":["Bullet Time","MostiFishMod:MemoryFragments","MostiFishMod:Unraveling"],"picked":"SpiritShield","floor":16},{"not_picked":["Quick Slash","Wild Strike","Sweeping Beam"],"picked":"Jack Of All Trades","floor":18},{"not_picked":["Anger","Searing Blow","FollowUp"],"picked":"Evaluate+1","floor":22},{"not_picked":["ThirdEye","testmod-AdversityCounterattack","BowlingBash+1","Wild Strike"],"picked":"SKIP","floor":24},{"not_picked":["PiercingWail","Flash of Steel","Vengeance"],"picked":"Body Slam","floor":25},{"not_picked":["BowlingBash","MostiFishMod:Prepare","Endless Agony"],"picked":"ReachHeaven","floor":28},{"not_picked":["Static Discharge+1","Outmaneuver","PiercingWail","Beam Cell"],"picked":"SKIP","floor":29},{"not_picked":["testmod-EternalityOfKhronos+1","Thinking Ahead+1","testmod-PowerStrike+1"],"picked":"Phantasmal Killer+1","floor":33},{"not_picked":["Thunderclap+1","Searing Blow","Cold Snap"],"picked":"Prepared","floor":35},{"not_picked":["CutThroughFate","Ball Lightning","Redo","Bane"],"picked":"SKIP","floor":39},{"not_picked":["Prepared","Pommel Strike","Genetic Algorithm","Thunderclap+1"],"picked":"SKIP","floor":40},{"not_picked":["Prepared","Genetic Algorithm","Thunderclap+1"],"picked":"Pommel Strike","floor":40},{"not_picked":["Turbo","FlyingSleeves","Hologram"],"picked":"Cloak And Dagger","floor":41},{"not_picked":["Dark Shackles","Evaluate","Consume"],"picked":"MostiFishMod:FlowState+1","floor":45},{"not_picked":["Perfected Strike","Outmaneuver","Streamline+1"],"picked":"Shrug It Off+1","floor":46},{"not_picked":["EmptyBody","Expertise","Quick Slash"],"picked":"Creative AI+1","floor":47},{"not_picked":["FlyingSleeves+1","FollowUp","Lockon"],"picked":"Evaluate+1","floor":48},{"not_picked":["Melter","Sweeping Beam","Headbutt"],"picked":"testmod-RepeatForm+1","floor":55}],"player_experience":1276921,"relics_obtained":[{"floor":1,"key":"Question Card"},{"floor":1,"key":"PrismaticShard"},{"floor":6,"key":"testmod-Acrobat"},{"floor":9,"key":"testmod-IndustrialRevolution"},{"floor":11,"key":"Art of War"},{"floor":13,"key":"Dota2Spire:UrnOfShadows"},{"floor":16,"key":"ImportantClient"},{"floor":24,"key":"Torii"},{"floor":26,"key":"Dota2Spire:MagicBottle"},{"floor":28,"key":"CeramicFish"},{"floor":40,"key":"Oddly Smooth Stone"},{"floor":45,"key":"Dota2Spire:EchoSabre"},{"floor":48,"key":"Blood Vial"},{"floor":55,"key":"testmod-Antiphasic"}],"event_choices":[{"cards_removed":["Strike_G"],"damage_healed":0,"gold_gain":0,"player_choice":"Card Removal","damage_taken":7,"max_hp_gain":0,"max_hp_loss":0,"event_name":"Golden Wing","floor":2,"gold_loss":0},{"cards_removed":["Strike_G"],"damage_healed":0,"gold_gain":0,"player_choice":"Card Removal","damage_taken":0,"max_hp_gain":0,"max_hp_loss":0,"event_name":"The Cleric","floor":3,"gold_loss":75},{"damage_healed":0,"gold_gain":150,"player_choice":"AGREE","damage_taken":0,"max_hp_gain":0,"max_hp_loss":0,"event_name":"Liars Game","floor":12,"gold_loss":0,"cards_obtained":["Doubt"]},{"damage_healed":0,"gold_gain":400,"player_choice":"Sell","damage_taken":0,"max_hp_gain":0,"max_hp_loss":0,"event_name":"恩洛斯的盘子","floor":14,"relics_lost":["NeowsBlessing"],"gold_loss":0},{"damage_healed":0,"gold_gain":50,"player_choice":"Stole From Cult","damage_taken":0,"max_hp_gain":0,"max_hp_loss":0,"event_name":"Nest","floor":19,"gold_loss":0},{"damage_healed":0,"gold_gain":0,"player_choice":"Shed Blood","damage_taken":23,"max_hp_gain":5,"max_hp_loss":0,"event_name":"Forgotten Altar","floor":20,"gold_loss":0},{"damage_healed":0,"gold_gain":0,"player_choice":"Rummage","damage_taken":0,"relics_obtained":["WarpedTongs"],"max_hp_gain":0,"max_hp_loss":0,"event_name":"Accursed Blacksmith","floor":21,"gold_loss":0,"cards_obtained":["Pain"]},{"damage_healed":0,"gold_gain":0,"player_choice":"Gave Potion","damage_taken":0,"relics_obtained":["Kunai"],"max_hp_gain":0,"max_hp_loss":0,"event_name":"WeMeetAgain","floor":31,"gold_loss":0},{"damage_healed":0,"gold_gain":999,"player_choice":"Gold","damage_taken":0,"max_hp_gain":0,"max_hp_loss":0,"event_name":"MindBloom","floor":37,"gold_loss":0,"cards_obtained":["Normality","Normality"]},{"damage_healed":0,"gold_gain":0,"player_choice":"Embrace Madness","damage_taken":13,"max_hp_gain":0,"max_hp_loss":0,"event_name":"Winding Halls","floor":38,"gold_loss":0,"cards_obtained":["Madness","Madness"]},{"damage_healed":0,"gold_gain":0,"player_choice":"Swap Relic","damage_taken":0,"relics_obtained":["Juzu Bracelet"],"max_hp_gain":0,"max_hp_loss":0,"event_name":"给自己的盒子","floor":44,"relics_lost":["CeramicFish"],"gold_loss":0}],"is_beta":false,"boss_relics":[{"not_picked":["ExusiaiGun","Snecko Eye"],"picked":"testmod-DeterminationOfClimber"},{"not_picked":["Ring of the Serpent","Runic Pyramid"],"picked":"RhineSuit"}],"items_purged_floors":[23,30],"is_endless":false,"potions_floor_spawned":[6,8,13,22,28,29,33,35,40,47],"ascension_level":20}}