{"host":"0kaxg9rjckhp4v2r","time":1607585669,"event":{"gold_per_floor":[109,125,6,19,19,38,38,38,38,38,38,48,78,88,88,192,192,209,36,36,36,48,79,79,98,98,49,64,64,96,109,109,213,213,225,236,236,249,268,268,25,57,57,92,92,92,102,102,102,102],"floor_reached":51,"playtime":1759,"items_purged":["Strike_R"],"score":953,"play_id":"35cde0d6-461c-48c1-b2d8-439a3ce924cb","local_time":"20201210023429","is_ascension_mode":true,"campfire_choices":[{"data":"Rage","floor":7,"key":"SMITH"},{"data":"Inflame","floor":11,"key":"SMITH"},{"data":"Shrug It Off","floor":15,"key":"SMITH"},{"data":"Armaments","floor":24,"key":"SMITH"},{"data":"Entrench","floor":32,"key":"SMITH"},{"data":"Finesse","floor":40,"key":"SMITH"},{"data":"Limit Break","floor":45,"key":"SMITH"},{"data":"True Grit","floor":49,"key":"SMITH"}],"neow_cost":"NONE","seed_source_timestamp":42274973026300,"circlet_count":0,"master_deck":["Strike_R","Strike_R","Bash","Rage+1","Battle Trance","Shrug It Off+1","Inflame+1","Clothesline","Immolate","Reckless Charge","Fire Breathing","Demon Form","Headbutt","Armaments+1","Uppercut+1","Rage+1","True Grit+1","Flame Barrier+1","Ghostly Armor","Entrench+1","Dropkick","Limit Break+1","Inflame+1","Dropkick+1","Flex+1","Anger+1","Pummel+1","PanicButton","Finesse+1","Shrug It Off","Master of Strategy","Iron Wave+1","Disarm"],"relics":["Burning Blood","Bottled Tornado","Potion Belt","TungstenRod","Coffee Dripper","Centennial Puzzle","Pen Nib","Meat on the Bone","Astrolabe","Red Skull","Pear","Pantograph","Eternal Feather"],"potions_floor_usage":[18,23,30,33,50,50],"damage_taken":[{"damage":10,"enemies":"Small Slimes","floor":1,"turns":4},{"damage":1,"enemies":"Jaw Worm","floor":2,"turns":5},{"damage":0,"enemies":"Cultist","floor":4,"turns":4},{"damage":1,"enemies":"Blue Slaver","floor":6,"turns":4},{"damage":1,"enemies":"3 Louse","floor":12,"turns":5},{"damage":40,"enemies":"Lagavulin","floor":13,"turns":6},{"damage":0,"enemies":"Large Slime","floor":14,"turns":4},{"damage":6,"enemies":"Slime Boss","floor":16,"turns":7},{"damage":17,"enemies":"Spheric Guardian","floor":18,"turns":4},{"damage":20,"enemies":"2 Thieves","floor":22,"turns":3},{"damage":23,"enemies":"Slavers","floor":23,"turns":3},{"damage":6,"enemies":"Centurion and Healer","floor":25,"turns":6},{"damage":1,"enemies":"Shelled Parasite and Fungi","floor":28,"turns":4},{"damage":24,"enemies":"Gremlin Leader","floor":30,"turns":6},{"damage":0,"enemies":"Cultist and Chosen","floor":31,"turns":4},{"damage":35,"enemies":"Collector","floor":33,"turns":9},{"damage":7,"enemies":"Orb Walker","floor":35,"turns":3},{"damage":12,"enemies":"3 Shapes","floor":36,"turns":6},{"damage":15,"enemies":"Sphere and 2 Shapes","floor":38,"turns":6},{"damage":8,"enemies":"4 Shapes","floor":39,"turns":2},{"damage":6,"enemies":"Reptomancer","floor":42,"turns":2},{"damage":25,"enemies":"Nemesis","floor":44,"turns":7},{"damage":0,"enemies":"Maw","floor":47,"turns":5},{"damage":109,"enemies":"Awakened One","floor":50,"turns":10}],"seed_played":"5331090525002387740","potions_obtained":[{"floor":1,"key":"Ancient Potion"},{"floor":13,"key":"BlessingOfTheForge"},{"floor":16,"key":"SkillPotion"},{"floor":23,"key":"SpeedPotion"},{"floor":28,"key":"PowerPotion"},{"floor":30,"key":"LiquidBronze"},{"floor":31,"key":"Explosive Potion"},{"floor":38,"key":"DuplicationPotion"}],"is_trial":false,"path_per_floor":["M","M","$","M","?","M","R","$","T","T","R","M","E","M","R","B",null,"M","$","?","?","M","E","R","M","T","$","M","?","E","M","R","B",null,"M","M","?","M","M","R","$","E","T","E","R","?","M","?","R","B",null],"character_chosen":"IRONCLAD","items_purchased":["Shrug It Off","Inflame","FairyPotion","True Grit","Shrug It Off","Master of Strategy"],"campfire_rested":0,"item_purchase_floors":[3,3,19,27,41,41],"current_hp_per_floor":[76,80,80,80,73,78,78,78,78,78,78,80,46,52,52,52,73,62,62,62,62,48,31,31,31,31,31,36,36,18,36,36,19,65,64,58,58,49,47,47,47,47,57,50,50,50,56,56,74,23],"gold":102,"neow_bonus":"REMOVE_CARD","is_prod":false,"is_daily":false,"chose_seed":false,"campfire_upgraded":8,"win_rate":0,"timestamp":1607585669,"path_taken":["M","M","$","M","?","M","R","$","T","?","R","M","E","M","R","BOSS","M","$","?","?","M","E","R","M","T","$","?","?","E","M","R","BOSS","M","M","?","M","M","R","$","E","T","E","R","?","M","?","R","BOSS"],"build_version":"2020-11-30","purchased_purges":1,"victory":true,"max_hp_per_floor":[80,80,80,80,80,80,80,80,80,80,80,80,80,80,80,80,80,80,80,80,80,80,80,80,80,80,80,80,80,80,80,80,80,80,80,80,80,80,80,80,80,80,90,90,90,85,85,85,85,85],"card_choices":[{"not_picked":["Heavy Blade","Rupture"],"picked":"Rage","floor":1},{"not_picked":["Body Slam","Clash"],"picked":"Battle Trance","floor":2},{"not_picked":["Hemokinesis","Sword Boomerang"],"picked":"Clothesline","floor":4},{"not_picked":["Rampage","Heavy Blade","Body Slam"],"picked":"SKIP","floor":6},{"not_picked":["Warcry","Burning Pact"],"picked":"Immolate","floor":12},{"not_picked":["Body Slam","Armaments"],"picked":"Reckless Charge","floor":13},{"not_picked":["Metallicize","Perfected Strike"],"picked":"Fire Breathing","floor":14},{"not_picked":["Limit Break","Fiend Fire"],"picked":"Demon Form","floor":16},{"not_picked":["Dual Wield","Pommel Strike+1"],"picked":"Headbutt","floor":18},{"not_picked":["Fire Breathing+1","Evolve+1"],"picked":"Armaments","floor":22},{"not_picked":["Wild Strike","Feel No Pain"],"picked":"Uppercut+1","floor":23},{"not_picked":["Cleave","Heavy Blade+1"],"picked":"Rage+1","floor":25},{"not_picked":["Headbutt","Warcry"],"picked":"Flame Barrier+1","floor":28},{"not_picked":["Pommel Strike","Cleave"],"picked":"Entrench","floor":30},{"not_picked":["Wild Strike+1","Dark Embrace"],"picked":"Dropkick","floor":31},{"not_picked":["Impervious","Demon Form"],"picked":"Limit Break","floor":33},{"not_picked":["Havoc+1","Fire Breathing+1"],"picked":"Anger+1","floor":35},{"not_picked":["Heavy Blade","Bludgeon"],"picked":"Pummel+1","floor":36},{"not_picked":["Jack Of All Trades","Forethought"],"picked":"PanicButton","floor":37},{"not_picked":["Purity","Sadistic Nature"],"picked":"Finesse","floor":37},{"not_picked":["Feel No Pain","Headbutt+1","Flex+1"],"picked":"SKIP","floor":38},{"not_picked":["Sword Boomerang","Carnage","Sever Soul+1"],"picked":"SKIP","floor":39},{"not_picked":["Headbutt+1","Rampage+1"],"picked":"Iron Wave+1","floor":42},{"not_picked":["Twin Strike","Flex"],"picked":"Disarm","floor":44},{"not_picked":["Whirlwind","Dropkick","Dual Wield"],"picked":"SKIP","floor":47}],"player_experience":266216,"relics_obtained":[{"floor":9,"key":"Bottled Tornado"},{"floor":10,"key":"Potion Belt"},{"floor":13,"key":"TungstenRod"},{"floor":23,"key":"Centennial Puzzle"},{"floor":26,"key":"Pen Nib"},{"floor":30,"key":"Meat on the Bone"},{"floor":42,"key":"Red Skull"},{"floor":43,"key":"Pear"},{"floor":44,"key":"Pantograph"}],"event_choices":[{"cards_removed":["Defend_R"],"damage_healed":0,"gold_gain":0,"player_choice":"Card Removal","damage_taken":7,"max_hp_gain":0,"max_hp_loss":0,"event_name":"Golden Wing","floor":5,"gold_loss":0},{"damage_healed":0,"gold_gain":0,"player_choice":"Ignored","damage_taken":0,"max_hp_gain":0,"max_hp_loss":0,"event_name":"Vampires","floor":20,"gold_loss":0},{"cards_removed":["Defend_R"],"damage_healed":0,"gold_gain":0,"player_choice":"Offered Basic","damage_taken":0,"max_hp_gain":0,"max_hp_loss":0,"event_name":"Bonfire Elementals","floor":21,"gold_loss":0},{"damage_healed":0,"gold_gain":0,"player_choice":"Read","damage_taken":0,"max_hp_gain":0,"max_hp_loss":0,"event_name":"The Library","floor":29,"gold_loss":0,"cards_obtained":["Ghostly Armor"]},{"damage_healed":0,"gold_gain":3,"player_choice":"1","damage_taken":0,"max_hp_gain":0,"max_hp_loss":0,"event_name":"betterStone:BetterStone","floor":37,"gold_loss":0},{"damage_healed":0,"gold_gain":0,"player_choice":"Max HP","damage_taken":0,"max_hp_gain":0,"max_hp_loss":5,"event_name":"Winding Halls","floor":46,"gold_loss":0},{"damage_healed":0,"gold_gain":0,"player_choice":"Gave Potion","damage_taken":0,"relics_obtained":["Eternal Feather"],"max_hp_gain":0,"max_hp_loss":0,"event_name":"WeMeetAgain","floor":48,"gold_loss":0}],"is_beta":false,"boss_relics":[{"not_picked":["Philosopher\u0027s Stone","Black Blood"],"picked":"Coffee Dripper"},{"not_picked":["Cursed Key","Fusion Hammer"],"picked":"Astrolabe"}],"items_purged_floors":[19],"is_endless":false,"potions_floor_spawned":[1,13,16,23,28,30,31,38,44],"ascension_level":5}}