{"host":"m1ntkrf87179kmo6","time":1607561837,"event":{"gold_per_floor":[213,227,227,76,93,128,128,51,51,61,61,61,0,0,0,95,95,115,115,115,40,40,40,51,85,85,85,98,98,98,108,108,212,212,232,282,282,301,318,318,318,318,342,71,103,118,131,131,131,131,131,131,9,44,44,44],"floor_reached":55,"playtime":4758,"items_purged":[],"score":736,"play_id":"16516ed9-7f3b-421a-ac18-f5d6704867ac","local_time":"20201209195717","is_ascension_mode":false,"campfire_choices":[{"floor":7,"key":"REST"},{"floor":12,"key":"REST"},{"floor":15,"key":"RECALL"},{"data":"Enlightenment","floor":23,"key":"SMITH"},{"floor":27,"key":"REST"},{"data":"Shade:AnimateDead","floor":29,"key":"SMITH"},{"floor":32,"key":"REST"},{"floor":40,"key":"REST"},{"data":"1","floor":42,"key":"LIFT"},{"data":"2","floor":49,"key":"LIFT"},{"data":"3","floor":52,"key":"LIFT"}],"neow_cost":"NONE","seed_source_timestamp":24120525256948,"circlet_count":0,"master_deck":["Shade:Strike_Shade+1","Shade:Strike_Shade+1","Shade:Defend_Shade+1","Shade:Defend_Shade+1","Shade:Defend_Shade+1","Shade:Defend_Shade+1","Shade:AnimateDead+1","Shade:CarefulCut+1","Shade:ExtraLimbs","Shade:AblativeArmor+1","Shade:TouchOfTheGrave+1","Shade:GreyBargain","Shade:DangerousRitual","Enlightenment+1","Shade:FuneraryArmor+1","Shade:ScuttlingHand+1","Shade:OpenGraves","Shade:ClawBack","Shade:AncientSpear"],"relics":["Shade:YorickSkull","Bag of Marbles","Singing Bowl","Vajra","Black Star","PreservedInsect","WingedGreaves","Tiny Chest","Busted Crown","Ice Cream","Girya","War Paint","Whetstone","HornCleat","Smiling Mask","Blue Candle","Gremlin Horn","Blood Vial"],"potions_floor_usage":[2,16,25,28,33,39,45,45,50,50,54,54,55],"damage_taken":[{"damage":0,"enemies":"Small Slimes","floor":1,"turns":3},{"damage":0,"enemies":"Cultist","floor":2,"turns":3},{"damage":0,"enemies":"2 Louse","floor":5,"turns":3},{"damage":25,"enemies":"Lagavulin","floor":6,"turns":6},{"damage":3,"enemies":"Large Slime","floor":10,"turns":4},{"damage":39,"enemies":"Hexaghost","floor":16,"turns":8},{"damage":10,"enemies":"3 Byrds","floor":18,"turns":6},{"damage":6,"enemies":"Chosen","floor":24,"turns":5},{"damage":15,"enemies":"Slavers","floor":25,"turns":4},{"damage":13,"enemies":"Snake Plant","floor":28,"turns":4},{"damage":22,"enemies":"Snecko","floor":31,"turns":6},{"damage":35,"enemies":"Champ","floor":33,"turns":12},{"damage":30,"enemies":"3 Shapes","floor":35,"turns":5},{"damage":6,"enemies":"Mind Bloom Boss Battle","floor":36,"turns":9},{"damage":3,"enemies":"Orb Walker","floor":38,"turns":4},{"damage":6,"enemies":"Transient","floor":39,"turns":5},{"damage":1,"enemies":"Giant Head","floor":45,"turns":8},{"damage":0,"enemies":"3 Darklings","floor":46,"turns":4},{"damage":0,"enemies":"4 Shapes","floor":47,"turns":5},{"damage":42,"enemies":"Donu and Deca","floor":50,"turns":10},{"damage":34,"enemies":"Shield and Spear","floor":54,"turns":6},{"damage":68,"enemies":"The Heart","floor":55,"turns":5}],"seed_played":"-2828370261610686845","potions_obtained":[{"floor":1,"key":"SteroidPotion"},{"floor":6,"key":"DuplicationPotion"},{"floor":25,"key":"Energy Potion"},{"floor":28,"key":"Swift Potion"},{"floor":31,"key":"AttackPotion"},{"floor":35,"key":"Block Potion"},{"floor":36,"key":"FearPotion"},{"floor":39,"key":"SkillPotion"},{"floor":47,"key":"PowerPotion"},{"floor":54,"key":"Explosive Potion"}],"is_trial":false,"path_per_floor":["M","M","?","$","M","E","R","$","T","M","?","R","?","?","R","B",null,"M","?","?","?","?","R","M","E","T","R","M","R","$","M","R","B",null,"M","?","T","M","M","R","?","R","T","$","E","M","M","T","R","B",null,"R","$","E","B"],"character_chosen":"SHADE","items_purchased":["Bag of Marbles","LiquidBronze","Shade:OpenGraves","Whetstone","Shade:ClawBack","Strength Potion","LiquidMemories"],"campfire_rested":5,"item_purchase_floors":[4,8,44,44,44,53,53],"current_hp_per_floor":[65,65,65,65,65,40,59,59,59,56,38,57,63,63,63,26,73,63,63,63,63,63,63,59,46,46,69,58,58,58,38,62,29,83,55,51,51,50,46,73,73,73,73,73,74,76,76,76,76,34,95,95,95,63,0,0],"gold":44,"neow_bonus":"HUNDRED_GOLD","is_prod":false,"is_daily":false,"chose_seed":false,"campfire_upgraded":2,"win_rate":0,"timestamp":1607561837,"path_taken":["M","M","?","$","M","E","R","?","T","M","?","R","?","?","R","BOSS","M","?","?","?","?","R","M","E","T","R","?","R","?","M","R","BOSS","M","?","?","M","?","R","?","R","T","$","E","?","M","?","R","BOSS","R","$","E","BOSS"],"build_version":"2020-11-30","purchased_purges":0,"victory":false,"max_hp_per_floor":[65,65,65,65,65,65,65,65,65,65,65,65,71,71,71,73,73,73,73,73,73,73,73,75,77,77,77,79,79,79,81,81,83,83,85,87,87,89,91,91,91,91,91,91,93,95,95,95,95,95,95,95,95,97,97,97],"card_choices":[{"not_picked":["Shade:CallWraith","Shade:FreshBones","Shade:Asphyxiate"],"picked":"SKIP","floor":1},{"not_picked":["Shade:GraveStillness","Shade:FreshBones"],"picked":"Shade:ExtraLimbs","floor":2},{"not_picked":["Shade:BoneShards","Shade:DangerousRitual"],"picked":"Shade:TouchOfTheGrave","floor":5},{"not_picked":["Shade:Premonition","Shade:FleshOffering"],"picked":"Shade:GreyBargain","floor":6},{"not_picked":["Shade:SanguineRitual","Shade:PoundOfFlesh"],"picked":"Shade:DangerousRitual","floor":10},{"not_picked":["Shade:MadHubris","Shade:SoulPierce","Shade:Consume"],"picked":"Singing Bowl","floor":16},{"not_picked":["Shade:FreshBones","Shade:ClawBack"],"picked":"Shade:FuneraryArmor","floor":18},{"not_picked":["Shade:GreyBargain","Shade:Excise","Shade:Awaken"],"picked":"Singing Bowl","floor":24},{"not_picked":["Shade:AuraOfUnlife","Shade:BoneShards","Shade:Frenzy"],"picked":"Singing Bowl","floor":25},{"not_picked":["Shade:GraveStillness","Shade:PoundOfFlesh","Shade:Premonition"],"picked":"Singing Bowl","floor":28},{"not_picked":["Shade:PressTheAttack+1","Shade:DangerousRitual+1","Shade:Trample"],"picked":"Singing Bowl","floor":31},{"not_picked":["Shade:LoseControl","Shade:Consume","Shade:MadHubris"],"picked":"Singing Bowl","floor":33},{"not_picked":["Shade:CallWraith+1"],"picked":"Singing Bowl","floor":35},{"not_picked":["Shade:SensePrey+1"],"picked":"Singing Bowl","floor":36},{"not_picked":["Shade:FreshBones+1"],"picked":"Singing Bowl","floor":38},{"not_picked":["Shade:FingerOfDeath+1"],"picked":"Singing Bowl","floor":39},{"not_picked":["Shade:Haruspicy+1"],"picked":"Singing Bowl","floor":45},{"not_picked":["Shade:AuraOfUnlife"],"picked":"Singing Bowl","floor":46},{"not_picked":[],"picked":"Shade:AncientSpear","floor":47},{"not_picked":["Shade:WallOfFlesh"],"picked":"Singing Bowl","floor":54}],"player_experience":952751,"relics_obtained":[{"floor":6,"key":"Singing Bowl"},{"floor":25,"key":"PreservedInsect"},{"floor":25,"key":"WingedGreaves"},{"floor":26,"key":"Tiny Chest"},{"floor":36,"key":"Ice Cream"},{"floor":37,"key":"Girya"},{"floor":43,"key":"War Paint"},{"floor":45,"key":"HornCleat"},{"floor":45,"key":"Smiling Mask"},{"floor":48,"key":"Blue Candle"},{"floor":54,"key":"Gremlin Horn"},{"floor":54,"key":"Blood Vial"}],"event_choices":[{"damage_healed":0,"gold_gain":0,"cards_transformed":["Shade:Strike_Shade"],"player_choice":"Transformed","damage_taken":0,"max_hp_gain":0,"max_hp_loss":0,"event_name":"Transmorgrifier","floor":3,"gold_loss":0,"cards_obtained":["Shade:AblativeArmor"]},{"damage_healed":0,"gold_gain":0,"player_choice":"Relic ","damage_taken":18,"max_hp_gain":0,"max_hp_loss":0,"event_name":"betterThird:BetterScrap","floor":11,"gold_loss":0,"cards_obtained":["Limit Break"]},{"damage_healed":0,"gold_gain":0,"player_choice":"RENOUNCE","damage_taken":61,"max_hp_gain":0,"max_hp_loss":0,"event_name":"betterThird:BetterSerpent","floor":13,"gold_loss":61,"cards_obtained":["Enlightenment"]},{"damage_healed":0,"gold_gain":0,"player_choice":"Forge","damage_taken":0,"max_hp_gain":0,"max_hp_loss":0,"event_name":"Accursed Blacksmith","floor":14,"gold_loss":0,"cards_upgraded":["Shade:TouchOfTheGrave"]},{"damage_healed":0,"gold_gain":0,"player_choice":"Read","damage_taken":0,"max_hp_gain":0,"max_hp_loss":0,"event_name":"The Library","floor":19,"gold_loss":0,"cards_obtained":["Shade:ScuttlingHand"]},{"damage_healed":0,"gold_gain":0,"player_choice":"Simplicity","damage_taken":0,"max_hp_gain":0,"max_hp_loss":7,"event_name":"betterThird:BetterWriting","floor":20,"gold_loss":0},{"cards_removed":["Shade:Strike_Shade"],"damage_healed":0,"gold_gain":0,"player_choice":"Gave Gold","damage_taken":0,"max_hp_gain":0,"max_hp_loss":0,"event_name":"Beggar","floor":21,"gold_loss":75},{"damage_healed":0,"gold_gain":0,"player_choice":"Ignored","damage_taken":0,"max_hp_gain":0,"max_hp_loss":0,"event_name":"Ghosts","floor":22,"gold_loss":0},{"damage_healed":0,"gold_gain":0,"player_choice":"Fight","damage_taken":0,"max_hp_gain":0,"max_hp_loss":0,"event_name":"MindBloom","floor":36,"gold_loss":0},{"damage_healed":0,"gold_gain":0,"player_choice":"0 cards matched","damage_taken":0,"max_hp_gain":0,"max_hp_loss":0,"event_name":"Match and Keep!","floor":41,"gold_loss":0,"cards_obtained":[]}],"is_beta":false,"boss_relics":[{"not_picked":["Philosopher\u0027s Stone","Runic Pyramid"],"picked":"Black Star"},{"not_picked":["Coffee Dripper","Pandora\u0027s Box"],"picked":"Busted Crown"}],"items_purged_floors":[],"is_endless":false,"potions_floor_spawned":[1,6,25,28,31,35,36,39,47,54],"killed_by":"The Heart","ascension_level":0}}