{"host":"usewcu4ohw2wtmxk","time":1607633665,"event":{"mods":["BaseMod","AchievementEnabler","Colored Powertips","Minty Spire (QoL Compilation)","Permanent Neow","Quick Restart","Relic Sorter","Relic Stats","Shop Mod","StSLib","BetterRewards","UnlockEverythingMod"],"gold_per_floor":[368,384,142,102,122,134,134,153,153,153,153,153,186,198,198,273,273,284,303,317,367,381,381,228,228,254,254,254,254,80,93,93,170,170,190,190,190,65,80,110,110,144,144,178,192,223,223,223],"floor_reached":47,"playtime":1029,"items_purged":["Strike_G","Strike_G","Eviscerate"],"score":1186,"play_id":"4938c89f-d73d-4cad-b72b-322914cbeed9","local_time":"20201211045425","is_ascension_mode":true,"campfire_choices":[{"data":"Neutralize","floor":7.0,"key":"SMITH"},{"data":"Tactician","floor":10.0,"key":"SMITH"},{"floor":12.0,"key":"REST"},{"data":"Accuracy","floor":15.0,"key":"SMITH"},{"data":"Blade Dance","floor":23,"key":"SMITH"},{"data":"Blade Dance","floor":25,"key":"SMITH"},{"floor":27,"key":"REST"},{"data":"Accuracy","floor":32,"key":"SMITH"},{"data":"Blade Dance","floor":41,"key":"SMITH"}],"circlet_count":0,"master_deck":["AscendersBane","Survivor","Neutralize+1","Doppelganger","Infinite Blades","Tactician+1","Predator","Accuracy+1","Corpse Explosion","Backflip","Blade Dance+1","Accuracy+1","Blade Dance+1","Masterful Stab","Cloak And Dagger","Adrenaline","Storm of Steel","After Image","Footwork","Blur","Blade Dance+1","Acrobatics","Terror+1"],"special_seed":0,"relics":["Ring of the Snake","Ninja Scroll","Gambling Chip","Sozu","Akabeko","Pandora\u0027s Box","Letter Opener","FossilizedHelix","Mummified Hand","Boot"],"acts_visited":["Exordium","TheCity","TheBeyond"],"potions_floor_usage":[],"damage_taken":[{"damage":5.0,"enemies":"Small Slimes","floor":1.0,"turns":6.0},{"damage":0.0,"enemies":"Cultist","floor":2.0,"turns":4.0},{"damage":7.0,"enemies":"2 Louse","floor":5.0,"turns":3.0},{"damage":9.0,"enemies":"Lots of Slimes","floor":6.0,"turns":4.0},{"damage":0.0,"enemies":"Looter","floor":8.0,"turns":4.0},{"damage":0.0,"enemies":"Gremlin Nob","floor":13.0,"turns":3.0},{"damage":7.0,"enemies":"Large Slime","floor":14.0,"turns":4.0},{"damage":21.0,"enemies":"Hexaghost","floor":16.0,"turns":9.0},{"damage":0.0,"enemies":"3 Byrds","floor":18.0,"turns":1.0},{"damage":17.0,"enemies":"2 Thieves","floor":19.0,"turns":2.0},{"damage":1,"enemies":"Shelled Parasite and Fungi","floor":20,"turns":3},{"damage":11,"enemies":"Centurion and Healer","floor":22,"turns":5},{"damage":3,"enemies":"Snecko","floor":31,"turns":3},{"damage":22,"enemies":"Champ","floor":33,"turns":7},{"damage":0,"enemies":"Orb Walker","floor":35,"turns":1},{"damage":0,"enemies":"3 Shapes","floor":39,"turns":2},{"damage":23,"enemies":"Nemesis","floor":40,"turns":5},{"damage":2,"enemies":"Giant Head","floor":42,"turns":3},{"damage":0,"enemies":"Reptomancer","floor":44,"turns":2},{"damage":0,"enemies":"Spire Growth","floor":45,"turns":1},{"damage":28,"enemies":"Nemesis","floor":46,"turns":3},{"damage":0,"enemies":"Writhing Mass","floor":47,"turns":2}],"seed_played":"-5268641405157289033","potions_obtained":[{"floor":4.0,"key":"Explosive Potion"},{"floor":4.0,"key":"ColorlessPotion"},{"floor":11.0,"key":"Fire Potion"},{"floor":11.0,"key":"FearPotion"},{"floor":13.0,"key":"SkillPotion"}],"is_trial":false,"path_per_floor":["M","M","$","?","M","M","R","M","T","R","?","R","E","M","R","B",null,"M","M","M","?","M","R","$","R","T","R","?","?","$","M","R","B",null,"M","?","?","$","M","E","R","E","T","E","M","E","M"],"character_chosen":"THE_SILENT","items_purchased":["Infinite Blades","Tactician","Dagger Spray","Blade Dance","Adrenaline"],"campfire_rested":2,"item_purchase_floors":[3,3,3,24,30],"current_hp_per_floor":[39,39,39,39,32,23,23,23,23,23,23,42,42,35,35,14,53,53,36,35,35,24,24,24,24,24,43,43,43,43,40,40,18,54,54,54,54,54,54,31,31,29,29,29,29,1,1,1],"gold":223,"neow_bonus":"TWO_FIFTY_GOLD","is_daily":false,"chose_seed":false,"campfire_upgraded":7,"win_rate":0,"timestamp":1607633665,"path_taken":["M","M","$","?","M","?","R","M","T","R","?","R","E","M","R","BOSS","M","?","M","?","M","R","$","R","T","R","?","?","$","?","R","BOSS","M","?","?","$","M","E","R","E","T","E","M","E","M"],"build_version":"2020-11-30","purchased_purges":3,"victory":false,"max_hp_per_floor":[66,66,66,66,66,66,66,66,66,66,66,66,66,66,66,66,66,66,66,66,66,66,66,66,66,66,66,66,66,66,66,66,66,66,66,66,66,66,66,66,66,66,66,66,66,66,66,66],"relic_stats":{"Sozu":6,"counters":[22,77],"Mummified Hand":[8],"Gambling Chip":[79],"Pandora\u0027s Box":["After Image","Footwork","Blur","Setup","Blade Dance","Eviscerate"],"Letter Opener":[22],"Boot":[9],"obtain_stats":[{"Sozu":17,"Ninja Scroll":9,"Mummified Hand":44,"Gambling Chip":13,"Pandora\u0027s Box":34,"Letter Opener":40,"Boot":46,"Akabeko":26,"FossilizedHelix":42,"Ring of the Snake":0},{"Sozu":8,"Ninja Scroll":5,"Mummified Hand":19,"Gambling Chip":6,"Pandora\u0027s Box":14,"Letter Opener":17,"Boot":21,"Akabeko":12,"FossilizedHelix":18,"Ring of the Snake":0},{"Sozu":37,"Ninja Scroll":21,"Mummified Hand":71,"Gambling Chip":24,"Pandora\u0027s Box":58,"Letter Opener":66,"Boot":75,"Akabeko":48,"FossilizedHelix":69,"Ring of the Snake":0}],"Ring of the Snake":[44]},"card_choices":[{"not_picked":["Dagger Throw","Poisoned Stab","Dodge and Roll"],"picked":"SKIP","floor":1.0},{"not_picked":["Deflect","Slice"],"picked":"Doppelganger","floor":2.0},{"not_picked":["Dodge and Roll","Prepared","Slice"],"picked":"SKIP","floor":5.0},{"not_picked":["Slice","Dodge and Roll","Predator"],"picked":"SKIP","floor":6.0},{"not_picked":["Slice","Dodge and Roll"],"picked":"Predator","floor":6.0},{"not_picked":["Quick Slash","Riddle With Holes","Prepared"],"picked":"SKIP","floor":8.0},{"not_picked":["Well Laid Plans","Choke"],"picked":"Accuracy","floor":13.0},{"not_picked":["Outmaneuver","Endless Agony","Blur"],"picked":"SKIP","floor":14.0},{"not_picked":["Die Die Die","Unload"],"picked":"Corpse Explosion","floor":16.0},{"not_picked":["Blur","Flechettes"],"picked":"Backflip","floor":18.0},{"not_picked":["Bouncing Flask","Infinite Blades"],"picked":"Blade Dance","floor":19.0},{"not_picked":["Heel Hook","Escape Plan","Poisoned Stab+1"],"picked":"SKIP","floor":20},{"not_picked":["Deflect","Bouncing Flask+1"],"picked":"Accuracy","floor":22},{"not_picked":["Backstab","Dagger Spray","Outmaneuver"],"picked":"SKIP","floor":31},{"not_picked":["Unload","Bullet Time"],"picked":"Storm of Steel","floor":33},{"not_picked":["Accuracy","Acrobatics","Quick Slash"],"picked":"SKIP","floor":35},{"not_picked":["Accuracy","Quick Slash"],"picked":"Acrobatics","floor":35},{"not_picked":["Dagger Spray+1","Deadly Poison+1","Deflect"],"picked":"SKIP","floor":39},{"not_picked":["Footwork","Dagger Spray+1","Endless Agony"],"picked":"SKIP","floor":40},{"not_picked":["Crippling Poison","Poisoned Stab+1","All Out Attack"],"picked":"SKIP","floor":42},{"not_picked":["Footwork+1","Accuracy"],"picked":"Terror+1","floor":44},{"not_picked":["Leg Sweep","Sucker Punch+1","Terror+1"],"picked":"SKIP","floor":45},{"not_picked":["Finisher","Envenom","Setup"],"picked":"SKIP","floor":46}],"player_experience":235401,"relics_obtained":[{"floor":9.0,"key":"Ninja Scroll"},{"floor":13.0,"key":"Gambling Chip"},{"floor":26,"key":"Akabeko"},{"floor":40,"key":"Letter Opener"},{"floor":42,"key":"FossilizedHelix"},{"floor":44,"key":"Mummified Hand"},{"floor":46,"key":"Boot"}],"event_choices":[{"damage_healed":0.0,"max_hp_gain":0.0,"max_hp_loss":0.0,"gold_gain":0.0,"event_name":"The Woman in Blue","player_choice":"Bought 3 Potions","floor":4.0,"gold_loss":0.0,"damage_taken":0.0},{"damage_healed":0.0,"max_hp_gain":0.0,"max_hp_loss":0.0,"gold_gain":0.0,"event_name":"Lab","player_choice":"Got Potions","floor":11.0,"gold_loss":0.0,"damage_taken":0.0},{"damage_healed":0,"gold_gain":50,"player_choice":"Stole From Cult","damage_taken":0,"max_hp_gain":0,"max_hp_loss":0,"event_name":"Nest","floor":21,"gold_loss":0},{"damage_healed":0,"gold_gain":0,"cards_transformed":["Strike_G","Strike_G"],"player_choice":"Became Test Subject","damage_taken":0,"max_hp_gain":0,"max_hp_loss":0,"event_name":"Drug Dealer","floor":28,"gold_loss":0,"cards_obtained":["Masterful Stab","Cloak And Dagger"]},{"damage_healed":0,"gold_gain":0,"player_choice":"Ignored","damage_taken":0,"max_hp_gain":0,"max_hp_loss":0,"event_name":"N\u0027loth","floor":29,"gold_loss":0},{"cards_removed":["Dagger Spray"],"damage_healed":0,"gold_gain":0,"player_choice":"Removed Attack","damage_taken":0,"max_hp_gain":0,"max_hp_loss":0,"event_name":"Falling","floor":36,"gold_loss":0},{"cards_removed":["Setup"],"damage_healed":0,"gold_gain":0,"player_choice":"Purged","damage_taken":0,"max_hp_gain":0,"max_hp_loss":0,"event_name":"Purifier","floor":37,"gold_loss":0}],"is_beta":false,"boss_relics":[{"not_picked":["SlaversCollar","Black Star"],"picked":"Sozu"},{"not_picked":["Empty Cage","Busted Crown"],"picked":"Pandora\u0027s Box"}],"items_purged_floors":[3,24,38],"is_endless":false,"potions_floor_spawned":[5,8,13,22,31,33,40,42,45],"killed_by":"Writhing Mass","ascension_level":20}}