{"host":"ueef25wtkg2eer3h","time":1607638991,"event":{"mods":["BaseMod","DeckTracker","StSLib","AchievementEnabler","Googly Eyes","Colored Powertips","Minty Spire (QoL Compilation)","Colored Map","Displayed Cursed Tome","Highlight Path","Slay the Relics Exporter"],"gold_per_floor":[113,131,146,146,146,171,171,10,80,90,5,23,23,44,44,163,163,188,32,32,32,52,52,76,122,122,138,138,138],"floor_reached":28,"playtime":2139,"items_purged":["Strike_B"],"score":319,"play_id":"03d03545-65d5-4545-9b0b-7f2ac77b957a","local_time":"20201210232311","is_ascension_mode":true,"campfire_choices":[{"data":"Streamline","floor":7,"key":"SMITH"},{"floor":15,"key":"REST"},{"data":"Fusion","floor":23,"key":"SMITH"}],"circlet_count":0,"master_deck":["Strike_B","Strike_B+1","Defend_B","Defend_B","Defend_B","Defend_B","Zap","Dualcast+1","Rebound","Ball Lightning","Go for the Eyes","Regret","Streamline+1","Capacitor","Beam Cell","Barrage","Panacea","Go for the Eyes","Injury","BootSequence","Seek","Go for the Eyes","Fusion+1","Barrage+1","Rebound"],"relics":["Cracked Core","DataDisk","Toy Ornithopter","Centennial Puzzle","Gremlin Horn","Golden Idol","SlaversCollar","Happy Flower","MutagenicStrength","Omamori","Ornamental Fan"],"acts_visited":["Exordium","TheCity"],"potions_floor_usage":[12,14,18,22,28],"damage_taken":[{"damage":2,"enemies":"2 Louse","floor":1,"turns":3},{"damage":7,"enemies":"Jaw Worm","floor":2,"turns":2},{"damage":0,"enemies":"Small Slimes","floor":3,"turns":2},{"damage":22,"enemies":"Gremlin Nob","floor":6,"turns":4},{"damage":0,"enemies":"Exordium Wildlife","floor":10,"turns":3},{"damage":0,"enemies":"3 Louse","floor":12,"turns":1},{"damage":0,"enemies":"Red Slaver","floor":14,"turns":1},{"damage":30,"enemies":"Hexaghost","floor":16,"turns":9},{"damage":17,"enemies":"2 Thieves","floor":18,"turns":3},{"damage":10,"enemies":"Shell Parasite","floor":22,"turns":4},{"damage":6,"enemies":"Centurion and Healer","floor":24,"turns":3},{"damage":25,"enemies":"Chosen and Byrds","floor":27,"turns":6},{"damage":1,"enemies":"Colosseum Slavers","floor":28,"turns":2},{"damage":23,"enemies":"Colosseum Nobs","floor":28,"turns":3}],"seed_played":"-2716883758615024670","potions_obtained":[{"floor":3,"key":"Explosive Potion"},{"floor":6,"key":"Explosive Potion"},{"floor":10,"key":"Strength Potion"},{"floor":16,"key":"Block Potion"},{"floor":24,"key":"EssenceOfSteel"}],"is_trial":false,"path_per_floor":["M","M","M","?","?","E","R","$","T","M","$","M","?","M","R","B",null,"M","$","?","?","M","R","M","T","T","M","?"],"character_chosen":"DEFECT","items_purchased":["Capacitor","Beam Cell","Panacea","Happy Flower"],"campfire_rested":1,"item_purchase_floors":[8,8,11,19],"current_hp_per_floor":[66,59,59,44,44,22,22,22,22,22,22,27,27,32,54,24,62,50,50,50,50,45,45,39,39,39,14,0,0],"gold":138,"neow_bonus":"RANDOM_COMMON_RELIC","is_daily":false,"chose_seed":false,"campfire_upgraded":2,"win_rate":0,"timestamp":1607638991,"path_taken":["M","M","M","?","?","E","R","$","T","M","?","M","?","M","R","BOSS","M","$","?","?","M","R","?","?","T","M","?"],"build_version":"2020-11-30","purchased_purges":1,"victory":false,"max_hp_per_floor":[75,75,75,75,75,75,75,75,75,75,75,75,75,75,75,75,75,75,75,75,75,75,75,75,75,75,75,75,75],"card_choices":[{"not_picked":["Leap","Compile Driver"],"picked":"Rebound","floor":1},{"not_picked":["Reprogram","Hologram"],"picked":"Ball Lightning","floor":2},{"not_picked":["Rainbow","Storm"],"picked":"Go for the Eyes","floor":3},{"not_picked":["Compile Driver","Gash"],"picked":"Streamline","floor":6},{"not_picked":["Rip and Tear","Conserve Battery"],"picked":"Barrage","floor":10},{"not_picked":["Lockon","Stack"],"picked":"Go for the Eyes","floor":12},{"not_picked":["Consume","Rip and Tear"],"picked":"BootSequence","floor":14},{"not_picked":["Meteor Strike","Multi-Cast"],"picked":"Seek","floor":16},{"not_picked":["Beam Cell","Conserve Battery+1"],"picked":"Go for the Eyes","floor":18},{"not_picked":["Hologram","Streamline"],"picked":"Fusion","floor":22},{"not_picked":["Leap","Undo"],"picked":"Barrage+1","floor":24},{"not_picked":["Lockon","Hyperbeam"],"picked":"Rebound","floor":27}],"player_experience":235003,"relics_obtained":[{"floor":6,"key":"Centennial Puzzle"},{"floor":9,"key":"Gremlin Horn"},{"floor":25,"key":"Omamori"},{"floor":26,"key":"Ornamental Fan"}],"event_choices":[{"damage_healed":0,"gold_gain":0,"player_choice":"Entered Light","damage_taken":15,"max_hp_gain":0,"max_hp_loss":0,"event_name":"Shining Light","floor":4,"gold_loss":0,"cards_upgraded":["Dualcast","Strike_B"]},{"damage_healed":0,"gold_gain":0,"player_choice":"Box","damage_taken":0,"relics_obtained":["Toy Ornithopter"],"max_hp_gain":0,"max_hp_loss":0,"event_name":"Big Fish","floor":5,"gold_loss":0,"cards_obtained":["Regret"]},{"damage_healed":0,"gold_gain":0,"player_choice":"Take Wound","damage_taken":0,"relics_obtained":["Golden Idol"],"max_hp_gain":0,"max_hp_loss":0,"event_name":"Golden Idol","floor":13,"gold_loss":0,"cards_obtained":["Injury"]},{"damage_healed":0,"gold_gain":0,"player_choice":"Inject Mutagens","damage_taken":0,"relics_obtained":["MutagenicStrength"],"max_hp_gain":0,"max_hp_loss":0,"event_name":"Drug Dealer","floor":20,"gold_loss":0},{"cards_removed":["Strike_B"],"damage_healed":0,"gold_gain":0,"player_choice":"Purged","damage_taken":0,"max_hp_gain":0,"max_hp_loss":0,"event_name":"Purifier","floor":21,"gold_loss":0},{"damage_healed":0,"gold_gain":0,"player_choice":"Fight","damage_taken":0,"max_hp_gain":0,"max_hp_loss":0,"event_name":"Colosseum","floor":28,"gold_loss":0},{"damage_healed":0,"gold_gain":0,"player_choice":"Fought Nobs","damage_taken":0,"max_hp_gain":0,"max_hp_loss":0,"event_name":"Colosseum","floor":28,"gold_loss":0}],"is_beta":false,"boss_relics":[{"not_picked":["Coffee Dripper","SacredBark"],"picked":"SlaversCollar"}],"items_purged_floors":[8],"is_endless":false,"potions_floor_spawned":[3,6,10,16,24,28],"killed_by":"Colosseum Nobs","ascension_level":9}}