{"host":"l2dnabsh5e0fsksb","time":1607608174,"event":{"gold_per_floor":[114,114,130,31,31,71,71,102,151,151,201,214,250,269,269,397,397,421,8,32,32,47,91,91,129,129,148,2,2,41,65,65,184,184,198,39,39,372,147,147,147,172,195,195,211,236,254,304,304,304],"floor_reached":51,"playtime":5848,"items_purged":["wariomod:Strike","wariomod:Strike","wariomod:Defend"],"score":942,"play_id":"08a48788-fa0a-46d1-8dfd-0327432442ff","local_time":"20201211001934","is_ascension_mode":true,"campfire_choices":[{"data":"wariomod:BlastDash","floor":7,"key":"SMITH"},{"floor":10,"key":"REST"},{"data":"wariomod:DropBash","floor":15,"key":"SMITH"},{"floor":32,"key":"REST"},{"data":"Apotheosis","floor":40,"key":"SMITH"},{"data":"wariomod:ChargeForth","floor":44,"key":"SMITH"},{"floor":49,"key":"REST"}],"neow_cost":"NONE","seed_source_timestamp":50720125660843,"circlet_count":0,"master_deck":["wariomod:Strike","wariomod:Strike","wariomod:Defend","wariomod:Defend","wariomod:Step","wariomod:Leap","wariomod:SpacialMastery+1","wariomod:Bombshield","wariomod:ThatsNotAll","wariomod:Bombshield","wariomod:BlastDash+1","wariomod:RacingSpeed","wariomod:ChargeForth+1","wariomod:DropBash+1","wariomod:Hopshield","wariomod:KeyFinisher","wariomod:SmackSlam","Apotheosis+1","wariomod:EndlessBlast","wariomod:Goblast+1","wariomod:WhirlwindBurst","wariomod:RacingSpeed+1","wariomod:PoisonBombs","wariomod:SmackSlam+1","wariomod:GreaterGuard","wariomod:RacingSpeed","wariomod:WhirlwindBurst+1","wariomod:ThatsNotAll+1","wariomod:DoubleDash+1","wariomod:TrekTime+1","wariomod:HappyHop+1"],"relics":["wariomod:TheHat","Happy Flower","Torii","Omamori","Guardian:PocketSentry","Bronze Scales","Empty Cage","wariomod:SmileyHat","Akabeko","Matryoshka","Bag of Preparation","Vajra","Bottled Lightning","MealTicket","Calipers","Calling Bell","Art of War","StrikeDummy","TungstenRod","Medical Kit","Lantern","Anchor","Regal Pillow","Ginger","Unceasing Top"],"potions_floor_usage":[16,16,23,23,25,25,25,25,30,30,33,42,50],"damage_taken":[{"damage":2,"enemies":"Jaw Worm","floor":1,"turns":2},{"damage":0,"enemies":"Cultist","floor":3,"turns":3},{"damage":19,"enemies":"Lagavulin","floor":6,"turns":8},{"damage":25,"enemies":"3 Sentries","floor":8,"turns":5},{"damage":0,"enemies":"2 Louse","floor":12,"turns":2},{"damage":12,"enemies":"Gremlin Nob","floor":13,"turns":3},{"damage":0,"enemies":"Looter","floor":14,"turns":3},{"damage":10,"enemies":"The Guardian","floor":16,"turns":7},{"damage":1,"enemies":"Shell Parasite","floor":18,"turns":2},{"damage":0,"enemies":"Chosen","floor":20,"turns":4},{"damage":17,"enemies":"Snecko","floor":22,"turns":5},{"damage":8,"enemies":"Book of Stabbing","floor":23,"turns":5},{"damage":7,"enemies":"Slavers","floor":25,"turns":3},{"damage":12,"enemies":"Centurion and Healer","floor":27,"turns":4},{"damage":9,"enemies":"Book of Stabbing","floor":30,"turns":5},{"damage":9,"enemies":"Snake Plant","floor":31,"turns":3},{"damage":17,"enemies":"Champ","floor":33,"turns":8},{"damage":5,"enemies":"3 Darklings","floor":35,"turns":7},{"damage":17,"enemies":"Giant Head","floor":42,"turns":7},{"damage":0,"enemies":"3 Shapes","floor":45,"turns":4},{"damage":0,"enemies":"Nemesis","floor":46,"turns":6},{"damage":23,"enemies":"Writhing Mass","floor":47,"turns":6},{"damage":11,"enemies":"Mind Bloom Boss Battle","floor":48,"turns":4},{"damage":27,"enemies":"Awakened One","floor":50,"turns":10}],"seed_played":"9143326873172240853","potions_obtained":[{"floor":1,"key":"Swift Potion"},{"floor":6,"key":"Fire Potion"},{"floor":8,"key":"Regen Potion"},{"floor":14,"key":"DuplicationPotion"},{"floor":16,"key":"Block Potion"},{"floor":20,"key":"FearPotion"},{"floor":23,"key":"EntropicBrew"},{"floor":25,"key":"SteroidPotion"},{"floor":31,"key":"GamblersBrew"},{"floor":35,"key":"Slimebound:ThreeZeroPotion"},{"floor":48,"key":"Weak Potion"}],"is_trial":false,"path_per_floor":["M","?","M","$","?","E","R","E","T","R","T","M","E","M","R","B",null,"M","$","M","?","M","E","T","E","T","M","$","$","E","M","R","B",null,"M","$","?","?","$","R","?","E","T","R","M","E","M","?","R","B",null],"character_chosen":"THE_BANDIT","items_purchased":["wariomod:Bombshield","wariomod:SmileyHat","Apotheosis","MealTicket","wariomod:GreaterGuard","Medical Kit","wariomod:RacingSpeed"],"campfire_rested":3,"item_purchase_floors":[4,19,19,28,36,39,39],"current_hp_per_floor":[78,78,78,78,78,59,59,34,34,58,58,58,46,46,46,51,80,79,79,79,79,62,54,54,47,47,35,35,50,41,32,56,39,80,75,80,80,80,80,80,80,63,63,63,63,63,40,29,68,41],"gold":304,"neow_bonus":"ONE_RANDOM_RARE_CARD","is_prod":false,"is_daily":false,"chose_seed":false,"campfire_upgraded":4,"win_rate":0,"timestamp":1607608174,"path_taken":["M","?","M","$","?","E","R","E","T","R","?","M","E","M","R","BOSS","M","$","?","?","M","E","?","E","T","M","?","$","E","?","R","BOSS","M","$","?","?","?","R","?","E","T","R","M","E","M","?","R","BOSS"],"build_version":"2020-11-30","purchased_purges":3,"victory":true,"max_hp_per_floor":[80,80,80,80,80,80,80,80,80,80,80,80,80,80,80,80,80,80,80,80,80,80,80,80,80,80,80,80,80,80,80,80,80,80,80,80,80,80,80,80,80,80,80,80,80,80,80,80,80,80],"card_choices":[{"not_picked":["wariomod:ThatsNotAll","wariomod:WhirlwindBurst"],"picked":"wariomod:Bombshield","floor":1},{"not_picked":["wariomod:EmptyMind","wariomod:CursedSpaces"],"picked":"wariomod:ThatsNotAll","floor":3},{"not_picked":["wariomod:ShipSmash","wariomod:BodyBlock"],"picked":"wariomod:BlastDash","floor":6},{"not_picked":["wariomod:BoomBoom","wariomod:DoubleDash"],"picked":"wariomod:RacingSpeed","floor":8},{"not_picked":["wariomod:Immortalize","wariomod:ThatsNotAll"],"picked":"wariomod:ChargeForth","floor":12},{"not_picked":["wariomod:Game","wariomod:TheGrandJourney"],"picked":"wariomod:DropBash","floor":13},{"not_picked":["wariomod:BoomBoom","wariomod:OctoJump"],"picked":"wariomod:Hopshield","floor":14},{"not_picked":["wariomod:WipeClean","wariomod:GodlyGift"],"picked":"wariomod:KeyFinisher","floor":16},{"not_picked":["wariomod:Goblast","wariomod:DoubleDip"],"picked":"wariomod:SmackSlam","floor":18},{"not_picked":["wariomod:Goblast","wariomod:HastyRush"],"picked":"wariomod:EndlessBlast","floor":20},{"not_picked":["wariomod:Goblast","wariomod:WhirlwindBurst","wariomod:Smackflip"],"picked":"SKIP","floor":22},{"not_picked":["wariomod:SpaceSwap+1","wariomod:f","wariomod:KeyFinisher"],"picked":"SKIP","floor":23},{"not_picked":["wariomod:PayItForwards","wariomod:SpikeSlash+1"],"picked":"wariomod:TheGrandJourney","floor":25},{"not_picked":["wariomod:AwfulLook+1","wariomod:EmptyMind"],"picked":"wariomod:Goblast+1","floor":27},{"not_picked":["wariomod:EmptyMind","wariomod:SelfImprison"],"picked":"wariomod:WhirlwindBurst","floor":30},{"not_picked":["wariomod:SmallSprint","wariomod:f"],"picked":"wariomod:RacingSpeed+1","floor":31},{"not_picked":["wariomod:VeryLongJump","wariomod:GodlyGift"],"picked":"wariomod:PoisonBombs","floor":33},{"not_picked":["wariomod:Bombshield","wariomod:Leapslam+1"],"picked":"wariomod:SmackSlam+1","floor":35},{"not_picked":["wariomod:DropBash","wariomod:DoubleDip+1"],"picked":"wariomod:WhirlwindBurst+1","floor":42},{"not_picked":["wariomod:CursedSpaces","wariomod:Goblast+1"],"picked":"wariomod:ThatsNotAll+1","floor":45},{"not_picked":["wariomod:Immortalize","wariomod:BlastDash"],"picked":"wariomod:DoubleDash+1","floor":46},{"not_picked":["wariomod:EmptyMind","wariomod:SpikeSlash+1"],"picked":"wariomod:TrekTime+1","floor":47},{"not_picked":["wariomod:Hopshield","wariomod:DeepDig+1"],"picked":"wariomod:HappyHop+1","floor":48}],"player_experience":1725108,"relics_obtained":[{"floor":6,"key":"Happy Flower"},{"floor":8,"key":"Torii"},{"floor":9,"key":"Omamori"},{"floor":11,"key":"Guardian:PocketSentry"},{"floor":13,"key":"Bronze Scales"},{"floor":23,"key":"Akabeko"},{"floor":24,"key":"Matryoshka"},{"floor":25,"key":"Bag of Preparation"},{"floor":26,"key":"Vajra"},{"floor":26,"key":"Bottled Lightning"},{"floor":30,"key":"Calipers"},{"floor":34,"key":"Art of War"},{"floor":34,"key":"StrikeDummy"},{"floor":34,"key":"TungstenRod"},{"floor":42,"key":"Lantern"},{"floor":43,"key":"Anchor"},{"floor":43,"key":"Regal Pillow"},{"floor":46,"key":"Ginger"},{"floor":48,"key":"Unceasing Top"}],"event_choices":[{"damage_healed":0,"gold_gain":0,"player_choice":"Grow","damage_taken":0,"max_hp_gain":0,"max_hp_loss":0,"event_name":"Living Wall","floor":2,"gold_loss":0,"cards_upgraded":["wariomod:SpacialMastery"]},{"damage_healed":0,"gold_gain":0,"player_choice":"Take Wound","damage_taken":0,"relics_obtained":["Golden Idol"],"max_hp_gain":0,"max_hp_loss":0,"event_name":"Golden Idol","floor":5,"gold_loss":0,"cards_obtained":["Injury"]},{"damage_healed":0,"gold_gain":0,"player_choice":"Ignored","damage_taken":0,"max_hp_gain":0,"max_hp_loss":0,"event_name":"Ghosts","floor":21,"gold_loss":0},{"cards_removed":["wariomod:TheGrandJourney"],"damage_healed":0,"gold_gain":0,"player_choice":"Removed Skill","damage_taken":0,"max_hp_gain":0,"max_hp_loss":0,"event_name":"Falling","floor":37,"gold_loss":0},{"damage_healed":0,"gold_gain":333,"player_choice":"Gave Idol","damage_taken":0,"max_hp_gain":0,"max_hp_loss":0,"event_name":"The Moai Head","floor":38,"relics_lost":["Golden Idol"],"gold_loss":0},{"damage_healed":20,"gold_gain":0,"player_choice":"Writhe","damage_taken":0,"max_hp_gain":0,"max_hp_loss":0,"event_name":"Winding Halls","floor":41,"gold_loss":0,"cards_obtained":["Writhe"]},{"damage_healed":0,"gold_gain":0,"player_choice":"Fight","damage_taken":0,"max_hp_gain":0,"max_hp_loss":0,"event_name":"MindBloom","floor":48,"gold_loss":0}],"is_beta":false,"boss_relics":[{"not_picked":["Runic Pyramid","Black Star"],"picked":"Empty Cage"},{"not_picked":["wariomod:SuperHat","Tiny House"],"picked":"Calling Bell"}],"items_purged_floors":[4,19,36],"is_endless":false,"potions_floor_spawned":[1,6,8,12,14,16,20,23,25,31,35,48],"ascension_level":3}}