{"host":"10hinapzqlh39548","time":1607612931,"event":{"mods":["BaseMod","Colored Powertips","StSLib","Minty Spire (QoL Compilation)","MostiFishMod","Replay The Spire","Wandering Minibosses"],"gold_per_floor":[113,113,38,56,66,66,16,16,16,47,47,67,67,41,41,136,136,151,151,61,61],"floor_reached":20,"playtime":1228,"items_purged":["Pain","Strike_B"],"score":264,"play_id":"7770bcf6-a29e-4646-a7cc-d59a314822d4","local_time":"20201210160851","is_ascension_mode":true,"campfire_choices":[{"data":"Zap","floor":6.0,"key":"SMITH"},{"data":"Hologram","floor":8.0,"key":"SMITH"},{"floor":11.0,"key":"REST"},{"data":"FTL","floor":13.0,"key":"SMITH"},{"floor":15.0,"key":"REST"}],"circlet_count":0,"master_deck":["AscendersBane","Strike_B","Defend_B","Defend_B","Defend_B","Defend_B","Zap+1","Dualcast","Hologram+1","Go for the Eyes","FTL+1","ReplayGash","Gash","MostiFishMod:DawningShadow","Gash","ReplayTheSpireMod:Private Reserves","Go for the Eyes"],"special_seed":0,"relics":["FrozenCore","DaveBox","Question Card","WarpedTongs","Pondfish Scales","ImportantClient","DiscerningMonocle","Cables","Bottled Lightning"],"acts_visited":[],"potions_floor_usage":[],"damage_taken":[{"damage":4.0,"enemies":"2 Louse","floor":1.0,"turns":3.0},{"damage":6.0,"enemies":"Cultist","floor":4.0,"turns":5.0},{"damage":5.0,"enemies":"Small Slimes","floor":5.0,"turns":5.0},{"damage":35.0,"enemies":"Gremlin Nob","floor":10.0,"turns":5.0},{"damage":0.0,"enemies":"Blue Slaver","floor":12.0,"turns":3.0},{"damage":51.0,"enemies":"Fading Forest","floor":16.0,"turns":11.0},{"damage":27.0,"enemies":"Chosen","floor":18.0,"turns":7.0},{"damage":46,"enemies":"2 Thieves","floor":20,"turns":3}],"seed_played":"1352496353326129673","potions_obtained":[{"floor":10.0,"key":"Block Potion"},{"floor":16.0,"key":"SmokeBomb"}],"is_trial":false,"path_per_floor":["M","?","$","M","M","R","?","R","T","E","R","M","R","$","R","B",null,"M","$","M"],"character_chosen":"DEFECT","items_purchased":["Gash","Cables","Gash","ReplayTheSpireMod:Private Reserves","Go for the Eyes","Bottled Lightning"],"campfire_rested":2,"item_purchase_floors":[14,19,19,19,19,19],"current_hp_per_floor":[64,64,64,58,53,53,53,53,53,18,40,40,40,40,62,11,59,32,32,0,0],"gold":61,"neow_bonus":"REMOVE_CARD","is_daily":false,"chose_seed":false,"campfire_upgraded":3,"win_rate":0,"timestamp":1607612931,"path_taken":["M","?","?","M","M","R","?","R","T","E","R","M","R","$","R","BOSS","M","$","M"],"build_version":"2020-11-30","purchased_purges":2,"victory":false,"max_hp_per_floor":[75,75,75,75,75,75,75,75,75,75,75,75,75,75,75,75,75,75,75,75,75],"card_choices":[{"not_picked":["Sweeping Beam","Heatsinks"],"picked":"Hologram","floor":1.0},{"not_picked":["ReplaySolidLightProjector","Conserve Battery","Streamline"],"picked":"Go for the Eyes","floor":4.0},{"not_picked":["Skim","Crystallizer","MostiFishMod:PushDownKick","Rebound"],"picked":"SKIP","floor":5.0},{"not_picked":["Ball Lightning","Streamline","Rebound"],"picked":"FTL","floor":10.0},{"not_picked":["Rip and Tear","Stack","Coolheaded"],"picked":"ReplayGash","floor":12.0},{"not_picked":["Thunder Strike","MostiFishMod:Culaccino","MostiFishMod:TalkingToTheRain"],"picked":"MostiFishMod:DawningShadow","floor":16.0},{"not_picked":["Coolheaded","Heatsinks","Sweeping Beam","Ball Lightning+1"],"picked":"SKIP","floor":18.0}],"player_experience":1079081,"relics_obtained":[{"floor":1.0,"key":"Question Card"},{"floor":10.0,"key":"Pondfish Scales"},{"floor":16.0,"key":"ImportantClient"}],"event_choices":[{"damage_healed":0.0,"max_hp_gain":0.0,"max_hp_loss":0.0,"gold_gain":0.0,"event_name":"Accursed Blacksmith","player_choice":"Rummage","floor":2.0,"gold_loss":0.0,"damage_taken":0.0,"relics_obtained":["WarpedTongs"],"cards_obtained":["Pain"]},{"cards_removed":["Strike_B"],"damage_healed":0.0,"max_hp_gain":0.0,"max_hp_loss":0.0,"gold_gain":0.0,"event_name":"The Cleric","player_choice":"Card Removal","floor":7.0,"gold_loss":50.0,"damage_taken":0.0}],"is_beta":false,"boss_relics":[{"not_picked":["TakeMeEscape","ReplayTheSpireMod:DimensionalGlitch"],"picked":"FrozenCore"}],"items_purged_floors":[3,19],"is_endless":false,"potions_floor_spawned":[10,16],"killed_by":"2 Thieves","ascension_level":11}}