{"host":"u5hfrceatticevdm","time":1607570956,"event":{"gold_per_floor":[119,119,119,139,139,139,139,139,163,198,210,210,221,239,239,239,239],"floor_reached":16,"playtime":863,"items_purged":[],"score":100,"play_id":"329eeb79-22da-4598-9f6b-ae57a1de9e15","local_time":"20201209222916","is_ascension_mode":false,"campfire_choices":[{"data":"Fusion","floor":6,"key":"SMITH"},{"floor":12,"key":"REST"},{"floor":15,"key":"REST"}],"neow_cost":"NONE","seed_source_timestamp":1132109529610200,"circlet_count":0,"master_deck":["Strike_B","Strike_B","Strike_B","Strike_B","Defend_B","Defend_B","Defend_B","Defend_B","Dualcast","Defragment+1","hubris:DuctTapeCard","Beam Cell","Leap","StuffTheSpire:Plugnplay","Streamline"],"relics":["Cracked Core","halation:PinkSoulGem","hubris:Towel","hubris:DuctTape","Omamori","hubris:SlimyHat"],"potions_floor_usage":[10,16,16,16],"damage_taken":[{"damage":4,"enemies":"Jaw Worm","floor":1,"turns":4},{"damage":4,"enemies":"Cultist","floor":4,"turns":4},{"damage":46,"enemies":"Lagavulin","floor":10,"turns":7},{"damage":2,"enemies":"2 Louse","floor":11,"turns":2},{"damage":0,"enemies":"Large Slime","floor":13,"turns":4},{"damage":12,"enemies":"Blue Slaver","floor":14,"turns":3},{"damage":82,"enemies":"Fading Forest","floor":16,"turns":10}],"seed_played":"5313122772759087370","potions_obtained":[{"floor":1,"key":"Regen Potion"},{"floor":10,"key":"PowerPotion"},{"floor":11,"key":"Elixir"},{"floor":13,"key":"EntropicBrew"}],"is_trial":false,"path_per_floor":["M","?","?","M","?","R","?","T","T","E","M","R","M","M","R","B"],"character_chosen":"DEFECT","items_purchased":[],"campfire_rested":2,"item_purchase_floors":[],"current_hp_per_floor":[78,78,78,74,74,74,74,74,74,33,31,55,55,43,67,0,0],"gold":239,"neow_bonus":"TEN_PERCENT_HP_BONUS","is_prod":false,"is_daily":false,"chose_seed":false,"campfire_upgraded":1,"win_rate":0,"timestamp":1607570956,"path_taken":["M","?","?","?","?","R","?","?","T","E","M","R","M","?","R","BOSS"],"build_version":"2020-11-30","purchased_purges":0,"victory":false,"max_hp_per_floor":[82,82,82,82,82,82,82,82,82,82,82,82,82,82,82,82,82],"card_choices":[{"not_picked":["Double Energy","Ball Lightning"],"picked":"Defragment","floor":1},{"not_picked":["Cold Snap","BasicCrystalCard"],"picked":"Fusion","floor":4},{"not_picked":["BasicCrystalCard","Barrage"],"picked":"Beam Cell","floor":10},{"not_picked":["Streamline","Turbo"],"picked":"Leap","floor":11},{"not_picked":["Gash","Rebound"],"picked":"StuffTheSpire:Plugnplay","floor":13},{"not_picked":["ReplayTheSpireMod:System Scan","Gash"],"picked":"Streamline","floor":14}],"player_experience":742737,"relics_obtained":[{"floor":8,"key":"hubris:DuctTape"},{"floor":9,"key":"Omamori"},{"floor":10,"key":"hubris:SlimyHat"}],"event_choices":[{"damage_healed":0,"gold_gain":0,"player_choice":"Grow","damage_taken":0,"max_hp_gain":0,"max_hp_loss":0,"event_name":"Living Wall","floor":2,"gold_loss":0,"cards_upgraded":["Defragment"]},{"damage_healed":0,"gold_gain":0,"player_choice":"Ignored","damage_taken":0,"max_hp_gain":0,"max_hp_loss":0,"event_name":"Purifier","floor":3,"gold_loss":0}],"is_beta":false,"boss_relics":[],"items_purged_floors":[],"is_endless":false,"potions_floor_spawned":[1,10,11,13],"killed_by":"Fading Forest","ascension_level":0}}