{"host":"zt56gx41altgtukx","time":1607578168,"event":{"gold_per_floor":[109,109,123,123,137,165,176,196,196,196,37,37,37,53,53,153,153,172,190,247,33,33,33,69,69,69,69,85,97,123,135,135,239,239,239,239],"floor_reached":35,"playtime":6741,"items_purged":[],"score":479,"play_id":"398b2c02-ea8b-4d12-bbe4-66091bb198a8","local_time":"20201209232928","is_ascension_mode":false,"campfire_choices":[{"floor":10.0,"key":"REST"},{"data":"TheCursedMod:HellfireBreathing","floor":13.0,"key":"SMITH"},{"floor":15.0,"key":"REST"},{"floor":23.0,"key":"REST"},{"floor":25.0,"key":"REST"},{"data":"TheCursedMod:ReleasedKnowledge","floor":27.0,"key":"SMITH"},{"floor":32.0,"key":"REST"}],"neow_cost":"NONE","seed_source_timestamp":0,"circlet_count":0,"master_deck":["TheCursedMod:Strike_TheCursed","TheCursedMod:Strike_TheCursed","TheCursedMod:Defend_TheCursed","TheCursedMod:Defend_TheCursed","TheCursedMod:Defend_TheCursed","TheCursedMod:CursedWand","TheCursedMod:CleanUpWorkshop","TheCursedMod:Dregs","TheCursedMod:SmokeScreen","Regret","TheCursedMod:Stretching","Pain","TheCursedMod:ReleasedKnowledge+1","TheCursedMod:RapidMovement","TheCursedMod:SpitefulStrike","TheCursedMod:BloodBarrier","TheCursedMod:CursedShiv","TheCursedMod:HellfireBreathing+1","TheCursedMod:DoubleShield","TheCursedMod:CircleOfAmplification","TheCursedMod:ShockAndAwe","Replay:Hysterical Blindness","Normality","TheCursedMod:WearCloak","TheCursedMod:LuckyCharm","TheCursedMod:CursedAmulet","TheCursedMod:HellsGateOpen","TheCursedMod:HellsGateOpen","TheCursedMod:Grudge","TheCursedMod:AntiAging","TheCursedMod:CircleOfFlame","TheCursedMod:TacticalStrike","TheCursedMod:CircleOfFlame","TheCursedMod:CircleOfAbyss"],"special_seed":0,"relics":["TheCursedMod:BlackMagic101","NeowsBlessing","StuffTheSpire:RedRose","WarpedTongs","Bag of Marbles","StuffTheSpire:Nightcore","Kintsugi","PreservedInsect","Hallownest:NailmastersGloryRelic","Quantum Egg","hubris:DeckOfHolding","aspiration:StickyExplosives_weak","StuffTheSpire:RunicHypercube"],"potions_floor_usage":[],"damage_taken":[{"damage":0.0,"enemies":"Cultist","floor":1.0,"turns":1.0},{"damage":0.0,"enemies":"Jaw Worm","floor":3.0,"turns":1.0},{"damage":0.0,"enemies":"Small Slimes","floor":5.0,"turns":1.0},{"damage":36.0,"enemies":"3 Sentries","floor":6.0,"turns":9.0},{"damage":7.0,"enemies":"conspire:2 RoseBushes","floor":7.0,"turns":4.0},{"damage":1.0,"enemies":"Blue Slaver","floor":8.0,"turns":3.0},{"damage":1.0,"enemies":"Exordium Wildlife","floor":14.0,"turns":3.0},{"damage":46.0,"enemies":"Fading Forest","floor":16.0,"turns":11.0},{"damage":16.0,"enemies":"Hallownest:3_Youths","floor":18.0,"turns":7.0},{"damage":5.0,"enemies":"Hallownest:2_Mistakes","floor":19.0,"turns":5.0},{"damage":27.0,"enemies":"Hallownest:Glutton_and_Coward","floor":20.0,"turns":7.0},{"damage":6.0,"enemies":"Hallownest:3_Mistakes","floor":24.0,"turns":7.0},{"damage":9.0,"enemies":"Hallownest:3_Mistakes","floor":28.0,"turns":7.0},{"damage":23.0,"enemies":"Hallownest:Master_and_Novice","floor":29.0,"turns":5.0},{"damage":13.0,"enemies":"Hallownest:eliteWatcherKnight","floor":30.0,"turns":12.0},{"damage":13.0,"enemies":"Hallownest:2_Flukemon","floor":31.0,"turns":6.0},{"damage":30.0,"enemies":"Hallownest:BossSoulMaster","floor":33.0,"turns":12.0},{"damage":78,"enemies":"Hallownest:2_Littles","floor":35,"turns":6}],"seed_played":"2857171604234407933","potions_obtained":[{"floor":7.0,"key":"Cursed Concoction"},{"floor":14.0,"key":"Energy Potion"},{"floor":16.0,"key":"EntropicBrew"},{"floor":29.0,"key":"Reflective Coating"}],"is_trial":false,"path_per_floor":["M","?","M","?","M","E","M","M","T","R","$","$","R","M","R","B",null,"M","M","M","$","?","R","MIM","R","T","R","M","M","E","M","R","B",null,"M"],"character_chosen":"THE_CURSED","items_purchased":["TheCursedMod:CursedShiv","TheCursedMod:HellfireBreathing","TheCursedMod:DoubleShield","TheCursedMod:HellsGateOpen","PreservedInsect"],"campfire_rested":5,"item_purchase_floors":[11,11,11,21,21],"current_hp_per_floor":[75,75,75,75,75,39,32,31,31,53,53,53,53,52,74,48,75,59,54,27,27,27,49,43,65,65,65,56,33,23,10,33,3,78,0,0],"gold":239,"neow_bonus":"THREE_ENEMY_KILL","is_prod":false,"is_daily":false,"chose_seed":false,"campfire_upgraded":2,"win_rate":0.0,"timestamp":1607578168,"path_taken":["M","?","M","?","M","E","?","M","T","R","?","$","R","M","R","BOSS","M","?","M","$","?","R","?","R","T","R","?","M","E","M","R","BOSS","M"],"build_version":"2020-11-30","purchased_purges":0,"victory":false,"max_hp_per_floor":[75,75,75,75,75,75,75,75,75,75,75,75,75,75,75,75,75,75,75,75,75,75,75,75,75,75,75,75,75,78,78,78,78,78,78,78],"card_choices":[{"not_picked":["TheCursedMod:RapidMovement","TheCursedMod:Stigma"],"picked":"TheCursedMod:SmokeScreen","floor":1.0},{"not_picked":["TheCursedMod:Torture","TheCursedMod:Obscuration"],"picked":"TheCursedMod:Stretching","floor":3.0},{"not_picked":["TheCursedMod:SmokeScreen","TheCursedMod:CursedRelics"],"picked":"TheCursedMod:ReleasedKnowledge","floor":5.0},{"not_picked":["TheCursedMod:VitalStrike","TheCursedMod:AshesToAshes"],"picked":"TheCursedMod:RapidMovement","floor":6.0},{"not_picked":["TheCursedMod:Stigma","TheCursedMod:RavingStaff"],"picked":"TheCursedMod:SpitefulStrike","floor":7.0},{"not_picked":["TheCursedMod:TacticalStrike","TheCursedMod:Obscuration"],"picked":"TheCursedMod:BloodBarrier","floor":8.0},{"not_picked":["TheCursedMod:RavingStaff","TheCursedMod:BloodBarrier"],"picked":"TheCursedMod:CircleOfAmplification","floor":14.0},{"not_picked":["TheCursedMod:DarkBarrier","TheCursedMod:DemonicPact"],"picked":"TheCursedMod:ShockAndAwe","floor":16.0},{"not_picked":["TheCursedMod:CircleOfFlame","TheCursedMod:RapidMovement"],"picked":"TheCursedMod:WearCloak","floor":18.0},{"not_picked":["TheCursedMod:Torture+1","TheCursedMod:VitalStrike"],"picked":"TheCursedMod:LuckyCharm","floor":19.0},{"not_picked":["TheCursedMod:Stigma+1","TheCursedMod:VitalStrike"],"picked":"TheCursedMod:CursedAmulet","floor":20.0},{"not_picked":["TheCursedMod:CursedBlade","TheCursedMod:CursedAmulet"],"picked":"TheCursedMod:Grudge","floor":24.0},{"not_picked":["TheCursedMod:ManaBullet+1","TheCursedMod:BlessingInDisguise"],"picked":"TheCursedMod:AntiAging","floor":28.0},{"not_picked":["TheCursedMod:Mangle","TheCursedMod:BloodBarrier"],"picked":"TheCursedMod:CircleOfFlame","floor":29.0},{"not_picked":["TheCursedMod:ForbiddenAlchemy","TheCursedMod:CursedMace+1"],"picked":"TheCursedMod:TacticalStrike","floor":30.0},{"not_picked":["TheCursedMod:CircleOfFocus","TheCursedMod:Torture+1"],"picked":"TheCursedMod:CircleOfFlame","floor":31.0},{"not_picked":["TheCursedMod:ForbiddenAlchemy","TheCursedMod:AntiAging"],"picked":"TheCursedMod:CircleOfAbyss","floor":33.0}],"player_experience":5209,"relics_obtained":[{"floor":6.0,"key":"Bag of Marbles"},{"floor":9.0,"key":"StuffTheSpire:Nightcore"},{"floor":24.0,"key":"Quantum Egg"},{"floor":26.0,"key":"hubris:DeckOfHolding"},{"floor":30.0,"key":"aspiration:StickyExplosives_weak"}],"event_choices":[{"damage_healed":0.0,"max_hp_gain":0.0,"max_hp_loss":0.0,"gold_gain":0.0,"event_name":"Accursed Blacksmith","player_choice":"Rummage","floor":4.0,"gold_loss":0.0,"damage_taken":0.0,"relics_obtained":["WarpedTongs"],"cards_obtained":["Pain"]}],"is_beta":false,"boss_relics":[{"not_picked":["StuffTheSpire:ModemDavis","ChewingGum"],"picked":"Kintsugi"},{"not_picked":["Honey Jar","conspire:SeveredTorchhead"],"picked":"StuffTheSpire:RunicHypercube"}],"items_purged_floors":[],"is_endless":false,"potions_floor_spawned":[7,14,16,18,28,29,31],"killed_by":"Hallownest:2_Littles","ascension_level":0}}