{"host":"l7l2v2zs4hqku4vk","time":1607608563,"event":{"gold_per_floor":[114,114,129,5,80,80,110,110,110,125,140,3,3,33,33,133,133,148,148,148,148,163,193,208,223,248,248,87,87,117,132,132,241,241,256,136,183,242,257,287,302,112,187,587,602,641,11,41,41,41],"floor_reached":51,"playtime":3314,"items_purged":["Strike_R","Eclipse","ReplayTheSpireMod:Muscle Training","Flex+1","Shockwave"],"score":1156,"play_id":"ee878939-7e29-40e6-8407-03a1e362f8e5","local_time":"20201210215603","daily_mods":["Allstar","Vintage","Night Terrors"],"is_ascension_mode":false,"campfire_choices":[{"data":"Armaments","floor":6.0,"key":"SMITH"},{"data":"testmod-BloodShelter","floor":8.0,"key":"SMITH"},{"data":"Limit Break","floor":13.0,"key":"SMITH"},{"data":"Heavy Blade","floor":15.0,"key":"SMITH"},{"data":"Flex","floor":27.0,"key":"SMITH"},{"data":"Trip","floor":29.0,"key":"SMITH"},{"data":"Shrug It Off","floor":32.0,"key":"SMITH"},{"data":"True Grit","floor":49,"key":"SMITH"}],"neow_cost":"","seed_source_timestamp":0,"circlet_count":0,"master_deck":["Panache","testmod-BloodShelter+1","testmod-HandmadeProducts","Secret Technique","ReplayUltimateDefense","Armaments+1","Double Tap","Juggernaut","Impervious","Hemogenesis","Demon Form","Limit Break+1","Rampage","Heavy Blade+1","Shrug It Off+1","Trip+1","Barricade","Headbutt+1","Pommel Strike+1","ReplayTheSpireMod:Brewmster","Enlightenment","ReplayTheSpireMod:Limb From Limb","True Grit+1"],"special_seed":18606,"relics":["Burning Blood","testmod-Maize","MealTicket","Lantern","Gremlin Food","SumBook","White Beast Statue","ChaoDraw","Question Card","Philosopher\u0027s Stone","The Courier","Replay:Kaleidoscope","CeramicFish","Ancient Tea Set","ReplayTheSpireMod:Ninjato","ZombieArmy","Bird Faced Urn","Garlic","SlaversCollar","Replay:Rubber Ducky","Another Sword","Champion Belt","Orichalcum","Letter Opener","SSSystem","Kunai","ReplayTheSpireMod:Spearhead","GodSword3","Replay:Baseball","King of Hearts","Calipers","Pet Ghost"],"potions_floor_usage":[37,40,45,45,46,46,48,50,50,50,50],"damage_taken":[{"damage":31.0,"enemies":"Cultist","floor":1.0,"turns":7.0},{"damage":8.0,"enemies":"2 Louse","floor":3.0,"turns":4.0},{"damage":19.0,"enemies":"Gremlin Nob","floor":7.0,"turns":5.0},{"damage":11.0,"enemies":"Jaw Worm","floor":10.0,"turns":7.0},{"damage":14.0,"enemies":"Blue Slaver","floor":11.0,"turns":4.0},{"damage":0.0,"enemies":"Lagavulin","floor":14.0,"turns":4.0},{"damage":18.0,"enemies":"Fading Forest","floor":16.0,"turns":7.0},{"damage":35.0,"enemies":"Chosen","floor":18.0,"turns":9.0},{"damage":7.0,"enemies":"Shell Parasite","floor":22.0,"turns":3.0},{"damage":0.0,"enemies":"Slavers","floor":23.0,"turns":6.0},{"damage":20.0,"enemies":"Shelled Parasite and Fungi","floor":24.0,"turns":6.0},{"damage":18.0,"enemies":"Snake Plant","floor":25.0,"turns":3.0},{"damage":38.0,"enemies":"Book of Stabbing","floor":30.0,"turns":5.0},{"damage":12.0,"enemies":"Snecko","floor":31.0,"turns":5.0},{"damage":11.0,"enemies":"Collector","floor":33.0,"turns":9.0},{"damage":24.0,"enemies":"3 Darklings","floor":35.0,"turns":6.0},{"damage":104,"enemies":"2 Orb Walkers","floor":37,"turns":8},{"damage":1,"enemies":"Mind Bloom Boss Battle","floor":38,"turns":6},{"damage":0,"enemies":"Orb Walker","floor":39,"turns":2},{"damage":0,"enemies":"R_Hoarder","floor":40,"turns":7},{"damage":0,"enemies":"Spire Growth","floor":41,"turns":6},{"damage":4,"enemies":"Writhing Mass","floor":45,"turns":4},{"damage":0,"enemies":"Reptomancer","floor":46,"turns":4},{"damage":3,"enemies":"R_Hoarder","floor":48,"turns":4},{"damage":0,"enemies":"Awakened One","floor":50,"turns":7}],"seed_played":"8996604888150855735","potions_obtained":[{"floor":7.0,"key":"SpeedPotion"},{"floor":11.0,"key":"PowerPotion"},{"floor":14.0,"key":"testmod-SpacePotion"},{"floor":22.0,"key":"Dexterity Potion"},{"floor":33.0,"key":"Energy Potion"},{"floor":35.0,"key":"Ancient Potion"},{"floor":37,"key":"BlessingOfTheForge"},{"floor":38,"key":"testmod-TimePotion"},{"floor":40,"key":"testmod-TimePotion"},{"floor":45,"key":"DuplicationPotion"}],"is_trial":false,"path_per_floor":["M","?","M","$","?","R","E","R","T","M","M","$","R","E","R","B",null,"M","?","?","?","M","E","M","M","T","R","$","R","E","M","R","B",null,"M","$","?","?","M","E","M","R","T","?","M","E","R","E","R","B",null],"character_chosen":"IRONCLAD","items_purchased":["Armaments","Rampage","Trip","ReplayTheSpireMod:Brewmster","Enlightenment","Replay:Baseball","King of Hearts","Calipers","True Grit"],"campfire_rested":0,"item_purchase_floors":[4,12,28,42,42,47,47,47,47],"current_hp_per_floor":[30,35,33,48,37,37,37,37,37,44,60,75,75,81,81,70,85,63,63,63,63,78,84,77,65,65,65,80,80,50,64,64,75,85,74,85,15,48,67,85,82,82,82,82,85,85,85,85,85,80],"gold":41,"neow_bonus":"","is_prod":false,"is_daily":true,"chose_seed":false,"campfire_upgraded":8,"win_rate":0,"timestamp":1607608563,"path_taken":["M","?","M","$","?","R","E","R","T","M","M","$","R","E","R","BOSS","M","?","?","?","M","E","M","M","T","R","$","R","E","M","R","BOSS","M","$","?","?","M","E","M","R","T","?","?","E","R","E","R","BOSS"],"build_version":"2020-11-30","purchased_purges":5,"victory":true,"max_hp_per_floor":[80,85,85,85,85,85,85,85,85,85,85,85,85,85,85,85,85,85,85,85,85,85,85,85,85,85,85,85,85,85,85,85,85,85,85,85,85,85,85,85,85,85,85,85,85,85,85,85,85,85],"card_choices":[{"not_picked":["Burning Pact","Shockwave"],"picked":"Flex","floor":7.0},{"not_picked":["Replay:Undeath\u0027s Touch","Heavy Blade","Warcry"],"picked":"SKIP","floor":14.0},{"not_picked":["Replay:Undeath\u0027s Touch","Warcry"],"picked":"Heavy Blade","floor":14.0},{"not_picked":["Warcry","True Grit","Flex","Sword Boomerang+1"],"picked":"SKIP","floor":23.0},{"not_picked":["Bludgeon","Clash+1","Impervious","Thunderclap"],"picked":"SKIP","floor":30.0},{"not_picked":["Juggernaut","Reaper","Corruption"],"picked":"Barricade","floor":33.0},{"not_picked":["Armaments","Spot Weakness+1","Combust+1"],"picked":"Headbutt+1","floor":37},{"not_picked":["True Grit","Sword Boomerang+1","Disarm+1"],"picked":"Pommel Strike+1","floor":38},{"not_picked":["Perfected Strike","Spot Weakness","Body Slam+1","Power Through"],"picked":"SKIP","floor":40},{"not_picked":["Shockwave","Infernal Blade+1","Rupture"],"picked":"ReplayTheSpireMod:Limb From Limb","floor":46},{"not_picked":["Rupture+1","Combust+1","Heavy Blade","Whirlwind"],"picked":"SKIP","floor":48}],"player_experience":1624627,"relics_obtained":[{"floor":1.0,"key":"MealTicket"},{"floor":3.0,"key":"Lantern"},{"floor":7.0,"key":"Gremlin Food"},{"floor":9.0,"key":"SumBook"},{"floor":10.0,"key":"White Beast Statue"},{"floor":11.0,"key":"ChaoDraw"},{"floor":14.0,"key":"Question Card"},{"floor":18.0,"key":"The Courier"},{"floor":22.0,"key":"Replay:Kaleidoscope"},{"floor":23.0,"key":"CeramicFish"},{"floor":24.0,"key":"Ancient Tea Set"},{"floor":25.0,"key":"ReplayTheSpireMod:Ninjato"},{"floor":26.0,"key":"ZombieArmy"},{"floor":30.0,"key":"Bird Faced Urn"},{"floor":31.0,"key":"Garlic"},{"floor":35.0,"key":"Replay:Rubber Ducky"},{"floor":37,"key":"Another Sword"},{"floor":38,"key":"Champion Belt"},{"floor":39,"key":"Orichalcum"},{"floor":40,"key":"Letter Opener"},{"floor":41,"key":"SSSystem"},{"floor":43,"key":"Kunai"},{"floor":45,"key":"ReplayTheSpireMod:Spearhead"},{"floor":46,"key":"GodSword3"},{"floor":48,"key":"Pet Ghost"}],"event_choices":[{"damage_healed":0.0,"max_hp_gain":5.0,"max_hp_loss":0.0,"gold_gain":0.0,"event_name":"Big Fish","player_choice":"Donut","floor":2.0,"gold_loss":0.0,"damage_taken":0.0},{"damage_healed":0.0,"max_hp_gain":0.0,"max_hp_loss":0.0,"gold_gain":75.0,"event_name":"World of Goop","player_choice":"Gather Gold","floor":5.0,"gold_loss":0.0,"damage_taken":11.0},{"damage_healed":0.0,"max_hp_gain":0.0,"max_hp_loss":0.0,"gold_gain":0.0,"event_name":"The Library","player_choice":"Read","floor":19.0,"gold_loss":0.0,"damage_taken":0.0,"cards_obtained":["Shrug It Off"]},{"damage_healed":0.0,"max_hp_gain":0.0,"max_hp_loss":0.0,"gold_gain":0.0,"cards_transformed":["Limit Break","Exhume"],"event_name":"Drug Dealer","player_choice":"Became Test Subject","floor":20.0,"gold_loss":0.0,"damage_taken":0.0,"cards_obtained":["Shockwave","ReplayTheSpireMod:Muscle Training"]},{"damage_healed":0.0,"max_hp_gain":0.0,"max_hp_loss":0.0,"gold_gain":0.0,"event_name":"给自己的盒子","player_choice":"Ignored","floor":21.0,"gold_loss":0.0,"damage_taken":0.0},{"damage_healed":0,"gold_gain":0,"player_choice":"Fight","damage_taken":0,"max_hp_gain":0,"max_hp_loss":0,"event_name":"Mysterious Sphere","floor":37,"gold_loss":0},{"damage_healed":0,"gold_gain":0,"player_choice":"Fight","damage_taken":0,"max_hp_gain":0,"max_hp_loss":0,"event_name":"MindBloom","floor":38,"gold_loss":0},{"damage_healed":0,"gold_gain":400,"player_choice":"Sell","damage_taken":0,"max_hp_gain":0,"max_hp_loss":0,"event_name":"恩洛斯的盘子","floor":44,"relics_lost":["testmod-TestBox"],"gold_loss":0}],"is_beta":false,"boss_relics":[{"not_picked":["Snecko Heart","testmod-IncinerationGenerator"],"picked":"Philosopher\u0027s Stone"},{"not_picked":["Ring of Chaos","Painkiller Herb"],"picked":"SlaversCollar"}],"items_purged_floors":[4,12,28,36,47],"is_endless":false,"potions_floor_spawned":[7,11,14,16,18,22,23,24,25,30,31,33,35,37,38,39,40,41,45,46,48],"ascension_level":0}}