{"host":"2cg6xoexl1he7zus","time":1607568847,"event":{"gold_per_floor":[114,114,134,134,134,173,173,188,188,188,211,235,235,254,254,377,377,402,20,45,45,45,45,45,61,61,101,115,115,138,156,156,285,285,304,136,136,161,186,186,221,221,221,554,41,57,68,83,83,83],"floor_reached":51,"playtime":2938,"items_purged":[],"score":886,"play_id":"8c91a117-69ca-4a54-8b65-634ba2c9144f","local_time":"20201210115407","is_ascension_mode":true,"campfire_choices":[{"data":"Zap","floor":10.0,"key":"SMITH"},{"data":"Dualcast","floor":13.0,"key":"SMITH"},{"data":"Coolheaded","floor":15.0,"key":"SMITH"},{"data":"Creative AI","floor":23.0,"key":"SMITH"},{"data":"Double Energy","floor":29.0,"key":"SMITH"},{"floor":32.0,"key":"REST"},{"floor":40,"key":"REST"},{"floor":49,"key":"REST"}],"neow_cost":"NONE","seed_source_timestamp":32299509268700,"circlet_count":0,"master_deck":["Zap+1","Dualcast+1","Turbo","Reinforced Body","BootSequence","Self Repair","Coolheaded+1","Creative AI+1","Aggregate","Auto Shields","Echo Form","Double Energy+1","BootSequence","Force Field","Storm","Leap","Barrage+1","Defragment","Conserve Battery+1","Electrodynamics","Hologram+1","Finesse","Zap","Coolheaded"],"special_seed":0,"relics":["Cracked Core","NeowsBlessing","Shuriken","Ornamental Fan","Pandora\u0027s Box","Mango","Lantern","Toy Ornithopter","SlaversCollar","The Courier","Emotion Chip","Lee\u0027s Waffle","Boot","Shovel"],"potions_floor_usage":[39,46,48,50,50],"damage_taken":[{"damage":0.0,"enemies":"Jaw Worm","floor":1.0,"turns":1.0},{"damage":0.0,"enemies":"2 Louse","floor":3.0,"turns":1.0},{"damage":0.0,"enemies":"Gremlin Nob","floor":6.0,"turns":1.0},{"damage":0.0,"enemies":"Small Slimes","floor":8.0,"turns":4.0},{"damage":0.0,"enemies":"3 Louse","floor":11.0,"turns":4.0},{"damage":0.0,"enemies":"2 Fungi Beasts","floor":12.0,"turns":3.0},{"damage":13.0,"enemies":"Gremlin Gang","floor":14.0,"turns":6.0},{"damage":30.0,"enemies":"The Guardian","floor":16.0,"turns":16.0},{"damage":14.0,"enemies":"Spheric Guardian","floor":18.0,"turns":6.0},{"damage":0.0,"enemies":"Shell Parasite","floor":20.0,"turns":5.0},{"damage":9.0,"enemies":"Snecko","floor":25.0,"turns":8.0},{"damage":46.0,"enemies":"Book of Stabbing","floor":27.0,"turns":7.0},{"damage":12.0,"enemies":"Centurion and Healer","floor":28.0,"turns":12.0},{"damage":8.0,"enemies":"Sentry and Sphere","floor":30.0,"turns":6.0},{"damage":76.0,"enemies":"Cultist and Chosen","floor":31.0,"turns":9.0},{"damage":20.0,"enemies":"Collector","floor":33.0,"turns":8.0},{"damage":0.0,"enemies":"3 Shapes","floor":35.0,"turns":3.0},{"damage":22.0,"enemies":"Orb Walker","floor":38.0,"turns":6.0},{"damage":63,"enemies":"Transient","floor":39,"turns":5},{"damage":1,"enemies":"Giant Head","floor":41,"turns":10},{"damage":25,"enemies":"Writhing Mass","floor":46,"turns":7},{"damage":36,"enemies":"Sphere and 2 Shapes","floor":47,"turns":5},{"damage":20,"enemies":"Maw","floor":48,"turns":11},{"damage":53,"enemies":"Donu and Deca","floor":50,"turns":6}],"seed_played":"8143942829278752134","potions_obtained":[{"floor":3.0,"key":"FairyPotion"},{"floor":11.0,"key":"Fruit Juice"},{"floor":25.0,"key":"CultistPotion"},{"floor":27.0,"key":"Block Potion"},{"floor":39,"key":"PotionOfCapacity"},{"floor":41,"key":"PotionOfCapacity"},{"floor":46,"key":"Energy Potion"}],"is_trial":false,"path_per_floor":["M","?","M","?","?","E","?","M","T","R","M","M","R","M","R","B",null,"M","$","M","?","?","R","?","M","T","E","M","R","M","M","R","B",null,"M","$","?","M","M","R","E","?","T","?","$","M","M","M","R","B",null],"character_chosen":"DEFECT","items_purchased":["Storm","Mango","Finesse","LiquidMemories","Lee\u0027s Waffle","Boot","Block Potion","Shovel"],"campfire_rested":3,"item_purchase_floors":[19,19,36,36,45,45,45,45],"current_hp_per_floor":[75,68,68,53,35,35,35,35,35,35,40,47,47,41,41,18,80,73,87,94,94,94,94,94,92,92,60,55,55,61,35,63,43,94,94,94,94,79,21,49,62,62,62,62,101,81,59,51,81,38],"gold":83,"neow_bonus":"THREE_ENEMY_KILL","is_prod":false,"is_daily":false,"chose_seed":false,"campfire_upgraded":5,"win_rate":0,"timestamp":1607568847,"path_taken":["M","?","M","?","?","E","?","M","T","R","M","M","R","?","R","BOSS","M","$","M","?","?","R","?","M","T","E","M","R","M","?","R","BOSS","M","$","?","M","?","R","E","?","T","?","$","M","M","M","R","BOSS"],"build_version":"2020-11-30","purchased_purges":0,"victory":true,"max_hp_per_floor":[75,75,75,75,75,75,75,75,75,75,80,80,80,80,80,80,80,80,94,94,94,94,94,94,94,94,94,94,94,94,94,94,94,94,94,94,94,94,94,94,94,94,94,94,101,101,101,101,101,101],"card_choices":[{"not_picked":["Streamline","Leap"],"picked":"Ball Lightning","floor":1.0},{"not_picked":["Blizzard","Rebound"],"picked":"Turbo","floor":3.0},{"not_picked":["Barrage","Conserve Battery"],"picked":"Reinforced Body","floor":6.0},{"not_picked":["Hologram","Sweeping Beam"],"picked":"BootSequence","floor":8.0},{"not_picked":["Steam Power","Force Field"],"picked":"Self Repair","floor":11.0},{"not_picked":["Self Repair","Ball Lightning"],"picked":"Coolheaded","floor":12.0},{"not_picked":["Coolheaded","Turbo"],"picked":"Rebound","floor":14.0},{"not_picked":["Reboot","Multi-Cast"],"picked":"Creative AI","floor":16.0},{"not_picked":["Compile Driver","Ball Lightning"],"picked":"Force Field","floor":18.0},{"not_picked":["Consume+1","Conserve Battery"],"picked":"Leap","floor":20.0},{"not_picked":["Redo","Hello World"],"picked":"Barrage+1","floor":25.0},{"not_picked":["Loop","Coolheaded","Sunder+1"],"picked":"SKIP","floor":27.0},{"not_picked":["Gash","Streamline"],"picked":"Defragment","floor":28.0},{"not_picked":["Doom and Gloom","Barrage"],"picked":"Conserve Battery+1","floor":30.0},{"not_picked":["BootSequence","Cold Snap","Melter"],"picked":"SKIP","floor":31.0},{"not_picked":["Fission","Rainbow"],"picked":"Electrodynamics","floor":33.0},{"not_picked":["Melter","Go for the Eyes"],"picked":"Hologram+1","floor":35.0},{"not_picked":["Reprogram+1","Rebound","Hello World"],"picked":"SKIP","floor":38.0},{"not_picked":["Rip and Tear+1","Undo","Conserve Battery"],"picked":"SKIP","floor":39},{"not_picked":["Defragment+1","Conserve Battery","Streamline+1"],"picked":"SKIP","floor":41},{"not_picked":["Steam","Gash+1","Lockon"],"picked":"SKIP","floor":46},{"not_picked":["Conserve Battery","Aggregate+1"],"picked":"Coolheaded","floor":47},{"not_picked":["Rebound","Aggregate+1","Redo"],"picked":"SKIP","floor":48}],"player_experience":232020,"relics_obtained":[{"floor":6.0,"key":"Shuriken"},{"floor":9.0,"key":"Ornamental Fan"},{"floor":26.0,"key":"Lantern"},{"floor":27.0,"key":"Toy Ornithopter"},{"floor":41,"key":"The Courier"},{"floor":43,"key":"Emotion Chip"}],"event_choices":[{"cards_removed":["Strike_B"],"damage_healed":0.0,"max_hp_gain":0.0,"max_hp_loss":0.0,"gold_gain":0.0,"event_name":"Golden Wing","player_choice":"Card Removal","floor":2.0,"gold_loss":0.0,"damage_taken":7.0},{"damage_healed":0.0,"max_hp_gain":0.0,"max_hp_loss":0.0,"gold_gain":0.0,"event_name":"Shining Light","player_choice":"Entered Light","floor":4.0,"gold_loss":0.0,"damage_taken":15.0,"cards_upgraded":["Strike_B","Defend_B"]},{"damage_healed":0.0,"max_hp_gain":0.0,"max_hp_loss":0.0,"gold_gain":0.0,"event_name":"Golden Idol","player_choice":"Take Damage","floor":5.0,"gold_loss":0.0,"damage_taken":18.0,"relics_obtained":["Golden Idol"]},{"cards_removed":["Strike_B"],"damage_healed":0.0,"max_hp_gain":0.0,"max_hp_loss":0.0,"gold_gain":0.0,"event_name":"Bonfire Elementals","player_choice":"Offered Basic","floor":7.0,"gold_loss":0.0,"damage_taken":0.0},{"damage_healed":0.0,"max_hp_gain":0.0,"max_hp_loss":0.0,"gold_gain":0.0,"event_name":"The Mausoleum","player_choice":"Ignored","floor":21.0,"gold_loss":0.0,"damage_taken":0.0},{"cards_removed":["Turbo"],"damage_healed":0.0,"max_hp_gain":0.0,"max_hp_loss":0.0,"gold_gain":0.0,"event_name":"Back to Basics","player_choice":"Elegance","floor":22.0,"gold_loss":0.0,"damage_taken":0.0},{"cards_removed":["Ball Lightning"],"damage_healed":0.0,"max_hp_gain":0.0,"max_hp_loss":0.0,"gold_gain":0.0,"event_name":"Purifier","player_choice":"Purged","floor":24.0,"gold_loss":0.0,"damage_taken":0.0},{"damage_healed":0.0,"max_hp_gain":0.0,"max_hp_loss":0.0,"gold_gain":0.0,"event_name":"Match and Keep!","player_choice":"1 cards matched","floor":37.0,"gold_loss":0.0,"damage_taken":0.0,"cards_obtained":["Zap"]},{"cards_removed":["Rebound"],"damage_healed":0,"gold_gain":0,"player_choice":"Removed Attack","damage_taken":0,"max_hp_gain":0,"max_hp_loss":0,"event_name":"Falling","floor":42,"gold_loss":0},{"damage_healed":0,"gold_gain":333,"player_choice":"Gave Idol","damage_taken":0,"max_hp_gain":0,"max_hp_loss":0,"event_name":"The Moai Head","floor":44,"relics_lost":["Golden Idol"],"gold_loss":0}],"is_beta":false,"boss_relics":[{"not_picked":["Coffee Dripper","Runic Dome"],"picked":"Pandora\u0027s Box"},{"not_picked":["Astrolabe","Empty Cage"],"picked":"SlaversCollar"}],"items_purged_floors":[],"is_endless":false,"potions_floor_spawned":[3,11,25,27,39,41,46],"ascension_level":4}}