{"host":"dz1qwalix8eproj8","time":1607574168,"event":{"gold_per_floor":[110,185,198,198,214,214,240,240,240,258,284,31,41,56,56,161,161,175,175,175,188,203,232,232,245,298,309,339,80,80,114,114,218,218,229,243,99,110,127,152,152,181,181,198,0,0,31,42,42,42],"floor_reached":51,"playtime":4278,"items_purged":["Pain"],"score":1048,"play_id":"a2b14a1c-52e5-4ec1-ac65-2c33192af033","local_time":"20201210052248","is_ascension_mode":true,"campfire_choices":[{"data":"Eruption","floor":6.0,"key":"SMITH"},{"floor":8.0,"key":"REST"},{"floor":15.0,"key":"REST"},{"floor":24.0,"key":"REST"},{"data":"LikeWater","floor":32.0,"key":"SMITH"},{"data":"MasterReality","floor":41.0,"key":"PURGE"},{"data":"Blasphemy","floor":46,"key":"SMITH"},{"floor":49,"key":"REST"}],"neow_cost":"NONE","seed_source_timestamp":49394255903000,"circlet_count":0,"master_deck":["Strike_P","Strike_P","Strike_P","Strike_P","Defend_P","Defend_P","Defend_P","Defend_P","Eruption+1","Vigilance","Consecrate","ClearTheMind","ReachHeaven","Protect","LikeWater+1","Crescendo","Master of Strategy","Scrawl","FlurryOfBlows","CrushJoints","Master of Strategy","EmptyFist+1","Wallop","FlurryOfBlows+1","WaveOfTheHand","Ragnarok","ThirdEye+1","FearNoEvil","Blasphemy+1","CurseOfTheBell","Halt+1","Wallop+1","TalkToTheHand+1","FollowUp","Conclude+1","SashWhip+1"],"special_seed":0,"relics":["PureWater","WarpedTongs","Orichalcum","Blue Candle","Ancient Tea Set","Black Star","Toy Ornithopter","HornCleat","Centennial Puzzle","Bronze Scales","Blood Vial","Shuriken","Ice Cream","Oddly Smooth Stone","Calling Bell","Happy Flower","Question Card","Peace Pipe","Anchor","Toxic Egg 2","Strawberry","Darkstone Periapt","TeardropLocket","Calipers","Red Mask","Lantern","Vajra"],"potions_floor_usage":[50,50],"damage_taken":[{"damage":2.0,"enemies":"Jaw Worm","floor":1.0,"turns":6.0},{"damage":0.0,"enemies":"2 Louse","floor":3.0,"turns":1.0},{"damage":0.0,"enemies":"Cultist","floor":5.0,"turns":2.0},{"damage":43.0,"enemies":"3 Sentries","floor":7.0,"turns":7.0},{"damage":2.0,"enemies":"Red Slaver","floor":10.0,"turns":5.0},{"damage":1.0,"enemies":"Gremlin Nob","floor":11.0,"turns":2.0},{"damage":8.0,"enemies":"Blue Slaver","floor":13.0,"turns":3.0},{"damage":0.0,"enemies":"Looter","floor":14.0,"turns":2.0},{"damage":18.0,"enemies":"The Guardian","floor":16.0,"turns":11.0},{"damage":0.0,"enemies":"Chosen","floor":18.0,"turns":4.0},{"damage":0.0,"enemies":"3 Byrds","floor":19.0,"turns":1.0},{"damage":0.0,"enemies":"Centurion and Healer","floor":21.0,"turns":5.0},{"damage":25.0,"enemies":"Snake Plant","floor":22.0,"turns":3.0},{"damage":16.0,"enemies":"Book of Stabbing","floor":23.0,"turns":3.0},{"damage":0.0,"enemies":"Chosen and Byrds","floor":25.0,"turns":4.0},{"damage":0.0,"enemies":"Centurion and Healer","floor":27.0,"turns":3.0},{"damage":39.0,"enemies":"Gremlin Leader","floor":28.0,"turns":4.0},{"damage":16.0,"enemies":"Slavers","floor":31.0,"turns":7.0},{"damage":21.0,"enemies":"Collector","floor":33.0,"turns":8.0},{"damage":5.0,"enemies":"3 Shapes","floor":35.0,"turns":2.0},{"damage":9.0,"enemies":"Orb Walker","floor":36.0,"turns":4.0},{"damage":0.0,"enemies":"Sphere and 2 Shapes","floor":38.0,"turns":3.0},{"damage":5.0,"enemies":"3 Darklings","floor":39.0,"turns":4.0},{"damage":19.0,"enemies":"Reptomancer","floor":40.0,"turns":6.0},{"damage":10,"enemies":"Nemesis","floor":42,"turns":7},{"damage":6,"enemies":"Writhing Mass","floor":44,"turns":4},{"damage":16,"enemies":"Reptomancer","floor":47,"turns":3},{"damage":8,"enemies":"Sphere and 2 Shapes","floor":48,"turns":3},{"damage":14,"enemies":"Awakened One","floor":50,"turns":8}],"seed_played":"637729324648615725","potions_obtained":[{"floor":5.0,"key":"DuplicationPotion"},{"floor":7.0,"key":"SteroidPotion"},{"floor":10.0,"key":"CultistPotion"},{"floor":16.0,"key":"SmokeBomb"},{"floor":21.0,"key":"Regen Potion"},{"floor":23.0,"key":"ColorlessPotion"},{"floor":33.0,"key":"Strength Potion"},{"floor":39.0,"key":"LiquidBronze"},{"floor":40.0,"key":"SteroidPotion"},{"floor":47,"key":"FearPotion"},{"floor":48,"key":"SteroidPotion"}],"is_trial":false,"path_per_floor":["M","?","M","?","M","R","E","R","T","M","E","$","M","M","R","B",null,"M","M","?","M","M","E","R","M","T","M","E","$","?","E","R","B",null,"M","M","$","M","M","E","R","E","T","M","?","R","E","M","R","B",null],"character_chosen":"WATCHER","items_purchased":["Master of Strategy","Shuriken","Anchor"],"campfire_rested":4,"item_purchase_floors":[12,29,37],"current_hp_per_floor":[77,66,66,66,66,66,23,46,46,44,43,43,35,35,58,40,79,79,79,79,79,54,38,61,61,61,61,27,27,53,64,64,45,79,74,67,67,69,66,61,61,53,53,49,49,49,35,29,54,52],"gold":42,"neow_bonus":"TEN_PERCENT_HP_BONUS","is_prod":false,"is_daily":false,"chose_seed":false,"campfire_upgraded":3,"win_rate":0,"timestamp":1607574168,"path_taken":["M","?","M","?","M","R","E","R","T","?","E","$","M","M","R","BOSS","M","M","?","M","?","E","R","M","T","M","E","$","?","E","R","BOSS","M","M","$","M","M","E","R","E","T","M","?","R","E","M","R","BOSS"],"build_version":"2020-11-30","purchased_purges":1,"victory":true,"max_hp_per_floor":[79,79,79,79,79,79,79,79,79,79,79,79,79,79,79,79,79,79,79,79,79,79,79,79,79,79,79,79,79,79,79,79,79,79,79,79,79,79,79,86,86,86,86,86,86,86,86,86,86,86],"relic_stats":{"Darkstone Periapt":0,"Happy Flower":[14],"counters":[29,125],"Blue Candle":[2],"Orichalcum":[96],"Question Card":9,"WarpedTongs":[118],"Blood Vial":22,"Peace Pipe":1,"Centennial Puzzle":[36],"Shuriken":[34],"Bronze Scales":[185],"Black Star":6,"obtain_stats":[{"Ice Cream":31,"Darkstone Periapt":42,"Lantern":47,"Calipers":43,"Vajra":47,"TeardropLocket":42,"Ancient Tea Set":11,"Blood Vial":28,"Centennial Puzzle":26,"HornCleat":23,"Strawberry":40,"Red Mask":45,"Toxic Egg 2":40,"Happy Flower":34,"Blue Candle":9,"Oddly Smooth Stone":31,"Orichalcum":7,"Question Card":34,"WarpedTongs":4,"Calling Bell":34,"Peace Pipe":34,"Anchor":37,"Shuriken":29,"Bronze Scales":28,"Black Star":17,"PureWater":0,"Toy Ornithopter":23},{"Ice Cream":18,"Darkstone Periapt":25,"Lantern":27,"Calipers":25,"Vajra":27,"TeardropLocket":25,"Ancient Tea Set":6,"Blood Vial":17,"Centennial Puzzle":15,"HornCleat":14,"Strawberry":24,"Red Mask":26,"Toxic Egg 2":24,"Happy Flower":19,"Blue Candle":4,"Oddly Smooth Stone":18,"Orichalcum":4,"Question Card":19,"WarpedTongs":2,"Calling Bell":19,"Peace Pipe":19,"Anchor":21,"Shuriken":17,"Bronze Scales":17,"Black Star":9,"PureWater":0,"Toy Ornithopter":14},{"Ice Cream":73,"Darkstone Periapt":107,"Lantern":114,"Calipers":107,"Vajra":114,"TeardropLocket":107,"Ancient Tea Set":23,"Blood Vial":66,"Centennial Puzzle":59,"HornCleat":55,"Strawberry":100,"Red Mask":111,"Toxic Egg 2":100,"Happy Flower":81,"Blue Candle":16,"Oddly Smooth Stone":73,"Orichalcum":16,"Question Card":81,"WarpedTongs":7,"Calling Bell":81,"Peace Pipe":81,"Anchor":87,"Shuriken":66,"Bronze Scales":66,"Black Star":39,"PureWater":0,"Toy Ornithopter":55}],"Toy Ornithopter":30},"card_choices":[{"not_picked":["Prostrate","EmptyFist"],"picked":"Consecrate","floor":1.0},{"not_picked":["Consecrate","PathToVictory"],"picked":"ClearTheMind","floor":3.0},{"not_picked":["CarveReality","SashWhip"],"picked":"ReachHeaven","floor":5.0},{"not_picked":["Study","Collect"],"picked":"Protect","floor":7.0},{"not_picked":["EmptyBody","Weave"],"picked":"LikeWater","floor":10.0},{"not_picked":["Sanctity","EmptyMind"],"picked":"Crescendo","floor":11.0},{"not_picked":["BowlingBash","Conclude"],"picked":"Scrawl","floor":13.0},{"not_picked":["CrushJoints","Worship"],"picked":"FlurryOfBlows","floor":14.0},{"not_picked":["Scrawl","Alpha"],"picked":"MasterReality","floor":16.0},{"not_picked":["ClearTheMind","FlurryOfBlows+1"],"picked":"CrushJoints","floor":18.0},{"not_picked":["Prostrate","ClearTheMind"],"picked":"EmptyFist+1","floor":21.0},{"not_picked":["Prostrate+1","ClearTheMind"],"picked":"Wallop","floor":22.0},{"not_picked":["LikeWater","Nirvana"],"picked":"FlurryOfBlows+1","floor":23.0},{"not_picked":["PathToVictory","Crescendo"],"picked":"WaveOfTheHand","floor":25.0},{"not_picked":["ThirdEye","Wireheading"],"picked":"Ragnarok","floor":27.0},{"not_picked":["ClearTheMind","Study"],"picked":"ThirdEye+1","floor":28.0},{"not_picked":["CrushJoints","Wallop"],"picked":"FearNoEvil","floor":31.0},{"not_picked":["DevaForm","DeusExMachina"],"picked":"Blasphemy","floor":33.0},{"not_picked":["Nirvana+1","FlyingSleeves+1","Study"],"picked":"Halt+1","floor":35.0},{"not_picked":["Crescendo","Nirvana+1","Evaluate+1","JustLucky+1"],"picked":"SKIP","floor":36.0},{"not_picked":["Prostrate+1","CrushJoints","Fasting2+1"],"picked":"Wallop+1","floor":38.0},{"not_picked":["SashWhip","Fasting2","PathToVictory"],"picked":"TalkToTheHand+1","floor":39.0},{"not_picked":["CarveReality","FlurryOfBlows+1","DevaForm"],"picked":"FollowUp","floor":40.0},{"not_picked":["Prostrate+1","Wireheading+1","Consecrate+1"],"picked":"Conclude+1","floor":42},{"not_picked":["FlyingSleeves","Pray+1","FearNoEvil","Collect+1"],"picked":"SKIP","floor":44},{"not_picked":["InnerPeace+1","WaveOfTheHand+1","EmptyFist+1","TalkToTheHand"],"picked":"SKIP","floor":47},{"not_picked":["ThirdEye+1","CutThroughFate","FollowUp"],"picked":"SashWhip+1","floor":48}],"player_experience":554855,"relics_obtained":[{"floor":7.0,"key":"Orichalcum"},{"floor":9.0,"key":"Blue Candle"},{"floor":11.0,"key":"Ancient Tea Set"},{"floor":23.0,"key":"Toy Ornithopter"},{"floor":23.0,"key":"HornCleat"},{"floor":26.0,"key":"Centennial Puzzle"},{"floor":28.0,"key":"Bronze Scales"},{"floor":28.0,"key":"Blood Vial"},{"floor":31.0,"key":"Ice Cream"},{"floor":31.0,"key":"Oddly Smooth Stone"},{"floor":34.0,"key":"Happy Flower"},{"floor":34.0,"key":"Question Card"},{"floor":34.0,"key":"Peace Pipe"},{"floor":40.0,"key":"Toxic Egg 2"},{"floor":40.0,"key":"Strawberry"},{"floor":42,"key":"Darkstone Periapt"},{"floor":42,"key":"TeardropLocket"},{"floor":43,"key":"Calipers"},{"floor":47,"key":"Lantern"},{"floor":47,"key":"Vajra"}],"event_choices":[{"damage_healed":0.0,"max_hp_gain":0.0,"max_hp_loss":0.0,"gold_gain":75.0,"event_name":"World of Goop","player_choice":"Gather Gold","floor":2.0,"gold_loss":0.0,"damage_taken":11.0},{"damage_healed":0.0,"max_hp_gain":0.0,"max_hp_loss":0.0,"gold_gain":0.0,"event_name":"Accursed Blacksmith","player_choice":"Rummage","floor":4.0,"gold_loss":0.0,"damage_taken":0.0,"relics_obtained":["WarpedTongs"],"cards_obtained":["Pain"]},{"damage_healed":0.0,"max_hp_gain":0.0,"max_hp_loss":0.0,"gold_gain":0.0,"event_name":"Duplicator","player_choice":"Copied","floor":20.0,"gold_loss":0.0,"damage_taken":0.0,"cards_obtained":["Master of Strategy"]},{"damage_healed":26.0,"max_hp_gain":0.0,"max_hp_loss":0.0,"gold_gain":0.0,"event_name":"The Library","player_choice":"Heal","floor":30.0,"gold_loss":0.0,"damage_taken":0.0},{"damage_healed":0,"gold_gain":0,"player_choice":"Paid","damage_taken":0,"relics_obtained":["Red Mask"],"max_hp_gain":0,"max_hp_loss":0,"event_name":"Tomb of Lord Red Mask","floor":45,"gold_loss":198}],"is_beta":false,"boss_relics":[{"not_picked":["Snecko Eye","Pandora\u0027s Box"],"picked":"Black Star"},{"not_picked":["Sozu","Busted Crown"],"picked":"Calling Bell"}],"items_purged_floors":[12],"is_endless":false,"potions_floor_spawned":[5,7,10,16,19,21,23,33,39,40,47,48],"ascension_level":4}}