{"host":"dl5mjdlimopbuch5","time":1607561213,"event":{"gold_per_floor":[110,110,110,110,29,70,70,91,91,91,91,116,129,154,154,282,282,303,303,5,23,37,37,55,55,55,67,77,89,89,89,89,190,190,206,206,206,206,206,206,221,221,221,221,241,270,285,300,300,300,300],"floor_reached":50,"playtime":1271,"items_purged":[],"score":549,"play_id":"609aa1fb-2499-42bd-90a0-feb6c5565a78","local_time":"20201210004653","is_ascension_mode":true,"campfire_choices":[{"data":"Storm","floor":11,"key":"SMITH"},{"floor":15,"key":"REST"},{"data":"Storm","floor":23,"key":"SMITH"},{"floor":30,"key":"REST"},{"floor":32,"key":"REST"},{"floor":40,"key":"REST"},{"floor":44,"key":"REST"},{"floor":49,"key":"REST"}],"neow_cost":"NONE","seed_source_timestamp":101198623319700,"circlet_count":0,"master_deck":["Strike_B","Strike_B+1","Strike_B","Strike_B","Defend_B","Defend_B","Defend_B","Zap+1","Dualcast","Cold Snap+1","Storm+1","Capacitor","Storm+1","Creative AI+1","Heatsinks+1"],"relics":["Cracked Core","NeowsBlessing","Regal Pillow","Bloody Idol","Orichalcum","DataDisk","Busted Crown","Whetstone","Akabeko","The Courier","Letter Opener","Fusion Hammer","Gremlin Horn","HornCleat"],"potions_floor_usage":[16,18,27,33,46,47,50],"damage_taken":[{"damage":0,"enemies":"Cultist","floor":1,"turns":1},{"damage":0,"enemies":"Lagavulin","floor":6,"turns":2},{"damage":0,"enemies":"Small Slimes","floor":8,"turns":1},{"damage":5,"enemies":"2 Louse","floor":12,"turns":2},{"damage":6,"enemies":"Looter","floor":13,"turns":3},{"damage":6,"enemies":"2 Fungi Beasts","floor":14,"turns":3},{"damage":8,"enemies":"Slime Boss","floor":16,"turns":8},{"damage":1,"enemies":"Spheric Guardian","floor":18,"turns":3},{"damage":13,"enemies":"Shell Parasite","floor":21,"turns":3},{"damage":15,"enemies":"Sentry and Sphere","floor":22,"turns":4},{"damage":16,"enemies":"Centurion and Healer","floor":24,"turns":5},{"damage":14,"enemies":"Snake Plant","floor":27,"turns":2},{"damage":9,"enemies":"Chosen and Byrds","floor":28,"turns":4},{"damage":4,"enemies":"Cultist and Chosen","floor":29,"turns":4},{"damage":58,"enemies":"Champ","floor":33,"turns":7},{"damage":1,"enemies":"3 Shapes","floor":35,"turns":3},{"damage":6,"enemies":"Orb Walker","floor":41,"turns":3},{"damage":28,"enemies":"3 Darklings","floor":45,"turns":4},{"damage":32,"enemies":"Reptomancer","floor":46,"turns":4},{"damage":0,"enemies":"Transient","floor":47,"turns":5},{"damage":23,"enemies":"4 Shapes","floor":48,"turns":3},{"damage":51,"enemies":"Donu and Deca","floor":50,"turns":5}],"seed_played":"-8052524668505668951","potions_obtained":[{"floor":6,"key":"AttackPotion"},{"floor":14,"key":"BlessingOfTheForge"},{"floor":24,"key":"PowerPotion"},{"floor":27,"key":"BlessingOfTheForge"},{"floor":28,"key":"DuplicationPotion"},{"floor":35,"key":"SpeedPotion"},{"floor":45,"key":"PowerPotion"}],"is_trial":false,"path_per_floor":["M","?","?","?","$","E","?","M","T","?","R","M","M","M","R","B",null,"M","?","$","M","M","R","M","?","T","M","M","M","R","T","R","B",null,"M","?","?","$","?","R","M","?","T","R","M","E","M","M","R","B"],"character_chosen":"DEFECT","items_purchased":["Storm","Whetstone","Akabeko"],"campfire_rested":6,"item_purchase_floors":[5,20,20],"current_hp_per_floor":[75,75,72,54,54,54,54,54,54,54,54,49,43,37,74,66,75,74,74,74,61,46,46,30,30,30,21,17,18,55,55,75,22,75,75,75,71,71,71,71,70,70,70,71,48,21,26,8,44,0,0],"gold":300,"neow_bonus":"THREE_ENEMY_KILL","is_prod":false,"is_daily":false,"chose_seed":false,"campfire_upgraded":2,"win_rate":0,"timestamp":1607561213,"path_taken":["M","?","?","?","$","E","?","M","T","?","R","M","?","M","R","BOSS","M","?","$","?","M","R","?","?","T","M","M","M","R","?","R","BOSS","M","?","?","$","?","R","M","?","T","R","?","E","M","M","R","BOSS"],"build_version":"2020-11-30","purchased_purges":0,"victory":false,"max_hp_per_floor":[75,75,75,75,75,75,75,75,75,75,75,75,75,75,75,75,75,75,75,75,75,75,75,75,75,75,75,75,75,75,75,75,75,75,75,75,71,71,71,71,71,71,71,71,71,71,71,71,71,71,71],"card_choices":[{"not_picked":["Rebound","Barrage"],"picked":"Cold Snap","floor":1},{"not_picked":["Loop","Steam","Amplify"],"picked":"SKIP","floor":6},{"not_picked":["Sweeping Beam","Compile Driver","Leap"],"picked":"SKIP","floor":8},{"not_picked":["Barrage","Stack"],"picked":"Capacitor","floor":12},{"not_picked":["Cold Snap","Sunder"],"picked":"Storm","floor":13},{"not_picked":["Tempest","Glacier","Streamline"],"picked":"SKIP","floor":14},{"not_picked":["Core Surge","Rainbow"],"picked":"Creative AI","floor":16},{"not_picked":[],"picked":"Heatsinks+1","floor":18},{"not_picked":["Stack"],"picked":"SKIP","floor":21},{"not_picked":["Tempest+1"],"picked":"SKIP","floor":22},{"not_picked":["Conserve Battery"],"picked":"SKIP","floor":24},{"not_picked":["BootSequence"],"picked":"SKIP","floor":27},{"not_picked":["Sunder"],"picked":"SKIP","floor":28},{"not_picked":["Cold Snap"],"picked":"SKIP","floor":29},{"not_picked":["Hello World+1"],"picked":"SKIP","floor":35},{"not_picked":["Rebound+1"],"picked":"SKIP","floor":41},{"not_picked":["Rebound+1"],"picked":"SKIP","floor":45},{"not_picked":["Redo"],"picked":"SKIP","floor":46},{"not_picked":["Sweeping Beam+1"],"picked":"SKIP","floor":47},{"not_picked":["Chill+1"],"picked":"SKIP","floor":48}],"player_experience":186644,"relics_obtained":[{"floor":6,"key":"Orichalcum"},{"floor":9,"key":"DataDisk"},{"floor":26,"key":"The Courier"},{"floor":31,"key":"Letter Opener"},{"floor":43,"key":"Gremlin Horn"},{"floor":46,"key":"HornCleat"}],"event_choices":[{"damage_healed":0,"gold_gain":0,"player_choice":"Leave","damage_taken":0,"max_hp_gain":0,"max_hp_loss":0,"event_name":"The Cleric","floor":2,"gold_loss":0},{"damage_healed":0,"gold_gain":0,"player_choice":"Success","damage_taken":3,"relics_obtained":["Regal Pillow"],"max_hp_gain":0,"max_hp_loss":0,"event_name":"Scrap Ooze","floor":3,"gold_loss":0},{"damage_healed":0,"gold_gain":0,"player_choice":"Take Damage","damage_taken":18,"relics_obtained":["Golden Idol"],"max_hp_gain":0,"max_hp_loss":0,"event_name":"Golden Idol","floor":4,"gold_loss":0},{"damage_healed":0,"gold_gain":0,"player_choice":"Grow","damage_taken":0,"max_hp_gain":0,"max_hp_loss":0,"event_name":"Living Wall","floor":7,"gold_loss":0,"cards_upgraded":["Zap"]},{"damage_healed":0,"gold_gain":0,"player_choice":"Ignored","damage_taken":0,"max_hp_gain":0,"max_hp_loss":0,"event_name":"Golden Wing","floor":10,"gold_loss":0},{"damage_healed":0,"gold_gain":0,"player_choice":"Upgraded","damage_taken":0,"max_hp_gain":0,"max_hp_loss":0,"event_name":"Upgrade Shrine","floor":19,"gold_loss":0,"cards_upgraded":["Creative AI"]},{"damage_healed":0,"gold_gain":0,"player_choice":"Gave Idol","damage_taken":0,"relics_obtained":["Bloody Idol"],"max_hp_gain":0,"max_hp_loss":0,"event_name":"Forgotten Altar","floor":25,"relics_lost":["Golden Idol"],"gold_loss":0},{"cards_removed":["Defend_B"],"damage_healed":0,"gold_gain":0,"player_choice":"Removed Skill","damage_taken":0,"max_hp_gain":0,"max_hp_loss":0,"event_name":"Falling","floor":36,"gold_loss":0},{"damage_healed":0,"gold_gain":0,"player_choice":"Max HP","damage_taken":0,"max_hp_gain":0,"max_hp_loss":4,"event_name":"Winding Halls","floor":37,"gold_loss":0},{"damage_healed":0,"gold_gain":0,"player_choice":"Memory 1","damage_taken":0,"max_hp_gain":0,"max_hp_loss":0,"event_name":"SensoryStone","floor":39,"gold_loss":0},{"damage_healed":0,"gold_gain":0,"player_choice":"Ignored","damage_taken":0,"max_hp_gain":0,"max_hp_loss":0,"event_name":"Tomb of Lord Red Mask","floor":42,"gold_loss":0}],"is_beta":false,"boss_relics":[{"not_picked":["SacredBark","Ectoplasm"],"picked":"Busted Crown"},{"not_picked":["Snecko Eye","Black Star"],"picked":"Fusion Hammer"}],"items_purged_floors":[],"is_endless":false,"potions_floor_spawned":[6,14,24,27,28,35,45],"killed_by":"Donu and Deca","ascension_level":1}}