{"host":"leem2xi7qlpn2ezy","time":1607589641,"event":{"gold_per_floor":[116,116,131,47,47,47,73,90,90,105,105,173,189,43,43,138,138,149,149,149,166,101,101,64,64,64,64,95,129,129,147,147,250,250,263,38,38,38],"floor_reached":39,"playtime":1195,"items_purged":["Strike_G+1"],"score":718,"play_id":"803dfbac-4863-4fb5-b408-6d25c1da6a8f","local_time":"20201210004041","is_ascension_mode":false,"campfire_choices":[{"data":"Backstab","floor":6,"key":"SMITH"},{"data":"Blade Dance","floor":11,"key":"SMITH"},{"data":"Infinite Blades","floor":15,"key":"SMITH"},{"data":"Blade Dance","floor":23,"key":"SMITH"},{"data":"Accuracy","floor":25,"key":"SMITH"},{"data":"Blade Dance","floor":27,"key":"SMITH"},{"data":"Backstab","floor":30,"key":"SMITH"},{"data":"Burst","floor":32,"key":"SMITH"}],"neow_cost":"NONE","seed_source_timestamp":2506862658034300,"circlet_count":0,"master_deck":["Strike_G+1","Strike_G+1","Strike_G+1","Strike_G+1","Defend_G+1","Defend_G+1","Defend_G+1","Defend_G+1","Defend_G+1","Survivor","Neutralize","Backstab+1","Slice","Dramatic Entrance+1","Blade Dance+1","Infinite Blades+1","PiercingWail","Quick Slash","Die Die Die","Blade Dance+1","Blade Dance+1","Blade Dance+1","Accuracy+1","Burst+1","Backstab+1","Blade Dance+1"],"relics":["Ring of the Snake","NeowsBlessing","Bird Faced Urn","HornCleat","Membership Card","WristBlade","Pear","Matryoshka","Red Mask","SlaversCollar","Toxic Egg 2","Vajra"],"potions_floor_usage":[16,33,38,38],"damage_taken":[{"damage":0,"enemies":"Jaw Worm","floor":1,"turns":1},{"damage":0,"enemies":"Cultist","floor":3,"turns":1},{"damage":0,"enemies":"Gremlin Nob","floor":7,"turns":1},{"damage":0,"enemies":"Small Slimes","floor":8,"turns":1},{"damage":1,"enemies":"Exordium Wildlife","floor":10,"turns":3},{"damage":0,"enemies":"Exordium Thugs","floor":13,"turns":3},{"damage":35,"enemies":"Hexaghost","floor":16,"turns":11},{"damage":1,"enemies":"Chosen","floor":18,"turns":3},{"damage":10,"enemies":"2 Thieves","floor":21,"turns":2},{"damage":0,"enemies":"Gremlin Leader","floor":28,"turns":2},{"damage":0,"enemies":"Masked Bandits","floor":29,"turns":1},{"damage":9,"enemies":"Centurion and Healer","floor":31,"turns":2},{"damage":0,"enemies":"Automaton","floor":33,"turns":3},{"damage":0,"enemies":"Orb Walker","floor":35,"turns":1},{"damage":44,"enemies":"Donu and Deca","floor":38,"turns":6}],"seed_played":"-3244107467158016462","potions_obtained":[{"floor":7,"key":"DistilledChaos"},{"floor":8,"key":"Fire Potion"},{"floor":13,"key":"AttackPotion"},{"floor":16,"key":"Dexterity Potion"},{"floor":18,"key":"DuplicationPotion"},{"floor":21,"key":"Poison Potion"}],"is_trial":false,"path_per_floor":["M","?","M","$","?","R","E","M","T","M","R","?","M","$","R","B",null,"M","?","?","M","$","R","$","R","T","R","E","?","R","M","R","B",null,"M","$","?","B",null],"character_chosen":"THE_SILENT","items_purchased":["Dramatic Entrance","Membership Card","Blade Dance","Accuracy","Toxic Egg 2","Vajra","Blade Dance+1"],"campfire_rested":0,"item_purchase_floors":[4,14,22,24,36,36,36],"current_hp_per_floor":[70,70,70,70,70,70,70,70,70,69,69,69,69,69,69,35,70,69,69,69,60,60,60,60,60,70,70,74,74,74,67,67,71,80,80,80,80,38],"gold":38,"neow_bonus":"THREE_ENEMY_KILL","is_prod":false,"is_daily":false,"chose_seed":false,"campfire_upgraded":8,"win_rate":0,"timestamp":1607589641,"path_taken":["M","?","?","$","?","R","E","M","T","M","R","?","M","?","R","BOSS","M","?","?","M","$","R","$","R","T","R","E","?","R","M","R","BOSS","M","$","?","BOSS"],"build_version":"2020-11-30","purchased_purges":1,"victory":true,"max_hp_per_floor":[70,70,70,70,70,70,70,70,70,70,70,70,70,70,70,70,70,70,70,70,70,70,70,70,70,80,80,80,80,80,80,80,80,80,80,80,80,80],"card_choices":[{"not_picked":["Deflect","Underhanded Strike"],"picked":"Backstab","floor":1},{"not_picked":["Underhanded Strike","Quick Slash"],"picked":"Slice","floor":3},{"not_picked":["Sucker Punch","Deflect"],"picked":"Blade Dance","floor":7},{"not_picked":["Deadly Poison","Setup"],"picked":"Infinite Blades","floor":8},{"not_picked":["Acrobatics","Infinite Blades"],"picked":"PiercingWail","floor":10},{"not_picked":["Escape Plan","Flying Knee"],"picked":"Quick Slash","floor":13},{"not_picked":["Phantasmal Killer","Glass Knife"],"picked":"Die Die Die","floor":16},{"not_picked":["Predator","Dagger Spray"],"picked":"Blade Dance+1","floor":18},{"not_picked":["Reflex+1","PiercingWail","Deadly Poison"],"picked":"SKIP","floor":21},{"not_picked":["Well Laid Plans","Riddle With Holes+1"],"picked":"Burst","floor":28},{"not_picked":["Outmaneuver+1","Cloak And Dagger+1"],"picked":"Backstab","floor":29},{"not_picked":["Deflect","Blur+1","Quick Slash"],"picked":"SKIP","floor":31},{"not_picked":["PiercingWail","Flying Knee+1","Bane"],"picked":"SKIP","floor":35}],"player_experience":79834,"relics_obtained":[{"floor":7,"key":"Bird Faced Urn"},{"floor":9,"key":"HornCleat"},{"floor":26,"key":"Pear"},{"floor":28,"key":"Matryoshka"},{"floor":29,"key":"Red Mask"}],"event_choices":[{"damage_healed":0,"gold_gain":0,"player_choice":"Ignored","damage_taken":0,"max_hp_gain":0,"max_hp_loss":0,"event_name":"NoteForYourself","floor":2,"gold_loss":0},{"damage_healed":0,"gold_gain":0,"player_choice":"Grow","damage_taken":0,"max_hp_gain":0,"max_hp_loss":0,"event_name":"Living Wall","floor":5,"gold_loss":0,"cards_upgraded":["Dramatic Entrance"]},{"damage_healed":0,"gold_gain":68,"player_choice":"Gained Gold","damage_taken":0,"max_hp_gain":0,"max_hp_loss":0,"event_name":"Golden Wing","floor":12,"gold_loss":0},{"damage_healed":0,"gold_gain":0,"player_choice":"Read","damage_taken":0,"max_hp_gain":0,"max_hp_loss":0,"event_name":"The Library","floor":19,"gold_loss":0,"cards_obtained":["Blade Dance"]},{"damage_healed":0,"gold_gain":0,"player_choice":"Simplicity","damage_taken":0,"max_hp_gain":0,"max_hp_loss":0,"event_name":"Back to Basics","floor":20,"gold_loss":0,"cards_upgraded":["Strike_G","Strike_G","Strike_G","Strike_G","Strike_G","Defend_G","Defend_G","Defend_G","Defend_G","Defend_G"]},{"damage_healed":0,"gold_gain":0,"player_choice":"Fought Bandits","damage_taken":0,"max_hp_gain":0,"max_hp_loss":0,"event_name":"Masked Bandits","floor":29,"gold_loss":0},{"damage_healed":0,"gold_gain":0,"player_choice":"Took Portal","damage_taken":0,"max_hp_gain":0,"max_hp_loss":0,"event_name":"SecretPortal","floor":37,"gold_loss":0}],"is_beta":false,"boss_relics":[{"not_picked":["Calling Bell","Runic Pyramid"],"picked":"WristBlade"},{"not_picked":["Snecko Eye","Pandora\u0027s Box"],"picked":"SlaversCollar"}],"items_purged_floors":[22],"is_endless":false,"potions_floor_spawned":[7,8,13,16,18,21],"ascension_level":0}}