{"host":"0fro2zsghd18gsf6","time":1607644392,"event":{"mods":["BaseMod","Better Third Choice","CapriCore","Minty Spire (QoL Compilation)","StSLib","The Immortal","Waifu the Spire"],"gold_per_floor":[213,227,227,17,0,25,25,25,25,25,37,37,53,64,64,159,159,172,182,199,48,48,58,75,88,114,114,114,114,126,126,126,126],"floor_reached":31,"playtime":1636,"items_purged":["MokouMod:Defend"],"score":264,"play_id":"63631ce6-e541-4228-b27e-40b497dff70b","local_time":"20201211075312","is_ascension_mode":false,"campfire_choices":[{"floor":7,"key":"REST"},{"data":"MokouMod:Sear","floor":12,"key":"SMITH"},{"floor":15,"key":"REST"},{"floor":27,"key":"REST"},{"data":"MokouMod:HeartofFire","floor":29,"key":"SMITH"}],"circlet_count":0,"master_deck":["MokouMod:Strike","MokouMod:Strike","MokouMod:Strike","MokouMod:Strike","MokouMod:Defend","MokouMod:Defend","MokouMod:Defend","MokouMod:HeatSpark","MokouMod:FlamingFireTalons","MokouMod:IndiscriminateIgnition","MokouMod:ShiftIgnition","MokouMod:RoaringFlare","Enlightenment","MokouMod:HeatTransfer","MokouMod:Sear+1","MokouMod:Scorch","MokouMod:FujiyamaVolcano","MokouMod:ExplosiveFlame","MokouMod:InfernalWave+1","MokouMod:Overheat+1","MokouMod:FlareStarter","MokouMod:HeartofFire+1","MokouMod:TemporalFireSeal","MokouMod:AdaptivePyromancy","MokouMod:IndiscriminateIgnition","MokouMod:WarmUp+1"],"relics":["MokouMod:PhoenixFeather","Nunchaku","Sundial","Pantograph","Gambling Chip","Mango","Nloth\u0027s Gift","Lantern"],"acts_visited":["Exordium","TheCity"],"potions_floor_usage":[31,31],"damage_taken":[{"damage":2,"enemies":"Small Slimes","floor":1,"turns":3},{"damage":6,"enemies":"Jaw Worm","floor":2,"turns":3},{"damage":58,"enemies":"Lagavulin","floor":6,"turns":8},{"damage":4,"enemies":"2 Louse","floor":11,"turns":3},{"damage":14,"enemies":"Exordium Thugs","floor":13,"turns":3},{"damage":21,"enemies":"Gremlin Gang","floor":14,"turns":5},{"damage":32,"enemies":"Slime Boss","floor":16,"turns":10},{"damage":6,"enemies":"3 Byrds","floor":18,"turns":3},{"damage":30,"enemies":"Spheric Guardian","floor":19,"turns":4},{"damage":12,"enemies":"Snecko","floor":20,"turns":4},{"damage":52,"enemies":"Shelled Parasite and Fungi","floor":23,"turns":5},{"damage":22,"enemies":"Chosen and Byrds","floor":24,"turns":5},{"damage":9,"enemies":"Snecko","floor":25,"turns":4},{"damage":27,"enemies":"Snake Plant","floor":30,"turns":5},{"damage":45,"enemies":"Shelled Parasite and Fungi","floor":31,"turns":3}],"seed_played":"-2865465427024071186","potions_obtained":[{"floor":1,"key":"Explosive Potion"},{"floor":11,"key":"Energy Potion"},{"floor":25,"key":"ColorlessPotion"}],"is_trial":false,"path_per_floor":["M","M","?","$","?","E","R","T","T","?","M","R","M","M","R","B",null,"M","M","M","$","?","M","M","M","T","R","?","R","M","M"],"character_chosen":"MKU","items_purchased":["Nunchaku","MokouMod:RoaringFlare","MokouMod:HeartofFire"],"campfire_rested":3,"item_purchase_floors":[4,4,21],"current_hp_per_floor":[73,67,67,67,73,15,39,39,39,53,49,49,35,14,42,35,95,89,59,47,47,47,23,1,22,22,50,31,31,4,0,0,0],"gold":126,"neow_bonus":"HUNDRED_GOLD","is_daily":false,"chose_seed":false,"campfire_upgraded":2,"win_rate":0.0,"timestamp":1607644392,"path_taken":["M","M","?","$","?","E","R","?","T","?","M","R","M","M","R","BOSS","M","M","M","$","?","M","?","M","T","R","?","R","M","M"],"items_purchased_type":["Relic","Card","Card"],"build_version":"2020-11-30","purchased_purges":1,"victory":false,"max_hp_per_floor":[75,75,75,75,81,81,81,81,81,95,95,95,95,95,95,95,95,95,95,95,95,95,95,95,95,95,95,100,100,100,100,100,100],"card_choices":[{"not_picked":["MokouMod:FusionFlare","MokouMod:TemporalFireSeal"],"picked":"MokouMod:FlamingFireTalons","floor":1},{"not_picked":["MokouMod:IgneousBlow","MokouMod:IllusoryBattlefield"],"picked":"MokouMod:IndiscriminateIgnition","floor":2},{"not_picked":["MokouMod:Firecracker","MokouMod:ScorchingColumn"],"picked":"MokouMod:HeatTransfer","floor":6},{"not_picked":["MokouMod:Fireball","MokouMod:RoaringFlare"],"picked":"MokouMod:Sear","floor":11},{"not_picked":["MokouMod:RoaringFlare","MokouMod:ScorchedEarth"],"picked":"MokouMod:Scorch","floor":13},{"not_picked":["MokouMod:TemporalFireSeal","MokouMod:ImperishableFlame"],"picked":"MokouMod:FujiyamaVolcano","floor":14},{"not_picked":["MokouMod:EnchantingBambooForest","MokouMod:BurningHiddenBullet"],"picked":"MokouMod:ExplosiveFlame","floor":16},{"not_picked":["MokouMod:Burn","MokouMod:FusionFlare"],"picked":"MokouMod:InfernalWave+1","floor":18},{"not_picked":["MokouMod:HeatCyclone","MokouMod:Sear"],"picked":"MokouMod:Overheat+1","floor":19},{"not_picked":["MokouMod:ResoluteFlare+1","MokouMod:Scorch"],"picked":"MokouMod:FlareStarter","floor":20},{"not_picked":["MokouMod:Overheat","MokouMod:Stoke+1"],"picked":"MokouMod:TemporalFireSeal","floor":23},{"not_picked":["MokouMod:FlickeringFlame","MokouMod:RisingSunBarrier"],"picked":"MokouMod:AdaptivePyromancy","floor":24},{"not_picked":["MokouMod:ExplosiveFlame","MokouMod:Afterburner"],"picked":"MokouMod:IndiscriminateIgnition","floor":25},{"not_picked":["MokouMod:Sear","MokouMod:SearingShot+1"],"picked":"MokouMod:WarmUp+1","floor":30}],"player_experience":200188,"relics_obtained":[{"floor":6,"key":"Sundial"},{"floor":8,"key":"Pantograph"},{"floor":9,"key":"Gambling Chip"},{"floor":26,"key":"Lantern"}],"event_choices":[{"damage_healed":0,"gold_gain":0,"cards_transformed":["MokouMod:Strike"],"player_choice":"Change","damage_taken":0,"max_hp_gain":0,"max_hp_loss":0,"event_name":"Living Wall","floor":3,"gold_loss":0,"cards_obtained":["MokouMod:ShiftIgnition"]},{"damage_healed":0,"gold_gain":0,"player_choice":"RENOUNCE","damage_taken":17,"max_hp_gain":0,"max_hp_loss":0,"event_name":"betterThird:BetterSerpent","floor":5,"gold_loss":17,"cards_obtained":["Enlightenment"]},{"damage_healed":0,"gold_gain":0,"player_choice":"Gave Potion","damage_taken":0,"relics_obtained":["Mango"],"max_hp_gain":0,"max_hp_loss":0,"event_name":"WeMeetAgain","floor":10,"gold_loss":0},{"damage_healed":0,"gold_gain":0,"player_choice":"Traded Relic","damage_taken":0,"relics_obtained":["Nloth\u0027s Gift"],"max_hp_gain":0,"max_hp_loss":0,"event_name":"N\u0027loth","floor":22,"relics_lost":["Sozu"],"gold_loss":0},{"damage_healed":0,"gold_gain":0,"player_choice":"Shed Blood","damage_taken":24,"max_hp_gain":5,"max_hp_loss":0,"event_name":"Forgotten Altar","floor":28,"gold_loss":0}],"is_beta":false,"boss_relics":[{"not_picked":["Runic Pyramid","Runic Dome"],"picked":"Sozu"}],"items_purged_floors":[21],"is_endless":false,"potions_floor_spawned":[1,11,18,20,25],"killed_by":"Shelled Parasite and Fungi","ascension_level":0}}