{"host":"o3so5oxo9aakc7d5","time":1607639121,"event":{"mods":["BaseMod","StSLib","Better Match","Block Reminder","Challenge The Spire","Googly Eyes","Minty Spire (QoL Compilation)","Jorbs\u0027s Wanderer Trilogy","Better Altar","Better Sensory Stone","Better Skull","Better Third Choice","CapriCore","Rare Cards Sparkle","Spicy Shops"],"gold_per_floor":[112,125,140,140,140,140,178,28,28,28,64,2,45,59,59,59,59],"floor_reached":16,"playtime":529,"items_purged":["Strike_G"],"score":124,"play_id":"7ec707b6-980b-4cbe-8302-99cb8957a6b7","local_time":"20201210152521","is_ascension_mode":true,"campfire_choices":[{"data":"Malaise","floor":6,"key":"SMITH"},{"data":"Dagger Spray","floor":10,"key":"SMITH"},{"floor":15,"key":"REST"}],"circlet_count":0,"master_deck":["Strike_G","Strike_G","Strike_G","Strike_G","Defend_G","Defend_G","Defend_G","Defend_G","Defend_G","Survivor","Neutralize","Slice","Dagger Spray+1","Malaise+1","Cloak And Dagger","Deflect","Cloak And Dagger","Regret","Die Die Die"],"relics":["Ring of the Snake","NeowsBlessing","Golden Idol","Tiny Chest","Orrery","Boot","Happy Flower","Ancient Tea Set"],"acts_visited":["Exordium"],"potions_floor_usage":[13],"damage_taken":[{"damage":0,"enemies":"Cultist","floor":1,"turns":1},{"damage":0,"enemies":"Small Slimes","floor":2,"turns":1},{"damage":0,"enemies":"2 Louse","floor":3,"turns":1},{"damage":29,"enemies":"Gremlin Nob","floor":7,"turns":7},{"damage":22,"enemies":"Lagavulin","floor":11,"turns":9},{"damage":18,"enemies":"3 Sentries","floor":13,"turns":7},{"damage":0,"enemies":"2 Fungi Beasts","floor":14,"turns":3},{"damage":25,"enemies":"Slime Boss","floor":16,"turns":7}],"seed_played":"-4113616005419768030","potions_obtained":[{"floor":2,"key":"PowerPotion"},{"floor":7,"key":"SpeedPotion"}],"is_trial":false,"path_per_floor":["M","M","M","?","?","R","E","$","T","R","E","$","E","M","R","B"],"character_chosen":"THE_SILENT","items_purchased":["Orrery","Happy Flower"],"campfire_rested":1,"item_purchase_floors":[8,12],"current_hp_per_floor":[70,70,70,53,70,70,41,41,41,41,19,19,1,1,22,0,0],"gold":59,"neow_bonus":"THREE_ENEMY_KILL","is_daily":false,"chose_seed":false,"campfire_upgraded":2,"win_rate":0,"timestamp":1607639121,"path_taken":["M","?","M","?","?","R","E","$","T","R","E","$","E","M","R","BOSS"],"build_version":"2020-11-30","purchased_purges":1,"victory":false,"max_hp_per_floor":[70,70,70,70,70,70,70,70,70,70,70,70,70,70,70,70,70],"card_choices":[{"not_picked":["Dagger Throw","Blade Dance"],"picked":"Slice","floor":1},{"not_picked":["Well Laid Plans","Blade Dance"],"picked":"Dagger Spray","floor":2},{"not_picked":["Deadly Poison","Flying Knee"],"picked":"Malaise","floor":3},{"not_picked":["Finisher","Acrobatics","Cloak And Dagger"],"picked":"SKIP","floor":7},{"not_picked":["Calculated Gamble","Dagger Throw"],"picked":"Cloak And Dagger","floor":8},{"not_picked":["Underhanded Strike","Setup"],"picked":"Deflect","floor":8},{"not_picked":["Deflect","Caltrops"],"picked":"Cloak And Dagger","floor":8},{"not_picked":["Blur","PiercingWail","Backflip"],"picked":"SKIP","floor":11},{"not_picked":["Prepared","Underhanded Strike"],"picked":"Die Die Die","floor":13},{"not_picked":["Finisher","Bane","Terror"],"picked":"SKIP","floor":14}],"player_experience":504686,"relics_obtained":[{"floor":7,"key":"Tiny Chest"},{"floor":11,"key":"Boot"},{"floor":13,"key":"Ancient Tea Set"}],"event_choices":[{"damage_healed":0,"gold_gain":0,"player_choice":"Take Damage","damage_taken":17,"relics_obtained":["Golden Idol"],"max_hp_gain":0,"max_hp_loss":0,"event_name":"Golden Idol","floor":4,"gold_loss":0},{"damage_healed":23,"gold_gain":0,"player_choice":"Banana","damage_taken":0,"max_hp_gain":0,"max_hp_loss":0,"event_name":"Big Fish","floor":5,"gold_loss":0}],"is_beta":false,"boss_relics":[],"items_purged_floors":[8],"is_endless":false,"potions_floor_spawned":[2,7],"killed_by":"Slime Boss","ascension_level":1}}