{"host":"q5ov95m673vfqvx7","time":1607608198,"event":{"mods":["BaseMod","StSLib","Ascension Reborn","BetterRewards","Colored Map","Custom Start","DeckTracker","EXCEPTION","Infinite Spire","AchievementEnabler","slay the spire mod where everything is the same but ironclad has a cowboy hat","Quick Restart","Act Like it!","Colored Powertips","Friendly Minions","Gensokyo","Halation","Hubris","Marisa????????","Minty Spire (QoL Compilation)","Rare Cards Sparkle","Replay The Spire","Reworked Bosses","Shop Mod","SuperFastMode","The Servant 0.9.4","Wandering Minibosses","egg","The IronCluck","???mod?????","Aspiration","Better Sensory Stone","Better Third Choice","Dio Mod","Downfall","Spicy Shops","Waifu the Spire","Challenge The Spire","Menagerie","everything is the same but u backflip on backflip","Yohane!","vexMod","Elementarium","Railgun Mod","Displayed Cursed Tome","Koishi","Luminous","Reimu??????","Remilia??????","The Senshi"],"gold_per_floor":[119,131,131,131,131,164,164,164,213,228,228,242,242,275,275,275,275],"floor_reached":16,"playtime":466,"items_purged":[],"score":139,"play_id":"b748c447-b0a9-403c-9e2e-d114a5ea20d2","local_time":"20201210084958","is_ascension_mode":true,"campfire_choices":[{"data":"KidneyShot","floor":8,"key":"SMITH"},{"data":"Spin","floor":11,"key":"SMITH"},{"floor":13,"key":"REST"},{"floor":15,"key":"REST"}],"circlet_count":0,"master_deck":["Strike_S","Strike_S","Strike_S","Strike_S","Defend_S","Defend_S","Defend_S","Defend_S","KidneyShot+1","Exchange","Spin+1","MoonPhase","Pain","Good Instincts","MoonPhase","KillingDoll"],"relics":["Uniform","NeowsBlessing","Gensokyo:LunaticRedEyes","halation:PinkSoulGem","halation:PromiseList","Pen Nib","aspiration:HiddenCompartment"],"acts_visited":["Gensokyo:Gensokyo"],"potions_floor_usage":[],"damage_taken":[{"damage":0,"enemies":"Gensokyo:3_Fairies","floor":1,"turns":1},{"damage":0,"enemies":"Gensokyo:Gryphon","floor":2,"turns":1},{"damage":0,"enemies":"Gensokyo:Cirno","floor":6,"turns":2},{"damage":8,"enemies":"Gensokyo:Python","floor":10,"turns":4},{"damage":1,"enemies":"Gensokyo:3_Kodama","floor":12,"turns":2},{"damage":29,"enemies":"Gensokyo:Mamizou","floor":14,"turns":9},{"damage":55,"enemies":"Gensokyo:Yukari","floor":16,"turns":13}],"seed_played":"5729737782317894864","potions_obtained":[{"floor":12,"key":"Ancient Potion"},{"floor":14,"key":"DuplicationPotion"}],"is_trial":false,"path_per_floor":["M","M","?","?","?","E","?","R","T","M","R","M","R","E","R","B"],"character_chosen":"THE_SERVANT","items_purchased":[],"campfire_rested":2,"item_purchase_floors":[],"current_hp_per_floor":[65,65,65,65,65,65,65,65,65,57,57,56,65,36,55,0,0],"gold":275,"neow_bonus":"THREE_ENEMY_KILL","is_daily":false,"chose_seed":false,"campfire_upgraded":2,"win_rate":0,"timestamp":1607608198,"path_taken":["M","M","?","?","?","E","?","R","T","M","R","?","R","E","R","BOSS"],"build_version":"2020-11-30","purchased_purges":0,"victory":false,"max_hp_per_floor":[65,65,65,65,65,65,65,65,65,65,65,65,65,65,65,65,65],"card_choices":[{"not_picked":["BottledTime","Unruled"],"picked":"Spin","floor":1},{"not_picked":["Desolation","Replace"],"picked":"MoonPhase","floor":2},{"not_picked":["Secret Technique","SpeedBlade2_Colorless"],"picked":"Good Instincts","floor":5},{"not_picked":["Rewind","TimeWarp","Alleviate"],"picked":"SKIP","floor":6},{"not_picked":["BestPractice","TimeWarp","Collapse"],"picked":"SKIP","floor":10},{"not_picked":["Defy","ReturningBlade"],"picked":"MoonPhase","floor":12},{"not_picked":["SilverMatrix","TimeTheft"],"picked":"KillingDoll","floor":14}],"player_experience":135645,"relics_obtained":[{"floor":6,"key":"halation:PromiseList"},{"floor":9,"key":"Pen Nib"},{"floor":14,"key":"aspiration:HiddenCompartment"}],"event_choices":[{"damage_healed":0,"gold_gain":1,"player_choice":"1","damage_taken":0,"max_hp_gain":0,"max_hp_loss":0,"event_name":"betterStone:BetterStone","floor":5,"gold_loss":0}],"is_beta":false,"boss_relics":[],"items_purged_floors":[],"is_endless":false,"potions_floor_spawned":[12,14],"killed_by":"Gensokyo:Yukari","ascension_level":1}}