{"host":"1sn8m3l2btf1jbx1","time":1607570886,"event":{"gold_per_floor":[119,130,150,11,25,25,25,47,47,47,47,72,72,85,85,181,181,191,207,224,224,224,224,224],"floor_reached":23,"playtime":1367,"items_purged":[],"score":258,"play_id":"105f46c3-cc1b-4e95-bd2a-7db668c0ffa9","local_time":"20201210112806","is_ascension_mode":true,"campfire_choices":[{"data":"Eruption","floor":6.0,"key":"SMITH"},{"data":"Prostrate","floor":11.0,"key":"SMITH"},{"data":"Ragnarok","floor":13.0,"key":"SMITH"},{"data":"Wish","floor":15.0,"key":"SMITH"}],"neow_cost":"NONE","seed_source_timestamp":0,"circlet_count":0,"master_deck":["Strike_P","Strike_P","Defend_P+1","Defend_P","Defend_P","Defend_P","Eruption+1","Vigilance","Prostrate+1","Wireheading","Nirvana","Ragnarok+1","Wish+1","Evaluate","EmptyFist","CarveReality","Wish","CurseOfTheBell","Study","LessonLearned","Prostrate","Consecrate"],"special_seed":0,"relics":["Velvet Choker","Odd Mushroom","Meat on the Bone","CultistMask","Gremlin Horn","Calling Bell","Pen Nib","Yang","Mango"],"potions_floor_usage":[23],"damage_taken":[{"damage":0.0,"enemies":"Cultist","floor":1.0,"turns":2.0},{"damage":3.0,"enemies":"Jaw Worm","floor":2.0,"turns":4.0},{"damage":10.0,"enemies":"Small Slimes","floor":3.0,"turns":3.0},{"damage":4.0,"enemies":"3 Louse","floor":5.0,"turns":2.0},{"damage":9.0,"enemies":"The Mushroom Lair","floor":8.0,"turns":4.0},{"damage":19.0,"enemies":"3 Sentries","floor":12.0,"turns":6.0},{"damage":0.0,"enemies":"Exordium Thugs","floor":14.0,"turns":3.0},{"damage":19.0,"enemies":"Hexaghost","floor":16.0,"turns":8.0},{"damage":23.0,"enemies":"3 Byrds","floor":18.0,"turns":5.0},{"damage":17,"enemies":"2 Thieves","floor":19,"turns":3},{"damage":0,"enemies":"Chosen and Byrds","floor":20,"turns":4},{"damage":48,"enemies":"Slavers","floor":23,"turns":6}],"seed_played":"3665347567576464129","potions_obtained":[{"floor":5.0,"key":"ColorlessPotion"},{"floor":12.0,"key":"CultistPotion"},{"floor":16.0,"key":"GamblersBrew"}],"is_trial":false,"path_per_floor":["M","M","M","$","M","R","?","?","T","?","R","E","R","M","R","B",null,"M","M","M","?","?","E"],"character_chosen":"WATCHER","items_purchased":["Ragnarok"],"campfire_rested":0,"item_purchase_floors":[4],"current_hp_per_floor":[65,62,52,52,48,48,41,32,32,32,32,25,25,37,37,30,76,53,48,48,48,48,0,0],"gold":224,"neow_bonus":"BOSS_RELIC","is_prod":false,"is_daily":false,"chose_seed":false,"campfire_upgraded":4,"win_rate":0,"timestamp":1607570886,"path_taken":["M","M","M","$","M","R","?","?","T","?","R","E","R","M","R","BOSS","M","?","M","?","?","E"],"build_version":"2020-11-30","purchased_purges":0,"victory":false,"max_hp_per_floor":[72,72,72,72,72,72,72,72,72,72,72,72,72,72,72,72,86,86,86,86,86,86,86,86],"card_choices":[{"not_picked":["ThirdEye","BowlingBash"],"picked":"Prostrate","floor":1.0},{"not_picked":["Protect","CrushJoints"],"picked":"Wireheading","floor":2.0},{"not_picked":["WreathOfFlame","ThirdEye"],"picked":"Nirvana","floor":3.0},{"not_picked":["EmptyMind","JustLucky"],"picked":"Wish","floor":5.0},{"not_picked":["EmptyFist","JustLucky"],"picked":"Evaluate","floor":8.0},{"not_picked":["ThirdEye","Weave"],"picked":"EmptyFist","floor":12.0},{"not_picked":["Crescendo","MentalFortress"],"picked":"CarveReality","floor":14.0},{"not_picked":["MasterReality","Scrawl"],"picked":"Wish","floor":16.0},{"not_picked":["FlurryOfBlows","ClearTheMind","Evaluate"],"picked":"SKIP","floor":18.0},{"not_picked":["PathToVictory","Consecrate"],"picked":"Study","floor":19},{"not_picked":["FollowUp","Adaptation"],"picked":"LessonLearned","floor":20}],"player_experience":289485,"relics_obtained":[{"floor":8.0,"key":"Odd Mushroom"},{"floor":9.0,"key":"Meat on the Bone"},{"floor":12.0,"key":"Gremlin Horn"},{"floor":17.0,"key":"Pen Nib"},{"floor":17.0,"key":"Yang"},{"floor":17.0,"key":"Mango"}],"event_choices":[{"cards_removed":["Strike_P"],"damage_healed":0.0,"max_hp_gain":0.0,"max_hp_loss":0.0,"gold_gain":0.0,"event_name":"Golden Wing","player_choice":"Card Removal","floor":7.0,"gold_loss":0.0,"damage_taken":7.0},{"damage_healed":0.0,"max_hp_gain":0.0,"max_hp_loss":0.0,"gold_gain":0.0,"event_name":"Mushrooms","player_choice":"Fought Mushrooms","floor":8.0,"gold_loss":0.0,"damage_taken":0.0},{"damage_healed":0.0,"max_hp_gain":0.0,"max_hp_loss":0.0,"gold_gain":0.0,"event_name":"FaceTrader","player_choice":"Trade","floor":10.0,"gold_loss":0.0,"damage_taken":0.0,"relics_obtained":["CultistMask"]},{"damage_healed":0,"gold_gain":0,"player_choice":"Read","damage_taken":0,"max_hp_gain":0,"max_hp_loss":0,"event_name":"The Library","floor":21,"gold_loss":0,"cards_obtained":["Prostrate"]},{"damage_healed":0,"gold_gain":0,"cards_transformed":["Strike_P"],"player_choice":"Transformed","damage_taken":0,"max_hp_gain":0,"max_hp_loss":0,"event_name":"Transmorgrifier","floor":22,"gold_loss":0,"cards_obtained":["Consecrate"]}],"is_beta":false,"boss_relics":[{"not_picked":["Busted Crown","Coffee Dripper"],"picked":"Calling Bell"}],"items_purged_floors":[],"is_endless":false,"potions_floor_spawned":[5,12,16],"killed_by":"Slavers","ascension_level":7}}