{"host":"lxihx0b6awoz2w1j","time":1607578649,"event":{"gold_per_floor":[118,131,144,164,17,44,44,44,97,175,187,200,200,220,220,324,324,342,342,342,342,352,383,383,395,395,414,69,69,69,79,79,184,184,201,201,201,213,226,258,258,271,297,297,297,330,347,374,374,376],"floor_reached":51,"playtime":4833,"items_purged":["hubris:Compulsion"],"score":884,"play_id":"22e4054d-4e28-42e9-abf0-afa837bf62e5","local_time":"20201210063729","is_ascension_mode":false,"campfire_choices":[{"floor":7.0,"key":"REST"},{"data":"alterego_mod:BigMeatyClaws","floor":13.0,"key":"SMITH"},{"data":"alterego_mod:TrickOrTreatment","floor":15.0,"key":"SMITH"},{"floor":24.0,"key":"REST"},{"data":"alterego_mod:Vow","floor":29.0,"key":"SMITH"},{"data":"Blade Dance","floor":32.0,"key":"SMITH"},{"floor":41,"key":"REST"},{"floor":45,"key":"REST"},{"data":"alterego_mod:Impale","floor":49,"key":"SMITH"}],"neow_cost":"NONE","seed_source_timestamp":0,"circlet_count":0,"master_deck":["alterego_mod:Strike","alterego_mod:Strike","alterego_mod:Strike","alterego_mod:Strike","alterego_mod:Defend","alterego_mod:Defend","alterego_mod:Defend","alterego_mod:Defend","alterego_mod:Impale+1","alterego_mod:BigMeatyClaws+1","alterego_mod:BrynhildrsRune","alterego_mod:1TonWallop","alterego_mod:Bounce","alterego_mod:Pet","alterego_mod:PresenceConcealment","alterego_mod:GoddessCore","alterego_mod:Undulate","alterego_mod:Bounce","alterego_mod:TrickOrTreatment+1","alterego_mod:Vow+1","alterego_mod:BiFurious+1","Caltrops","alterego_mod:ClassAdvantage","alterego_mod:Pet+1","Caltrops","alterego_mod:DiscoLights+1","alterego_mod:Jiggle+1","alterego_mod:Exercise","Blade Dance+1","A Thousand Cuts+1","alterego_mod:STier+1","Leg Sweep","Parasite","alterego_mod:Birthday","Accuracy+1","Masterful Stab+1","alterego_mod:HighServant+1"],"special_seed":0,"relics":["alterego_mod:MasochisticConstitution","Hololive_LightStick","aspiration:Lifesprig","hubris:Towel","Lantern","aspiration:SilentSkillbook","hubris:Icosahedron","PreservedInsect","Kunai","infinitespire:Satchel","Medical Kit","infinitespire:BottledMercury","alterego_mod:SomeoneToFightFor","Busted Crown","PreservedInsect","Nunchaku","Happy Flower","Mercury Hourglass"],"potions_floor_usage":[47,50],"damage_taken":[{"damage":4.0,"enemies":"Small Slimes","floor":1.0,"turns":4.0},{"damage":0.0,"enemies":"2 Louse","floor":2.0,"turns":1.0},{"damage":6.0,"enemies":"Jaw Worm","floor":3.0,"turns":3.0},{"damage":6.0,"enemies":"Large Slime","floor":4.0,"turns":7.0},{"damage":27.0,"enemies":"Gremlin Nob","floor":6.0,"turns":4.0},{"damage":5.0,"enemies":"Red Slaver","floor":11.0,"turns":3.0},{"damage":2.0,"enemies":"Exordium Wildlife","floor":12.0,"turns":5.0},{"damage":0.0,"enemies":"Blue Slaver","floor":14.0,"turns":3.0},{"damage":16.0,"enemies":"The Guardian","floor":16.0,"turns":9.0},{"damage":6.0,"enemies":"Spheric Guardian","floor":18.0,"turns":5.0},{"damage":0.0,"enemies":"3 Byrds","floor":22.0,"turns":3.0},{"damage":31.0,"enemies":"Book of Stabbing","floor":23.0,"turns":5.0},{"damage":0.0,"enemies":"Cultist and Chosen","floor":25.0,"turns":2.0},{"damage":2.0,"enemies":"Snecko","floor":27.0,"turns":4.0},{"damage":0.0,"enemies":"Shelled Parasite and Fungi","floor":31.0,"turns":2.0},{"damage":4.0,"enemies":"hubris:MusketHawk","floor":33.0,"turns":8.0},{"damage":2.0,"enemies":"Orb Walker","floor":35.0,"turns":4.0},{"damage":18.0,"enemies":"3 Darklings","floor":38.0,"turns":4.0},{"damage":22.0,"enemies":"4 Shapes","floor":39.0,"turns":4.0},{"damage":16,"enemies":"Nemesis","floor":40,"turns":5},{"damage":19,"enemies":"Writhing Mass","floor":42,"turns":9},{"damage":0,"enemies":"Giant Head","floor":46,"turns":5},{"damage":0,"enemies":"Transient","floor":47,"turns":5},{"damage":0,"enemies":"Nemesis","floor":48,"turns":5},{"damage":39,"enemies":"hubris:GrandSnecko","floor":50,"turns":6}],"seed_played":"-3932567825597075266","potions_obtained":[{"floor":1.0,"key":"Strength Potion"},{"floor":6.0,"key":"Weak Potion"},{"floor":14.0,"key":"blueLaboratory:LouseDecoction"},{"floor":18.0,"key":"Strength Potion"},{"floor":27.0,"key":"Strength Potion"},{"floor":39.0,"key":"blueLaboratory:PhilterOfMotion"},{"floor":42,"key":"blueLaboratory:HummingbirdPotion"},{"floor":48,"key":"Slimebound:ThreeZeroPotion"}],"is_trial":false,"path_per_floor":["M","M","M","M","$","E","R","?","T","?","M","M","R","M","R","B",null,"M","?","?","AVR","M","E","R","M","T","M","$","R","?","M","R","B",null,"M","?","?","M","M","E","R","M","T","?","R","E","M","E","R","B",null],"character_chosen":"The_Alterego","items_purchased":["Hololive_LightStick","Medical Kit","infinitespire:BottledMercury","alterego_mod:Exercise"],"campfire_rested":4,"item_purchase_floors":[5,28,28,28],"current_hp_per_floor":[74,74,69,78,78,52,76,76,76,76,72,83,83,83,83,75,84,79,79,79,79,79,49,74,74,74,83,83,83,83,83,83,84,88,87,87,87,70,49,34,61,50,50,50,77,79,81,90,90,52],"gold":376,"neow_bonus":"TEN_PERCENT_HP_BONUS","is_prod":false,"is_daily":false,"chose_seed":false,"campfire_upgraded":5,"win_rate":0,"timestamp":1607578649,"path_taken":["M","M","M","M","$","E","R","?","T","?","M","M","R","M","R","BOSS","M","?","?","AVR","M","E","R","?","T","M","$","R","?","M","R","BOSS","M","?","?","?","M","E","R","M","T","?","R","E","M","E","R","BOSS"],"build_version":"2020-11-30","purchased_purges":1,"victory":true,"max_hp_per_floor":[78,78,79,80,80,81,81,81,81,81,82,83,83,83,83,84,84,85,85,85,85,85,86,86,86,86,87,87,87,87,87,87,88,88,89,89,89,90,91,92,92,93,93,93,93,93,93,93,93,94],"relic_stats":{"Nunchaku":[12],"Busted Crown":48,"Happy Flower":[5],"counters":[25,115],"PreservedInsect":269,"Kunai":[73],"Medical Kit":[1],"obtain_stats":[{"infinitespire:BottledMercury":28,"alterego_mod:MasochisticConstitution":0,"aspiration:Lifesprig":6,"Lantern":9,"Happy Flower":46,"PreservedInsect":21,"hubris:Towel":8,"alterego_mod:SomeoneToFightFor":30,"Medical Kit":28,"Mercury Hourglass":48,"Hololive_LightStick":5,"Nunchaku":43,"hubris:Icosahedron":19,"Busted Crown":34,"infinitespire:Satchel":26,"aspiration:SilentSkillbook":17,"Kunai":23},{"infinitespire:BottledMercury":14,"alterego_mod:MasochisticConstitution":0,"aspiration:Lifesprig":5,"Lantern":5,"Happy Flower":22,"PreservedInsect":10,"hubris:Towel":5,"alterego_mod:SomeoneToFightFor":14,"Medical Kit":14,"Mercury Hourglass":24,"Hololive_LightStick":4,"Nunchaku":21,"hubris:Icosahedron":10,"Busted Crown":16,"infinitespire:Satchel":13,"aspiration:SilentSkillbook":9,"Kunai":12},{"infinitespire:BottledMercury":58,"alterego_mod:MasochisticConstitution":0,"aspiration:Lifesprig":19,"Lantern":19,"Happy Flower":99,"PreservedInsect":44,"hubris:Towel":19,"alterego_mod:SomeoneToFightFor":58,"Medical Kit":58,"Mercury Hourglass":109,"Hololive_LightStick":15,"Nunchaku":94,"hubris:Icosahedron":44,"Busted Crown":68,"infinitespire:Satchel":54,"aspiration:SilentSkillbook":39,"Kunai":52}],"Mercury Hourglass":[27]},"card_choices":[{"not_picked":["alterego_mod:Pet","alterego_mod:Undulate"],"picked":"alterego_mod:1TonWallop","floor":1.0},{"not_picked":["alterego_mod:Undulate","alterego_mod:Maid"],"picked":"alterego_mod:Bounce","floor":2.0},{"not_picked":["alterego_mod:MaintainEyeContact","alterego_mod:PerceptionDisorder"],"picked":"alterego_mod:Pet","floor":3.0},{"not_picked":["alterego_mod:Lingerie","alterego_mod:BustOut"],"picked":"alterego_mod:PresenceConcealment","floor":4.0},{"not_picked":["alterego_mod:Jiggle","alterego_mod:Maid"],"picked":"alterego_mod:GoddessCore","floor":6.0},{"not_picked":["alterego_mod:GoddessCore","alterego_mod:DeftHands"],"picked":"alterego_mod:Undulate","floor":11.0},{"not_picked":["alterego_mod:GachaTicket","alterego_mod:Valentines"],"picked":"alterego_mod:Bounce","floor":12.0},{"not_picked":["alterego_mod:Maid","alterego_mod:Schoolgirl"],"picked":"alterego_mod:TrickOrTreatment","floor":14.0},{"not_picked":["alterego_mod:Palingenesis","alterego_mod:RingBreak"],"picked":"alterego_mod:Vow","floor":16.0},{"not_picked":["alterego_mod:PerceptionDisorder","Outmaneuver","alterego_mod:Punishment"],"picked":"alterego_mod:BiFurious+1","floor":18.0},{"not_picked":["alterego_mod:SuperDuperMasochism","Choke","Backflip"],"picked":"alterego_mod:Pet+1","floor":22.0},{"not_picked":["alterego_mod:Lift","Backflip","alterego_mod:Cushion"],"picked":"Caltrops","floor":23.0},{"not_picked":["alterego_mod:Mirror","Predator","alterego_mod:TrickOrTreatment"],"picked":"alterego_mod:DiscoLights+1","floor":25.0},{"not_picked":["alterego_mod:DustData","alterego_mod:BoobPocket+1","PiercingWail"],"picked":"alterego_mod:Jiggle+1","floor":27.0},{"not_picked":["Expertise","Dagger Throw","Poisoned Stab"],"picked":"Blade Dance","floor":31.0},{"not_picked":["alterego_mod:Palingenesis","alterego_mod:Venus","alterego_mod:Valkyrie"],"picked":"A Thousand Cuts","floor":33.0},{"not_picked":["alterego_mod:IndependentAction","alterego_mod:PerceptionDisorder"],"picked":"SKIP","floor":35.0},{"not_picked":["Slice","hubris:Counter"],"picked":"SKIP","floor":38.0},{"not_picked":["alterego_mod:Jiggle","alterego_mod:TrashNCrash"],"picked":"SKIP","floor":39.0},{"not_picked":["Expertise+1"],"picked":"Leg Sweep","floor":40},{"not_picked":["alterego_mod:HighServant"],"picked":"alterego_mod:Birthday","floor":42},{"not_picked":["alterego_mod:SakuraPetals"],"picked":"Accuracy+1","floor":46},{"not_picked":["Backflip"],"picked":"Masterful Stab+1","floor":47},{"not_picked":["Tactician"],"picked":"alterego_mod:HighServant+1","floor":48}],"player_experience":513419,"relics_obtained":[{"floor":6.0,"key":"aspiration:Lifesprig"},{"floor":9.0,"key":"Lantern"},{"floor":23.0,"key":"Kunai"},{"floor":26.0,"key":"infinitespire:Satchel"},{"floor":40,"key":"PreservedInsect"},{"floor":43,"key":"Nunchaku"},{"floor":46,"key":"Happy Flower"},{"floor":48,"key":"Mercury Hourglass"}],"event_choices":[{"damage_healed":0.0,"max_hp_gain":0.0,"max_hp_loss":0.0,"gold_gain":78.0,"event_name":"Golden Wing","player_choice":"Gained Gold","floor":10.0,"gold_loss":0.0,"damage_taken":0.0},{"damage_healed":0.0,"max_hp_gain":0.0,"max_hp_loss":0.0,"gold_gain":0.0,"event_name":"Match and Keep!","player_choice":"3 cards matched","floor":20.0,"gold_loss":0.0,"damage_taken":0.0,"cards_obtained":["hubris:Compulsion","Caltrops","alterego_mod:ClassAdvantage"]},{"damage_healed":0.0,"max_hp_gain":0.0,"max_hp_loss":0.0,"gold_gain":0.0,"event_name":"Secret Garden","player_choice":"Choice 2","floor":30.0,"gold_loss":0.0,"damage_taken":0.0,"relics_obtained":["alterego_mod:SomeoneToFightFor"]},{"cards_removed":["infinitespire:Starlight"],"damage_healed":0.0,"max_hp_gain":0.0,"max_hp_loss":0.0,"gold_gain":0.0,"event_name":"NoteForYourself","player_choice":"Took Card","floor":37.0,"gold_loss":0.0,"damage_taken":0.0,"cards_obtained":["alterego_mod:STier"]}],"is_beta":false,"boss_relics":[{"not_picked":["Astrolabe","Runesmith:UraniumAnvil"],"picked":"aspiration:SilentSkillbook"},{"not_picked":["aspiration:FutureDiary","aspiration:RunicSpoon"],"picked":"Busted Crown"}],"items_purged_floors":[21],"is_endless":false,"potions_floor_spawned":[1,6,14,16,18,22,27,39,42,48],"ascension_level":0}}