{"host":"yo9wwslrag05lh37","time":1607558666,"event":{"gold_per_floor":[118,218,49,69,80,80,90,416,416,416,416],"floor_reached":10,"playtime":323,"items_purged":[],"score":136,"play_id":"69c2d728-36dc-4cf5-8b54-edc2710cef12","local_time":"20201210010426","is_ascension_mode":true,"campfire_choices":[{"data":"Consume","floor":6.0,"key":"SMITH"}],"neow_cost":"NONE","seed_source_timestamp":2079338334484100,"circlet_count":0,"master_deck":["AscendersBane","Strike_B","Strike_B","Strike_B","Defend_B","Defend_B","Defend_B","Defend_B","Zap","Dualcast","Steam Power","Undo","Consume+1","Ball Lightning","Turbo","Tempest"],"special_seed":0,"relics":["Cracked Core","Runic Capacitor","Old Coin","Mummified Hand"],"potions_floor_usage":[10,10],"damage_taken":[{"damage":4.0,"enemies":"Small Slimes","floor":1.0,"turns":4.0},{"damage":1.0,"enemies":"Cultist","floor":4.0,"turns":3.0},{"damage":4.0,"enemies":"2 Louse","floor":5.0,"turns":3.0},{"damage":6.0,"enemies":"Looter","floor":7.0,"turns":3.0},{"damage":48.0,"enemies":"Gremlin Nob","floor":8.0,"turns":4.0},{"damage":3,"enemies":"3 Sentries","floor":10,"turns":3}],"seed_played":"-7518884872432477253","potions_obtained":[{"floor":1.0,"key":"Explosive Potion"},{"floor":5.0,"key":"Dexterity Potion"},{"floor":8.0,"key":"EssenceOfDarkness"}],"is_trial":false,"path_per_floor":["M","?","$","M","M","R","M","E","T","E"],"character_chosen":"DEFECT","items_purchased":["Runic Capacitor"],"campfire_rested":0,"item_purchase_floors":[3],"current_hp_per_floor":[60,60,60,59,55,55,49,1,1,0,0],"gold":416,"neow_bonus":"TRANSFORM_CARD","is_prod":false,"is_daily":false,"chose_seed":false,"campfire_upgraded":1,"win_rate":0,"timestamp":1607558666,"path_taken":["M","?","$","M","?","R","M","E","T","E"],"build_version":"2020-11-30","purchased_purges":0,"victory":false,"max_hp_per_floor":[71,71,71,71,71,71,71,71,71,71,71],"relic_stats":{"counters":[6,20],"Mummified Hand":[0],"obtain_stats":[{"Mummified Hand":9,"Runic Capacitor":3,"Cracked Core":0,"Old Coin":8},{"Mummified Hand":5,"Runic Capacitor":1,"Cracked Core":0,"Old Coin":5},{"Mummified Hand":17,"Runic Capacitor":4,"Cracked Core":0,"Old Coin":17}]},"card_choices":[{"not_picked":["Double Energy","Go for the Eyes"],"picked":"Undo","floor":1.0},{"not_picked":["Sunder","Coolheaded"],"picked":"Consume","floor":4.0},{"not_picked":["Steam","Turbo"],"picked":"Ball Lightning","floor":5.0},{"not_picked":["Beam Cell","Go for the Eyes"],"picked":"Turbo","floor":7.0},{"not_picked":["Go for the Eyes","Beam Cell"],"picked":"Tempest","floor":8.0}],"player_experience":1317498,"relics_obtained":[{"floor":8.0,"key":"Old Coin"},{"floor":9.0,"key":"Mummified Hand"}],"event_choices":[{"damage_healed":0.0,"max_hp_gain":0.0,"max_hp_loss":0.0,"gold_gain":100.0,"event_name":"Wheel of Change","player_choice":"Gold","floor":2.0,"gold_loss":0.0,"damage_taken":0.0}],"is_beta":false,"boss_relics":[],"items_purged_floors":[],"is_endless":false,"potions_floor_spawned":[1,5,7,8],"killed_by":"3 Sentries","ascension_level":20}}