{"host":"yo9wwslrag05lh37","time":1607559995,"event":{"gold_per_floor":[117,131,406,420,420,420,447,447,500,500,520,520,138,168,168,242,242,252,87,103,119,169,169,181,208,260,271,271,271,221,221,221,221,221],"floor_reached":33,"playtime":1099,"items_purged":["Regret","Defend_B+1"],"score":596,"play_id":"d8432190-868d-4d47-999f-07026e9ea4fe","local_time":"20201210012635","is_ascension_mode":true,"campfire_choices":[{"data":"Core Surge","floor":6.0,"key":"SMITH"},{"floor":8.0,"key":"REST"},{"floor":10.0,"key":"REST"},{"data":"Lockon","floor":15.0,"key":"SMITH"},{"data":"Reprogram","floor":23,"key":"SMITH"},{"data":"Electrodynamics","floor":29,"key":"SMITH"},{"floor":32,"key":"REST"}],"neow_cost":"NONE","seed_source_timestamp":2079869782532800,"circlet_count":0,"master_deck":["AscendersBane","Strike_B+1","Strike_B+1","Strike_B+1","Strike_B+1","Defend_B+1","Defend_B+1","Defend_B+1","Zap+1","Dualcast+1","Compile Driver","Ball Lightning","Core Surge+1","Lockon+1","Doom and Gloom","Electrodynamics+1","Cold Snap+1","Self Repair+1","Undo+1","Leap+1","Glacier","Reprogram+1","Steam Power","Decay"],"special_seed":0,"relics":["Cracked Core","NeowsBlessing","Akabeko","Vajra","Turnip","Pear","Strawberry","Philosopher\u0027s Stone","Orrery","Frozen Egg 2","Smiling Mask"],"potions_floor_usage":[18,21,25,25,33,33],"damage_taken":[{"damage":0.0,"enemies":"Cultist","floor":1.0,"turns":1.0},{"damage":0.0,"enemies":"Jaw Worm","floor":2.0,"turns":1.0},{"damage":0.0,"enemies":"2 Louse","floor":4.0,"turns":1.0},{"damage":32.0,"enemies":"Lagavulin","floor":7.0,"turns":5.0},{"damage":10.0,"enemies":"Large Slime","floor":11.0,"turns":4.0},{"damage":0.0,"enemies":"Gremlin Nob","floor":14.0,"turns":2.0},{"damage":54.0,"enemies":"Hexaghost","floor":16.0,"turns":8.0},{"damage":7,"enemies":"3 Byrds","floor":18,"turns":2},{"damage":7,"enemies":"Spheric Guardian","floor":20,"turns":3},{"damage":13,"enemies":"Shelled Parasite and Fungi","floor":21,"turns":4},{"damage":28,"enemies":"Snecko","floor":24,"turns":7},{"damage":11,"enemies":"Gremlin Leader","floor":25,"turns":4},{"damage":15,"enemies":"Centurion and Healer","floor":27,"turns":4},{"damage":70,"enemies":"Champ","floor":33,"turns":17}],"seed_played":"535972141183361554","potions_obtained":[{"floor":4.0,"key":"Block Potion"},{"floor":11.0,"key":"GamblersBrew"},{"floor":21,"key":"LiquidBronze"},{"floor":24,"key":"LiquidMemories"},{"floor":27,"key":"EntropicBrew"}],"is_trial":false,"path_per_floor":["M","M","?","M","?","R","E","R","T","R","M","?","$","E","R","B",null,"M","$","M","M","?","R","M","E","T","M","?","R","$","?","R","B"],"character_chosen":"DEFECT","items_purchased":["Pear","Lockon","Orrery"],"campfire_rested":3,"item_purchase_floors":[13,13,19],"current_hp_per_floor":[64,64,64,64,43,43,11,32,32,53,43,43,53,60,60,6,68,61,61,54,51,51,51,33,32,32,27,27,27,27,27,53,0,0],"gold":221,"neow_bonus":"THREE_ENEMY_KILL","is_prod":false,"is_daily":false,"chose_seed":false,"campfire_upgraded":4,"win_rate":0,"timestamp":1607559995,"path_taken":["M","M","?","?","?","R","E","R","T","R","M","?","$","E","R","BOSS","M","$","M","M","?","R","M","E","T","M","?","R","$","?","R","BOSS"],"build_version":"2020-11-30","purchased_purges":2,"victory":false,"max_hp_per_floor":[71,71,71,71,71,71,71,71,71,71,71,71,81,88,88,88,88,88,88,88,88,88,88,88,88,88,88,88,88,88,88,88,88,88],"relic_stats":{"counters":[14,63],"Turnip":[17],"Smiling Mask":50,"obtain_stats":[{"Pear":13,"NeowsBlessing":0,"Strawberry":14,"Vajra":9,"Orrery":19,"Philosopher\u0027s Stone":17,"Turnip":12,"Frozen Egg 2":25,"Cracked Core":0,"Smiling Mask":26,"Akabeko":7},{"Pear":5,"NeowsBlessing":0,"Strawberry":6,"Vajra":4,"Orrery":8,"Philosopher\u0027s Stone":7,"Turnip":5,"Frozen Egg 2":12,"Cracked Core":0,"Smiling Mask":12,"Akabeko":4},{"Pear":12,"NeowsBlessing":0,"Strawberry":14,"Vajra":8,"Orrery":24,"Philosopher\u0027s Stone":22,"Turnip":12,"Frozen Egg 2":42,"Cracked Core":0,"Smiling Mask":42,"Akabeko":8}]},"card_choices":[{"not_picked":["Barrage","Go for the Eyes"],"picked":"Compile Driver","floor":1.0},{"not_picked":["Fusion","Recycle"],"picked":"Ball Lightning","floor":2.0},{"not_picked":["Stack","Ball Lightning"],"picked":"Core Surge","floor":4.0},{"not_picked":["Compile Driver","Tempest","Go for the Eyes"],"picked":"SKIP","floor":7.0},{"not_picked":["Force Field","Redo","Coolheaded"],"picked":"SKIP","floor":11.0},{"not_picked":["Barrage","Leap"],"picked":"Doom and Gloom","floor":14.0},{"not_picked":["Hyperbeam","Multi-Cast"],"picked":"Electrodynamics","floor":16.0},{"not_picked":["Storm","Hologram"],"picked":"Cold Snap+1","floor":18},{"not_picked":["Coolheaded","Chaos"],"picked":"Self Repair+1","floor":19},{"not_picked":["BootSequence","Ball Lightning"],"picked":"Undo+1","floor":19},{"not_picked":["Cold Snap","Beam Cell"],"picked":"Leap+1","floor":19},{"not_picked":["White Noise","Reinforced Body"],"picked":"Glacier","floor":20},{"not_picked":["Reinforced Body","Ball Lightning"],"picked":"Reprogram","floor":21},{"not_picked":["Beam Cell","Storm"],"picked":"Steam Power","floor":24},{"not_picked":["Hologram","Barrage+1","Steam Power"],"picked":"SKIP","floor":25},{"not_picked":["Undo","Consume","Lockon"],"picked":"SKIP","floor":27}],"player_experience":1317980,"relics_obtained":[{"floor":7.0,"key":"Akabeko"},{"floor":9.0,"key":"Vajra"},{"floor":14.0,"key":"Strawberry"},{"floor":25,"key":"Frozen Egg 2"},{"floor":26,"key":"Smiling Mask"}],"event_choices":[{"damage_healed":0.0,"max_hp_gain":0.0,"max_hp_loss":0.0,"gold_gain":275.0,"event_name":"Golden Shrine","player_choice":"Desecrate","floor":3.0,"gold_loss":0.0,"damage_taken":0.0,"cards_obtained":["Regret"]},{"damage_healed":0.0,"max_hp_gain":0.0,"max_hp_loss":0.0,"gold_gain":0.0,"event_name":"Shining Light","player_choice":"Entered Light","floor":5.0,"gold_loss":0.0,"damage_taken":21.0,"cards_upgraded":["Zap","Dualcast"]},{"damage_healed":0.0,"max_hp_gain":0.0,"max_hp_loss":0.0,"gold_gain":0.0,"event_name":"Dead Adventurer","player_choice":"Searched \u00271\u0027 times","floor":12.0,"gold_loss":0.0,"damage_taken":0.0,"relics_obtained":["Turnip"]},{"damage_healed":0,"gold_gain":50,"player_choice":"Stole From Cult","damage_taken":0,"max_hp_gain":0,"max_hp_loss":0,"event_name":"Nest","floor":22,"gold_loss":0},{"damage_healed":0,"gold_gain":0,"player_choice":"Simplicity","damage_taken":0,"max_hp_gain":0,"max_hp_loss":0,"event_name":"Back to Basics","floor":28,"gold_loss":0,"cards_upgraded":["Strike_B","Strike_B","Strike_B","Strike_B","Defend_B","Defend_B","Defend_B","Defend_B"]},{"damage_healed":0,"gold_gain":0,"player_choice":"Smashed Altar","damage_taken":0,"max_hp_gain":0,"max_hp_loss":0,"event_name":"Forgotten Altar","floor":31,"gold_loss":0,"cards_obtained":["Decay"]}],"is_beta":false,"boss_relics":[{"not_picked":["SacredBark","Tiny House"],"picked":"Philosopher\u0027s Stone"}],"items_purged_floors":[13,30],"is_endless":false,"potions_floor_spawned":[4,11,14,21,24,27],"killed_by":"Champ","ascension_level":20}}