{"host":"y89x8uui45kcjy42","time":1607607787,"event":{"mods":["BaseMod","SuperFastMode","StSLib","Colored Map","Minty Spire (QoL Compilation)","Colored Powertips","Highlight Path","Keyboard Shortcuts","Waifu the Spire","Friendly Minions","2.2 Compatiblity","The Bug Knight"],"gold_per_floor":[11,11,30,40,40,40,67,67,145,145,156,183,195,211,211,316,316,333,33,70,70,169,169,196,196,196,196,212,227,227,245,245,349,349,362,23,23,23,42,42,74,94,94,112,138,138,150,162,162,162],"floor_reached":51,"playtime":2320,"items_purged":["HollowMod:QuickDashStart","HollowMod:NailStrikeStart"],"score":874,"play_id":"4126d89f-9a20-4838-b48a-ffabb2baaec7","local_time":"20201210224307","is_ascension_mode":true,"campfire_choices":[{"data":"HollowMod:Grubsong","floor":6,"key":"SMITH"},{"data":"HollowMod:SoulStrike","floor":8,"key":"SMITH"},{"data":"HollowMod:SlysStrikes","floor":15,"key":"SMITH"},{"data":"HollowMod:NewLastStag","floor":23,"key":"SMITH"},{"data":"HollowMod:SoulVessel","floor":25,"key":"SMITH"},{"data":"HollowMod:DashSlash","floor":27,"key":"SMITH"},{"data":"HollowMod:HuntersJournal","floor":30,"key":"SMITH"},{"data":"HollowMod:CloakDash","floor":32,"key":"SMITH"},{"data":"HollowMod:ShapeofUnn","floor":40,"key":"SMITH"},{"data":"HollowMod:CornifersMapStart","floor":46,"key":"SMITH"},{"data":"HollowMod:HuntersJournal","floor":49,"key":"SMITH"}],"circlet_count":0,"master_deck":["HollowMod:NailStrikeStart","HollowMod:NailStrikeStart+1","HollowMod:QuickDashStart","HollowMod:QuickDashStart","HollowMod:FocusHealStart","HollowMod:PogoStrike+1","HollowMod:Grubsong+1","HollowMod:CloakDash+1","HollowMod:MonarchWings","HollowMod:SoulStrike+1","HollowMod:CrystalDash","HollowMod:SoulSplash+1","HollowMod:SoulVessel+1","HollowMod:SlysStrikes+1","HollowMod:DashSlash+1","HollowMod:QuirrelsAssistance+1","HollowMod:CornifersMapStart+1","HollowMod:NewLastStag+1","HollowMod:HuntersJournal+1","HollowMod:DesolateDive+1","HollowMod:AwokenDreamNail+1","HollowMod:ShapeofUnn+1","HollowMod:DreamGate+1","HollowMod:SoulStrike+1","HollowMod:HuntersJournal+1","HollowMod:GoodIntentions+1","HollowMod:SoulSplash+1"],"relics":["HollowMod:VesselMask","Prayer Wheel","Anchor","StrikeDummy","Vajra","Sozu","HollowMod:MillibellesNoteRelic","Eternal Feather","Molten Egg 2","Thread and Needle","Sozu","Ornamental Fan","Potion Belt","Smiling Mask","Mango"],"acts_visited":["Exordium","TheCity","TheBeyond"],"potions_floor_usage":[7,11,16,16,50],"damage_taken":[{"damage":3,"enemies":"2 Louse","floor":1,"turns":3},{"damage":3,"enemies":"Jaw Worm","floor":3,"turns":4},{"damage":0,"enemies":"Small Slimes","floor":4,"turns":3},{"damage":24,"enemies":"Gremlin Nob","floor":7,"turns":4},{"damage":0,"enemies":"Exordium Wildlife","floor":11,"turns":3},{"damage":0,"enemies":"HollowMod:MossKnight","floor":12,"turns":3},{"damage":0,"enemies":"Large Slime","floor":13,"turns":5},{"damage":7,"enemies":"3 Louse","floor":14,"turns":4},{"damage":24,"enemies":"HollowMod:FalseKnight","floor":16,"turns":7},{"damage":6,"enemies":"2 Thieves","floor":18,"turns":3},{"damage":20,"enemies":"Gremlin Leader","floor":24,"turns":3},{"damage":0,"enemies":"Spheric Guardian","floor":28,"turns":3},{"damage":10,"enemies":"Chosen and Byrds","floor":29,"turns":5},{"damage":0,"enemies":"3 Cultists","floor":31,"turns":4},{"damage":14,"enemies":"Champ","floor":33,"turns":7},{"damage":0,"enemies":"Orb Walker","floor":35,"turns":2},{"damage":0,"enemies":"3 Darklings","floor":39,"turns":2},{"damage":0,"enemies":"Giant Head","floor":41,"turns":4},{"damage":22,"enemies":"Writhing Mass","floor":42,"turns":4},{"damage":0,"enemies":"Transient","floor":44,"turns":5},{"damage":12,"enemies":"Nemesis","floor":45,"turns":5},{"damage":0,"enemies":"4 Shapes","floor":47,"turns":4},{"damage":0,"enemies":"Maw","floor":48,"turns":5},{"damage":53,"enemies":"Donu and Deca","floor":50,"turns":7}],"seed_played":"3518003338950543619","potions_obtained":[{"floor":1,"key":"Dexterity Potion"},{"floor":4,"key":"PowerPotion"},{"floor":13,"key":"PowerPotion"},{"floor":14,"key":"SkillPotion"},{"floor":16,"key":"Fruit Juice"}],"is_trial":false,"path_per_floor":["M","?","M","M","?","R","E","R","T","?","M","E","M","M","R","B",null,"M","?","$","?","?","R","E","R","T","R","M","M","R","M","R","B",null,"M","$","?","?","M","R","E","M","T","M","E","R","M","M","R","B",null],"character_chosen":"THE_BUGKNIGHT","items_purchased":["HollowMod:MillibellesNoteRelic","Eternal Feather","Ornamental Fan"],"campfire_rested":0,"item_purchase_floors":[20,20,36],"current_hp_per_floor":[72,57,64,70,75,75,51,51,51,51,51,51,57,56,56,38,80,74,74,74,74,74,80,60,72,72,80,80,70,80,80,80,66,80,80,80,80,80,80,80,80,58,58,64,72,87,87,87,94,52],"gold":162,"neow_bonus":"ONE_RARE_RELIC","is_daily":false,"chose_seed":false,"campfire_upgraded":11,"win_rate":0,"timestamp":1607607787,"path_taken":["M","?","M","M","?","R","E","R","T","?","M","E","?","M","R","BOSS","M","?","$","?","?","R","E","R","T","R","M","M","R","M","R","BOSS","M","$","?","?","M","R","E","M","T","M","E","R","M","?","R","BOSS"],"build_version":"2020-11-30","purchased_purges":2,"victory":true,"max_hp_per_floor":[75,75,75,75,80,80,80,80,80,80,80,80,80,80,80,80,80,80,80,80,80,80,80,80,80,80,80,80,80,80,80,80,80,80,80,80,80,80,80,80,80,80,80,80,94,94,94,94,94,99],"card_choices":[{"not_picked":["HollowMod:CloakDash","HollowMod:TaintedHusks"],"picked":"HollowMod:Grubsong","floor":1},{"not_picked":["HollowMod:DesolateDive","HollowMod:ChannelNail"],"picked":"HollowMod:CloakDash","floor":1},{"not_picked":["HollowMod:WraithStrike","HollowMod:RecoilStrike"],"picked":"HollowMod:MonarchWings","floor":3},{"not_picked":["HollowMod:BaldurShell","HollowMod:SoulShaman"],"picked":"HollowMod:SoulStrike","floor":3},{"not_picked":["HollowMod:GoodIntentions","HollowMod:LifebloodCocoon"],"picked":"HollowMod:CrystalDash","floor":4},{"not_picked":["HollowMod:DescendingDark","HollowMod:LifebloodCocoon","HollowMod:InfectedAttack"],"picked":"SKIP","floor":4},{"not_picked":["HollowMod:MantisMark","HollowMod:GoodIntentions"],"picked":"HollowMod:SoulSplash","floor":7},{"not_picked":["HollowMod:PureNailStrike","HollowMod:FallenFury"],"picked":"HollowMod:SoulVessel","floor":11},{"not_picked":["HollowMod:InfectedCysts","HollowMod:FastStrike","HollowMod:NewGlowingWomb"],"picked":"SKIP","floor":11},{"not_picked":["HollowMod:DungDefenderAura","HollowMod:NewJinnsSoul"],"picked":"HollowMod:SlysStrikes","floor":12},{"not_picked":["HollowMod:MawleksShell","HollowMod:DescendingDark"],"picked":"HollowMod:DashSlash","floor":13},{"not_picked":["HollowMod:CrystalDash","HollowMod:DesolateDive","HollowMod:MonarchWings"],"picked":"SKIP","floor":13},{"not_picked":["HollowMod:SiblingsShadow","HollowMod:ShapeofUnn","HollowMod:NewJinnsSoul"],"picked":"SKIP","floor":14},{"not_picked":["HollowMod:GreatSlash","HollowMod:DescendingDark","HollowMod:SoulSplash"],"picked":"SKIP","floor":14},{"not_picked":["HollowMod:InfectedCysts","HollowMod:ShapeofUnn"],"picked":"HollowMod:QuirrelsAssistance+1","floor":18},{"not_picked":["HollowMod:SoulEater","HollowMod:MothsMistake"],"picked":"HollowMod:CornifersMapStart","floor":18},{"not_picked":["HollowMod:TaintedHusks","HollowMod:ShadowDash","HollowMod:ShapeofUnn"],"picked":"SKIP","floor":24},{"not_picked":["HollowMod:DescendingDark+1","HollowMod:FastStrike+1"],"picked":"HollowMod:HuntersJournal","floor":28},{"not_picked":["HollowMod:NewGlowingWomb","HollowMod:SoulVessel","HollowMod:InfectedAttack+1"],"picked":"SKIP","floor":28},{"not_picked":["HollowMod:PureNailStrike+1","HollowMod:TaintedHusks+1","HollowMod:FastStrike+1"],"picked":"SKIP","floor":29},{"not_picked":["HollowMod:InfectionAssault+1","HollowMod:NewLittleFool+1","HollowMod:CycloneSlash+1"],"picked":"SKIP","floor":29},{"not_picked":["HollowMod:MantisMark","HollowMod:CornifersMapStart+1"],"picked":"HollowMod:DesolateDive+1","floor":31},{"not_picked":["HollowMod:ShadowDash","HollowMod:GreatSlash+1","HollowMod:MothsMistake"],"picked":"SKIP","floor":31},{"not_picked":["HollowMod:SlysStrikes","HollowMod:VoidDash"],"picked":"HollowMod:AwokenDreamNail+1","floor":33},{"not_picked":["HollowMod:DungDefenderAura+1","HollowMod:BrokenVessel","HollowMod:DreamGate"],"picked":"SKIP","floor":35},{"not_picked":["HollowMod:NewJinnsSoul","HollowMod:DescendingDark+1","HollowMod:ChannelNail"],"picked":"SKIP","floor":35},{"not_picked":["HollowMod:VengefulVoid+1","HollowMod:GoodIntentions"],"picked":"HollowMod:DreamGate+1","floor":39},{"not_picked":["HollowMod:BrokenVessel+1","HollowMod:InfectionAssault+1"],"picked":"HollowMod:SoulStrike+1","floor":39},{"not_picked":["HollowMod:MawleksShell","HollowMod:SoulVessel+1","HollowMod:DashSlash+1"],"picked":"SKIP","floor":41},{"not_picked":["HollowMod:RecoilStrike+1","HollowMod:GreatSlash+1"],"picked":"HollowMod:HuntersJournal","floor":42},{"not_picked":["HollowMod:VengefulVoid+1","HollowMod:GoodIntentions+1","HollowMod:WraithStrike+1"],"picked":"SKIP","floor":42},{"not_picked":["HollowMod:VengefulVoid+1","HollowMod:WraithStrike+1"],"picked":"HollowMod:GoodIntentions+1","floor":42},{"not_picked":["HollowMod:DescendingDark+1","HollowMod:NewLittleFool+1"],"picked":"HollowMod:SoulSplash+1","floor":44},{"not_picked":["HollowMod:WraithStrike+1","HollowMod:TaintedHusks+1","HollowMod:HeavyBlow+1"],"picked":"SKIP","floor":44},{"not_picked":["HollowMod:SiblingsShadow","HollowMod:CycloneSlash+1","HollowMod:GoodIntentions"],"picked":"SKIP","floor":45},{"not_picked":["HollowMod:Grubsong","HollowMod:PureNailStrike+1","HollowMod:GoodIntentions"],"picked":"SKIP","floor":47},{"not_picked":["HollowMod:GrimmsGift+1","HollowMod:VoidDash","HollowMod:NewLittleFool+1"],"picked":"SKIP","floor":47},{"not_picked":["HollowMod:DashSlash+1","HollowMod:SoulStrike+1","HollowMod:SoulEater+1"],"picked":"SKIP","floor":48},{"not_picked":["HollowMod:PerfectDash","HollowMod:SharpenedShadows","HollowMod:SoulShaman+1"],"picked":"SKIP","floor":48}],"player_experience":492978,"relics_obtained":[{"floor":7,"key":"Anchor"},{"floor":9,"key":"StrikeDummy"},{"floor":12,"key":"Vajra"},{"floor":24,"key":"Molten Egg 2"},{"floor":26,"key":"Thread and Needle"},{"floor":41,"key":"Potion Belt"},{"floor":43,"key":"Smiling Mask"},{"floor":45,"key":"Mango"}],"event_choices":[{"damage_healed":0,"gold_gain":0,"player_choice":"Entered Light","damage_taken":15,"max_hp_gain":0,"max_hp_loss":0,"event_name":"Shining Light","floor":2,"gold_loss":0,"cards_upgraded":["HollowMod:PogoStrike","HollowMod:NailStrikeStart"]},{"damage_healed":0,"gold_gain":0,"player_choice":"Donut","damage_taken":0,"max_hp_gain":5,"max_hp_loss":0,"event_name":"Big Fish","floor":5,"gold_loss":0},{"damage_healed":0,"gold_gain":0,"player_choice":"Grow","damage_taken":0,"max_hp_gain":0,"max_hp_loss":0,"event_name":"Living Wall","floor":10,"gold_loss":0,"cards_upgraded":["HollowMod:SoulSplash"]},{"damage_healed":0,"gold_gain":99,"player_choice":"Stole From Cult","damage_taken":0,"max_hp_gain":0,"max_hp_loss":0,"event_name":"Nest","floor":22,"gold_loss":0},{"cards_removed":["HollowMod:QuickDashStart"],"damage_healed":0,"gold_gain":0,"player_choice":"Removed Skill","damage_taken":0,"max_hp_gain":0,"max_hp_loss":0,"event_name":"Falling","floor":37,"gold_loss":0},{"damage_healed":0,"gold_gain":0,"cards_transformed":["HollowMod:NailStrikeStart"],"player_choice":"Transformed","damage_taken":0,"max_hp_gain":0,"max_hp_loss":0,"event_name":"Transmorgrifier","floor":38,"gold_loss":0,"cards_obtained":["HollowMod:ShapeofUnn"]}],"is_beta":false,"boss_relics":[{"not_picked":["Snecko Eye","Pandora\u0027s Box"],"picked":"Sozu"},{"not_picked":["SlaversCollar","Runic Pyramid","HollowMod:VoidIdolRelic"]}],"items_purged_floors":[20,36],"is_endless":false,"potions_floor_spawned":[1,4,13,14,16,18,24,31,33,39,41,45],"ascension_level":1}}