{"host":"uzcks4yhskks9i02","time":1607616450,"event":{"mods":["BaseMod","Minty Spire (QoL Compilation)","Quick Restart"],"gold_per_floor":[11,30,49,64,64,92,112,112,112,131,131,166,185,216,216,319,319,337,19,33,44,44,79,79,109,109,30,30,30],"floor_reached":28,"playtime":1797,"items_purged":[],"score":458,"play_id":"fe99a99d-d30c-4ea4-a60c-8fe698e32e5f","local_time":"20201210090730","is_ascension_mode":true,"campfire_choices":[{"floor":8.0,"key":"REST"},{"data":"Apotheosis","floor":11.0,"key":"SMITH"},{"floor":15.0,"key":"REST"},{"floor":24.0,"key":"REST"}],"circlet_count":0,"master_deck":["AscendersBane","Strike_P+1","Strike_P","Strike_P","Strike_P","Defend_P","Defend_P","Defend_P","Defend_P","Eruption","Vigilance","Apotheosis+1","ForeignInfluence","SashWhip","WindmillStrike","Vengeance","Eruption","Enlightenment","Nirvana","ForeignInfluence","SandsOfTime+1","Collect","WheelKick","ConjureBlade","Tantrum","DevaForm","Tantrum","Scrawl","WheelKick","Wireheading","ForeignInfluence+1","Ragnarok","LikeWater+1","FearNoEvil"],"special_seed":0,"relics":["PureWater","Strawberry","Whetstone","MealTicket","Question Card","VioletLotus","Anchor","Vajra","Oddly Smooth Stone","Turnip"],"acts_visited":["Exordium","TheCity"],"potions_floor_usage":[],"damage_taken":[{"damage":0.0,"enemies":"Cultist","floor":1.0,"turns":3.0},{"damage":0.0,"enemies":"Small Slimes","floor":2.0,"turns":3.0},{"damage":0.0,"enemies":"Jaw Worm","floor":3.0,"turns":4.0},{"damage":14.0,"enemies":"Looter","floor":4.0,"turns":4.0},{"damage":2.0,"enemies":"Gremlin Nob","floor":6.0,"turns":2.0},{"damage":6.0,"enemies":"2 Fungi Beasts","floor":7.0,"turns":2.0},{"damage":0.0,"enemies":"Blue Slaver","floor":10.0,"turns":2.0},{"damage":19.0,"enemies":"3 Sentries","floor":12.0,"turns":6.0},{"damage":9.0,"enemies":"Exordium Thugs","floor":13.0,"turns":3.0},{"damage":30.0,"enemies":"Gremlin Nob","floor":14.0,"turns":4.0},{"damage":48.0,"enemies":"Hexaghost","floor":16.0,"turns":5.0},{"damage":0.0,"enemies":"Spheric Guardian","floor":18.0,"turns":2.0},{"damage":34.0,"enemies":"Shell Parasite","floor":20.0,"turns":4.0},{"damage":16.0,"enemies":"Shelled Parasite and Fungi","floor":21.0,"turns":4.0},{"damage":18.0,"enemies":"Book of Stabbing","floor":23.0,"turns":4.0},{"damage":17.0,"enemies":"Gremlin Leader","floor":25.0,"turns":4.0},{"damage":46,"enemies":"Book of Stabbing","floor":28,"turns":3}],"seed_played":"-3703113759132194532","potions_obtained":[{"floor":4.0,"key":"Weak Potion"},{"floor":6.0,"key":"Ancient Potion"},{"floor":7.0,"key":"Regen Potion"},{"floor":16.0,"key":"EssenceOfSteel"},{"floor":18.0,"key":"LiquidMemories"},{"floor":20.0,"key":"DistilledChaos"},{"floor":22.0,"key":"DistilledChaos"},{"floor":22.0,"key":"Block Potion"},{"floor":22.0,"key":"ColorlessPotion"},{"floor":25.0,"key":"Ancient Potion"}],"is_trial":false,"path_per_floor":["M","M","M","M","?","E","M","R","T","M","R","E","M","E","R","B",null,"M","$","M","M","?","E","R","E","T","$","E"],"character_chosen":"WATCHER","items_purchased":["Anchor","Scrawl","WheelKick","FearNoEvil"],"campfire_rested":3,"item_purchase_floors":[19,19,19,27],"current_hp_per_floor":[65,65,65,51,51,56,50,73,73,73,73,68,59,29,52,4,60,60,75,41,25,25,7,30,13,13,28,0,0],"gold":30,"neow_bonus":"RANDOM_COLORLESS_2","is_daily":false,"chose_seed":false,"campfire_upgraded":1,"win_rate":0,"timestamp":1607616450,"path_taken":["M","M","?","M","?","E","M","R","T","M","R","E","M","E","R","BOSS","M","$","?","M","?","E","R","E","T","?","E"],"build_version":"2020-11-30","purchased_purges":0,"victory":false,"max_hp_per_floor":[72,72,72,72,72,79,79,79,79,79,79,79,79,79,79,79,79,79,79,79,79,79,79,79,79,79,79,79,79],"card_choices":[{"not_picked":["Thinking Ahead","Sadistic Nature"],"picked":"Apotheosis","floor":0.0},{"not_picked":["EmptyFist","JustLucky"],"picked":"ForeignInfluence","floor":1.0},{"not_picked":["FlyingSleeves","Crescendo"],"picked":"SashWhip","floor":2.0},{"not_picked":["JustLucky","CarveReality"],"picked":"WindmillStrike","floor":3.0},{"not_picked":["FlyingSleeves","BattleHymn"],"picked":"Vengeance","floor":4.0},{"not_picked":["EmptyBody","JustLucky"],"picked":"ForeignInfluence","floor":6.0},{"not_picked":["FlyingSleeves","EmptyBody"],"picked":"SandsOfTime","floor":7.0},{"not_picked":["WreathOfFlame","Consecrate"],"picked":"Collect","floor":10.0},{"not_picked":["Evaluate","SashWhip"],"picked":"WheelKick","floor":12.0},{"not_picked":["FlurryOfBlows","Swivel"],"picked":"ConjureBlade","floor":13.0},{"not_picked":["Evaluate","ClearTheMind"],"picked":"Tantrum","floor":14.0},{"not_picked":["MasterReality","ConjureBlade","Blasphemy"],"picked":"DevaForm","floor":16.0},{"not_picked":["Evaluate","FlyingSleeves+1","BowlingBash"],"picked":"Tantrum","floor":18.0},{"not_picked":["CrushJoints+1","Meditate","Crescendo"],"picked":"Wireheading","floor":20.0},{"not_picked":["JustLucky+1","Indignation+1","CutThroughFate+1"],"picked":"ForeignInfluence+1","floor":21.0},{"not_picked":["Protect","ThirdEye","Sanctity"],"picked":"Ragnarok","floor":23.0},{"not_picked":["Swivel","PathToVictory","SashWhip"],"picked":"LikeWater+1","floor":25.0}],"player_experience":423980,"relics_obtained":[{"floor":6.0,"key":"Strawberry"},{"floor":9.0,"key":"Whetstone"},{"floor":12.0,"key":"MealTicket"},{"floor":14.0,"key":"Question Card"},{"floor":23.0,"key":"Vajra"},{"floor":25.0,"key":"Oddly Smooth Stone"},{"floor":26.0,"key":"Turnip"}],"event_choices":[{"damage_healed":0.0,"max_hp_gain":0.0,"max_hp_loss":0.0,"gold_gain":0.0,"event_name":"Match and Keep!","player_choice":"3 cards matched","floor":5.0,"gold_loss":0.0,"damage_taken":0.0,"cards_obtained":["Eruption","Enlightenment","Nirvana"]},{"damage_healed":0.0,"max_hp_gain":0.0,"max_hp_loss":0.0,"gold_gain":0.0,"event_name":"Lab","player_choice":"Got Potions","floor":22.0,"gold_loss":0.0,"damage_taken":0.0}],"is_beta":false,"boss_relics":[{"not_picked":["Runic Dome","Coffee Dripper"],"picked":"VioletLotus"}],"items_purged_floors":[],"is_endless":false,"potions_floor_spawned":[4,6,7,10,16,18,20,25],"killed_by":"Book of Stabbing","ascension_level":10}}