{"host":"p7j7o00jacnw7qzt","time":1607576362,"event":{"gold_per_floor":[116,116,191,191,210,248,7,7,7,7,50,66,66,97,97,97,97],"floor_reached":16,"playtime":401,"items_purged":["Strike_G"],"score":282,"play_id":"e2b60731-9a8e-408f-b26e-8ee98dc9d40a","local_time":"20201209235922","is_ascension_mode":true,"campfire_choices":[{"data":"Blade Dance","floor":8,"key":"SMITH"},{"data":"Neutralize","floor":10,"key":"SMITH"},{"data":"Burning Pact","floor":13,"key":"SMITH"},{"floor":15,"key":"RECALL"}],"neow_cost":"NONE","seed_source_timestamp":2165117429589800,"circlet_count":0,"master_deck":["AscendersBane","Strike_G","Strike_G","Strike_G","Strike_G","Defend_G","Defend_G","Defend_G","Defend_G","Defend_G","Survivor","Neutralize+1","Blade Dance+1","Burning Pact+1","Master of Strategy"],"special_seed":0,"relics":["Ring of the Snake","NeowsBlessing","Golden Idol","FossilizedHelix","PrismaticShard","Letter Opener","Mummified Hand","Anchor"],"potions_floor_usage":[14,16],"damage_taken":[{"damage":0.0,"enemies":"Cultist","floor":1.0,"turns":1.0},{"damage":0,"enemies":"2 Louse","floor":5,"turns":1},{"damage":0,"enemies":"Lagavulin","floor":6,"turns":1},{"damage":23,"enemies":"Gremlin Nob","floor":11,"turns":5},{"damage":0,"enemies":"Jaw Worm","floor":12,"turns":4},{"damage":2,"enemies":"3 Sentries","floor":14,"turns":8},{"damage":40,"enemies":"Hexaghost","floor":16,"turns":10}],"seed_played":"8861787284072403194","potions_obtained":[{"floor":1.0,"key":"Ancient Potion"},{"floor":6,"key":"Regen Potion"},{"floor":11,"key":"Explosive Potion"}],"is_trial":false,"path_per_floor":["M","?","?","?","M","E","$","R","T","R","E","M","R","E","R","B"],"character_chosen":"THE_SILENT","items_purchased":["PrismaticShard"],"campfire_rested":0,"item_purchase_floors":[7],"current_hp_per_floor":[59,59,48,48,48,48,48,48,48,48,25,25,25,23,23,0,0],"gold":97,"neow_bonus":"THREE_ENEMY_KILL","is_prod":false,"is_daily":false,"chose_seed":false,"campfire_upgraded":3,"win_rate":0,"timestamp":1607576362,"path_taken":["M","?","?","?","M","E","?","R","T","R","E","M","R","E","R","BOSS"],"build_version":"2020-11-30","purchased_purges":1,"victory":false,"max_hp_per_floor":[66,66,66,60,60,60,60,60,60,60,60,60,60,60,60,60,60],"relic_stats":{"counters":[7,30],"Golden Idol":30,"Mummified Hand":[0],"Letter Opener":[30],"obtain_stats":[{"Anchor":14,"NeowsBlessing":0,"Golden Idol":4,"Mummified Hand":11,"Letter Opener":9,"PrismaticShard":7,"FossilizedHelix":6,"Ring of the Snake":0},{"Anchor":6,"NeowsBlessing":0,"Golden Idol":1,"Mummified Hand":4,"Letter Opener":3,"PrismaticShard":3,"FossilizedHelix":3,"Ring of the Snake":0},{"Anchor":20,"NeowsBlessing":0,"Golden Idol":1,"Mummified Hand":8,"Letter Opener":3,"PrismaticShard":3,"FossilizedHelix":3,"Ring of the Snake":0}],"Ring of the Snake":[14]},"card_choices":[{"not_picked":["Choke","Masterful Stab","Deflect"],"picked":"SKIP","floor":1.0},{"not_picked":["Outmaneuver","Cloak And Dagger"],"picked":"Blade Dance","floor":5},{"not_picked":["Infinite Blades","Blur","Bouncing Flask"],"picked":"SKIP","floor":6},{"not_picked":["Flex","InnerPeace","PathToVictory"],"picked":"SKIP","floor":11},{"not_picked":["Streamline","Double Energy"],"picked":"Burning Pact","floor":12},{"not_picked":["Nirvana","Dagger Spray"],"picked":"Master of Strategy","floor":14}],"player_experience":725491,"relics_obtained":[{"floor":6,"key":"FossilizedHelix"},{"floor":9,"key":"Letter Opener"},{"floor":11,"key":"Mummified Hand"},{"floor":14,"key":"Anchor"}],"event_choices":[{"damage_healed":0,"gold_gain":0,"player_choice":"Ignored","damage_taken":0,"max_hp_gain":0,"max_hp_loss":0,"event_name":"Liars Game","floor":2,"gold_loss":0},{"damage_healed":0,"gold_gain":75,"player_choice":"Gather Gold","damage_taken":11,"max_hp_gain":0,"max_hp_loss":0,"event_name":"World of Goop","floor":3,"gold_loss":0},{"damage_healed":0,"gold_gain":0,"player_choice":"Lose Max HP","damage_taken":0,"relics_obtained":["Golden Idol"],"max_hp_gain":0,"max_hp_loss":6,"event_name":"Golden Idol","floor":4,"gold_loss":0}],"is_beta":false,"boss_relics":[],"items_purged_floors":[7],"is_endless":false,"potions_floor_spawned":[1,6,11],"killed_by":"Hexaghost","ascension_level":20}}