{"host":"zkqorkqsr6o67e8b","time":1607601691,"event":{"gold_per_floor":[111,111,124,124,141,141,166,176,202,228,303,303,313,345,345,447,447,447,447,447,447,447,447,447,447,447,291,291,291,291,291,291,291,291,291,291,291,291,291,291,291,291,291,291,291,216,216,216,216,216],"floor_reached":51,"playtime":1872,"items_purged":["OverdoomLine"],"score":1282,"play_id":"089cbc5b-90de-409d-9e9e-c45e605e006f","local_time":"20201210200131","is_ascension_mode":true,"campfire_choices":[{"data":"Strike_from_Beyond","floor":6.0,"key":"SMITH"},{"floor":12.0,"key":"REST"},{"data":"Plague_Bolt","floor":15.0,"key":"SMITH"},{"floor":24.0,"key":"REST"},{"floor":28.0,"key":"REST"},{"floor":32.0,"key":"RECALL"},{"floor":47,"key":"REST"},{"floor":49,"key":"REST"}],"neow_cost":"NONE","seed_source_timestamp":39385080562500,"circlet_count":0,"master_deck":["AscendersBane","Strike_from_Beyond+1","alterego_mod:Rake+1","Acid_Javelin+1","Blood_Shield+1","Vampiric_Strike+1"],"special_seed":0,"relics":["Vampire_Amulet","REME_ComplimentaryCards","NeowsBlessing","Whetstone","SumDragon","Ectoplasm","Nilry\u0027s Codex","Bronze Scales","StoneCalendar","Meat on the Bone","Regal Pillow","Potion Belt","Busted Crown","Dream Catcher","Ginger","Du-Vu Doll"],"potions_floor_usage":[45],"damage_taken":[{"damage":0.0,"enemies":"Cultist","floor":1.0,"turns":1.0},{"damage":0.0,"enemies":"Small Slimes","floor":3.0,"turns":1.0},{"damage":0.0,"enemies":"2 Louse","floor":5.0,"turns":1.0},{"damage":26.0,"enemies":"Lagavulin","floor":7.0,"turns":4.0},{"damage":0.0,"enemies":"Large Slime","floor":8.0,"turns":4.0},{"damage":5.0,"enemies":"Gremlin Nob","floor":10.0,"turns":3.0},{"damage":0.0,"enemies":"Exordium Wildlife","floor":13.0,"turns":2.0},{"damage":15.0,"enemies":"Lagavulin","floor":14.0,"turns":4.0},{"damage":16.0,"enemies":"Hexaghost","floor":16.0,"turns":4.0},{"damage":0.0,"enemies":"Spheric Guardian","floor":18.0,"turns":2.0},{"damage":2.0,"enemies":"Chosen","floor":19.0,"turns":3.0},{"damage":2.0,"enemies":"3 Cultists","floor":21.0,"turns":3.0},{"damage":15.0,"enemies":"Book of Stabbing","floor":23.0,"turns":5.0},{"damage":36.0,"enemies":"Slavers","floor":25.0,"turns":3.0},{"damage":0.0,"enemies":"Snecko","floor":29.0,"turns":2.0},{"damage":14.0,"enemies":"Book of Stabbing","floor":31.0,"turns":3.0},{"damage":26.0,"enemies":"Champ","floor":33.0,"turns":7.0},{"damage":44.0,"enemies":"3 Darklings","floor":35.0,"turns":4.0},{"damage":20.0,"enemies":"3 Shapes","floor":37.0,"turns":5.0},{"damage":29.0,"enemies":"Writhing Mass","floor":39.0,"turns":5.0},{"damage":2.0,"enemies":"Giant Head","floor":40.0,"turns":4.0},{"damage":50.0,"enemies":"2 Orb Walkers","floor":41.0,"turns":4.0},{"damage":0.0,"enemies":"Mind Bloom Boss Battle","floor":42.0,"turns":4.0},{"damage":47.0,"enemies":"4 Shapes","floor":44.0,"turns":4.0},{"damage":8,"enemies":"Jaw Worm Horde","floor":45,"turns":3},{"damage":12,"enemies":"Maw","floor":48,"turns":4},{"damage":41,"enemies":"Time Eater","floor":50,"turns":4}],"seed_played":"1052430433150251550","potions_obtained":[{"floor":7.0,"key":"Weak Potion"},{"floor":13.0,"key":"DistilledChaos"},{"floor":45,"key":"Fruit Juice"},{"floor":48,"key":"SpeedPotion"}],"is_trial":false,"path_per_floor":["M","?","M","?","M","R","E","M","T","E","?","R","M","E","R","B",null,"M","M","?","M","?","E","R","E","T","$","R","M","?","E","R","B",null,"M","?","M","?","M","E","?","?","T","M","M","$","R","M","R","B",null],"character_chosen":"NECROMANCER","items_purchased":["Regal Pillow"],"campfire_rested":5,"item_purchase_floors":[27],"current_hp_per_floor":[68,68,68,68,68,68,42,42,42,37,26,48,48,33,33,17,61,61,59,59,57,41,26,48,12,12,12,49,49,49,44,44,46,68,39,39,49,49,32,43,25,49,49,46,64,64,80,79,80,50],"gold":216,"neow_bonus":"THREE_ENEMY_KILL","is_prod":false,"is_daily":false,"chose_seed":false,"campfire_upgraded":2,"win_rate":0,"timestamp":1607601691,"path_taken":["M","?","?","?","M","R","E","M","T","E","?","R","M","E","R","BOSS","M","M","?","M","?","E","R","E","T","$","R","?","?","E","R","BOSS","M","?","M","?","M","E","?","?","T","M","M","$","R","M","R","BOSS"],"build_version":"2020-11-30","purchased_purges":1,"victory":true,"max_hp_per_floor":[75,75,75,75,75,75,75,75,75,75,75,75,75,75,75,75,75,75,75,75,75,75,75,75,75,75,75,75,75,75,75,75,75,75,75,75,75,75,75,75,75,75,75,75,80,80,80,80,80,80],"card_choices":[{"not_picked":["ZombiePosion","Negative_Energy_Mist","Negative_Energy_Javelin"],"picked":"SKIP","floor":1.0},{"not_picked":["OverdoomLine","Shackles_Of_Pain","Vampiric_Strike"],"picked":"SKIP","floor":3.0},{"not_picked":["Bone_Shift","Bone_Spikes"],"picked":"Acid_Javelin","floor":5.0},{"not_picked":["Blood_Shield","Cloudkill","Negative_Energy_Javelin"],"picked":"SKIP","floor":7.0},{"not_picked":["Vampiric_Strike","Negative_Energy_Mist","Bone_Shift"],"picked":"SKIP","floor":8.0},{"not_picked":["Shackles_Of_Pain","Summon_Undead_Army","Spectral_Walk"],"picked":"SKIP","floor":10.0},{"not_picked":["PosionWeak","Spectral_Walk","Blood_Is_Power"],"picked":"SKIP","floor":13.0},{"not_picked":["Time_Jump","Requiem","Scare"],"picked":"SKIP","floor":14.0},{"not_picked":["Vampiric_Strike+1","Negative_Energy_Mist"],"picked":"Blood_Shield+1","floor":18.0},{"not_picked":["Bone_Armor","PosionWeak","Uncharnel+1"],"picked":"SKIP","floor":19.0},{"not_picked":["LuckyCard","Corrupt","OverdoomLine"],"picked":"SKIP","floor":21.0},{"not_picked":["Detonate_Bones","Shackles_Of_Pain","Acid_Javelin+1"],"picked":"SKIP","floor":23.0},{"not_picked":["Bone_Shift+1","Cloudkill","Plague_Bolt+1"],"picked":"SKIP","floor":25.0},{"not_picked":["OverdoomLine","Pandemic"],"picked":"Vampiric_Strike+1","floor":29.0},{"not_picked":["Bone_Spikes","OverdoomLine","Thousand_Bone_Knives"],"picked":"SKIP","floor":31.0},{"not_picked":["PosionArmor"],"picked":"SKIP","floor":35.0},{"not_picked":["Negative_Energy_Burst+1"],"picked":"SKIP","floor":37.0},{"not_picked":["Shackles_Of_Pain"],"picked":"SKIP","floor":39.0},{"not_picked":["Bone_Armory+1"],"picked":"SKIP","floor":40.0},{"not_picked":["Shade_Step+1"],"picked":"SKIP","floor":44.0},{"not_picked":["finger_Of_Death+1"],"picked":"SKIP","floor":45},{"not_picked":["Summon_Undead_Army+1"],"picked":"SKIP","floor":48}],"player_experience":410221,"relics_obtained":[{"floor":10.0,"key":"Whetstone"},{"floor":14.0,"key":"SumDragon"},{"floor":22.0,"key":"Nilry\u0027s Codex"},{"floor":23.0,"key":"Bronze Scales"},{"floor":25.0,"key":"StoneCalendar"},{"floor":26.0,"key":"Meat on the Bone"},{"floor":31.0,"key":"Potion Belt"},{"floor":40.0,"key":"Dream Catcher"},{"floor":41.0,"key":"Ginger"},{"floor":42.0,"key":"Du-Vu Doll"}],"event_choices":[{"damage_healed":0.0,"max_hp_gain":0.0,"max_hp_loss":0.0,"gold_gain":0.0,"event_name":"Upgrade Shrine","player_choice":"Upgraded","floor":2.0,"gold_loss":0.0,"damage_taken":0.0,"cards_upgraded":["alterego_mod:Rake"]},{"damage_healed":0.0,"max_hp_gain":0.0,"max_hp_loss":0.0,"gold_gain":0.0,"event_name":"Liars Game","player_choice":"Ignored","floor":4.0,"gold_loss":0.0,"damage_taken":0.0},{"damage_healed":0.0,"max_hp_gain":0.0,"max_hp_loss":0.0,"gold_gain":75.0,"event_name":"World of Goop","player_choice":"Gather Gold","floor":11.0,"gold_loss":0.0,"damage_taken":11.0},{"cards_removed":["Plague_Bolt"],"damage_healed":0.0,"max_hp_gain":0.0,"max_hp_loss":0.0,"gold_gain":0.0,"event_name":"Back to Basics","player_choice":"Elegance","floor":20.0,"gold_loss":0.0,"damage_taken":0.0},{"damage_healed":0.0,"max_hp_gain":0.0,"max_hp_loss":0.0,"gold_gain":0.0,"event_name":"Cursed Tome","player_choice":"Obtained Book","floor":22.0,"gold_loss":0.0,"damage_taken":16.0},{"damage_healed":0.0,"max_hp_gain":0.0,"max_hp_loss":0.0,"gold_gain":0.0,"event_name":"The Library","player_choice":"Read","floor":30.0,"gold_loss":0.0,"damage_taken":0.0,"cards_obtained":["OverdoomLine"]},{"damage_healed":0.0,"max_hp_gain":0.0,"max_hp_loss":0.0,"gold_gain":0.0,"event_name":"Tomb of Lord Red Mask","player_choice":"Ignored","floor":36.0,"gold_loss":0.0,"damage_taken":0.0},{"damage_healed":0.0,"max_hp_gain":0.0,"max_hp_loss":0.0,"gold_gain":0.0,"event_name":"SensoryStone","player_choice":"Memory 1","floor":38.0,"gold_loss":0.0,"damage_taken":0.0},{"damage_healed":0.0,"max_hp_gain":0.0,"max_hp_loss":0.0,"gold_gain":0.0,"event_name":"Mysterious Sphere","player_choice":"Fight","floor":41.0,"gold_loss":0.0,"damage_taken":0.0},{"damage_healed":0.0,"max_hp_gain":0.0,"max_hp_loss":0.0,"gold_gain":0.0,"event_name":"MindBloom","player_choice":"Fight","floor":42.0,"gold_loss":0.0,"damage_taken":0.0}],"is_beta":false,"boss_relics":[{"not_picked":["Pandora\u0027s Box","Tiny House"],"picked":"Ectoplasm"},{"not_picked":["Coffee Dripper","Calling Bell"],"picked":"Busted Crown"}],"items_purged_floors":[46],"is_endless":false,"potions_floor_spawned":[7,10,13,14,16,18,23,25,29,39,40,44,45,48],"ascension_level":11}}