{"host":"yuhibl5o0ay6idau","time":1607618660,"event":{"mods":["BaseMod","StSLib","Better Altar","Better Match","Better Note","Better Sensory Stone","Better Skull","Better Third Choice","Colored Map","Replay The Spire","Minty Spire (QoL Compilation)","Aspiration","Conspire"],"gold_per_floor":[115,131,94,112,37,37,71,71,71,71,71,103,114,142,156,205,205,301,301,321,321,334,433,492,519,265,281,306,319,331,348,374,394,394,494,494,507,507,507,525,249,279,292,292,292,302,334,334,29,61,61,61],"floor_reached":53,"playtime":6202,"items_purged":["Eruption","Halt","Pray","Judgement"],"score":1110,"play_id":"22a86a9f-0341-4f00-9c84-5c57200294e1","local_time":"20201210084420","is_ascension_mode":true,"campfire_choices":[{"data":"Evaluate","floor":6,"key":"SMITH"},{"floor":8,"key":"REST"},{"floor":17,"key":"DIG"},{"data":"Study","floor":34,"key":"SMITH"},{"data":"MasterReality","floor":48,"key":"SMITH"}],"circlet_count":0,"master_deck":["BowlingBash+1","WaveOfTheHand","ForeignInfluence+1","Collect","CarveReality+1","Protect","Evaluate+1","Evaluate","ThirdEye","MasterReality+1","Study+1","Evaluate+1","Collect+1","ThirdEye+1"],"relics":["Pandora\u0027s Box","betterThird:SlimedRelic","aspiration:ChemicalBlood","Potion Belt","Turnip","Vajra","Girya","ReplayTheSpireMod:Lightbulb","Philosopher\u0027s Stone","Whetstone","Toy Ornithopter","Happy Flower","Blood Vial","Ring of Chaos","Anchor","Bronze Scales","Darkstone Periapt","Blue Doll","Strawberry","Pear"],"acts_visited":["Exordium","TheCity","TheBeyond"],"potions_floor_usage":[14,18,18,20,25,27,27,29,30,31,32,33,33,40,40,42,42,43,44,44,47,52,52,52],"damage_taken":[{"damage":0,"enemies":"2 Louse","floor":1,"turns":1},{"damage":3,"enemies":"Jaw Worm","floor":2,"turns":3},{"damage":0,"enemies":"Small Slimes","floor":4,"turns":3},{"damage":8,"enemies":"3 Sentries","floor":7,"turns":6},{"damage":0,"enemies":"Replay:BlueRogue","floor":12,"turns":10},{"damage":0,"enemies":"Red Slaver","floor":13,"turns":3},{"damage":1,"enemies":"3 Sentries","floor":14,"turns":10},{"damage":0,"enemies":"Looter","floor":15,"turns":1},{"damage":50,"enemies":"conspire:MimicChest","floor":16,"turns":15},{"damage":1,"enemies":"The Guardian","floor":18,"turns":12},{"damage":7,"enemies":"Shell Parasite","floor":20,"turns":6},{"damage":0,"enemies":"Spheric Guardian","floor":22,"turns":3},{"damage":16,"enemies":"conspire:Head Lice","floor":25,"turns":5},{"damage":5,"enemies":"Snake Plant","floor":27,"turns":5},{"damage":0,"enemies":"3 Cultists","floor":29,"turns":4},{"damage":0,"enemies":"conspire:HollyBat","floor":30,"turns":5},{"damage":16,"enemies":"Cultist and Chosen","floor":31,"turns":8},{"damage":20,"enemies":"Gremlin Leader","floor":32,"turns":4},{"damage":6,"enemies":"Centurion and Healer","floor":33,"turns":4},{"damage":18,"enemies":"Pondfish","floor":35,"turns":12},{"damage":4,"enemies":"3 Darklings","floor":37,"turns":5},{"damage":12,"enemies":"3 Shapes","floor":40,"turns":5},{"damage":17,"enemies":"Reptomancer","floor":42,"turns":10},{"damage":9,"enemies":"Transient","floor":43,"turns":5},{"damage":5,"enemies":"Maw","floor":44,"turns":4},{"damage":13,"enemies":"Jaw Worm Horde","floor":46,"turns":3},{"damage":8,"enemies":"Giant Head","floor":47,"turns":9},{"damage":18,"enemies":"R_Hoarder","floor":50,"turns":9},{"damage":20,"enemies":"Awakened One","floor":52,"turns":14}],"seed_played":"3272794340484347706","potions_obtained":[{"floor":2,"key":"Explosive Potion"},{"floor":4,"key":"SpeedPotion"},{"floor":14,"key":"Toxic Potion"},{"floor":16,"key":"EssenceOfSteel"},{"floor":18,"key":"Explosive Potion"},{"floor":24,"key":"SneckoOil"},{"floor":24,"key":"conspire:TimeTravelPotion"},{"floor":25,"key":"DuplicationPotion"},{"floor":27,"key":"Block Potion"},{"floor":30,"key":"Swift Potion"},{"floor":32,"key":"CultistPotion"},{"floor":35,"key":"Reflective Coating"},{"floor":40,"key":"FearPotion"},{"floor":40,"key":"Adrenaline Potion"},{"floor":43,"key":"SmokeBomb"}],"is_trial":false,"path_per_floor":["M","M","?","M","$","R","E","R","T","PTL","PTL","E","M","E","M","?","R_BF","B",null,"M","?","M","?","?","E","$","M","T","M","M","M","E","M","R","B",null,"M","?","?","M","$","E","M","M","T","M","E","R","$","E","R_BF","B",null],"character_chosen":"WATCHER","items_purchased":["Toy Ornithopter","Anchor","Strawberry"],"campfire_rested":1,"item_purchase_floors":[26,41,49],"current_hp_per_floor":[72,69,58,58,58,58,50,71,71,71,71,71,71,70,70,20,20,19,72,65,65,65,65,37,21,21,26,26,31,36,41,26,32,32,16,72,68,68,68,66,66,56,54,61,61,50,49,49,56,50,75,70],"gold":61,"neow_bonus":"BOSS_RELIC","is_daily":false,"chose_seed":false,"campfire_upgraded":3,"win_rate":0,"timestamp":1607618660,"path_taken":["M","M","?","M","$","R","E","R","T","PTL","PTL","E","M","E","M","?","R_BF","BOSS","M","?","?","?","?","E","$","M","T","M","?","M","E","M","R","BOSS","M","?","?","M","$","E","M","M","T","M","E","R","$","E","R_BF","BOSS"],"build_version":"2020-11-30","purchased_purges":4,"victory":true,"max_hp_per_floor":[72,72,72,72,72,72,72,72,72,72,72,72,72,72,72,72,72,72,72,72,72,72,72,72,72,72,72,72,72,72,72,72,72,72,72,72,72,68,68,68,68,68,68,68,68,68,68,68,75,85,85,85],"card_choices":[{"not_picked":["Halt","FlurryOfBlows"],"picked":"Evaluate","floor":1},{"not_picked":["Replay:Vibes","Halt","Sanctity"],"picked":"SKIP","floor":2},{"not_picked":["Crescendo","PathToVictory","Collect"],"picked":"SKIP","floor":4},{"not_picked":["ClearTheMind","CutThroughFate"],"picked":"Evaluate","floor":7},{"not_picked":["Omniscience","LikeWater","Replay:AtTheReady"],"picked":"SKIP","floor":12},{"not_picked":["Replay:AtTheReady","Replay:ManipulateFuture","Replay:BluntJabs"],"picked":"SKIP","floor":13},{"not_picked":["Consecrate","Replay:DivineShield"],"picked":"Judgement","floor":14},{"not_picked":["Weave","Vengeance"],"picked":"ThirdEye","floor":15},{"not_picked":["DeusExMachina","Scrawl"],"picked":"MasterReality","floor":18},{"not_picked":["FollowUp","Replay:DivineShield"],"picked":"Study","floor":20},{"not_picked":["SashWhip","Replay:ManipulateFuture+1","PathToVictory"],"picked":"SKIP","floor":22},{"not_picked":["Replay:AllIn","Pray","Conclude+1"],"picked":"SKIP","floor":25},{"not_picked":["EmptyBody","PathToVictory","Nirvana+1"],"picked":"SKIP","floor":27},{"not_picked":["Tantrum","Perseverance","Protect+1"],"picked":"SKIP","floor":29},{"not_picked":["FollowUp","FlyingSleeves","Consecrate"],"picked":"SKIP","floor":30},{"not_picked":["InnerPeace","Perseverance","Vengeance"],"picked":"SKIP","floor":31},{"not_picked":["Wallop","Halt+1","Replay:AtTheReady+1"],"picked":"SKIP","floor":32},{"not_picked":["Replay:ManipulateFuture","Replay:DivineShield"],"picked":"Evaluate+1","floor":33},{"not_picked":["Vengeance","InnerPeace","Protect"],"picked":"SKIP","floor":37},{"not_picked":["CrushJoints","Tantrum+1","Adaptation"],"picked":"SKIP","floor":40},{"not_picked":["Replay:BluntJabs+1","Replay:Battleflow"],"picked":"Collect+1","floor":42},{"not_picked":["FlurryOfBlows+1","CrushJoints+1","TalkToTheHand+1"],"picked":"SKIP","floor":43},{"not_picked":["Replay:BluntJabs+1","FollowUp+1"],"picked":"ThirdEye+1","floor":46},{"not_picked":["WheelKick+1","Protect+1","SashWhip"],"picked":"SKIP","floor":47},{"not_picked":["CrushJoints","Replay:AllIn","ThirdEye+1"],"picked":"SKIP","floor":50}],"player_experience":353458,"relics_obtained":[{"floor":7,"key":"aspiration:ChemicalBlood"},{"floor":9,"key":"Potion Belt"},{"floor":12,"key":"Turnip"},{"floor":14,"key":"Vajra"},{"floor":16,"key":"Girya"},{"floor":17,"key":"ReplayTheSpireMod:Lightbulb"},{"floor":25,"key":"Whetstone"},{"floor":28,"key":"Happy Flower"},{"floor":32,"key":"Blood Vial"},{"floor":42,"key":"Bronze Scales"},{"floor":45,"key":"Darkstone Periapt"},{"floor":47,"key":"Blue Doll"},{"floor":50,"key":"Pear"}],"event_choices":[{"damage_healed":0,"gold_gain":0,"player_choice":"Slimed","damage_taken":11,"max_hp_gain":0,"max_hp_loss":0,"event_name":"betterThird:BetterGoop","floor":3,"gold_loss":37},{"cards_removed":["Vigilance"],"damage_healed":0,"gold_gain":0,"player_choice":"Purged","damage_taken":0,"max_hp_gain":0,"max_hp_loss":0,"event_name":"Purifier","floor":21,"gold_loss":0},{"damage_healed":0,"gold_gain":99,"player_choice":"Steal","damage_taken":0,"max_hp_gain":0,"max_hp_loss":0,"event_name":"betterThird:BetterNest","floor":23,"gold_loss":0},{"damage_healed":0,"gold_gain":0,"player_choice":"Max HP","damage_taken":0,"max_hp_gain":0,"max_hp_loss":4,"event_name":"Winding Halls","floor":38,"gold_loss":0},{"damage_healed":0,"gold_gain":0,"player_choice":"Ignored","damage_taken":0,"max_hp_gain":0,"max_hp_loss":0,"event_name":"Tomb of Lord Red Mask","floor":39,"gold_loss":0}],"is_beta":false,"boss_relics":[{"not_picked":["Replay:Drink Me","Ectoplasm"],"picked":"Philosopher\u0027s Stone"},{"not_picked":["ChewingGum","Empty Cage"],"picked":"Ring of Chaos"}],"items_purged_floors":[5,26,41,49],"is_endless":false,"potions_floor_spawned":[2,4,14,16,18,25,27,30,32,35,37,40,43,44],"ascension_level":2}}