{"host":"cjhtzh7tp54jdfyv","time":1607594199,"event":{"gold_per_floor":[109,7,30,60,85,97,143,155,167,210,233,262,285,316,328,415,427,455,152,168,181,106,132,146,172,172,172,172],"floor_reached":27,"playtime":1816,"items_purged":["Strike_P"],"score":638,"play_id":"9e353977-3625-4c87-bed6-fa9316bc9691","local_time":"20201210045639","is_ascension_mode":true,"campfire_choices":[{"data":"SashWhip","floor":6,"key":"SMITH"},{"data":"Conclude","floor":8,"key":"SMITH"},{"data":"TalkToTheHand","floor":15,"key":"SMITH"}],"neow_cost":"NONE","seed_source_timestamp":743385313602000,"circlet_count":0,"master_deck":["AscendersBane","Strike_P","Defend_P+1","Defend_P","Eruption+1","Vigilance","WheelKick+1","CutThroughFate+1","Vengeance+1","TalkToTheHand+1","SashWhip+1","Conclude+1","Tantrum+1","TalkToTheHand","EmptyBody+1","LessonLearned+1","Crescendo+1","ClearTheMind+1","LikeWater+1","LikeWater","Meditate+1"],"relics":["Astrolabe","MawBank","Bottled Flame","Strawberry","Toxic Egg 2","Runic Pyramid","Medical Kit","Pen Nib","Art of War","WingedGreaves"],"potions_floor_usage":[10,11,18,24,25],"damage_taken":[{"damage":5,"enemies":"2 Louse","floor":1,"turns":2},{"damage":0,"enemies":"Cultist","floor":3,"turns":2},{"damage":12,"enemies":"Jaw Worm","floor":4,"turns":2},{"damage":0,"enemies":"Large Slime","floor":5,"turns":4},{"damage":8,"enemies":"Gremlin Nob","floor":7,"turns":3},{"damage":0,"enemies":"3 Sentries","floor":10,"turns":2},{"damage":1,"enemies":"Looter","floor":11,"turns":2},{"damage":11,"enemies":"Blue Slaver","floor":12,"turns":3},{"damage":0,"enemies":"2 Fungi Beasts","floor":13,"turns":2},{"damage":4,"enemies":"Exordium Thugs","floor":14,"turns":3},{"damage":3,"enemies":"Hexaghost","floor":16,"turns":7},{"damage":7,"enemies":"3 Byrds","floor":18,"turns":4},{"damage":15,"enemies":"Shell Parasite","floor":20,"turns":3},{"damage":10,"enemies":"Chosen and Byrds","floor":21,"turns":5},{"damage":0,"enemies":"Gremlin Leader","floor":23,"turns":3},{"damage":0,"enemies":"Snecko","floor":24,"turns":3},{"damage":15,"enemies":"Book of Stabbing","floor":25,"turns":3},{"damage":17,"enemies":"Slavers","floor":27,"turns":1}],"seed_played":"-698272014207114985","potions_obtained":[{"floor":3,"key":"PowerPotion"},{"floor":5,"key":"StancePotion"},{"floor":10,"key":"Explosive Potion"},{"floor":13,"key":"Dexterity Potion"},{"floor":20,"key":"Ancient Potion"},{"floor":25,"key":"Explosive Potion"}],"is_trial":false,"path_per_floor":["M","?","M","M","M","R","E","R","T","E","M","M","M","M","R","B",null,"M","$","M","M","?","E","M","E","T","E"],"character_chosen":"WATCHER","items_purchased":["Medical Kit","ClearTheMind+1","SteroidPotion"],"campfire_rested":0,"item_purchase_floors":[19,19,19],"current_hp_per_floor":[56,56,56,44,44,44,36,36,43,43,42,31,31,27,27,24,62,55,55,40,30,30,30,30,15,15,0,0],"gold":172,"neow_bonus":"BOSS_RELIC","is_prod":false,"is_daily":false,"chose_seed":false,"campfire_upgraded":3,"win_rate":0,"timestamp":1607594199,"path_taken":["M","?","M","M","M","R","E","R","T","E","M","M","M","M","R","BOSS","M","$","M","M","?","E","M","E","T","E"],"build_version":"2020-11-30","purchased_purges":1,"victory":false,"max_hp_per_floor":[68,68,68,68,68,68,68,68,75,75,75,75,75,75,75,75,75,75,75,75,75,75,75,75,75,75,75,75],"card_choices":[{"not_picked":["Consecrate","FollowUp","Crescendo"],"picked":"SKIP","floor":1},{"not_picked":["PathToVictory","Sanctity","Evaluate"],"picked":"SKIP","floor":3},{"not_picked":["CutThroughFate","PathToVictory"],"picked":"TalkToTheHand","floor":4},{"not_picked":["Prostrate","EmptyBody"],"picked":"SashWhip","floor":5},{"not_picked":["Halt","Blasphemy"],"picked":"Conclude","floor":7},{"not_picked":["Fasting2","Nirvana"],"picked":"Tantrum","floor":10},{"not_picked":["CrushJoints","PathToVictory+1","Conclude"],"picked":"SKIP","floor":11},{"not_picked":["CarveReality","Study"],"picked":"TalkToTheHand","floor":12},{"not_picked":["ForeignInfluence+1","PathToVictory+1","FlyingSleeves"],"picked":"SKIP","floor":13},{"not_picked":["SandsOfTime","SashWhip"],"picked":"EmptyBody+1","floor":14},{"not_picked":["Brilliance","Establishment"],"picked":"LessonLearned","floor":16},{"not_picked":["JustLucky+1","Tantrum"],"picked":"Crescendo+1","floor":18},{"not_picked":["ThirdEye+1","CrushJoints","Protect+1"],"picked":"SKIP","floor":20},{"not_picked":["SashWhip","JustLucky"],"picked":"LikeWater","floor":21},{"not_picked":["Protect+1","Crescendo+1"],"picked":"LikeWater","floor":23},{"not_picked":["Consecrate","Halt+1"],"picked":"Meditate+1","floor":24},{"not_picked":["Protect+1","Evaluate+1","FlyingSleeves"],"picked":"SKIP","floor":25}],"player_experience":4090462,"relics_obtained":[{"floor":7,"key":"Bottled Flame"},{"floor":9,"key":"Strawberry"},{"floor":10,"key":"Toxic Egg 2"},{"floor":23,"key":"Pen Nib"},{"floor":25,"key":"Art of War"},{"floor":26,"key":"WingedGreaves"}],"event_choices":[{"damage_healed":0,"gold_gain":0,"player_choice":"Paid Gold","damage_taken":0,"relics_obtained":["MawBank"],"max_hp_gain":0,"max_hp_loss":0,"event_name":"WeMeetAgain","floor":2,"gold_loss":102},{"cards_removed":["Strike_P"],"damage_healed":0,"gold_gain":0,"player_choice":"Gave Gold","damage_taken":0,"max_hp_gain":0,"max_hp_loss":0,"event_name":"Beggar","floor":22,"gold_loss":75}],"is_beta":false,"boss_relics":[{"not_picked":["Ectoplasm","Pandora\u0027s Box"],"picked":"Runic Pyramid"}],"items_purged_floors":[19],"is_endless":false,"potions_floor_spawned":[3,5,10,13,20,21,25],"killed_by":"Slavers","ascension_level":20}}