{"host":"o42wl4m5pnzrnqrg","time":1607640072,"event":{"mods":["BaseMod","Colored Map","StSLib","Friendly Minions","GifTheSpireLib","The Bladedancer","Shop Mod","Best Route Mod","Minty Spire (QoL Compilation)","SOS???????","???mod?????","Gold Saver","2.2 Compatiblity","Rare Cards Sparkle","Better Note","Permanent Neow","Act Like it!","Replay The Spire","Better Vampires","Transform Curses","Better Match","CapriCore","Hubris","Better Skull","Spicy Shops","Relic Stats","Shade Mod","Marisa????????","Mari\u0027s V1 Patch","Mari Mod (Legacy)","Luminous","TheSwordswoman","Small Relic Pack","Ekko","The Blue Laboratory","Better Third Choice","Dota2Spire","Hallownest","Kratos Character Expansion","??????REMEMod","The Dragon Tamer","Curses Come First","TheWitcher","Robot Space Explorer","The Bug Knight"],"gold_per_floor":[112,130,0,0,0,0,20,36,36,50,50,70,200,234,234,234,234],"floor_reached":16,"playtime":1261,"items_purged":[],"score":102,"play_id":"c8291091-b198-4ea3-86bd-5dab41668d6c","local_time":"20201210184112","is_ascension_mode":false,"campfire_choices":[{"data":"RobotSpaceExplorer:StarDust","floor":6,"key":"SMITH"},{"floor":11,"key":"REST"},{"floor":15,"key":"REST"}],"circlet_count":0,"master_deck":["RobotSpaceExplorer:Strike","RobotSpaceExplorer:Strike","RobotSpaceExplorer:Strike","RobotSpaceExplorer:Defend","RobotSpaceExplorer:Defend","RobotSpaceExplorer:Defend","RobotSpaceExplorer:Scan","RobotSpaceExplorer:MiniLasers","RobotSpaceExplorer:PowerGlove","DTMod:Safeguard","RobotSpaceExplorer:TurboDodge","RobotSpaceExplorer:Fix","RobotSpaceExplorer:StarDust+1","RobotSpaceExplorer:ShockKick","Hallownest:curseDreamersLament","RobotSpaceExplorer:Ammunition","RobotSpaceExplorer:Discharger","RobotSpaceExplorer:Multitool","RobotSpaceExplorer:ShockKick","RobotSpaceExplorer:Electropulse"],"relics":["RobotSpaceExplorer:RoboCore","REME_ComplimentaryCards","Hallownest:TeacherSealRelic","Strawberry"],"acts_visited":["Exordium"],"potions_floor_usage":[8,10,10],"damage_taken":[{"damage":1,"enemies":"Hallownest:2_MossCreeps","floor":1,"turns":4},{"damage":0,"enemies":"Hallownest:monsterHuskGuard","floor":2,"turns":7},{"damage":4,"enemies":"Hallownest:monsterHuskWarrior","floor":7,"turns":4},{"damage":28,"enemies":"Hallownest:Guard_and_Warrior","floor":8,"turns":6},{"damage":20,"enemies":"Hallownest:2_Tiktiks_1_Baldur_1_Crawlid","floor":10,"turns":5},{"damage":11,"enemies":"Hallownest:Wandering_and_Horned","floor":12,"turns":5},{"damage":27,"enemies":"Hallownest:eliteCrystalGuardian","floor":14,"turns":6},{"damage":63,"enemies":"Hallownest:BossHornet","floor":16,"turns":5}],"seed_played":"4441446761658714673","potions_obtained":[{"floor":2,"key":"blueLaboratory:PolymorphPotion"},{"floor":7,"key":"Strength Potion"},{"floor":8,"key":"Fire Potion"}],"is_trial":false,"path_per_floor":["M","M","$","?","?","R","M","M","T","M","R","M","?","E","R","B"],"character_chosen":"RobotSpaceExplorer","items_purchased":["RobotSpaceExplorer:StarDust","RobotSpaceExplorer:ShockKick"],"campfire_rested":2,"item_purchase_floors":[3,3],"current_hp_per_floor":[74,74,74,74,74,74,72,48,48,32,54,47,47,27,51,0,0],"gold":234,"neow_bonus":"RANDOM_EVENT","is_daily":false,"chose_seed":false,"campfire_upgraded":1,"win_rate":0.0,"timestamp":1607640072,"path_taken":["M","M","$","?","?","R","M","M","T","?","R","M","?","E","R","BOSS"],"build_version":"2020-11-30","purchased_purges":0,"victory":false,"max_hp_per_floor":[75,75,75,75,75,75,75,75,75,75,75,75,75,82,82,82,82],"relic_stats":{"counters":[8,42],"obtain_stats":[{"Strawberry":14,"RobotSpaceExplorer:RoboCore":0,"Hallownest:TeacherSealRelic":5,"REME_ComplimentaryCards":0},{"Strawberry":7,"RobotSpaceExplorer:RoboCore":0,"Hallownest:TeacherSealRelic":2,"REME_ComplimentaryCards":0},{"Strawberry":37,"RobotSpaceExplorer:RoboCore":0,"Hallownest:TeacherSealRelic":11,"REME_ComplimentaryCards":0}]},"card_choices":[{"not_picked":["RobotSpaceExplorer:SlimeMissile","RobotSpaceExplorer:FranticSearch"],"picked":"RobotSpaceExplorer:TurboDodge","floor":1},{"not_picked":["RobotSpaceExplorer:SurgingStrike","RobotSpaceExplorer:GlueShot"],"picked":"RobotSpaceExplorer:Fix","floor":2},{"not_picked":["RobotSpaceExplorer:ShockKick","RobotSpaceExplorer:SlimeMissile"],"picked":"RobotSpaceExplorer:Ammunition","floor":7},{"not_picked":["RobotSpaceExplorer:FranticSearch","RobotSpaceExplorer:ScrapMissile"],"picked":"RobotSpaceExplorer:Discharger","floor":8},{"not_picked":["RobotSpaceExplorer:PowerGlove","RobotSpaceExplorer:StarLightning"],"picked":"RobotSpaceExplorer:Multitool","floor":10},{"not_picked":["RobotSpaceExplorer:JunkDive","RobotSpaceExplorer:SurgingShield"],"picked":"RobotSpaceExplorer:ShockKick","floor":12},{"not_picked":["RobotSpaceExplorer:IronShell","RobotSpaceExplorer:PlasmaMissile"],"picked":"RobotSpaceExplorer:Electropulse","floor":14}],"player_experience":409700,"relics_obtained":[{"floor":14,"key":"Strawberry"}],"event_choices":[],"is_beta":false,"boss_relics":[],"items_purged_floors":[],"is_endless":false,"potions_floor_spawned":[2,7,8],"killed_by":"Hallownest:BossHornet","ascension_level":0}}