{"host":"g4jqqbmo30rq7cal","time":1607618260,"event":{"gold_per_floor":[119,119,131,146,146,186,186,205,254,292,292,307,307,256,256,384,384,399,399,409,409,57,92,92,92,170,184,219,237,237,271,271,373,373,389,439,450,462,15,15,24,0,27,27,37,47,47,47],"floor_reached":47,"playtime":2596,"items_purged":[],"score":543,"play_id":"ea4ebe45-60a9-49c9-a3e6-db33f85bb8c8","local_time":"20201210213740","is_ascension_mode":false,"campfire_choices":[{"data":"Eruption","floor":7,"key":"SMITH"},{"floor":13,"key":"REST"},{"floor":15,"key":"RECALL"},{"floor":25,"key":"REST"},{"floor":30,"key":"REST"},{"floor":32,"key":"REST"},{"data":"MasterReality","floor":40,"key":"SMITH"},{"data":"Judgement","floor":44,"key":"SMITH"}],"neow_cost":"NONE","seed_source_timestamp":108350658019900,"circlet_count":0,"master_deck":["Strike_P","Strike_P","Strike_P","Strike_P","Defend_P+1","Defend_P","Defend_P+1","Defend_P","Eruption+1","Vigilance","BowlingBash","WheelKick","EmptyBody","CarveReality","BattleHymn","SashWhip","EmptyBody","DevaForm","MasterReality+1","FlyingSleeves+1","JustLucky","DeusExMachina","PathToVictory","Necronomicurse","Consecrate","Shame","Judgement+1","Consecrate","LikeWater","CrushJoints+1","FollowUp","Judgement","DevaForm","Establishment","EmptyFist+1","CutThroughFate","JustLucky+1","EmptyBody+1","Crescendo+1","Perseverance+1","ReachHeaven","ConjureBlade+1","SandsOfTime+1","Injury","Wallop+1","CrushJoints+1"],"relics":["HolyWater","HushsDoor","YumHeart","Mercury Hourglass","Bloody Idol","Oddly Smooth Stone","Cursed Key","Happy Flower","Necronomicon","DeadEye","Bronze Scales","GuppysHead","GuppysHairball","Torii","Toxic Egg 2","MerchantsRug","Red Mask","Art of War"],"potions_floor_usage":[6,10,10,10,16,16,16,23,23,31,33,45],"damage_taken":[{"damage":3,"enemies":"Jaw Worm","floor":1,"turns":3},{"damage":2,"enemies":"Small Slimes","floor":3,"turns":3},{"damage":0,"enemies":"Cultist","floor":4,"turns":2},{"damage":0,"enemies":"Gremlin Nob","floor":6,"turns":3},{"damage":2,"enemies":"3 Louse","floor":8,"turns":2},{"damage":32,"enemies":"Lagavulin","floor":10,"turns":7},{"damage":12,"enemies":"Exordium Wildlife","floor":12,"turns":3},{"damage":32,"enemies":"Hexaghost","floor":16,"turns":7},{"damage":16,"enemies":"Spheric Guardian","floor":18,"turns":4},{"damage":2,"enemies":"Chosen","floor":20,"turns":4},{"damage":23,"enemies":"Book of Stabbing","floor":23,"turns":5},{"damage":21,"enemies":"3 Cultists","floor":27,"turns":4},{"damage":39,"enemies":"Slavers","floor":28,"turns":4},{"damage":32,"enemies":"Cultist and Chosen","floor":29,"turns":5},{"damage":12,"enemies":"Book of Stabbing","floor":31,"turns":4},{"damage":53,"enemies":"Champ","floor":33,"turns":9},{"damage":12,"enemies":"Orb Walker","floor":35,"turns":3},{"damage":6,"enemies":"Mind Bloom Boss Battle","floor":36,"turns":4},{"damage":1,"enemies":"3 Shapes","floor":37,"turns":3},{"damage":1,"enemies":"3 Darklings","floor":38,"turns":4},{"damage":56,"enemies":"Transient","floor":45,"turns":5},{"damage":18,"enemies":"Sphere and 2 Shapes","floor":46,"turns":5},{"damage":24,"enemies":"2 Orb Walkers","floor":47,"turns":2}],"seed_played":"-319872121173001801","potions_obtained":[{"floor":1,"key":"Fire Potion"},{"floor":4,"key":"Swift Potion"},{"floor":6,"key":"EntropicBrew"},{"floor":16,"key":"SpeedPotion"},{"floor":28,"key":"LiquidBronze"},{"floor":29,"key":"Dexterity Potion"},{"floor":33,"key":"ColorlessPotion"},{"floor":37,"key":"Weak Potion"},{"floor":38,"key":"BlessingOfTheForge"},{"floor":46,"key":"StancePotion"}],"is_trial":false,"path_per_floor":["M","?","M","M","?","E","R","M","T","E","?","M","R","$","R","B",null,"M","?","M","?","$","E","?","R","T","M","E","M","R","E","R","B",null,"M","?","M","M","$","R","$","?","T","R","M","M","?"],"character_chosen":"WATCHER","items_purchased":["Fire Potion","Fruit Juice","CultistPotion","War Paint","GuppysHead","GuppysHairball","Establishment","Toxic Egg 2","MerchantsRug","Orrery"],"campfire_rested":4,"item_purchase_floors":[14,22,22,22,34,34,34,39,39,39],"current_hp_per_floor":[76,69,67,67,73,73,73,71,71,39,39,27,75,75,75,43,79,63,63,66,66,66,53,37,62,67,51,42,15,40,33,58,10,60,53,52,56,60,60,60,60,60,60,60,34,21,0,0],"gold":47,"neow_bonus":"TEN_PERCENT_HP_BONUS","is_prod":false,"is_daily":false,"chose_seed":false,"campfire_upgraded":3,"win_rate":0.0,"timestamp":1607618260,"path_taken":["M","?","?","M","?","E","R","M","T","E","?","M","R","$","R","BOSS","M","?","?","?","$","E","?","R","T","?","E","M","R","E","R","BOSS","M","?","M","M","$","R","$","?","T","R","M","M","?"],"build_version":"2020-11-30","purchased_purges":0,"victory":false,"max_hp_per_floor":[79,79,79,79,79,79,79,79,79,79,79,79,79,79,79,79,79,79,79,79,79,79,84,84,84,84,84,84,84,84,84,84,84,60,60,60,60,60,60,60,60,60,60,60,60,60,60,60],"card_choices":[{"not_picked":["CrushJoints","WreathOfFlame"],"picked":"BowlingBash","floor":1},{"not_picked":["Wallop","CrushJoints"],"picked":"WheelKick","floor":3},{"not_picked":["Bomb","ThirdEye"],"picked":"EmptyBody","floor":4},{"not_picked":["EmptyMind","ThirdEye"],"picked":"CarveReality","floor":6},{"not_picked":["Bomb","EmptyBody"],"picked":"BattleHymn","floor":8},{"not_picked":["CutThroughFate","CrushJoints"],"picked":"SashWhip","floor":10},{"not_picked":["Protect","Pray"],"picked":"EmptyBody","floor":12},{"not_picked":["Evaluate","EmptyBody"],"picked":"DevaForm","floor":13},{"not_picked":["Brilliance","Establishment"],"picked":"MasterReality","floor":16},{"not_picked":["EmptyBody","Consecrate"],"picked":"FlyingSleeves+1","floor":18},{"not_picked":["PathToVictory","CutThroughFate"],"picked":"JustLucky","floor":20},{"not_picked":["Weave","ThirdEye"],"picked":"PathToVictory","floor":23},{"not_picked":["ClearTheMind","EmptyMind"],"picked":"Consecrate","floor":25},{"not_picked":["Crescendo","SashWhip+1"],"picked":"Judgement","floor":27},{"not_picked":["EmptyFist","FollowUp"],"picked":"Consecrate","floor":28},{"not_picked":["SashWhip","InnerPeace"],"picked":"LikeWater","floor":29},{"not_picked":["Evaluate","Adaptation"],"picked":"CrushJoints+1","floor":30},{"not_picked":["SashWhip+1","Adaptation"],"picked":"FollowUp","floor":31},{"not_picked":["CarveReality","FlurryOfBlows"],"picked":"Judgement","floor":32},{"not_picked":["Judgement","MasterReality"],"picked":"DevaForm","floor":33},{"not_picked":["PathToVictory+1","SashWhip"],"picked":"EmptyFist+1","floor":35},{"not_picked":["WheelKick","BowlingBash"],"picked":"CutThroughFate","floor":36},{"not_picked":["TalkToTheHand+1","Crescendo"],"picked":"JustLucky+1","floor":37},{"not_picked":["FlyingSleeves+1","Consecrate+1"],"picked":"EmptyBody+1","floor":38},{"not_picked":["DevaForm","PathToVictory+1"],"picked":"Crescendo+1","floor":39},{"not_picked":["BowlingBash","Adaptation"],"picked":"Perseverance+1","floor":39},{"not_picked":["WreathOfFlame+1","CutThroughFate+1"],"picked":"ReachHeaven","floor":39},{"not_picked":["Study+1","JustLucky"],"picked":"ConjureBlade+1","floor":39},{"not_picked":["CutThroughFate","Halt+1"],"picked":"SandsOfTime+1","floor":39},{"not_picked":["ThirdEye+1","WaveOfTheHand+1"],"picked":"Wallop+1","floor":45},{"not_picked":["Evaluate+1","PathToVictory+1"],"picked":"CrushJoints+1","floor":46}],"player_experience":276897,"relics_obtained":[{"floor":6,"key":"Dream Catcher"},{"floor":10,"key":"Oddly Smooth Stone"},{"floor":23,"key":"Happy Flower"},{"floor":24,"key":"Necronomicon"},{"floor":26,"key":"DeadEye"},{"floor":28,"key":"Bag of Preparation"},{"floor":31,"key":"Bronze Scales"},{"floor":36,"key":"Torii"},{"floor":43,"key":"Art of War"}],"event_choices":[{"damage_healed":0,"gold_gain":0,"player_choice":"Success","damage_taken":7,"relics_obtained":["Mercury Hourglass"],"max_hp_gain":0,"max_hp_loss":0,"event_name":"Scrap Ooze","floor":2,"gold_loss":0},{"damage_healed":0,"gold_gain":0,"player_choice":"Take Damage","damage_taken":19,"relics_obtained":["Golden Idol"],"max_hp_gain":0,"max_hp_loss":0,"event_name":"Golden Idol","floor":5,"gold_loss":0},{"damage_healed":0,"gold_gain":0,"player_choice":"Leave","damage_taken":0,"max_hp_gain":0,"max_hp_loss":0,"event_name":"conspire:Investor","floor":11,"gold_loss":0},{"damage_healed":0,"gold_gain":0,"player_choice":"Gave Idol","damage_taken":0,"relics_obtained":["Bloody Idol"],"max_hp_gain":0,"max_hp_loss":0,"event_name":"Forgotten Altar","floor":19,"relics_lost":["Golden Idol"],"gold_loss":0},{"damage_healed":0,"gold_gain":0,"player_choice":"Read","damage_taken":0,"max_hp_gain":0,"max_hp_loss":0,"event_name":"The Library","floor":21,"gold_loss":0,"cards_obtained":["DeusExMachina"]},{"damage_healed":0,"gold_gain":0,"player_choice":"Obtained Book","damage_taken":16,"max_hp_gain":0,"max_hp_loss":0,"event_name":"Cursed Tome","floor":24,"gold_loss":0},{"damage_healed":0,"gold_gain":0,"player_choice":"Fight","damage_taken":0,"max_hp_gain":0,"max_hp_loss":0,"event_name":"MindBloom","floor":36,"gold_loss":0},{"damage_healed":0,"gold_gain":0,"player_choice":"Paid","damage_taken":0,"relics_obtained":["Red Mask"],"max_hp_gain":0,"max_hp_loss":0,"event_name":"Tomb of Lord Red Mask","floor":42,"gold_loss":24},{"damage_healed":0,"gold_gain":0,"player_choice":"Fight","damage_taken":0,"max_hp_gain":0,"max_hp_loss":0,"event_name":"Mysterious Sphere","floor":47,"gold_loss":0}],"is_beta":false,"boss_relics":[{"not_picked":["ChampionBelt","Empty Cage"],"picked":"Cursed Key"},{"not_picked":[]},{"not_picked":["Tiny House","Coffee Dripper"],"picked":"HolyWater"},{"not_picked":[]}],"items_purged_floors":[],"is_endless":false,"potions_floor_spawned":[1,4,6,16,28,29,33,37,38,46],"killed_by":"2 Orb Walkers","ascension_level":0}}