{"host":"nptej036rrbiurf5","time":1607576290,"event":{"gold_per_floor":[110,123,398,412,210,210,210,210,210,210,224,224,236,256,256,330,330,330,330,330,330,330],"floor_reached":21,"playtime":524,"items_purged":["Regret"],"score":515,"play_id":"e6830902-7ffb-419e-aa35-5ace8d1cd1bd","local_time":"20201210135810","is_ascension_mode":true,"campfire_choices":[{"data":"Loop","floor":6,"key":"SMITH"},{"data":"Sunder","floor":8,"key":"SMITH"},{"data":"Coolheaded","floor":10,"key":"SMITH"},{"floor":15,"key":"REST"}],"neow_cost":"NONE","seed_source_timestamp":1298092980883200,"circlet_count":0,"master_deck":["AscendersBane","Strike_B","Strike_B","Defend_B","Defend_B","Defend_B","Defend_B","Zap","Dualcast","Melter","Loop+1","Recycle","Sunder+1","Coolheaded+1","Ball Lightning","Ball Lightning","Consume","Echo Form","White Noise","Chill"],"special_seed":0,"relics":["Cracked Core","Ancient Tea Set","White Beast Statue","Ectoplasm","Dream Catcher"],"potions_floor_usage":[16],"damage_taken":[{"damage":1,"enemies":"Cultist","floor":1,"turns":3},{"damage":2,"enemies":"Jaw Worm","floor":2,"turns":3},{"damage":7,"enemies":"2 Louse","floor":4,"turns":3},{"damage":11,"enemies":"Gremlin Gang","floor":11,"turns":5},{"damage":6,"enemies":"Red Slaver","floor":13,"turns":4},{"damage":17,"enemies":"Lots of Slimes","floor":14,"turns":3},{"damage":18,"enemies":"Slime Boss","floor":16,"turns":7},{"damage":37,"enemies":"Shell Parasite","floor":18,"turns":5},{"damage":0,"enemies":"Spheric Guardian","floor":19,"turns":1},{"damage":22,"enemies":"Cultist and Chosen","floor":21,"turns":3}],"seed_played":"6828702273500437047","potions_obtained":[{"floor":4,"key":"Strength Potion"},{"floor":11,"key":"Energy Potion"},{"floor":13,"key":"Block Potion"},{"floor":16,"key":"Explosive Potion"},{"floor":19,"key":"DuplicationPotion"}],"is_trial":false,"path_per_floor":["M","M","?","M","$","R","?","R","T","R","M","?","M","M","R","B",null,"M","M","T","M"],"character_chosen":"DEFECT","items_purchased":["Sunder","Coolheaded"],"campfire_rested":1,"item_purchase_floors":[5,5],"current_hp_per_floor":[63,61,61,54,54,54,47,47,47,47,36,36,30,13,34,16,57,20,20,20,0,0],"gold":330,"neow_bonus":"RANDOM_COMMON_RELIC","is_prod":false,"is_daily":false,"chose_seed":false,"campfire_upgraded":3,"win_rate":0,"timestamp":1607576290,"path_taken":["M","M","?","?","?","R","?","R","T","R","M","?","M","M","R","BOSS","M","?","?","?"],"build_version":"2020-11-30","purchased_purges":1,"victory":false,"max_hp_per_floor":[71,71,71,71,71,71,71,71,71,71,71,71,71,71,71,71,71,71,71,71,71,71],"card_choices":[{"not_picked":["Beam Cell","Conserve Battery"],"picked":"Melter","floor":1},{"not_picked":["Scrape","Cold Snap"],"picked":"Loop","floor":2},{"not_picked":["Conserve Battery","Streamline"],"picked":"Recycle","floor":4},{"not_picked":["Barrage","Streamline"],"picked":"Ball Lightning","floor":11},{"not_picked":["Go for the Eyes","Beam Cell"],"picked":"Ball Lightning","floor":13},{"not_picked":["Scrape","Double Energy"],"picked":"Consume","floor":14},{"not_picked":["Thunder Strike","Buffer"],"picked":"Echo Form","floor":16},{"not_picked":["Turbo","Redo"],"picked":"White Noise","floor":18},{"not_picked":["Aggregate","Barrage"],"picked":"Chill","floor":19}],"player_experience":822958,"relics_obtained":[{"floor":9,"key":"White Beast Statue"},{"floor":20,"key":"Dream Catcher"}],"event_choices":[{"damage_healed":0,"gold_gain":275,"player_choice":"Desecrate","damage_taken":0,"max_hp_gain":0,"max_hp_loss":0,"event_name":"Golden Shrine","floor":3,"gold_loss":0,"cards_obtained":["Regret"]},{"cards_removed":["Strike_B"],"damage_healed":0,"gold_gain":0,"player_choice":"Card Removal","damage_taken":7,"max_hp_gain":0,"max_hp_loss":0,"event_name":"Golden Wing","floor":7,"gold_loss":0},{"cards_removed":["Strike_B"],"damage_healed":0,"gold_gain":0,"player_choice":"Purged","damage_taken":0,"max_hp_gain":0,"max_hp_loss":0,"event_name":"Purifier","floor":12,"gold_loss":0}],"is_beta":false,"boss_relics":[{"not_picked":["Busted Crown","Black Star"],"picked":"Ectoplasm"}],"items_purged_floors":[5],"is_endless":false,"potions_floor_spawned":[4,11,13,14,16,18,19],"killed_by":"Cultist and Chosen","ascension_level":18}}