{"host":"hoz3ngw650fbea07","time":1607581906,"event":{"gold_per_floor":[116,116,129,9,19,46,61,88,170,170,170,190,218,235,235,330,330,347,94,108,108,125,152,152,179,179,216,261,288,334,334,334,463,563,639,716,716,938,999,1117,1233,1345,1369,1244,1364,630,717,803,803,831,831],"floor_reached":50,"playtime":2383,"items_purged":["conspire:Purge+1","Defend_R","Flex","Defend_R"],"score":968,"play_id":"9fe408eb-7ef0-4a32-bb64-1fe5742b00b4","local_time":"20201209233146","is_ascension_mode":true,"campfire_choices":[{"data":"Immolate","floor":11,"key":"SMITH"},{"data":"ReplayTheSpireMod:Strike From Hell","floor":15,"key":"SMITH"},{"data":"True Grit","floor":24,"key":"SMITH"},{"data":"Perfected Strike","floor":32,"key":"SMITH"},{"floor":49,"key":"RECALL"}],"neow_cost":"NONE","seed_source_timestamp":2215786074782900,"circlet_count":0,"master_deck":["Strike_R+1","Strike_R","Strike_R","Strike_R","Defend_R","Immolate+1","Perfected Strike+1","Pommel Strike","ReplayTheSpireMod:Strike From Hell+1","StuffTheSpire:Slingshot","StuffTheSpire:Slingshot","Immolate","Feel No Pain+1","Shrug It Off","True Grit+1","StuffTheSpire:Slingshot","Demon Form","Wild Strike","Clothesline+1","conspire:HitWhereItHurts","Thunderclap","Prostrate","expansioncontent:Chronoboost","Consecrate+1"],"relics":["Burning Blood","Eternal Feather","ReplayFunnel","infinitespire:ShieldingShard","infinitespire:WardingShard","Empty Cage","Akabeko","Replay:Bandana","Iron Hammer","Red Mask","CCEMRelics:Sandal","conspire:DecoderRing","Charon\u0027s Ashes","infinitespire:EvilPickle","Replay:Grab Bag","Replay:Wanted Poster","conspire:SlowCooker","aspiration:WatcherSkillbook","aspiration:PoetsPen_weak","Bronze Scales","conspire:GlowingRock","Gremlin Food","infinitespire:Beetle Shell","CCEMRelics:SpiritsEdge","Strange Spoon","StuffTheSpire:Gunfinga"],"potions_floor_usage":[3,7,8,12,18,20,28,39,50,50],"damage_taken":[{"damage":0,"enemies":"Small Slimes","floor":1,"turns":2},{"damage":8,"enemies":"Jaw Worm","floor":3,"turns":3},{"damage":0,"enemies":"2 Louse","floor":5,"turns":1},{"damage":21,"enemies":"3 Sentries","floor":6,"turns":6},{"damage":9,"enemies":"Large Slime","floor":7,"turns":4},{"damage":28,"enemies":"Lagavulin","floor":8,"turns":6},{"damage":0,"enemies":"Red Slaver","floor":12,"turns":2},{"damage":11,"enemies":"Gremlin Nob","floor":13,"turns":3},{"damage":1,"enemies":"3 Louse","floor":14,"turns":3},{"damage":0,"enemies":"Slime Boss","floor":16,"turns":7},{"damage":24,"enemies":"2 Thieves","floor":18,"turns":3},{"damage":10,"enemies":"Shell Parasite","floor":20,"turns":3},{"damage":11,"enemies":"Snake Plant","floor":22,"turns":4},{"damage":4,"enemies":"conspire:Head Lice","floor":23,"turns":4},{"damage":8,"enemies":"Slavers","floor":25,"turns":2},{"damage":0,"enemies":"Masked Bandits","floor":27,"turns":1},{"damage":21,"enemies":"Replay:Snechameleon","floor":28,"turns":3},{"damage":9,"enemies":"Snecko","floor":29,"turns":4},{"damage":10,"enemies":"Book of Stabbing","floor":30,"turns":3},{"damage":28,"enemies":"Pondfish","floor":33,"turns":7},{"damage":8,"enemies":"3 Shapes","floor":35,"turns":3},{"damage":0,"enemies":"3 Darklings","floor":36,"turns":2},{"damage":0,"enemies":"conspire:MimicChest","floor":39,"turns":6},{"damage":24,"enemies":"Nemesis","floor":40,"turns":5},{"damage":0,"enemies":"Transient","floor":41,"turns":5},{"damage":1,"enemies":"Sphere and 2 Shapes","floor":42,"turns":3},{"damage":8,"enemies":"Writhing Mass","floor":45,"turns":4},{"damage":0,"enemies":"R_Hoarder","floor":47,"turns":4},{"damage":0,"enemies":"Transient","floor":48,"turns":5},{"damage":117,"enemies":"conspire:OrnateMirror","floor":50,"turns":3}],"seed_played":"2876698426527882787","potions_obtained":[{"floor":1,"key":"GamblersBrew"},{"floor":6,"key":"sneckomod:MuddlingPotion"},{"floor":7,"key":"BloodPotion"},{"floor":8,"key":"LifebloodPotion"},{"floor":16,"key":"Regen Potion"},{"floor":18,"key":"Weak Potion"},{"floor":23,"key":"Explosive Potion"},{"floor":30,"key":"PowerPotion"},{"floor":33,"key":"Languid Potion"},{"floor":40,"key":"Fire Potion"},{"floor":41,"key":"Weak Potion"},{"floor":45,"key":"Elixir"},{"floor":47,"key":"LiquidMemories"},{"floor":48,"key":"FairyPotion"}],"is_trial":false,"path_per_floor":["M","?","M","$","M","E","M","E","T","?","R","M","E","M","R","B",null,"M","$","M","?","M","E","R","E","T","?","E","M","E","?","R","B",null,"M","M","T","?","?","E","M","M","T","$","M","$","E","M","R","B"],"character_chosen":"IRONCLAD","items_purchased":["Pommel Strike","Immolate","infinitespire:Beetle Shell","CCEMRelics:SpiritsEdge","Strange Spoon","Prostrate","expansioncontent:Chronoboost"],"campfire_rested":0,"item_purchase_floors":[4,19,46,46,46,46,46],"current_hp_per_floor":[80,80,78,78,80,65,62,56,56,56,62,68,63,68,77,80,80,66,66,62,70,65,67,76,74,74,80,65,62,58,58,70,48,80,78,80,80,80,80,62,68,73,73,73,71,71,77,80,80,0,0],"gold":831,"neow_bonus":"ONE_RANDOM_RARE_CARD","is_prod":false,"is_daily":false,"chose_seed":false,"campfire_upgraded":4,"win_rate":0,"timestamp":1607581906,"path_taken":["M","?","M","$","M","E","M","E","T","?","R","M","E","M","R","BOSS","M","$","M","?","M","E","R","E","T","?","E","M","E","?","R","BOSS","M","M","?","?","?","E","?","M","T","$","M","$","E","M","R","BOSS"],"build_version":"2020-11-30","purchased_purges":4,"victory":false,"max_hp_per_floor":[80,80,80,80,80,80,80,80,80,80,80,80,80,80,80,80,80,80,80,80,80,80,80,80,80,80,80,80,80,80,80,80,80,80,80,80,80,80,80,80,80,80,80,80,80,80,80,80,80,80,80],"card_choices":[{"not_picked":["Disarm","Anger","Seeing Red"],"picked":"SKIP","floor":1},{"not_picked":["Fire Breathing","Cleave"],"picked":"Perfected Strike","floor":3},{"not_picked":["Thunderclap","Battle Trance","Rampage"],"picked":"SKIP","floor":5},{"not_picked":["StuffTheSpire:RockThrow","True Grit","StuffTheSpire:TitanForm"],"picked":"SKIP","floor":6},{"not_picked":["Whirlwind","True Grit"],"picked":"ReplayTheSpireMod:Strike From Hell","floor":7},{"not_picked":["Abandon","ReplayTheSpireMod:Corrosion Curse"],"picked":"StuffTheSpire:Slingshot","floor":8},{"not_picked":["Ghostly Armor","Shrug It Off","Flex"],"picked":"SKIP","floor":12},{"not_picked":["Cleave","Spot Weakness"],"picked":"StuffTheSpire:Slingshot","floor":13},{"not_picked":["Reckless Charge","Anger","Run Through"],"picked":"SKIP","floor":14},{"not_picked":["Iron Wave","Defy Death","Replay:Undeath\u0027s Touch"],"picked":"SKIP","floor":18},{"not_picked":["Ghostly Armor+1","Sword Boomerang"],"picked":"Feel No Pain+1","floor":20},{"not_picked":["StuffTheSpire:Incineration","Burning Pact"],"picked":"Shrug It Off","floor":22},{"not_picked":["Clash","Uppercut"],"picked":"True Grit","floor":23},{"not_picked":["Evolve","Shrug It Off"],"picked":"StuffTheSpire:Slingshot","floor":25},{"not_picked":["Heavy Blade","StuffTheSpire:RagingBull"],"picked":"Demon Form","floor":28},{"not_picked":["StuffTheSpire:BloodClot","Cleave"],"picked":"Wild Strike","floor":29},{"not_picked":["Twin Strike","Exhume"],"picked":"Clothesline+1","floor":30},{"not_picked":["Exhume","Barricade"],"picked":"conspire:HitWhereItHurts","floor":33},{"not_picked":["Wild Strike+1","Warcry","Heavy Blade"],"picked":"Thunderclap","floor":35},{"not_picked":["Replay:Vibes+1","EmptyMind","Replay:BluntJabs","StuffTheSpire:Slingshot"],"picked":"SKIP","floor":36},{"not_picked":["Body Slam","conspire:Purge","Thunderclap","Shrug It Off+1"],"picked":"SKIP","floor":40},{"not_picked":["Perfected Strike","Anger+1","Warcry","Clash"],"picked":"SKIP","floor":41},{"not_picked":["SandsOfTime+1","Conclude","Clothesline"],"picked":"Flex","floor":42},{"not_picked":["Burning Pact+1","BattleHymn","CrushJoints","Sanctity+1"],"picked":"SKIP","floor":45},{"not_picked":["Swivel","Metallicize","StuffTheSpire:RagingBull","Reaper"],"picked":"SKIP","floor":47},{"not_picked":["Fasting2+1","Warcry","Halt+1"],"picked":"Consecrate+1","floor":48}],"player_experience":102524,"relics_obtained":[{"floor":6,"key":"Eternal Feather"},{"floor":8,"key":"ReplayFunnel"},{"floor":9,"key":"infinitespire:ShieldingShard"},{"floor":13,"key":"infinitespire:WardingShard"},{"floor":23,"key":"Akabeko"},{"floor":25,"key":"Replay:Bandana"},{"floor":26,"key":"Iron Hammer"},{"floor":27,"key":"Red Mask"},{"floor":28,"key":"CCEMRelics:Sandal"},{"floor":30,"key":"conspire:DecoderRing"},{"floor":39,"key":"Bronze Scales"},{"floor":40,"key":"conspire:GlowingRock"},{"floor":43,"key":"Gremlin Food"},{"floor":47,"key":"StuffTheSpire:Gunfinga"}],"event_choices":[{"damage_healed":0,"gold_gain":0,"player_choice":"Fought Bandits","damage_taken":0,"max_hp_gain":0,"max_hp_loss":0,"event_name":"Masked Bandits","floor":27,"gold_loss":0},{"damage_healed":0,"gold_gain":0,"player_choice":"Gave Potion","damage_taken":0,"relics_obtained":["Charon\u0027s Ashes"],"max_hp_gain":0,"max_hp_loss":0,"event_name":"WeMeetAgain","floor":31,"gold_loss":0},{"damage_healed":0,"gold_gain":222,"player_choice":"Wore Mask","damage_taken":0,"max_hp_gain":0,"max_hp_loss":0,"event_name":"Tomb of Lord Red Mask","floor":38,"gold_loss":0}],"is_beta":false,"boss_relics":[{"not_picked":["Velvet Choker","infinitespire:Cupcake"],"picked":"Empty Cage"},{"not_picked":["conspire:SpecialSausage","Pandora\u0027s Box"],"picked":"Replay:Grab Bag"},{"not_picked":["aspiration:FutureDiary","Painkiller Herb"],"picked":"Replay:Wanted Poster"},{"not_picked":["ChewingGum","Electric Blood"],"picked":"conspire:SlowCooker"},{"not_picked":["Snecko Eye","Astrolabe"],"picked":"aspiration:WatcherSkillbook"},{"not_picked":["StuffTheSpire:Kangaroo","conspire:RunicOctahedron"],"picked":"aspiration:PoetsPen_weak"}],"items_purged_floors":[4,19,44,46],"is_endless":false,"potions_floor_spawned":[1,6,7,8,16,18,23,30,33,40,41,45,47,48],"killed_by":"conspire:OrnateMirror","ascension_level":1}}