{"host":"t7kiqd0mabx5u6gq","time":1607570252,"event":{"gold_per_floor":[111,111,111,121,319,351,351,351,351],"floor_reached":8,"playtime":118,"items_purged":[],"score":161,"play_id":"46c6435d-5274-42b3-81a9-fb4654321c73","local_time":"20201209191732","is_ascension_mode":true,"campfire_choices":[],"neow_cost":"NONE","seed_source_timestamp":647153567241400,"circlet_count":0,"master_deck":["conspire:GhostlyStrike","conspire:GhostlyStrike","conspire:GhostlyStrike","conspire:GhostlyStrike","conspire:GhostlyStrike","conspire:GhostlyDefend","conspire:GhostlyDefend","conspire:GhostlyDefend","conspire:GhostlyDefend","conspire:GhostlyDefend","Survivor","Neutralize","Backflip","infinitespire:Punishment+1","hubris:Counter","Hidden Blade","Crippling Poison"],"relics":["Ring of the Snake","NeowsBlessing","Smiling Mask"],"potions_floor_usage":[8,8],"damage_taken":[{"damage":0,"enemies":"Small Slimes","floor":1,"turns":1},{"damage":0,"enemies":"2 Louse","floor":4,"turns":1},{"damage":0,"enemies":"Lagavulin","floor":6,"turns":1},{"damage":30,"enemies":"Gremlin Nob","floor":8,"turns":3}],"seed_played":"-2348130306060472171","potions_obtained":[{"floor":1,"key":"Adrenaline Potion"},{"floor":4,"key":"BlessingOfTheForge"}],"is_trial":false,"path_per_floor":["M","?","?","M","?","E","?","E"],"character_chosen":"THE_SILENT","items_purchased":[],"campfire_rested":0,"item_purchase_floors":[],"current_hp_per_floor":[63,46,46,46,29,29,29,0,0],"gold":351,"neow_bonus":"THREE_ENEMY_KILL","is_prod":false,"is_daily":false,"chose_seed":false,"campfire_upgraded":0,"win_rate":0,"timestamp":1607570252,"path_taken":["M","?","?","?","?","E","?","E"],"build_version":"2020-11-30","purchased_purges":0,"victory":false,"max_hp_per_floor":[70,70,70,70,70,70,70,70,70],"card_choices":[{"not_picked":["Slice","StuffTheSpire:Python"],"picked":"Backflip","floor":1},{"not_picked":["hubris:Rewind","ReplayTheSpireMod:Echoes of Time"],"picked":"infinitespire:Punishment","floor":2},{"not_picked":["StuffTheSpire:Sprint","Outmaneuver"],"picked":"hubris:Counter","floor":4},{"not_picked":["StuffTheSpire:Injection","Atom Bomb"],"picked":"Hidden Blade","floor":5},{"not_picked":["Calculated Gamble","Expertise"],"picked":"Crippling Poison","floor":6}],"player_experience":555335,"relics_obtained":[{"floor":6,"key":"Smiling Mask"}],"event_choices":[{"damage_healed":0,"gold_gain":0,"player_choice":"Grow","damage_taken":0,"max_hp_gain":0,"max_hp_loss":0,"event_name":"Living Wall","floor":3,"gold_loss":0,"cards_upgraded":["infinitespire:Punishment"]},{"damage_healed":0,"gold_gain":0,"player_choice":"Agree","damage_taken":0,"max_hp_gain":0,"max_hp_loss":0,"event_name":"conspire:LoneGhost","floor":7,"gold_loss":0}],"is_beta":false,"boss_relics":[],"items_purged_floors":[],"is_endless":false,"potions_floor_spawned":[1,4],"killed_by":"Gremlin Nob","ascension_level":8}}