{"host":"981nlwu0905dw1bz","time":1607625403,"event":{"mods":["BaseMod","Minty Spire (QoL Compilation)","Rare Cards Sparkle","SuperFastMode","DeckTracker"],"gold_per_floor":[109,128,128,147,147,147,182,182,182,182,113,132,151,167,167,167,167],"floor_reached":16,"playtime":448,"items_purged":[],"score":153,"play_id":"74ce9296-7db4-4362-8ef9-668331bbd66c","local_time":"20201211033643","is_ascension_mode":true,"campfire_choices":[{"data":"Sucker Punch","floor":6.0,"key":"SMITH"},{"data":"Venomology","floor":8.0,"key":"SMITH"},{"floor":15,"key":"REST"}],"circlet_count":0,"master_deck":["AscendersBane","Strike_G","Strike_G","Strike_G","Strike_G","Strike_G","Defend_G","Defend_G","Defend_G","Defend_G","Defend_G","Survivor","Neutralize+1","Acrobatics","Terror+1","Sucker Punch+1","Venomology+1","Deadly Poison","Blade Dance","Deflect"],"special_seed":0,"relics":["Ring of the Snake","Bottled Flame","Eternal Feather","Paper Crane"],"acts_visited":["Exordium"],"potions_floor_usage":[13,14,16,16,16],"damage_taken":[{"damage":3.0,"enemies":"2 Louse","floor":1.0,"turns":4.0},{"damage":1.0,"enemies":"Cultist","floor":2.0,"turns":5.0},{"damage":0.0,"enemies":"Small Slimes","floor":4.0,"turns":4.0},{"damage":19.0,"enemies":"3 Sentries","floor":7.0,"turns":8.0},{"damage":4.0,"enemies":"3 Louse","floor":12.0,"turns":4.0},{"damage":20,"enemies":"Gremlin Gang","floor":13,"turns":5},{"damage":1,"enemies":"Exordium Thugs","floor":14,"turns":4},{"damage":70,"enemies":"Slime Boss","floor":16,"turns":8}],"seed_played":"2886868806879187297","potions_obtained":[{"floor":1.0,"key":"GhostInAJar"},{"floor":4.0,"key":"Explosive Potion"},{"floor":12.0,"key":"LiquidMemories"},{"floor":13,"key":"Explosive Potion"}],"is_trial":false,"path_per_floor":["M","M","?","M","?","R","E","R","T","?","?","M","M","M","R","B"],"character_chosen":"THE_SILENT","items_purchased":[],"campfire_rested":1,"item_purchase_floors":[],"current_hp_per_floor":[60,59,59,59,59,59,40,40,40,45,45,41,21,20,54,0,0],"gold":167,"neow_bonus":"UPGRADE_CARD","is_daily":false,"chose_seed":false,"campfire_upgraded":2,"win_rate":0,"timestamp":1607625403,"path_taken":["M","M","?","?","?","R","E","R","T","?","?","M","M","M","R","BOSS"],"build_version":"2020-11-30","purchased_purges":0,"victory":false,"max_hp_per_floor":[70,70,70,70,70,70,70,70,70,75,75,75,75,75,75,75,75],"card_choices":[{"not_picked":["Reflex","Riddle With Holes"],"picked":"Acrobatics","floor":1.0},{"not_picked":["Endless Agony","Masterful Stab"],"picked":"Terror","floor":2.0},{"not_picked":["Masterful Stab","Flying Knee"],"picked":"Sucker Punch","floor":4.0},{"not_picked":["Distraction","Dodge and Roll"],"picked":"Venomology","floor":7.0},{"not_picked":["Distraction","Riddle With Holes"],"picked":"Deadly Poison","floor":12.0},{"not_picked":["Cloak And Dagger","Quick Slash"],"picked":"Blade Dance","floor":13},{"not_picked":["Prepared","Backstab"],"picked":"Deflect","floor":14}],"player_experience":428633,"relics_obtained":[{"floor":7.0,"key":"Bottled Flame"},{"floor":9.0,"key":"Eternal Feather"}],"event_choices":[{"damage_healed":0.0,"max_hp_gain":0.0,"max_hp_loss":0.0,"gold_gain":0.0,"event_name":"Accursed Blacksmith","player_choice":"Forge","floor":3.0,"gold_loss":0.0,"damage_taken":0.0,"cards_upgraded":["Terror"]},{"damage_healed":0.0,"max_hp_gain":0.0,"max_hp_loss":0.0,"gold_gain":0.0,"event_name":"Shining Light","player_choice":"Ignored","floor":5.0,"gold_loss":0.0,"damage_taken":0.0},{"damage_healed":0.0,"max_hp_gain":5.0,"max_hp_loss":0.0,"gold_gain":0.0,"event_name":"Big Fish","player_choice":"Donut","floor":10.0,"gold_loss":0.0,"damage_taken":0.0},{"damage_healed":0.0,"max_hp_gain":0.0,"max_hp_loss":0.0,"gold_gain":0.0,"event_name":"WeMeetAgain","player_choice":"Paid Gold","floor":11.0,"gold_loss":69.0,"damage_taken":0.0,"relics_obtained":["Paper Crane"]}],"is_beta":false,"boss_relics":[],"items_purged_floors":[],"is_endless":false,"potions_floor_spawned":[1,4,12,13],"killed_by":"Slime Boss","ascension_level":10}}