{"host":"w01vs80f19dvf8rn","time":1607569793,"event":{"gold_per_floor":[110,124,144,157,171,171,196,208,232,157,183,183,197,218,218,339,339,359,378,399,419,433,469,485,519,519,534,567,580,580,80,80,200,200,225,240,87,107,121,136,180,243,312,312,345,345,381,404,404,404],"floor_reached":51,"playtime":2972,"items_purged":["Strike_P","Strike_P"],"score":1197,"play_id":"5011469f-92a1-4cfe-9a2a-499e9b2fbf3b","local_time":"20201210120953","is_ascension_mode":true,"campfire_choices":[{"data":"CrushJoints","floor":6.0,"key":"SMITH"},{"data":"Protect","floor":15.0,"key":"SMITH"},{"data":"Fasting2","floor":30.0,"key":"SMITH"},{"data":"Apotheosis","floor":32.0,"key":"SMITH"},{"data":"BattleHymn","floor":49,"key":"SMITH"}],"neow_cost":"NONE","seed_source_timestamp":33296508086800,"circlet_count":0,"master_deck":["Strike_P","Strike_P","Defend_P","Defend_P","Defend_P","Defend_P","Eruption+1","Vigilance","Protect+1","CrushJoints+1","EmptyBody","FlurryOfBlows","CarveReality","InnerPeace","ClearTheMind","FlurryOfBlows","EmptyFist","FlurryOfBlows","SpiritShield","CutThroughFate+1","Fasting2+1","CutThroughFate","Crescendo","MentalFortress","Apotheosis+1","MentalFortress+1","Wallop","BattleHymn+1","MasterReality","Vault+1","WindmillStrike","Vengeance+1","MentalFortress+1","EmptyMind","Thinking Ahead","InnerPeace+1","FlurryOfBlows+1","EmptyMind"],"special_seed":0,"relics":["PureWater","TungstenRod","Blood Vial","Vajra","Golden Idol","Sozu","Ancient Tea Set","Bronze Scales","Eternal Feather","PreservedInsect","Orrery","Black Star","Bag of Preparation","Mummified Hand","Anchor","CaptainsWheel","Gremlin Horn","Art of War","Letter Opener","Turnip","Toy Ornithopter"],"potions_floor_usage":[],"damage_taken":[{"damage":0.0,"enemies":"Cultist","floor":1.0,"turns":2.0},{"damage":0.0,"enemies":"2 Louse","floor":2.0,"turns":2.0},{"damage":1.0,"enemies":"Small Slimes","floor":3.0,"turns":2.0},{"damage":0.0,"enemies":"2 Fungi Beasts","floor":4.0,"turns":3.0},{"damage":0.0,"enemies":"Large Slime","floor":5.0,"turns":4.0},{"damage":5.0,"enemies":"3 Sentries","floor":7.0,"turns":8.0},{"damage":0.0,"enemies":"Gremlin Gang","floor":8.0,"turns":3.0},{"damage":7.0,"enemies":"Gremlin Nob","floor":11.0,"turns":3.0},{"damage":4.0,"enemies":"3 Louse","floor":13.0,"turns":3.0},{"damage":0.0,"enemies":"2 Fungi Beasts","floor":14.0,"turns":2.0},{"damage":32.0,"enemies":"Hexaghost","floor":16.0,"turns":8.0},{"damage":0.0,"enemies":"Chosen","floor":18.0,"turns":2.0},{"damage":0.0,"enemies":"Spheric Guardian","floor":19.0,"turns":3.0},{"damage":10.0,"enemies":"Snake Plant","floor":20.0,"turns":3.0},{"damage":0.0,"enemies":"Chosen and Byrds","floor":21.0,"turns":3.0},{"damage":0.0,"enemies":"Sentry and Sphere","floor":22.0,"turns":2.0},{"damage":9.0,"enemies":"Gremlin Leader","floor":23.0,"turns":4.0},{"damage":1.0,"enemies":"Snecko","floor":24.0,"turns":3.0},{"damage":0.0,"enemies":"Book of Stabbing","floor":25.0,"turns":2.0},{"damage":1.0,"enemies":"Cultist and Chosen","floor":27.0,"turns":3.0},{"damage":14.0,"enemies":"Gremlin Leader","floor":28.0,"turns":4.0},{"damage":9.0,"enemies":"Snake Plant","floor":29.0,"turns":4.0},{"damage":18.0,"enemies":"Collector","floor":33.0,"turns":4.0},{"damage":3.0,"enemies":"3 Darklings","floor":35.0,"turns":4.0},{"damage":0.0,"enemies":"Orb Walker","floor":36.0,"turns":4.0},{"damage":14.0,"enemies":"Jaw Worm Horde","floor":38.0,"turns":4.0},{"damage":5.0,"enemies":"Transient","floor":39.0,"turns":6.0},{"damage":5.0,"enemies":"Spire Growth","floor":40.0,"turns":4.0},{"damage":0.0,"enemies":"Nemesis","floor":41.0,"turns":4.0},{"damage":0.0,"enemies":"Mind Bloom Boss Battle","floor":42.0,"turns":7.0},{"damage":1.0,"enemies":"Giant Head","floor":45.0,"turns":5.0},{"damage":0,"enemies":"Reptomancer","floor":47,"turns":1},{"damage":11,"enemies":"Writhing Mass","floor":48,"turns":3},{"damage":21,"enemies":"Awakened One","floor":50,"turns":6}],"seed_played":"5520839274518859839","potions_obtained":[{"floor":2.0,"key":"Regen Potion"},{"floor":4.0,"key":"Dexterity Potion"},{"floor":5.0,"key":"LiquidBronze"},{"floor":11.0,"key":"SmokeBomb"},{"floor":13.0,"key":"SteroidPotion"}],"is_trial":false,"path_per_floor":["M","M","M","M","M","R","E","M","T","$","E","?","M","M","R","B",null,"M","M","M","M","M","E","M","E","T","M","E","M","R","$","R","B",null,"M","M","$","M","M","M","E","?","T","?","E","?","E","M","R","B",null],"character_chosen":"WATCHER","items_purchased":["MentalFortress","Apotheosis","Orrery","Bag of Preparation"],"campfire_rested":0,"item_purchase_floors":[31,31,31,37],"current_hp_per_floor":[65,65,64,64,64,64,59,59,59,59,63,46,44,46,46,16,58,60,62,54,56,58,51,52,54,54,55,43,36,48,48,63,47,66,65,67,67,55,52,49,51,53,53,44,45,45,47,38,59,40],"gold":404,"neow_bonus":"UPGRADE_CARD","is_prod":false,"is_daily":false,"chose_seed":false,"campfire_upgraded":5,"win_rate":0,"timestamp":1607569793,"path_taken":["M","?","M","M","M","R","E","M","T","$","E","?","M","M","R","BOSS","M","M","M","M","M","E","M","E","T","M","E","M","R","$","R","BOSS","M","M","$","M","M","M","E","?","T","?","E","?","E","?","R","BOSS"],"build_version":"2020-11-30","purchased_purges":2,"victory":true,"max_hp_per_floor":[72,72,72,72,72,72,72,72,72,72,72,72,72,72,72,72,72,72,72,72,72,72,72,72,72,72,72,72,72,72,72,72,72,72,72,72,72,72,72,72,72,72,72,72,72,72,72,72,72,72],"card_choices":[{"not_picked":["Crescendo","Collect"],"picked":"Protect","floor":1.0},{"not_picked":["CutThroughFate","Prostrate"],"picked":"CrushJoints","floor":2.0},{"not_picked":["FlyingSleeves","Halt"],"picked":"EmptyBody","floor":3.0},{"not_picked":["Nirvana","BowlingBash"],"picked":"FlurryOfBlows","floor":4.0},{"not_picked":["SashWhip","Indignation"],"picked":"CarveReality","floor":5.0},{"not_picked":["PathToVictory","EmptyBody"],"picked":"InnerPeace","floor":7.0},{"not_picked":["ForeignInfluence","Prostrate"],"picked":"ClearTheMind","floor":8.0},{"not_picked":["FlyingSleeves","DeusExMachina"],"picked":"FlurryOfBlows","floor":11.0},{"not_picked":["Consecrate","Prostrate"],"picked":"EmptyFist","floor":13.0},{"not_picked":["Study","ThirdEye"],"picked":"FlurryOfBlows","floor":14.0},{"not_picked":["DevaForm","DeusExMachina"],"picked":"SpiritShield","floor":16.0},{"not_picked":["Meditate","Consecrate+1"],"picked":"CutThroughFate+1","floor":18.0},{"not_picked":["EmptyBody","CutThroughFate"],"picked":"Fasting2","floor":19.0},{"not_picked":["Fasting2","Worship"],"picked":"CutThroughFate","floor":20.0},{"not_picked":["FollowUp","Protect","JustLucky"],"picked":"SKIP","floor":21.0},{"not_picked":["FollowUp","Protect","JustLucky"],"picked":"SKIP","floor":21.0},{"not_picked":["WaveOfTheHand","SashWhip"],"picked":"Crescendo","floor":22.0},{"not_picked":["ReachHeaven","FollowUp","WreathOfFlame"],"picked":"SKIP","floor":23.0},{"not_picked":["Protect+1","Collect+1","WheelKick"],"picked":"SKIP","floor":24.0},{"not_picked":["ReachHeaven","EmptyBody+1","FlurryOfBlows"],"picked":"SKIP","floor":25.0},{"not_picked":["CutThroughFate","JustLucky","Blasphemy"],"picked":"SKIP","floor":27.0},{"not_picked":["Halt","ClearTheMind","Crescendo"],"picked":"SKIP","floor":28.0},{"not_picked":["CrushJoints+1","PathToVictory","Halt"],"picked":"SKIP","floor":29.0},{"not_picked":["FollowUp","ClearTheMind"],"picked":"MentalFortress+1","floor":31.0},{"not_picked":["FlyingSleeves","Evaluate"],"picked":"Wallop","floor":31.0},{"not_picked":["Prostrate+1","Study"],"picked":"BattleHymn","floor":31.0},{"not_picked":["CrushJoints+1","Wireheading"],"picked":"MasterReality","floor":31.0},{"not_picked":["ConjureBlade","Ragnarok"],"picked":"Vault","floor":33.0},{"not_picked":["BattleHymn+1","PathToVictory"],"picked":"WindmillStrike","floor":35.0},{"not_picked":["Wireheading","Prostrate","PathToVictory+1"],"picked":"SKIP","floor":36.0},{"not_picked":["Consecrate+1","ClearTheMind+1","PathToVictory+1"],"picked":"SKIP","floor":38.0},{"not_picked":["FlyingSleeves+1","Meditate"],"picked":"Vengeance+1","floor":39.0},{"not_picked":["SignatureMove","Wallop"],"picked":"MentalFortress+1","floor":40.0},{"not_picked":["Vengeance+1","SignatureMove"],"picked":"EmptyMind","floor":41.0},{"not_picked":["Trip","Magnetism"],"picked":"Thinking Ahead","floor":44.0},{"not_picked":["Alpha","Indignation"],"picked":"InnerPeace+1","floor":45.0},{"not_picked":["JustLucky+1","SashWhip"],"picked":"FlurryOfBlows+1","floor":47},{"not_picked":["WreathOfFlame+1","ClearTheMind+1"],"picked":"EmptyMind","floor":48}],"player_experience":610109,"relics_obtained":[{"floor":7.0,"key":"TungstenRod"},{"floor":9.0,"key":"Blood Vial"},{"floor":11.0,"key":"Vajra"},{"floor":23.0,"key":"Ancient Tea Set"},{"floor":25.0,"key":"Bronze Scales"},{"floor":26.0,"key":"Eternal Feather"},{"floor":28.0,"key":"PreservedInsect"},{"floor":41.0,"key":"Mummified Hand"},{"floor":41.0,"key":"Anchor"},{"floor":42.0,"key":"CaptainsWheel"},{"floor":43.0,"key":"Gremlin Horn"},{"floor":45.0,"key":"Art of War"},{"floor":45.0,"key":"Letter Opener"},{"floor":47,"key":"Turnip"},{"floor":47,"key":"Toy Ornithopter"}],"event_choices":[{"damage_healed":0.0,"max_hp_gain":0.0,"max_hp_loss":0.0,"gold_gain":0.0,"event_name":"Golden Idol","player_choice":"Take Damage","floor":12.0,"gold_loss":0.0,"damage_taken":18.0,"relics_obtained":["Golden Idol"]},{"damage_healed":0.0,"max_hp_gain":0.0,"max_hp_loss":0.0,"gold_gain":0.0,"event_name":"MindBloom","player_choice":"Fight","floor":42.0,"gold_loss":0.0,"damage_taken":0.0},{"damage_healed":0.0,"max_hp_gain":0.0,"max_hp_loss":0.0,"gold_gain":0.0,"event_name":"SensoryStone","player_choice":"Memory 3","floor":44.0,"gold_loss":0.0,"damage_taken":10.0},{"damage_healed":0.0,"max_hp_gain":0.0,"max_hp_loss":0.0,"gold_gain":0.0,"event_name":"Accursed Blacksmith","player_choice":"Forge","floor":46.0,"gold_loss":0.0,"damage_taken":0.0,"cards_upgraded":["Vault"]}],"is_beta":false,"boss_relics":[{"not_picked":["Velvet Choker","Fusion Hammer"],"picked":"Sozu"},{"not_picked":["Busted Crown","Tiny House"],"picked":"Black Star"}],"items_purged_floors":[10,31],"is_endless":false,"potions_floor_spawned":[2,4,5,11,13,14,19,20,23,25,27,36,38,41,47,48],"ascension_level":6}}