{"host":"87qycazfqg3dn1g9","time":1607634918,"event":{"mods":["BaseMod","StSLib","AchievementEnabler","Shop Mod","BetterRewards","Minty Spire (QoL Compilation)"],"gold_per_floor":[109,20,38,313,327,327,338,353,353,353,419,205,205,216,216,316,316,328,378,438,449,53,53,64,64,64,103,165,241,271,297,309,420,432,463,486,175,190,295,295,295,295,295,105,122,272,305,322,322,322],"floor_reached":51,"playtime":2517,"items_purged":["Regret","Defend_B"],"score":1385,"play_id":"9f9319f0-eb45-493d-ab62-9fc3c8c6b37f","local_time":"20201210161518","is_ascension_mode":true,"campfire_choices":[{"floor":6,"key":"REST"},{"floor":13,"key":"REST"},{"data":"Static Discharge","floor":15,"key":"SMITH"},{"data":"Static Discharge","floor":23,"key":"SMITH"},{"floor":25,"key":"REST"},{"floor":32,"key":"REST"},{"floor":40,"key":"REST"},{"floor":42,"key":"REST"},{"floor":49,"key":"REST"}],"circlet_count":0,"master_deck":["AscendersBane","Strike_B","Strike_B","Strike_B","Strike_B","Defend_B","Zap+1","Static Discharge+1","Go for the Eyes","Hologram","Self Repair","Static Discharge+1","Auto Shields","Capacitor","Seek","Static Discharge+1","Seek+1","Reboot+1","Capacitor","Hologram+1","Storm+1","FTL+1","Creative AI","CurseOfTheBell","Loop+1","Capacitor+1","Ball Lightning","BootSequence","Electrodynamics","Consume"],"relics":["Cracked Core","MerchantsRug","Lantern","Runic Capacitor","StrikeDummy","SsserpentHead","Cables","Nloth\u0027s Gift","Lee\u0027s Waffle","Mummified Hand","MawBank","Letter Opener","Dead Branch","Membership Card","HornCleat","Mercury Hourglass","Du-Vu Doll","Vajra","Happy Flower","Bottled Tornado"],"acts_visited":["Exordium","TheCity","TheBeyond"],"potions_floor_usage":[18,27,27,33,33,37,39,41,47,50,50],"damage_taken":[{"damage":6,"enemies":"Cultist","floor":1,"turns":3},{"damage":9,"enemies":"Small Slimes","floor":3,"turns":3},{"damage":3,"enemies":"Jaw Worm","floor":5,"turns":5},{"damage":36,"enemies":"Gremlin Gang","floor":7,"turns":6},{"damage":21,"enemies":"3 Louse","floor":8,"turns":3},{"damage":6,"enemies":"Looter","floor":11,"turns":3},{"damage":3,"enemies":"Red Slaver","floor":14,"turns":4},{"damage":25,"enemies":"Hexaghost","floor":16,"turns":7},{"damage":22,"enemies":"2 Thieves","floor":18,"turns":3},{"damage":23,"enemies":"Spheric Guardian","floor":20,"turns":4},{"damage":24,"enemies":"Centurion and Healer","floor":21,"turns":7},{"damage":13,"enemies":"Snecko","floor":24,"turns":4},{"damage":17,"enemies":"Gremlin Leader","floor":27,"turns":5},{"damage":19,"enemies":"Snake Plant","floor":29,"turns":2},{"damage":8,"enemies":"Centurion and Healer","floor":30,"turns":4},{"damage":13,"enemies":"Shelled Parasite and Fungi","floor":31,"turns":3},{"damage":42,"enemies":"Champ","floor":33,"turns":5},{"damage":7,"enemies":"3 Shapes","floor":35,"turns":4},{"damage":19,"enemies":"3 Darklings","floor":36,"turns":3},{"damage":13,"enemies":"Maw","floor":38,"turns":5},{"damage":16,"enemies":"2 Orb Walkers","floor":39,"turns":3},{"damage":0,"enemies":"Nemesis","floor":41,"turns":1},{"damage":11,"enemies":"Sphere and 2 Shapes","floor":45,"turns":3},{"damage":18,"enemies":"Reptomancer","floor":47,"turns":3},{"damage":3,"enemies":"Writhing Mass","floor":48,"turns":3},{"damage":30,"enemies":"Donu and Deca","floor":50,"turns":3}],"seed_played":"-7068194455569736846","potions_obtained":[{"floor":1,"key":"FairyPotion"},{"floor":5,"key":"Strength Potion"},{"floor":8,"key":"BlessingOfTheForge"},{"floor":14,"key":"Explosive Potion"},{"floor":16,"key":"FocusPotion"},{"floor":18,"key":"Fire Potion"},{"floor":24,"key":"Weak Potion"},{"floor":27,"key":"PotionOfCapacity"},{"floor":29,"key":"EntropicBrew"},{"floor":35,"key":"DuplicationPotion"},{"floor":36,"key":"Weak Potion"},{"floor":39,"key":"Explosive Potion"}],"is_trial":false,"path_per_floor":["M","$","M","?","M","R","M","M","T","?","M","$","R","M","R","B",null,"M","?","M","M","$","R","M","R","T","E","?","M","M","M","R","B",null,"M","M","$","M","?","R","E","R","T","$","M","?","E","M","R","B",null],"character_chosen":"DEFECT","items_purchased":["MerchantsRug","Lantern","Static Discharge","PotionOfCapacity","Runic Capacitor","Cables","Lee\u0027s Waffle","Mummified Hand","Membership Card","HornCleat","Mercury Hourglass","DuplicationPotion","Ball Lightning","Happy Flower","BootSequence"],"campfire_rested":7,"item_purchase_floors":[0,0,0,0,2,12,22,22,37,37,37,37,44,44,44],"current_hp_per_floor":[62,62,60,60,64,75,46,32,32,32,33,33,55,59,59,41,67,52,52,36,19,82,82,76,82,82,72,72,53,52,46,70,35,70,63,51,51,45,36,60,60,82,82,82,71,71,60,64,82,52],"gold":322,"neow_bonus":"","is_daily":false,"chose_seed":false,"campfire_upgraded":2,"win_rate":0,"timestamp":1607634918,"path_taken":["M","$","?","?","M","R","M","?","T","?","?","$","R","M","R","BOSS","M","?","?","M","$","R","M","R","T","E","?","?","M","M","R","BOSS","M","M","$","M","?","R","E","R","T","$","M","?","E","M","R","BOSS"],"build_version":"2020-11-30","purchased_purges":2,"victory":true,"max_hp_per_floor":[75,75,75,75,75,75,75,75,75,75,75,75,75,75,75,75,75,75,75,75,75,82,82,82,82,82,82,82,82,82,82,82,82,82,82,82,82,82,82,82,82,82,82,82,82,82,82,82,82,82],"card_choices":[{"not_picked":["Rebound","Conserve Battery"],"picked":"Self Repair","floor":1},{"not_picked":["Barrage","Darkness"],"picked":"Static Discharge","floor":3},{"not_picked":["Sunder","Barrage"],"picked":"Auto Shields","floor":5},{"not_picked":["Reinforced Body","Coolheaded"],"picked":"Capacitor","floor":7},{"not_picked":["Cold Snap","Rebound","Reinforced Body"],"picked":"SKIP","floor":8},{"not_picked":["Compile Driver","Hyperbeam","Fusion"],"picked":"SKIP","floor":11},{"not_picked":["Coolheaded","Redo","Sunder"],"picked":"SKIP","floor":14},{"not_picked":["Amplify","Hyperbeam"],"picked":"Seek","floor":16},{"not_picked":["Steam","Blizzard+1"],"picked":"Capacitor","floor":18},{"not_picked":["Sweeping Beam","Self Repair"],"picked":"Hologram+1","floor":20},{"not_picked":["Melter","Sweeping Beam","Amplify"],"picked":"SKIP","floor":21},{"not_picked":["Redo","Hologram"],"picked":"Storm+1","floor":24},{"not_picked":["Undo","Doom and Gloom+1","Hello World"],"picked":"SKIP","floor":27},{"not_picked":["Coolheaded","Reprogram","Lockon+1"],"picked":"SKIP","floor":29},{"not_picked":["Compile Driver+1","Hologram","Genetic Algorithm"],"picked":"SKIP","floor":30},{"not_picked":["Chaos","Darkness+1"],"picked":"FTL+1","floor":31},{"not_picked":["Hyperbeam+1","All For One+1"],"picked":"Creative AI","floor":33},{"not_picked":["Streamline+1","Coolheaded","Stack"],"picked":"SKIP","floor":35},{"not_picked":["FTL+1","Redo"],"picked":"Loop+1","floor":36},{"not_picked":["Sunder+1","Recycle"],"picked":"Capacitor+1","floor":38},{"not_picked":["Auto Shields+1","Ball Lightning+1"],"picked":"Electrodynamics","floor":45},{"not_picked":["Beam Cell+1","Meteor Strike","Rip and Tear+1"],"picked":"SKIP","floor":47},{"not_picked":["Scrape+1","Undo+1"],"picked":"Consume","floor":48}],"player_experience":203062,"relics_obtained":[{"floor":9,"key":"StrikeDummy"},{"floor":26,"key":"MawBank"},{"floor":27,"key":"Molten Egg 2"},{"floor":34,"key":"Potion Belt"},{"floor":34,"key":"Letter Opener"},{"floor":34,"key":"Dead Branch"},{"floor":39,"key":"Du-Vu Doll"},{"floor":43,"key":"Vajra"},{"floor":47,"key":"Bottled Tornado"}],"event_choices":[{"damage_healed":0,"gold_gain":275,"player_choice":"Desecrate","damage_taken":0,"max_hp_gain":0,"max_hp_loss":0,"event_name":"Golden Shrine","floor":4,"gold_loss":0,"cards_obtained":["Regret"]},{"damage_healed":0,"gold_gain":0,"player_choice":"Trade","damage_taken":0,"relics_obtained":["SsserpentHead"],"max_hp_gain":0,"max_hp_loss":0,"event_name":"FaceTrader","floor":10,"gold_loss":0},{"damage_healed":0,"gold_gain":0,"player_choice":"Traded Relic","damage_taken":0,"relics_obtained":["Nloth\u0027s Gift"],"max_hp_gain":0,"max_hp_loss":0,"event_name":"N\u0027loth","floor":19,"relics_lost":["Astrolabe"],"gold_loss":0},{"damage_healed":0,"gold_gain":0,"player_choice":"Forge","damage_taken":0,"max_hp_gain":0,"max_hp_loss":0,"event_name":"Accursed Blacksmith","floor":28,"gold_loss":0,"cards_upgraded":["Zap"]},{"damage_healed":0,"gold_gain":0,"player_choice":"Fight","damage_taken":0,"max_hp_gain":0,"max_hp_loss":0,"event_name":"Mysterious Sphere","floor":39,"gold_loss":0},{"damage_healed":0,"gold_gain":100,"player_choice":"Pray","damage_taken":0,"max_hp_gain":0,"max_hp_loss":0,"event_name":"Golden Shrine","floor":46,"gold_loss":0}],"is_beta":false,"boss_relics":[{"not_picked":["SlaversCollar","Sozu"],"picked":"Astrolabe"},{"not_picked":["Cursed Key","SacredBark"],"picked":"Calling Bell"}],"items_purged_floors":[37,44],"is_endless":false,"potions_floor_spawned":[1,5,8,14,16,18,24,27,29,35,36,39],"ascension_level":10}}