{"host":"iy58fyt9wsbv4cf1","time":1607631581,"event":{"mods":["BaseMod","StSLib","Better Altar","Better Match","Better Skull","Better Third Choice","BetterRewards","Custom Start","Defuse TimeMaze Blight","Hubris","Minty Spire (QoL Compilation)","Permanent Neow","Quick Restart","Spicy Shops","Conspire"],"gold_per_floor":[112,187,187,187,198,198,198,198,198,217,39,69,69,85,85,183,183,196,4,4,24,39,66,66,66,66],"floor_reached":25,"playtime":684,"items_purged":["Strike_B"],"score":369,"play_id":"fb72c109-b5ff-43d6-b901-45c350e73709","local_time":"20201210151941","is_ascension_mode":false,"campfire_choices":[{"floor":6,"key":"REST"},{"floor":8,"key":"REST"},{"data":"Zap","floor":15,"key":"SMITH"},{"floor":24,"key":"REST"}],"circlet_count":0,"master_deck":["Strike_B","Strike_B","Strike_B","Defend_B","Defend_B","Defend_B","Defend_B","Zap+1","Dualcast+1","Double Energy","Double Energy","White Noise","Ball Lightning+1","Self Repair","hubris:Ukulele","Creative AI","Static Discharge","Heatsinks","Clumsy","Loop+1"],"relics":["Cracked Core","Mummified Hand","hubris:BottledRain","DollysMirror","Darkstone Periapt","conspire:BottledYoYo","hubris:OldNail","Sozu","hubris:MysteriousPyramids","conspire:TopHat"],"acts_visited":["Exordium","TheCity"],"potions_floor_usage":[],"damage_taken":[{"damage":4,"enemies":"Jaw Worm","floor":1,"turns":4},{"damage":1,"enemies":"conspire:RoseBush","floor":5,"turns":3},{"damage":0,"enemies":"Cultist","floor":10,"turns":2},{"damage":20,"enemies":"3 Sentries","floor":12,"turns":6},{"damage":0,"enemies":"Large Slime","floor":14,"turns":3},{"damage":0,"enemies":"Slime Boss","floor":16,"turns":6},{"damage":0,"enemies":"Chosen","floor":18,"turns":4},{"damage":20,"enemies":"2 Thieves","floor":21,"turns":4},{"damage":14,"enemies":"Centurion and Healer","floor":22,"turns":5},{"damage":50,"enemies":"Book of Stabbing","floor":23,"turns":4},{"damage":42,"enemies":"Snake Plant","floor":25,"turns":2}],"seed_played":"2070903391895060758","potions_obtained":[{"floor":5,"key":"GamblersBrew"},{"floor":14,"key":"SpeedPotion"}],"is_trial":false,"path_per_floor":["M","?","T","?","M","R","?","R","T","M","$","E","$","M","R","B",null,"M","$","?","M","M","E","R","M"],"character_chosen":"DEFECT","items_purchased":["Mummified Hand","Double Energy","hubris:BottledRain","DollysMirror","Self Repair","Heatsinks","hubris:MysteriousPyramids"],"campfire_rested":3,"item_purchase_floors":[0,0,0,0,11,19,19],"current_hp_per_floor":[36,25,25,18,17,39,24,46,46,46,46,33,33,40,40,47,75,75,81,81,68,61,18,42,0,0],"gold":66,"neow_bonus":"","is_daily":false,"chose_seed":false,"campfire_upgraded":1,"win_rate":0,"timestamp":1607631581,"path_taken":["M","?","?","?","?","R","?","R","T","M","$","E","$","M","R","BOSS","M","$","?","M","M","E","R","M"],"build_version":"2020-11-30","purchased_purges":1,"victory":false,"max_hp_per_floor":[75,75,75,75,75,75,75,75,75,75,75,75,75,75,75,75,75,75,81,81,81,81,81,81,81,81],"card_choices":[{"not_picked":["Rebound","Sweeping Beam"],"picked":"White Noise","floor":1},{"not_picked":["Stack","Gash"],"picked":"Ball Lightning","floor":5},{"not_picked":["Ball Lightning","Fusion","Stack"],"picked":"SKIP","floor":10},{"not_picked":["Reprogram","Rebound"],"picked":"hubris:Ukulele","floor":12},{"not_picked":["Coolheaded","Reinforced Body","Stack"],"picked":"SKIP","floor":14},{"not_picked":["Reboot","Meteor Strike"],"picked":"Creative AI","floor":16},{"not_picked":["Coolheaded","Fusion"],"picked":"Static Discharge","floor":18},{"not_picked":["Leap","Steam","Sweeping Beam"],"picked":"SKIP","floor":21},{"not_picked":["Lockon","conspire:SharedLibrary"],"picked":"Loop+1","floor":22},{"not_picked":["Melter+1","Capacitor","conspire:SharedLibrary"],"picked":"SKIP","floor":23}],"player_experience":59741,"relics_obtained":[{"floor":3,"key":"Darkstone Periapt"},{"floor":9,"key":"conspire:BottledYoYo"},{"floor":12,"key":"hubris:OldNail"},{"floor":23,"key":"conspire:TopHat"}],"event_choices":[{"damage_healed":0,"gold_gain":75,"player_choice":"Gold","damage_taken":11,"max_hp_gain":0,"max_hp_loss":0,"event_name":"betterThird:BetterGoop","floor":2,"gold_loss":0},{"damage_healed":0,"gold_gain":0,"player_choice":"Damaged","damage_taken":7,"max_hp_gain":0,"max_hp_loss":0,"event_name":"Wheel of Change","floor":4,"gold_loss":0},{"damage_healed":39,"gold_gain":0,"player_choice":"Upgrade","damage_taken":15,"max_hp_gain":0,"max_hp_loss":75,"event_name":"betterThird:BetterShining","floor":7,"gold_loss":0,"cards_upgraded":["Dualcast","Ball Lightning"]},{"damage_healed":0,"gold_gain":0,"player_choice":"Ignored","damage_taken":0,"max_hp_gain":0,"max_hp_loss":0,"event_name":"Ghosts","floor":20,"gold_loss":0}],"is_beta":false,"boss_relics":[{"not_picked":["SacredBark","hubris:RunicObelisk"],"picked":"Sozu"}],"items_purged_floors":[11],"is_endless":false,"potions_floor_spawned":[5,14,18,22],"killed_by":"Snake Plant","ascension_level":0}}