{"host":"edh0u6bpd6dajmem","time":1607564381,"event":{"gold_per_floor":[99,99,99,111,111,130,184,198,198,224,224,239,239,5,20,117,117,117,117,117,128,240,240,270,295,295,295,305,317,317,317,328,424,424,424,409,425,438,488,488,513,513,530,530,530,548,563,575,575,575],"floor_reached":49,"playtime":5125,"items_purged":[],"score":382,"play_id":"77a265c2-5964-477c-ae33-a621c110c059","local_time":"20201209203941","is_ascension_mode":false,"campfire_choices":[{"floor":1,"key":"RECALL"},{"floor":9,"key":"REST"},{"data":"EpicFetus","floor":18,"key":"SMITH"},{"floor":23,"key":"REST"},{"data":"hubris:InfiniteBlow","floor":27,"key":"SMITH"},{"data":"hubris:InfiniteBlow+1","floor":35,"key":"SMITH"},{"floor":40,"key":"REST"},{"floor":44,"key":"REST"}],"neow_cost":"NONE","seed_source_timestamp":2429147354301700,"circlet_count":0,"master_deck":["Guardian:Strike_Guardian","Guardian:Strike_Guardian+1","Guardian:Strike_Guardian","Guardian:Strike_Guardian","Guardian:Defend_Guardian","Guardian:Defend_Guardian","Guardian:Defend_Guardian","Guardian:Defend_Guardian","Guardian:CurlUp+1","Guardian:TwinSlam","EpicFetus+1","Guardian:Suspension","Guardian:ShieldCharger+1","Guardian:ChargeUp","Guardian:TimeCapacitor","Guardian:SpikerProtocol","Guardian:Incinerate","Guardian:ExploitGems","hubris:Fate","Guardian:TimeBomb","Guardian:SentryBeam","hubris:InfiniteBlow+2","Languid","Guardian:BronzeOrb","Guardian:RollAttack","Guardian:SpikerProtocol","Guardian:StasisStrike","Guardian:Preprogram+1","Guardian:GuardianWhirl+1","Guardian:Emergency","Parasite","Guardian:Clone+1","Guardian:TimeSifter","hubris:NaturalOne","Guardian:Gem_Green","Guardian:WalkerClaw+1"],"relics":["Guardian:ModeShifter","HushsDoor","KeepersGift","downfall:HeartsMalice","Anchor","halation:LettersToHer","hubris:Icosahedron","Gremlin Food","halation:PinkAlligatorPlush","aspiration:EmptySkull","CCEMRelics:OverlyComfyChair","DeathBook","Ring of Hypnosis","Ring of Panic","Replay:WaspNest","hubris:Backtick","StoneCalendar","CatCart","StuffTheSpire:GreaterSneckoEye"],"potions_floor_usage":[16,16,29,32,32,43,48,49],"damage_taken":[{"damage":0,"enemies":"Jaw Worm","floor":2,"turns":1},{"damage":0,"enemies":"2 Louse","floor":3,"turns":1},{"damage":13,"enemies":"Small Slimes","floor":4,"turns":4},{"damage":16,"enemies":"2 Fungi Beasts","floor":6,"turns":6},{"damage":0,"enemies":"Lots of Slimes","floor":8,"turns":1},{"damage":2,"enemies":"Gremlin Nob","floor":10,"turns":5},{"damage":7,"enemies":"3 Louse","floor":12,"turns":4},{"damage":0,"enemies":"downfall:FleeingMerchant","floor":14,"turns":4},{"damage":0,"enemies":"Blue Slaver","floor":15,"turns":4},{"damage":36,"enemies":"downfall:CharBossWatcher","floor":16,"turns":12},{"damage":18,"enemies":"conspire:HollyBat","floor":21,"turns":7},{"damage":31,"enemies":"Snake Plant","floor":22,"turns":6},{"damage":8,"enemies":"Snecko","floor":24,"turns":4},{"damage":8,"enemies":"Nightmare","floor":25,"turns":3},{"damage":14,"enemies":"Snecko","floor":28,"turns":5},{"damage":8,"enemies":"3 Cultists","floor":29,"turns":4},{"damage":8,"enemies":"Shelled Parasite and Fungi","floor":32,"turns":4},{"damage":18,"enemies":"downfall:CharBossDefect","floor":33,"turns":4},{"damage":0,"enemies":"downfall:FleeingMerchant","floor":36,"turns":6},{"damage":26,"enemies":"3 Darklings","floor":37,"turns":4},{"damage":32,"enemies":"3 Shapes","floor":38,"turns":5},{"damage":0,"enemies":"Orin","floor":39,"turns":7},{"damage":29,"enemies":"Writhing Mass","floor":43,"turns":6},{"damage":2,"enemies":"4 Shapes","floor":46,"turns":3},{"damage":12,"enemies":"Jaw Worm Horde","floor":47,"turns":3},{"damage":43,"enemies":"Spire Growth","floor":48,"turns":4},{"damage":40,"enemies":"Maw","floor":49,"turns":6}],"seed_played":"8273937467604582259","potions_obtained":[{"floor":6,"key":"Swift Potion"},{"floor":10,"key":"EssenceOfSteel"},{"floor":12,"key":"EssenceOfSteel"},{"floor":16,"key":"Languid Potion"},{"floor":22,"key":"Energy Potion"},{"floor":29,"key":"LiquidMemories"},{"floor":33,"key":"Swift Potion"},{"floor":43,"key":"SpeedPotion"},{"floor":46,"key":"Venom Potion"},{"floor":48,"key":"Guardian:DefensiveModePotion"}],"is_trial":false,"path_per_floor":["R","M","M","M","?","M","T","M","R","E","?","M","?","$","M","B",null,"R","?","AVR","M","M","R","MIM","NM","?","R","M","M","?","T","M","B",null,"R","$","M","M","?","R","T","?","M","R","?","M","M","M","M"],"character_chosen":"GUARDIAN","items_purchased":["Guardian:SpikerProtocol","Gremlin Food"],"campfire_rested":4,"item_purchase_floors":[14,14],"current_hp_per_floor":[80,80,80,67,67,51,51,51,75,73,73,66,66,66,66,30,80,80,80,80,62,31,55,47,39,39,39,25,17,17,17,18,80,80,80,80,56,28,30,54,54,34,7,31,31,30,20,22,0,0],"gold":575,"neow_bonus":"THREE_ENEMY_KILL","is_prod":false,"is_daily":false,"chose_seed":false,"campfire_upgraded":3,"win_rate":0.0,"timestamp":1607564381,"path_taken":["R","M","M","M","?","M","T","M","R","E","?","M","?","?","M","BOSS","R","?","AVR","M","M","R","MIM","NM","?","R","M","?","?","?","M","BOSS","R","$","M","M","?","R","T","?","?","R","?","?","M","M","M"],"build_version":"2020-11-30","purchased_purges":0,"victory":false,"max_hp_per_floor":[80,80,80,80,80,80,80,80,80,80,80,80,80,80,80,80,80,80,80,80,80,80,80,80,80,80,80,80,80,80,80,80,80,80,80,80,80,80,80,80,80,80,80,80,80,80,80,80,80,80],"card_choices":[{"not_picked":[],"picked":"EpicFetus","floor":0},{"not_picked":["Guardian:Gem_Cyan","Guardian:Incinerate"],"picked":"Bomb","floor":2},{"not_picked":["Guardian:Preprogram","Guardian:WeakpointTargeting"],"picked":"Guardian:Suspension","floor":3},{"not_picked":["Guardian:TemporalShield","Guardian:FloatingOrbs"],"picked":"Guardian:ShieldCharger","floor":4},{"not_picked":["Guardian:TimeCapacitor","Guardian:TemporalStrike"],"picked":"Guardian:ChargeUp","floor":6},{"not_picked":["Guardian:PrimingBeam","Guardian:CrystalBeam"],"picked":"Guardian:TimeCapacitor","floor":8},{"not_picked":["Guardian:DonusPower","Guardian:RollAttack"],"picked":"Guardian:Gem_White","floor":10},{"not_picked":["Guardian:RollAttack","Guardian:Planning"],"picked":"Guardian:Gem_Green","floor":12},{"not_picked":["Guardian:PrimingBeam","Guardian:RollAttack"],"picked":"Guardian:Incinerate","floor":15},{"not_picked":["Guardian:AncientConstruct","Guardian:TimeSifter"],"picked":"Guardian:ExploitGems","floor":16},{"not_picked":["Guardian:VentSteam+1","Guardian:TemporalStrike"],"picked":"Guardian:Gem_Fragmented","floor":21},{"not_picked":["Guardian:PiercingHide","Guardian:BronzeArmor+1"],"picked":"Guardian:TimeBomb","floor":22},{"not_picked":["Guardian:ShieldCharger","Guardian:Preprogram"],"picked":"Guardian:SentryBeam","floor":24},{"not_picked":["infinitespire:TheBestDefense","hubris:Fate"],"picked":"hubris:InfiniteBlow","floor":25},{"not_picked":["Guardian:VentSteam","Guardian:Incinerate"],"picked":"Guardian:Gem_Green","floor":25},{"not_picked":["Guardian:Planning","Guardian:Incinerate"],"picked":"Guardian:BronzeOrb","floor":28},{"not_picked":["Guardian:Recover","Guardian:Planning"],"picked":"Guardian:RollAttack","floor":29},{"not_picked":["Guardian:Recover","Guardian:Reroute+1"],"picked":"Guardian:SpikerProtocol","floor":32},{"not_picked":["Guardian:FastForward","Guardian:ExploitGems"],"picked":"Guardian:StasisStrike","floor":33},{"not_picked":["Guardian:ChargeCore+1","Guardian:Reroute+1"],"picked":"Guardian:Preprogram+1","floor":37},{"not_picked":["Guardian:RollAttack","Guardian:Gem_Purple"],"picked":"Guardian:GuardianWhirl+1","floor":38},{"not_picked":["Guardian:Incinerate","Guardian:HyperBeam_Guardian"],"picked":"Guardian:Emergency","floor":39},{"not_picked":["Guardian:Incinerate","Guardian:DonusPower+1"],"picked":"Guardian:Clone+1","floor":43},{"not_picked":["Guardian:Gem_Fragmented","Guardian:RollAttack+1"],"picked":"Guardian:TimeSifter","floor":46},{"not_picked":["Guardian:Gem_Fragmented","Guardian:SpikerProtocol"],"picked":"Guardian:Gem_Green","floor":47},{"not_picked":["Guardian:Gem_Fragmented","Guardian:TimeBomb"],"picked":"Guardian:WalkerClaw+1","floor":48}],"player_experience":280010,"relics_obtained":[{"floor":7,"key":"Anchor"},{"floor":10,"key":"halation:LettersToHer"},{"floor":24,"key":"halation:LettersToHer"},{"floor":24,"key":"CCEMRelics:OverlyComfyChair"},{"floor":25,"key":"DeathBook"},{"floor":26,"key":"Ring of Hypnosis"},{"floor":26,"key":"Ring of Panic"},{"floor":31,"key":"halation:LettersToHer"},{"floor":31,"key":"Replay:WaspNest"},{"floor":39,"key":"CatCart"},{"floor":41,"key":"halation:LettersToHer"},{"floor":42,"key":"StuffTheSpire:GreaterSneckoEye"}],"event_choices":[{"cards_removed":["Guardian:Strike_Guardian"],"damage_healed":0,"gold_gain":0,"player_choice":"Give","damage_taken":0,"max_hp_gain":0,"max_hp_loss":0,"event_name":"betterNote:BetterNote","floor":19,"gold_loss":0,"cards_obtained":["Injury"]},{"damage_healed":0,"gold_gain":0,"player_choice":"Fight","damage_taken":0,"max_hp_gain":0,"max_hp_loss":0,"event_name":"OrinTheCat","floor":39,"gold_loss":0}],"is_beta":false,"boss_relics":[{"not_picked":["ReplayTheSpireMod:SealedPack","jedi:battlestandard"],"picked":"halation:PinkAlligatorPlush"},{"not_picked":[]},{"not_picked":["halation:LoveArrow","ReplayTheSpireMod:DimensionalGlitch"],"picked":"hubris:Backtick"},{"not_picked":[]}],"items_purged_floors":[],"is_endless":true,"potions_floor_spawned":[6,10,12,15,16,22,29,33,43,46,48],"killed_by":"Maw","ascension_level":0}}