{"host":"dl5mjdlimopbuch5","time":1607634615,"event":{"mods":["BaseMod","Colored Powertips","Googly Eyes","Minty Spire (QoL Compilation)","Quick Restart","AchievementEnabler"],"gold_per_floor":[110,110,410,430,443,469,469,469,469,502,677,627,627,191,191,296,296,309,329,329,175,189,189,41,57,83,99,113,38,38,38,38,138,138,156,8,8,61,61,61,89,108,180,192,192,218,218,228,228,228,228],"floor_reached":50,"playtime":1115,"items_purged":[],"score":599,"play_id":"78fb0e80-a62d-4173-9f0d-63d1cbf8bd35","local_time":"20201210211015","is_ascension_mode":true,"campfire_choices":[{"floor":8.0,"key":"REST"},{"floor":13.0,"key":"REST"},{"data":"Zap","floor":15.0,"key":"SMITH"},{"data":"Defragment","floor":23.0,"key":"SMITH"},{"floor":30,"key":"REST"},{"floor":32,"key":"REST"},{"floor":40,"key":"REST"},{"floor":47,"key":"REST"},{"floor":49,"key":"REST"}],"circlet_count":0,"master_deck":["Strike_B","Strike_B","Strike_B","Strike_B","Defend_B","Defend_B","Defend_B","Defend_B","Zap+1","Dualcast","Ball Lightning","CurseOfTheBell","Defragment+1","Ball Lightning","Ball Lightning+1","Writhe","Loop+1","Defragment+1"],"special_seed":0,"relics":["Cracked Core","NeowsBlessing","White Beast Statue","Old Coin","DataDisk","Prayer Wheel","Calipers","Emotion Chip","Runic Capacitor","Calling Bell","Bag of Preparation","HornCleat","Mango","Mercury Hourglass","Tiny Chest","PreservedInsect","Nunchaku","Inserter","Anchor","Strawberry","Bag of Marbles","Sundial","Lantern"],"acts_visited":["Exordium","TheCity","TheBeyond"],"potions_floor_usage":[44,44,50,50],"damage_taken":[{"damage":0.0,"enemies":"Small Slimes","floor":1.0,"turns":1.0},{"damage":0.0,"enemies":"Jaw Worm","floor":4.0,"turns":1.0},{"damage":0.0,"enemies":"2 Louse","floor":5.0,"turns":1.0},{"damage":49.0,"enemies":"Lagavulin","floor":6.0,"turns":6.0},{"damage":20.0,"enemies":"Gremlin Nob","floor":10.0,"turns":4.0},{"damage":40.0,"enemies":"Slime Boss","floor":16.0,"turns":8.0},{"damage":17.0,"enemies":"2 Thieves","floor":18.0,"turns":3.0},{"damage":7.0,"enemies":"Chosen","floor":19.0,"turns":4.0},{"damage":19.0,"enemies":"Sentry and Sphere","floor":22.0,"turns":4.0},{"damage":12.0,"enemies":"Chosen and Byrds","floor":25.0,"turns":3.0},{"damage":9,"enemies":"Centurion and Healer","floor":27,"turns":4},{"damage":7,"enemies":"Cultist and Chosen","floor":28,"turns":4},{"damage":16,"enemies":"Champ","floor":33,"turns":8},{"damage":40,"enemies":"3 Darklings","floor":35,"turns":4},{"damage":28,"enemies":"Reptomancer","floor":41,"turns":4},{"damage":16,"enemies":"3 Shapes","floor":42,"turns":3},{"damage":17,"enemies":"3 Darklings","floor":44,"turns":3},{"damage":15,"enemies":"Writhing Mass","floor":48,"turns":4},{"damage":71,"enemies":"Donu and Deca","floor":50,"turns":5}],"seed_played":"1665206423665781588","potions_obtained":[{"floor":4.0,"key":"Regen Potion"},{"floor":5.0,"key":"DuplicationPotion"},{"floor":6.0,"key":"FearPotion"},{"floor":10.0,"key":"BlessingOfTheForge"},{"floor":16.0,"key":"PotionOfCapacity"},{"floor":18.0,"key":"PotionOfCapacity"},{"floor":42,"key":"DistilledChaos"},{"floor":44,"key":"SmokeBomb"},{"floor":48,"key":"EssenceOfDarkness"}],"is_trial":false,"path_per_floor":["M","?","?","M","M","E","?","R","T","E","?","?","R","$","R","B",null,"M","M","?","$","M","R","$","M","T","M","M","?","R","$","R","B",null,"M","$","?","T","?","R","E","M","T","M","?","T","R","M","R","B"],"character_chosen":"DEFECT","items_purchased":["Emotion Chip","Runic Capacitor","Tiny Chest","PreservedInsect","Anchor"],"campfire_rested":7,"item_purchase_floors":[14,14,21,24,36],"current_hp_per_floor":[75,75,68,68,68,19,19,41,41,30,30,30,52,52,52,12,89,72,65,65,65,46,46,46,34,34,25,18,18,44,44,70,54,89,49,49,49,56,56,84,56,40,40,23,23,23,51,36,64,0,0],"gold":228,"neow_bonus":"THREE_ENEMY_KILL","is_daily":false,"chose_seed":false,"campfire_upgraded":2,"win_rate":0,"timestamp":1607634615,"path_taken":["M","?","?","M","?","E","?","R","T","E","?","?","R","?","R","BOSS","M","?","?","$","M","R","?","M","T","M","M","?","R","$","R","BOSS","M","$","?","?","?","R","E","M","T","?","?","?","R","M","R","BOSS"],"build_version":"2020-11-30","purchased_purges":0,"victory":false,"max_hp_per_floor":[75,75,75,75,75,75,75,75,75,75,75,75,75,75,75,75,89,89,89,89,89,89,89,89,89,89,89,89,89,89,89,89,89,89,89,89,89,96,96,96,96,96,96,96,96,96,96,96,96,96,96],"card_choices":[{"not_picked":["Conserve Battery","Beam Cell"],"picked":"Ball Lightning","floor":1.0},{"not_picked":["Genetic Algorithm","Scrape","Hologram"],"picked":"SKIP","floor":4.0},{"not_picked":["Stack","Hologram","Coolheaded"],"picked":"SKIP","floor":5.0},{"not_picked":["Streamline","Core Surge","Beam Cell"],"picked":"SKIP","floor":6.0},{"not_picked":["Gash","Amplify","Rainbow"],"picked":"SKIP","floor":10.0},{"not_picked":["Compile Driver+1","Capacitor"],"picked":"Defragment","floor":18.0},{"not_picked":["Genetic Algorithm","Sweeping Beam","Gash+1"],"picked":"SKIP","floor":18.0},{"not_picked":["Sweeping Beam","Reprogram"],"picked":"Ball Lightning","floor":19.0},{"not_picked":["Heatsinks","Recycle"],"picked":"Ball Lightning","floor":19.0},{"not_picked":["White Noise","Biased Cognition"],"picked":"Loop+1","floor":22.0},{"not_picked":["Leap","Genetic Algorithm","Rip and Tear"],"picked":"SKIP","floor":22.0},{"not_picked":["Stack","Coolheaded","Streamline"],"picked":"SKIP","floor":25.0},{"not_picked":["Redo","Sweeping Beam","Steam Power+1"],"picked":"SKIP","floor":25.0},{"not_picked":["Redo","Chill","Turbo+1"],"picked":"SKIP","floor":27},{"not_picked":["Tempest","Creative AI","Aggregate+1"],"picked":"SKIP","floor":27},{"not_picked":["Compile Driver","Darkness","Tempest"],"picked":"SKIP","floor":28},{"not_picked":["Fusion","Go for the Eyes","Barrage"],"picked":"SKIP","floor":28},{"not_picked":["Conserve Battery","Melter","Ball Lightning"],"picked":"SKIP","floor":35},{"not_picked":["Ball Lightning","Compile Driver","Storm+1"],"picked":"SKIP","floor":35},{"not_picked":["Chaos","Melter","Hologram"],"picked":"SKIP","floor":41},{"not_picked":["Genetic Algorithm+1","Leap","Capacitor"],"picked":"SKIP","floor":42},{"not_picked":["FTL+1","Hologram","Rebound"],"picked":"SKIP","floor":42},{"not_picked":["Rip and Tear","Hologram","Doom and Gloom+1"],"picked":"SKIP","floor":44},{"not_picked":["Aggregate+1","Biased Cognition","Stack"],"picked":"SKIP","floor":44},{"not_picked":["Reinforced Body","FTL+1","BootSequence"],"picked":"SKIP","floor":48},{"not_picked":["Compile Driver+1","Redo+1","Heatsinks"],"picked":"SKIP","floor":48}],"player_experience":201079,"relics_obtained":[{"floor":6.0,"key":"DataDisk"},{"floor":9.0,"key":"Prayer Wheel"},{"floor":10.0,"key":"Calipers"},{"floor":17.0,"key":"Bag of Preparation"},{"floor":17.0,"key":"HornCleat"},{"floor":17.0,"key":"Mango"},{"floor":26.0,"key":"Nunchaku"},{"floor":38,"key":"Strawberry"},{"floor":41,"key":"Bag of Marbles"},{"floor":43,"key":"Sundial"},{"floor":46,"key":"Lantern"}],"event_choices":[{"damage_healed":0.0,"max_hp_gain":0.0,"max_hp_loss":0.0,"gold_gain":0.0,"event_name":"Big Fish","player_choice":"Box","floor":2.0,"gold_loss":0.0,"damage_taken":0.0,"relics_obtained":["White Beast Statue"],"cards_obtained":["Regret"]},{"damage_healed":0.0,"max_hp_gain":0.0,"max_hp_loss":0.0,"gold_gain":0.0,"event_name":"Scrap Ooze","player_choice":"Success","floor":3.0,"gold_loss":0.0,"damage_taken":7.0,"relics_obtained":["Old Coin"]},{"damage_healed":0.0,"max_hp_gain":0.0,"max_hp_loss":0.0,"gold_gain":0.0,"event_name":"Golden Wing","player_choice":"Ignored","floor":7.0,"gold_loss":0.0,"damage_taken":0.0},{"damage_healed":0.0,"max_hp_gain":0.0,"max_hp_loss":0.0,"gold_gain":175.0,"event_name":"Liars Game","player_choice":"AGREE","floor":11.0,"gold_loss":0.0,"damage_taken":0.0,"cards_obtained":["Doubt"]},{"cards_removed":["Regret"],"damage_healed":0.0,"max_hp_gain":0.0,"max_hp_loss":0.0,"gold_gain":0.0,"event_name":"The Cleric","player_choice":"Card Removal","floor":12.0,"gold_loss":50.0,"damage_taken":0.0},{"damage_healed":0.0,"max_hp_gain":0.0,"max_hp_loss":0.0,"gold_gain":0.0,"event_name":"The Mausoleum","player_choice":"Opened","floor":20.0,"gold_loss":0.0,"damage_taken":0.0,"relics_obtained":["Mercury Hourglass"],"cards_obtained":["Writhe"]},{"cards_removed":["Doubt"],"damage_healed":0,"gold_gain":0,"player_choice":"Gave Gold","damage_taken":0,"max_hp_gain":0,"max_hp_loss":0,"event_name":"Beggar","floor":29,"gold_loss":75},{"damage_healed":0,"gold_gain":0,"player_choice":"Upgraded","damage_taken":0,"max_hp_gain":0,"max_hp_loss":0,"event_name":"Upgrade Shrine","floor":37,"gold_loss":0,"cards_upgraded":["Ball Lightning"]},{"damage_healed":0,"gold_gain":0,"player_choice":"Copied","damage_taken":0,"max_hp_gain":0,"max_hp_loss":0,"event_name":"Duplicator","floor":39,"gold_loss":0,"cards_obtained":["Defragment"]},{"damage_healed":0,"gold_gain":0,"player_choice":"Ignored","damage_taken":0,"max_hp_gain":0,"max_hp_loss":0,"event_name":"Mysterious Sphere","floor":45,"gold_loss":0}],"is_beta":false,"boss_relics":[{"not_picked":["Astrolabe","Ectoplasm"],"picked":"Calling Bell"},{"not_picked":["Velvet Choker","Nuclear Battery"],"picked":"Inserter"}],"items_purged_floors":[],"is_endless":false,"potions_floor_spawned":[4,5,6,10,16,18,19,22,25,27,28,33,35,41,42,44,48],"killed_by":"Donu and Deca","ascension_level":2}}