{"host":"17xjy7b7ubl548g2","time":1607567977,"event":{"gold_per_floor":[117,17,69,85,27,27,60,73,123,123,141,141,141,160,160,237,237,252,239,15,32,32,66,66,66,66,66,92,92,105,134,134,212,212,223,8,22,22,34,34,34,34,59,78,89,99,99,125,125,125],"floor_reached":51,"playtime":5433,"items_purged":["Shame"],"score":1232,"play_id":"03a7bdc7-5697-407e-a464-162fad138fdf","local_time":"20201209213937","is_ascension_mode":true,"campfire_choices":[{"data":"Footwork","floor":6.0,"key":"SMITH"},{"data":"Neutralize","floor":10.0,"key":"SMITH"},{"data":"Well Laid Plans","floor":12.0,"key":"SMITH"},{"data":"Wraith Form v2","floor":24.0,"key":"SMITH"},{"floor":29,"key":"REST"},{"data":"Catalyst","floor":32,"key":"SMITH"},{"floor":40,"key":"REST"},{"data":"Blur","floor":42,"key":"SMITH"},{"data":"Replay:Poison Smokescreen","floor":47,"key":"SMITH"},{"floor":49,"key":"REST"}],"neow_cost":"NONE","seed_source_timestamp":103528148637458,"circlet_count":0,"master_deck":["AscendersBane","Strike_G+1","Strike_G+1","Strike_G+1","Defend_G+3","Defend_G+3","Defend_G+2","Defend_G+2","Defend_G+2","Survivor","Neutralize+1","Well Laid Plans+1","jedi:pocketpoison+1","Footwork+1","StuffTheSpire:Sprint","Slice","Dagger Throw","Bane","StuffTheSpire:Injection","Wraith Form v2+1","Backflip+1","Catalyst+1","Backstab","Replay:Poison Smokescreen+1","Deadly Poison+1","Slice+1","StuffTheSpire:Incantation","Bouncing Flask+1","Corpse Explosion+1","Dodge and Roll+1","Dodge and Roll","Skewer+1","Blur+1","Quick Slash+1","Dagger Spray+1","Poisoned Stab+1","aspiration:Lunge+1"],"special_seed":0,"relics":["Ring of the Snake","Replay:Bottled Eggs","Replay:Bottled Flurry","Simple Rune","Bag of Marbles","SlaversCollar","aspiration:Lifesprig","StuffTheSpire:GrapeVine","ReplayFunnel","Orichalcum","Molten Egg 2","halation:LettersToHer","jedi:shrinkray","hubris:TerracottaHorce","Omamori","hubris:BottledRain"],"potions_floor_usage":[28,31,33,45,48,50],"damage_taken":[{"damage":1.0,"enemies":"Small Slimes","floor":1.0,"turns":4.0},{"damage":0.0,"enemies":"Jaw Worm","floor":4.0,"turns":9.0},{"damage":5.0,"enemies":"Gremlin Nob","floor":7.0,"turns":6.0},{"damage":0.0,"enemies":"Cultist","floor":8.0,"turns":4.0},{"damage":5.0,"enemies":"Exordium Thugs","floor":11.0,"turns":6.0},{"damage":0.0,"enemies":"2 Fungi Beasts","floor":14.0,"turns":3.0},{"damage":44.0,"enemies":"Fading Forest","floor":16.0,"turns":11.0},{"damage":2.0,"enemies":"Chosen","floor":18.0,"turns":8.0},{"damage":7.0,"enemies":"2 Thieves","floor":19.0,"turns":4.0},{"damage":4.0,"enemies":"3 Cultists","floor":21.0,"turns":7.0},{"damage":9.0,"enemies":"conspire:Head Lice","floor":23.0,"turns":9.0},{"damage":23,"enemies":"Slavers","floor":28,"turns":5},{"damage":1,"enemies":"Snecko","floor":30,"turns":5},{"damage":0,"enemies":"Gremlin Leader","floor":31,"turns":6},{"damage":2,"enemies":"conspire:MysteriousRune","floor":33,"turns":6},{"damage":0,"enemies":"Orb Walker","floor":35,"turns":4},{"damage":6,"enemies":"3 Darklings","floor":37,"turns":3},{"damage":13,"enemies":"Jaw Worm Horde","floor":39,"turns":3},{"damage":0,"enemies":"Transient","floor":44,"turns":6},{"damage":7,"enemies":"4 Shapes","floor":45,"turns":3},{"damage":0,"enemies":"Spire Growth","floor":46,"turns":5},{"damage":26,"enemies":"Reptomancer","floor":48,"turns":6},{"damage":6,"enemies":"hubris:GrandSnecko","floor":50,"turns":7}],"seed_played":"-5534517077034544362","potions_obtained":[{"floor":3.0,"key":"Elixir"},{"floor":3.0,"key":"blueLaboratory:NinjaPotion"},{"floor":4.0,"key":"Weak Potion"},{"floor":8.0,"key":"blueLaboratory:HeartbeatPotion"},{"floor":14.0,"key":"blueLaboratory:FruitPunch"},{"floor":23.0,"key":"SkillPotion"},{"floor":28,"key":"ColorlessPotion"},{"floor":31,"key":"blueLaboratory:BottleOfVodka"},{"floor":33,"key":"blueLaboratory:FrostheartPotion"},{"floor":44,"key":"CunningPotion"},{"floor":45,"key":"jedi:StrikingPotion"}],"is_trial":false,"path_per_floor":["M","$","?","M","?","R","E","M","T","R","M","R","T","M","R_BF","B",null,"M","M","$","M","?","E","R","?","T","?","E","R","M","E","R","B",null,"M","$","M","?","M","R","?","R","T","M","M","M","R","E","R","B",null],"character_chosen":"THE_SILENT","items_purchased":["Footwork","Backstab","aspiration:Lifesprig","Dodge and Roll","Skewer+1"],"campfire_rested":3,"item_purchase_floors":[2,20,20,36,36],"current_hp_per_floor":[58,58,42,42,42,42,37,37,37,37,32,32,32,32,51,17,55,53,46,46,42,42,33,33,33,33,33,10,30,29,29,29,27,58,58,58,52,52,39,59,59,59,59,59,52,52,52,26,46,40],"gold":125,"neow_bonus":"TRANSFORM_CARD","is_prod":false,"is_daily":false,"chose_seed":false,"campfire_upgraded":7,"win_rate":0,"timestamp":1607567977,"path_taken":["M","$","?","M","?","R","E","?","T","R","M","R","?","M","R_BF","BOSS","M","M","$","M","?","E","R","?","T","?","E","R","M","E","R","BOSS","M","$","M","?","M","R","?","R","T","M","M","M","R","E","R","BOSS"],"build_version":"2020-11-30","purchased_purges":1,"victory":true,"max_hp_per_floor":[66,66,66,66,66,66,66,66,66,66,66,66,66,66,66,68,68,68,68,68,68,68,68,68,68,68,68,68,68,68,68,68,68,68,68,68,68,68,68,68,68,68,68,68,68,68,68,68,68,68],"card_choices":[{"not_picked":["Dagger Throw","Slice"],"picked":"jedi:pocketpoison","floor":1.0},{"not_picked":["PiercingWail","StuffTheSpire:Python"],"picked":"StuffTheSpire:Sprint","floor":3.0},{"not_picked":["StuffTheSpire:ClusterCrunch","Bane"],"picked":"Slice","floor":4.0},{"not_picked":["Reflex","ReplayTheSpireMod:Exploit Weakness"],"picked":"Dagger Throw","floor":7.0},{"not_picked":["StuffTheSpire:Python","Dagger Throw"],"picked":"Bane","floor":8.0},{"not_picked":["Storm of Steel","Acrobatics","Quick Slash"],"picked":"SKIP","floor":11.0},{"not_picked":["Hidden Blade","StuffTheSpire:BumpUp"],"picked":"StuffTheSpire:Injection","floor":14.0},{"not_picked":["Adrenaline","aspiration:Lunge"],"picked":"Wraith Form v2","floor":16.0},{"not_picked":["Prepared","Bane"],"picked":"Backflip+1","floor":18.0},{"not_picked":["StuffTheSpire:Python","hubris:SlightOfHand"],"picked":"Catalyst","floor":19.0},{"not_picked":["Flying Knee","Backflip"],"picked":"Replay:Poison Smokescreen","floor":21.0},{"not_picked":["Outmaneuver+1","Dagger Throw+1"],"picked":"Deadly Poison+1","floor":23.0},{"not_picked":["StuffTheSpire:Repulse","Acrobatics"],"picked":"Slice+1","floor":28},{"not_picked":["conspire:DoublingDagger","infinitespire:Neurotoxin"],"picked":"StuffTheSpire:Incantation","floor":30},{"not_picked":["Escape Plan+1","Concentrate"],"picked":"Bouncing Flask+1","floor":31},{"not_picked":["Envenom","Malaise"],"picked":"Corpse Explosion","floor":33},{"not_picked":["Sucker Punch+1","Flying Knee+1"],"picked":"Dodge and Roll+1","floor":35},{"not_picked":["Hidden Blade","Sucker Punch+1"],"picked":"Blur","floor":37},{"not_picked":["jedi:acidrain","StuffTheSpire:ClusterCrunch+1"],"picked":"Quick Slash+1","floor":39},{"not_picked":["StuffTheSpire:MirrorStance","Bouncing Flask"],"picked":"Dagger Spray+1","floor":44},{"not_picked":["hubris:Counter+1","Backstab+1","Bane+1"],"picked":"SKIP","floor":45},{"not_picked":["ReplayTheSpireMod:Exploit Weakness","Masterful Stab+1"],"picked":"Poisoned Stab+1","floor":46},{"not_picked":["Deadly Poison","Flying Knee+1"],"picked":"aspiration:Lunge+1","floor":48}],"player_experience":1504045,"relics_obtained":[{"floor":7.0,"key":"Replay:Bottled Flurry"},{"floor":9.0,"key":"Simple Rune"},{"floor":13.0,"key":"Bag of Marbles"},{"floor":23.0,"key":"ReplayFunnel"},{"floor":25.0,"key":"Orichalcum"},{"floor":26.0,"key":"Molten Egg 2"},{"floor":28,"key":"halation:LettersToHer"},{"floor":31,"key":"jedi:shrinkray"},{"floor":43,"key":"halation:LettersToHer"},{"floor":43,"key":"Omamori"},{"floor":48,"key":"hubris:BottledRain"}],"event_choices":[{"damage_healed":0.0,"max_hp_gain":0.0,"max_hp_loss":0.0,"gold_gain":0.0,"event_name":"WeMeetAgain","player_choice":"Paid Gold","floor":5.0,"gold_loss":58.0,"damage_taken":0.0,"relics_obtained":["Replay:Bottled Eggs"]},{"damage_healed":0.0,"max_hp_gain":0.0,"max_hp_loss":0.0,"gold_gain":0.0,"event_name":"Addict","player_choice":"Stole Relic","floor":22.0,"gold_loss":0.0,"damage_taken":0.0,"relics_obtained":["StuffTheSpire:GrapeVine"],"cards_obtained":["Shame"]},{"damage_healed":0,"gold_gain":0,"player_choice":"Simplicity","damage_taken":0,"max_hp_gain":0,"max_hp_loss":0,"event_name":"Back to Basics","floor":27,"gold_loss":0,"cards_upgraded":["Strike_G","Strike_G","Strike_G","Strike_G","Defend_G","Defend_G","Defend_G","Defend_G","Defend_G"]},{"cards_removed":["Strike_G"],"damage_healed":0,"gold_gain":0,"player_choice":"Purged","damage_taken":0,"max_hp_gain":0,"max_hp_loss":0,"event_name":"Purifier","floor":41,"gold_loss":0}],"is_beta":false,"boss_relics":[{"not_picked":["aspiration:RunicSpoon","halation:SmartPhone"],"picked":"SlaversCollar"},{"not_picked":["energizedSpire:HugeHouse","energizedSpire:EnergizedDie"],"picked":"hubris:TerracottaHorce"}],"items_purged_floors":[36],"is_endless":false,"potions_floor_spawned":[4,8,14,23,28,31,33,44,45],"ascension_level":14}}