{"host":"fq1bpa5mgr3rtgnr","time":1607601885,"event":{"gold_per_floor":[113,113,38,38,53,53,53,88,140,154,173,21,47,59,59,155,155,167,185,11,11,11,42,42,77,77,109,109,109,136,150,150,249,249,265,282,332,352,372,406,406,458,484,509,57,82,121,143,143,143,143,143,21,62,62],"floor_reached":56,"playtime":5079,"items_purged":["Strike_G","Defend_G","Strike_G"],"score":1947,"play_id":"43cab753-82c7-4435-a6af-a37a070a243c","local_time":"20201210070445","is_ascension_mode":true,"campfire_choices":[{"data":"Calculated Gamble","floor":6.0,"key":"SMITH"},{"data":"Noxious Fumes","floor":15.0,"key":"SMITH"},{"floor":24.0,"key":"REST"},{"floor":28.0,"key":"REST"},{"data":"Prepared","floor":32,"key":"SMITH"},{"data":"Catalyst","floor":41,"key":"SMITH"},{"floor":49,"key":"RECALL"},{"data":"Reflex","floor":52,"key":"SMITH"}],"neow_cost":"NONE","seed_source_timestamp":268996746222600,"circlet_count":0,"master_deck":["Strike_G","Strike_G","Defend_G+1","Defend_G","Defend_G+1","Defend_G","Survivor","Neutralize+1","Prepared+1","Calculated Gamble+1","Reflex+1","Blade Dance","Noxious Fumes+1","Venomology","PiercingWail","Terror","Burst","Noxious Fumes+1","Leg Sweep","Catalyst+1","Writhe","Well Laid Plans+1","Blur","Grand Finale","Footwork","Discovery","PiercingWail+1","Deadly Poison+1","Bullet Time+1","PiercingWail+1","Venomology+1","Blur+1","Footwork+1","Distraction+1","Concentrate+1","Tactician+1","Backflip+1","PiercingWail+1","Expertise+1","Footwork","Prepared+1"],"special_seed":0,"relics":["Ring of the Snake","NeowsBlessing","War Paint","Toy Ornithopter","Mummified Hand","Black Star","HornCleat","Orichalcum","Tough Bandages","PreservedInsect","Torii","Matryoshka","Letter Opener","Bag of Preparation","Toxic Egg 2","Oddly Smooth Stone","SlaversCollar","Tingsha","Meat on the Bone","Pocketwatch","FossilizedHelix","Akabeko","CeramicFish","Lantern","Bottled Lightning","Bronze Scales","Anchor","Strawberry","Vajra"],"potions_floor_usage":[33,35,35,37,37,38,39,39,40,40,42,42,42,44,44,44,44,47,47,47,47,48,48,50,50,50,54,55,55,55,55],"damage_taken":[{"damage":0.0,"enemies":"Cultist","floor":1.0,"turns":1.0},{"damage":0.0,"enemies":"2 Louse","floor":5.0,"turns":1.0},{"damage":0.0,"enemies":"Lagavulin","floor":8.0,"turns":1.0},{"damage":3.0,"enemies":"Small Slimes","floor":10.0,"turns":6.0},{"damage":0.0,"enemies":"Looter","floor":11.0,"turns":3.0},{"damage":17.0,"enemies":"3 Sentries","floor":13.0,"turns":9.0},{"damage":4.0,"enemies":"Large Slime","floor":14.0,"turns":8.0},{"damage":52.0,"enemies":"Slime Boss","floor":16.0,"turns":11.0},{"damage":6.0,"enemies":"Shell Parasite","floor":18.0,"turns":8.0},{"damage":8.0,"enemies":"2 Thieves","floor":19.0,"turns":4.0},{"damage":50.0,"enemies":"Book of Stabbing","floor":23.0,"turns":9.0},{"damage":33.0,"enemies":"Slavers","floor":25.0,"turns":6.0},{"damage":17.0,"enemies":"Gremlin Leader","floor":27.0,"turns":7.0},{"damage":11.0,"enemies":"Slavers","floor":30.0,"turns":2.0},{"damage":8,"enemies":"Chosen and Byrds","floor":31,"turns":6},{"damage":1,"enemies":"Collector","floor":33,"turns":7},{"damage":1,"enemies":"Orb Walker","floor":35,"turns":4},{"damage":0,"enemies":"3 Shapes","floor":36,"turns":6},{"damage":0,"enemies":"Mind Bloom Boss Battle","floor":37,"turns":7},{"damage":0,"enemies":"Sphere and 2 Shapes","floor":38,"turns":4},{"damage":0,"enemies":"Maw","floor":39,"turns":6},{"damage":0,"enemies":"Reptomancer","floor":40,"turns":6},{"damage":0,"enemies":"2 Orb Walkers","floor":42,"turns":6},{"damage":18,"enemies":"Nemesis","floor":44,"turns":6},{"damage":11,"enemies":"3 Darklings","floor":46,"turns":6},{"damage":2,"enemies":"Reptomancer","floor":47,"turns":6},{"damage":0,"enemies":"4 Shapes","floor":48,"turns":4},{"damage":0,"enemies":"Donu and Deca","floor":50,"turns":9},{"damage":18,"enemies":"Shield and Spear","floor":54,"turns":6},{"damage":44,"enemies":"The Heart","floor":55,"turns":12}],"seed_played":"-7360145123828953572","potions_obtained":[{"floor":5.0,"key":"Fruit Juice"},{"floor":8.0,"key":"Swift Potion"},{"floor":11.0,"key":"Explosive Potion"},{"floor":13.0,"key":"Energy Potion"},{"floor":18.0,"key":"PowerPotion"},{"floor":19.0,"key":"Regen Potion"},{"floor":31,"key":"GamblersBrew"},{"floor":39,"key":"LiquidMemories"},{"floor":42,"key":"Explosive Potion"},{"floor":48,"key":"Energy Potion"}],"is_trial":false,"path_per_floor":["M","?","$","?","M","R","$","E","T","M","M","$","E","M","R","B",null,"M","M","$","?","?","E","R","E","T","E","R","?","E","M","R","B",null,"M","M","?","M","M","E","R","?","T","E","$","M","E","M","R","B",null,"R","$","E","B",null],"character_chosen":"THE_SILENT","items_purchased":["Venomology","Catalyst","Bottled Lightning","Concentrate+1","Expertise+1","Footwork"],"campfire_rested":2,"item_purchase_floors":[12,20,45,45,53,53],"current_hp_per_floor":[63,56,56,56,56,56,56,56,56,53,53,53,56,52,52,15,60,54,56,56,56,56,11,33,30,30,13,35,35,24,16,16,20,61,70,70,75,75,75,75,75,75,75,57,57,46,64,74,74,75,75,75,75,64,52],"gold":62,"neow_bonus":"THREE_ENEMY_KILL","is_prod":false,"is_daily":false,"chose_seed":false,"campfire_upgraded":5,"win_rate":0,"timestamp":1607601885,"path_taken":["M","?","$","?","M","R","$","E","T","M","M","$","E","M","R","BOSS","M","M","?","?","?","E","R","E","T","E","R","?","E","M","R","BOSS","M","?","?","M","M","E","R","?","T","E","?","M","E","?","R","BOSS","R","$","E","BOSS"],"build_version":"2020-11-30","purchased_purges":3,"victory":true,"max_hp_per_floor":[70,70,70,70,70,70,70,70,70,70,70,70,75,75,75,75,75,75,75,75,75,75,75,75,75,75,75,75,75,75,75,75,75,75,75,75,75,75,75,75,75,75,75,75,75,75,75,75,75,75,75,75,75,82,82],"relic_stats":{"Torii":43,"counters":[30,177],"CeramicFish":63,"Tingsha":[265],"PreservedInsect":337,"Bag of Preparation":[34],"Letter Opener":[802],"War Paint":["Defend_G","Defend_G"],"Orichalcum":[66],"Tough Bandages":[444],"Mummified Hand":[91],"Bronze Scales":[253],"Black Star":8,"obtain_stats":[{"Lantern":44,"Torii":25,"CeramicFish":44,"Vajra":54,"Bag of Preparation":27,"Tough Bandages":23,"HornCleat":21,"Matryoshka":26,"Mummified Hand":13,"Strawberry":54,"Toxic Egg 2":30,"Ring of the Snake":0,"NeowsBlessing":0,"Oddly Smooth Stone":30,"Tingsha":37,"PreservedInsect":25,"Letter Opener":27,"War Paint":8,"Orichalcum":23,"Akabeko":43,"SlaversCollar":34,"Anchor":47,"Bronze Scales":47,"Black Star":17,"Bottled Lightning":45,"Toy Ornithopter":9,"FossilizedHelix":42,"Meat on the Bone":40,"Pocketwatch":40},{"Lantern":24,"Torii":12,"CeramicFish":24,"Vajra":29,"Bag of Preparation":13,"Tough Bandages":11,"HornCleat":10,"Matryoshka":12,"Mummified Hand":6,"Strawberry":29,"Toxic Egg 2":14,"Ring of the Snake":0,"NeowsBlessing":0,"Oddly Smooth Stone":14,"Tingsha":19,"PreservedInsect":12,"Letter Opener":13,"War Paint":3,"Orichalcum":11,"Akabeko":23,"SlaversCollar":16,"Anchor":26,"Bronze Scales":26,"Black Star":8,"Bottled Lightning":24,"Toy Ornithopter":3,"FossilizedHelix":23,"Meat on the Bone":22,"Pocketwatch":22},{"Lantern":134,"Torii":67,"CeramicFish":134,"Vajra":165,"Bag of Preparation":74,"Tough Bandages":61,"HornCleat":52,"Matryoshka":67,"Mummified Hand":21,"Strawberry":165,"Toxic Egg 2":76,"Ring of the Snake":0,"NeowsBlessing":0,"Oddly Smooth Stone":76,"Tingsha":106,"PreservedInsect":67,"Letter Opener":74,"War Paint":3,"Orichalcum":61,"Akabeko":128,"SlaversCollar":89,"Anchor":146,"Bronze Scales":146,"Black Star":40,"Bottled Lightning":134,"Toy Ornithopter":3,"FossilizedHelix":128,"Meat on the Bone":122,"Pocketwatch":122}],"Toy Ornithopter":131,"Ring of the Snake":[60],"Meat on the Bone":12,"Pocketwatch":[18]},"card_choices":[{"not_picked":["Dodge and Roll","Reflex"],"picked":"Prepared","floor":1.0},{"not_picked":["Predator","Distraction"],"picked":"Calculated Gamble","floor":5.0},{"not_picked":["Endless Agony","Flying Knee"],"picked":"Reflex","floor":8.0},{"not_picked":["Cloak And Dagger","Quick Slash"],"picked":"Blade Dance","floor":10.0},{"not_picked":["Acrobatics","All Out Attack"],"picked":"Noxious Fumes","floor":11.0},{"not_picked":["Predator","Eviscerate"],"picked":"PiercingWail","floor":13.0},{"not_picked":["Poisoned Stab","Cloak And Dagger"],"picked":"Terror","floor":14.0},{"not_picked":["Storm of Steel","Tools of the Trade"],"picked":"Burst","floor":16.0},{"not_picked":["Flying Knee","Dodge and Roll+1"],"picked":"Noxious Fumes+1","floor":18.0},{"not_picked":["Quick Slash","Prepared"],"picked":"Leg Sweep","floor":19.0},{"not_picked":["Flying Knee+1","Acrobatics"],"picked":"Well Laid Plans+1","floor":23.0},{"not_picked":["Prepared","Dodge and Roll"],"picked":"Blur","floor":25.0},{"not_picked":["Quick Slash+1","Endless Agony+1"],"picked":"Grand Finale","floor":27.0},{"not_picked":["Flechettes","Dodge and Roll+1"],"picked":"PiercingWail+1","floor":30.0},{"not_picked":["Cloak And Dagger+1","Poisoned Stab"],"picked":"Deadly Poison+1","floor":31},{"not_picked":["Die Die Die","Storm of Steel+1"],"picked":"Bullet Time+1","floor":33},{"not_picked":["Slice","Escape Plan+1"],"picked":"PiercingWail+1","floor":35},{"not_picked":["Concentrate+1","Backflip+1"],"picked":"Venomology+1","floor":36},{"not_picked":["Masterful Stab+1","Dash+1","Setup+1"],"picked":"SKIP","floor":38},{"not_picked":["Quick Slash","Poisoned Stab+1"],"picked":"Blur+1","floor":39},{"not_picked":["PiercingWail+1","Accuracy+1"],"picked":"Footwork+1","floor":40},{"not_picked":["Slice+1","Outmaneuver+1"],"picked":"Distraction+1","floor":42},{"not_picked":["Terror+1","Dodge and Roll+1","Flechettes"],"picked":"SKIP","floor":44},{"not_picked":["PiercingWail+1","Die Die Die"],"picked":"Tactician+1","floor":46},{"not_picked":["Underhanded Strike+1","Deflect+1"],"picked":"Backflip+1","floor":47},{"not_picked":["Backstab+1","Poisoned Stab"],"picked":"PiercingWail+1","floor":48},{"not_picked":["Terror+1","Crippling Poison+1"],"picked":"Prepared+1","floor":54}],"player_experience":342564,"relics_obtained":[{"floor":8.0,"key":"War Paint"},{"floor":9.0,"key":"Toy Ornithopter"},{"floor":13.0,"key":"Mummified Hand"},{"floor":23.0,"key":"Orichalcum"},{"floor":23.0,"key":"Tough Bandages"},{"floor":25.0,"key":"PreservedInsect"},{"floor":25.0,"key":"Torii"},{"floor":26.0,"key":"Matryoshka"},{"floor":27.0,"key":"Letter Opener"},{"floor":27.0,"key":"Bag of Preparation"},{"floor":30.0,"key":"Toxic Egg 2"},{"floor":30.0,"key":"Oddly Smooth Stone"},{"floor":37,"key":"Tingsha"},{"floor":40,"key":"Meat on the Bone"},{"floor":40,"key":"Pocketwatch"},{"floor":42,"key":"FossilizedHelix"},{"floor":43,"key":"Akabeko"},{"floor":44,"key":"CeramicFish"},{"floor":44,"key":"Lantern"},{"floor":47,"key":"Bronze Scales"},{"floor":47,"key":"Anchor"},{"floor":54,"key":"Strawberry"},{"floor":54,"key":"Vajra"}],"event_choices":[{"cards_removed":["Strike_G"],"damage_healed":0.0,"max_hp_gain":0.0,"max_hp_loss":0.0,"gold_gain":0.0,"event_name":"Golden Wing","player_choice":"Card Removal","floor":2.0,"gold_loss":0.0,"damage_taken":7.0},{"damage_healed":0.0,"max_hp_gain":0.0,"max_hp_loss":0.0,"gold_gain":0.0,"event_name":"Accursed Blacksmith","player_choice":"Forge","floor":4.0,"gold_loss":0.0,"damage_taken":0.0,"cards_upgraded":["Neutralize"]},{"damage_healed":0.0,"max_hp_gain":0.0,"max_hp_loss":0.0,"gold_gain":0.0,"event_name":"The Mausoleum","player_choice":"Opened","floor":21.0,"gold_loss":0.0,"damage_taken":0.0,"relics_obtained":["HornCleat"],"cards_obtained":["Writhe"]},{"damage_healed":0.0,"max_hp_gain":0.0,"max_hp_loss":0.0,"gold_gain":0.0,"event_name":"Match and Keep!","player_choice":"2 cards matched","floor":29.0,"gold_loss":0.0,"damage_taken":0.0,"cards_obtained":["Footwork","Discovery"]},{"damage_healed":0,"gold_gain":0,"player_choice":"Fight","damage_taken":0,"max_hp_gain":0,"max_hp_loss":0,"event_name":"MindBloom","floor":37,"gold_loss":0},{"damage_healed":0,"gold_gain":0,"player_choice":"Fight","damage_taken":0,"max_hp_gain":0,"max_hp_loss":0,"event_name":"Mysterious Sphere","floor":42,"gold_loss":0}],"is_beta":false,"boss_relics":[{"not_picked":["Fusion Hammer","Ectoplasm"],"picked":"Black Star"},{"not_picked":["Busted Crown","Runic Dome"],"picked":"SlaversCollar"}],"items_purged_floors":[3,20,45],"is_endless":false,"potions_floor_spawned":[5,8,11,13,18,19,31,33,38,39,40,42,46,48],"ascension_level":8}}