{"host":"eydwxg59205c3vtl","time":1607566349,"event":{"gold_per_floor":[114,114,389,400,415,415,42,74,101,126,301,301,301,2,2,107,107,118,145,145,161,172,202,202,102,102,115,129,129,157,157,157,259,259,270,270,270,281,299,299,317,348,348,375,425,480,496,496,496,496],"floor_reached":51,"playtime":1761,"items_purged":["Regret","Defend_G"],"score":926,"play_id":"244b076a-a44e-4f49-a34a-888f1395f3cb","local_time":"20201209211229","is_ascension_mode":false,"campfire_choices":[{"data":"Neutralize","floor":6,"key":"SMITH"},{"data":"Sucker Punch","floor":12,"key":"SMITH"},{"data":"Backflip","floor":15,"key":"SMITH"},{"data":"After Image","floor":24,"key":"SMITH"},{"data":"Phantasmal Killer","floor":29,"key":"SMITH"},{"data":"Backstab","floor":32,"key":"SMITH"},{"data":"After Image","floor":40,"key":"SMITH"},{"data":"Footwork","floor":49,"key":"SMITH"}],"neow_cost":"NONE","seed_source_timestamp":445361568268400,"circlet_count":0,"master_deck":["Strike_G","Strike_G+1","Strike_G","Strike_G","Defend_G","Defend_G","Defend_G","Defend_G","Survivor+1","Neutralize+1","Backstab+1","Backflip+1","Sucker Punch+1","Sucker Punch","Die Die Die","Terror+1","Backflip+1","Blur+1","Phantasmal Killer+1","After Image+1","Blade Dance","Backstab","Glass Knife","Panacea","After Image+1","Cloak And Dagger+1","Distraction+1","Skewer","Blade Dance+1","Footwork+1"],"relics":["Ring of the Snake","Oddly Smooth Stone","Shuriken","Bag of Preparation","Nunchaku","Lantern","Happy Flower","ClockworkSouvenir","Philosopher\u0027s Stone","Red Mask","Blood Vial","Boot","Potion Belt","Runic Pyramid","Art of War","Bronze Scales","Molten Egg 2","Lizard Tail","Calipers","Letter Opener"],"potions_floor_usage":[8,16,33,33,44,50,50,50,50,50],"damage_taken":[{"damage":0,"enemies":"2 Louse","floor":1,"turns":3},{"damage":0,"enemies":"Jaw Worm","floor":4,"turns":3},{"damage":1,"enemies":"Cultist","floor":5,"turns":4},{"damage":1,"enemies":"Lagavulin","floor":8,"turns":5},{"damage":14,"enemies":"Gremlin Nob","floor":10,"turns":4},{"damage":15,"enemies":"The Guardian","floor":16,"turns":12},{"damage":0,"enemies":"3 Byrds","floor":18,"turns":4},{"damage":0,"enemies":"Masked Bandits","floor":19,"turns":3},{"damage":0,"enemies":"Chosen","floor":21,"turns":2},{"damage":0,"enemies":"Centurion and Healer","floor":22,"turns":5},{"damage":0,"enemies":"Book of Stabbing","floor":23,"turns":3},{"damage":0,"enemies":"3 Cultists","floor":27,"turns":5},{"damage":0,"enemies":"Shelled Parasite and Fungi","floor":28,"turns":3},{"damage":0,"enemies":"Slavers","floor":30,"turns":3},{"damage":0,"enemies":"Automaton","floor":33,"turns":6},{"damage":0,"enemies":"Orb Walker","floor":35,"turns":2},{"damage":0,"enemies":"3 Shapes","floor":38,"turns":3},{"damage":0,"enemies":"Jaw Worm Horde","floor":39,"turns":4},{"damage":0,"enemies":"Writhing Mass","floor":41,"turns":5},{"damage":0,"enemies":"Reptomancer","floor":42,"turns":5},{"damage":0,"enemies":"Nemesis","floor":44,"turns":4},{"damage":0,"enemies":"Mind Bloom Boss Battle","floor":45,"turns":5},{"damage":0,"enemies":"2 Orb Walkers","floor":46,"turns":4},{"damage":0,"enemies":"3 Darklings","floor":47,"turns":2},{"damage":1,"enemies":"Donu and Deca","floor":50,"turns":5}],"seed_played":"3446390480941884411","potions_obtained":[{"floor":1,"key":"GamblersBrew"},{"floor":4,"key":"AttackPotion"},{"floor":8,"key":"Swift Potion"},{"floor":16,"key":"SmokeBomb"},{"floor":19,"key":"SpeedPotion"},{"floor":23,"key":"ColorlessPotion"},{"floor":28,"key":"Fire Potion"},{"floor":30,"key":"PowerPotion"},{"floor":33,"key":"LiquidBronze"},{"floor":39,"key":"Strength Potion"},{"floor":41,"key":"SkillPotion"},{"floor":42,"key":"PowerPotion"},{"floor":46,"key":"Poison Potion"}],"is_trial":false,"path_per_floor":["M","?","?","M","M","R","$","E","T","E","?","R","?","$","R","B",null,"M","?","?","M","M","E","R","$","T","M","M","R","E","?","R","B",null,"M","?","?","M","M","R","M","E","T","E","?","?","M","T","R","B",null],"character_chosen":"THE_SILENT","items_purchased":["Shuriken","Sucker Punch","Happy Flower","ClockworkSouvenir"],"campfire_rested":0,"item_purchase_floors":[7,7,14,14],"current_hp_per_floor":[70,56,56,56,55,55,55,54,54,40,40,40,40,40,40,25,70,70,70,70,70,70,70,70,70,70,70,70,70,70,70,70,70,70,70,70,70,70,70,70,70,70,70,70,70,70,70,70,70,69],"gold":496,"neow_bonus":"RANDOM_COMMON_RELIC","is_prod":false,"is_daily":false,"chose_seed":false,"campfire_upgraded":8,"win_rate":0,"timestamp":1607566349,"path_taken":["M","?","?","?","M","R","$","E","T","E","?","R","?","$","R","BOSS","M","?","?","M","M","E","R","$","T","M","M","R","E","?","R","BOSS","M","?","?","M","?","R","M","E","T","E","?","?","M","?","R","BOSS"],"build_version":"2020-11-30","purchased_purges":2,"victory":true,"max_hp_per_floor":[70,70,70,70,70,70,70,70,70,70,70,70,70,70,70,70,70,70,70,70,70,70,70,70,70,70,70,70,70,70,70,70,70,70,70,70,70,70,70,70,70,70,70,70,70,70,70,70,70,70],"card_choices":[{"not_picked":["Poisoned Stab","Tactician"],"picked":"Backstab","floor":1},{"not_picked":["Calculated Gamble","Acrobatics"],"picked":"Backflip","floor":4},{"not_picked":["Setup","Accuracy","Endless Agony"],"picked":"SKIP","floor":5},{"not_picked":["Masterful Stab","Dagger Throw"],"picked":"Sucker Punch","floor":8},{"not_picked":["Expertise","Outmaneuver","Slice"],"picked":"SKIP","floor":10},{"not_picked":["Malaise","Venomology"],"picked":"Die Die Die","floor":16},{"not_picked":["Reflex","Acrobatics"],"picked":"Terror+1","floor":18},{"not_picked":["Endless Agony","Deflect"],"picked":"Backflip+1","floor":19},{"not_picked":["Bane","Infinite Blades"],"picked":"Blur+1","floor":21},{"not_picked":["Bane","Masterful Stab"],"picked":"Phantasmal Killer","floor":22},{"not_picked":["Backflip+1","Heel Hook"],"picked":"After Image","floor":23},{"not_picked":["Outmaneuver","Backflip"],"picked":"Blade Dance","floor":27},{"not_picked":["Sucker Punch+1","All Out Attack+1"],"picked":"Backstab","floor":28},{"not_picked":["Concentrate+1","Outmaneuver","Masterful Stab"],"picked":"SKIP","floor":30},{"not_picked":["Wraith Form v2","Night Terror"],"picked":"Glass Knife","floor":33},{"not_picked":["Masterful Stab","Escape Plan","Choke+1"],"picked":"SKIP","floor":35},{"not_picked":["Mind Blast","Sadistic Nature"],"picked":"Panacea","floor":36},{"not_picked":["Blade Dance","Distraction"],"picked":"Cloak And Dagger+1","floor":38},{"not_picked":["Underhanded Strike+1","Sucker Punch","Acrobatics+1"],"picked":"SKIP","floor":39},{"not_picked":["Outmaneuver+1","Sucker Punch+1"],"picked":"Distraction+1","floor":41},{"not_picked":["Slice","Night Terror"],"picked":"Skewer","floor":42},{"not_picked":["Outmaneuver","Reflex"],"picked":"Blade Dance+1","floor":44},{"not_picked":["Blade Dance+1","Deflect"],"picked":"Footwork","floor":46},{"not_picked":["Well Laid Plans+1","Bane+1","Cloak And Dagger"],"picked":"SKIP","floor":47}],"player_experience":479156,"relics_obtained":[{"floor":8,"key":"Bag of Preparation"},{"floor":9,"key":"Nunchaku"},{"floor":10,"key":"Lantern"},{"floor":19,"key":"Red Mask"},{"floor":23,"key":"Blood Vial"},{"floor":26,"key":"Boot"},{"floor":30,"key":"Potion Belt"},{"floor":42,"key":"Art of War"},{"floor":43,"key":"Bronze Scales"},{"floor":44,"key":"Molten Egg 2"},{"floor":45,"key":"Lizard Tail"},{"floor":46,"key":"Calipers"},{"floor":48,"key":"Letter Opener"}],"event_choices":[{"damage_healed":0,"gold_gain":0,"player_choice":"Entered Light","damage_taken":14,"max_hp_gain":0,"max_hp_loss":0,"event_name":"Shining Light","floor":2,"gold_loss":0,"cards_upgraded":["Survivor","Strike_G"]},{"damage_healed":0,"gold_gain":275,"player_choice":"Desecrate","damage_taken":0,"max_hp_gain":0,"max_hp_loss":0,"event_name":"Golden Shrine","floor":3,"gold_loss":0,"cards_obtained":["Regret"]},{"damage_healed":0,"gold_gain":175,"player_choice":"AGREE","damage_taken":0,"max_hp_gain":0,"max_hp_loss":0,"event_name":"Liars Game","floor":11,"gold_loss":0,"cards_obtained":["Doubt"]},{"cards_removed":["Doubt"],"damage_healed":0,"gold_gain":0,"player_choice":"Forget","damage_taken":0,"max_hp_gain":0,"max_hp_loss":0,"event_name":"Living Wall","floor":13,"gold_loss":0},{"damage_healed":0,"gold_gain":0,"player_choice":"Fought Bandits","damage_taken":0,"max_hp_gain":0,"max_hp_loss":0,"event_name":"Masked Bandits","floor":19,"gold_loss":0},{"cards_removed":["Strike_G"],"damage_healed":0,"gold_gain":0,"player_choice":"Elegance","damage_taken":0,"max_hp_gain":0,"max_hp_loss":0,"event_name":"Back to Basics","floor":20,"gold_loss":0},{"damage_healed":0,"gold_gain":0,"player_choice":"Ignored","damage_taken":0,"max_hp_gain":0,"max_hp_loss":0,"event_name":"Ghosts","floor":31,"gold_loss":0},{"damage_healed":0,"gold_gain":0,"player_choice":"Memory 1","damage_taken":0,"max_hp_gain":0,"max_hp_loss":0,"event_name":"SensoryStone","floor":36,"gold_loss":0},{"damage_healed":0,"gold_gain":0,"player_choice":"1 cards matched","damage_taken":0,"max_hp_gain":0,"max_hp_loss":0,"event_name":"Match and Keep!","floor":37,"gold_loss":0,"cards_obtained":["After Image"]},{"damage_healed":0,"gold_gain":0,"player_choice":"Fight","damage_taken":0,"max_hp_gain":0,"max_hp_loss":0,"event_name":"MindBloom","floor":45,"gold_loss":0},{"damage_healed":0,"gold_gain":0,"player_choice":"Fight","damage_taken":0,"max_hp_gain":0,"max_hp_loss":0,"event_name":"Mysterious Sphere","floor":46,"gold_loss":0}],"is_beta":false,"boss_relics":[{"not_picked":["HoveringKite","Runic Dome"],"picked":"Philosopher\u0027s Stone"},{"not_picked":["Fusion Hammer","SacredBark"],"picked":"Runic Pyramid"}],"items_purged_floors":[7,25],"is_endless":false,"potions_floor_spawned":[1,4,8,16,19,23,28,30,33,39,41,42,46],"ascension_level":0}}