{"host":"87w2793jpavfbt1o","time":1607590217,"event":{"gold_per_floor":[111,111,41,41,116,142,142,142,156,185,233,263,263,263,263],"floor_reached":14,"playtime":1133,"items_purged":[],"score":120,"play_id":"a2102d76-0b29-4c1e-be7a-88927c2730f6","local_time":"20201210005017","is_ascension_mode":true,"campfire_choices":[],"neow_cost":"","seed_source_timestamp":-625568117894220738,"circlet_count":0,"master_deck":["Strike_B","Strike_B","Strike_B","Strike_B","Defend_B","Defend_B","Defend_B","Defend_B","Zap","Dualcast","testmod-AdversityCounterattack","REME_Shoggoth","Ball Lightning","Darkness","conspire:SharedLibrary","Injury","FIFO Queue+1","Gash","hubris:DoWhile","REME_SelfUpgrade+1"],"relics":["Cracked Core","hubris:DeckOfHolding","REME_ComplimentaryCards","testmod-TestBox","Frozen Egg 2","aspiration:StickyExplosives_weak","hubris:BottledRain","Potion Belt","hubris:TenFootPole","aspiration:ChemicalBlood"],"potions_floor_usage":[6,14],"damage_taken":[{"damage":0,"enemies":"Cultist","floor":1,"turns":3},{"damage":2,"enemies":"Lagavulin","floor":6,"turns":5},{"damage":6,"enemies":"2 Louse","floor":9,"turns":2},{"damage":21,"enemies":"Gremlin Nob","floor":10,"turns":5},{"damage":21,"enemies":"Lagavulin","floor":12,"turns":7},{"damage":25,"enemies":"3 Sentries","floor":14,"turns":4}],"seed_played":"4841155067899813295","potions_obtained":[{"floor":1,"key":"DistilledChaos"}],"is_trial":false,"path_per_floor":["M","?","$","?","T","E","PTL","PTL","M","E","T","E","T","E"],"character_chosen":"DEFECT","items_purchased":["Ball Lightning","conspire:SharedLibrary"],"campfire_rested":0,"item_purchase_floors":[0,3],"current_hp_per_floor":[75,75,75,75,75,73,73,73,67,46,46,25,25,0,0],"gold":263,"neow_bonus":"","is_prod":false,"is_daily":false,"chose_seed":false,"campfire_upgraded":0,"win_rate":0,"timestamp":1607590217,"path_taken":["M","?","?","?","?","E","PTL","PTL","?","E","T","E","?","E"],"build_version":"2020-11-30","purchased_purges":0,"victory":false,"max_hp_per_floor":[75,75,75,75,75,75,75,75,75,75,75,75,75,75,75],"card_choices":[{"not_picked":["Consume","Undo"],"picked":"Darkness","floor":1},{"not_picked":["Turbo","Coolheaded"],"picked":"FIFO Queue+1","floor":6},{"not_picked":["Cold Snap","Streamline"],"picked":"Gash","floor":9},{"not_picked":["Steam","Stack"],"picked":"hubris:DoWhile","floor":10},{"not_picked":["Hyperbeam","Streamline"],"picked":"REME_SelfUpgrade+1","floor":12}],"player_experience":598897,"relics_obtained":[{"floor":5,"key":"aspiration:StickyExplosives_weak"},{"floor":6,"key":"hubris:BottledRain"},{"floor":10,"key":"Potion Belt"},{"floor":11,"key":"hubris:TenFootPole"},{"floor":12,"key":"aspiration:ChemicalBlood"},{"floor":13,"key":"hubris:DeckOfHolding"}],"event_choices":[],"is_beta":false,"boss_relics":[],"items_purged_floors":[],"is_endless":false,"potions_floor_spawned":[1],"killed_by":"3 Sentries","ascension_level":3}}