{"host":"igj4vwc42ivwqexo","time":1607614869,"event":{"mods":["BaseMod","StSLib","Infinite Spire","Koishi","Marisa????????","Minty Spire (QoL Compilation)","Shop Mod","The Disciple","The Hierophant","The Servant 0.9.4"],"gold_per_floor":[118,136,86,105,105,105,133,133,133,148,148,163,195,210,210,311,311,329,329,346,356,376,393,393,426,452,46,66,66,77,104,104,199,199,212,226,279,298,298,323,341,341,341,115,115,140,140,158,158,158],"floor_reached":51,"playtime":5764,"items_purged":["Defend_B","Barrage"],"score":822,"play_id":"75bbcd72-f737-4da6-bf9f-1218c2a68906","local_time":"20201210164109","is_ascension_mode":true,"campfire_choices":[{"data":"Chaos","floor":6,"key":"SMITH"},{"data":"Zap","floor":8,"key":"SMITH"},{"data":"Genetic Algorithm","floor":15,"key":"SMITH"},{"data":"Chaos","floor":24,"key":"SMITH"},{"data":"Storm","floor":29,"key":"SMITH"},{"data":"infinitespire:SevenWalls","floor":32,"key":"SMITH"},{"data":"Heatsinks","floor":42,"key":"SMITH"},{"data":"Rainbow","floor":45,"key":"SMITH"},{"data":"Creative AI","floor":47,"key":"SMITH"},{"data":"Biased Cognition","floor":49,"key":"SMITH"}],"circlet_count":0,"master_deck":["Zap+1","Dualcast","BootSequence","Lockon","Chaos+1","Scrape","Chill","Genetic Algorithm+1","Chaos+1","Undo","Machine Learning","Coolheaded","infinitespire:SevenWalls+1","Storm+1","Reinforced Body","Consume+1","Heatsinks+1","Auto Shields+1","Storm","FTL","Leap+1","Double Energy+1","Aggregate","Biased Cognition+1","Self Repair","Meteor Strike","Self Repair","Cold Snap","Conserve Battery+1","Cold Snap","Gash+1","Conserve Battery+1","Redo+1","Rainbow+1","Creative AI+1","Ball Lightning+1"],"relics":["Cracked Core","infinitespire:ShieldingShard","Mango","Bronze Scales","Ancient Tea Set","Nuclear Battery","Incense Burner","Potion Belt","infinitespire:Satchel","infinitespire:BottledMercury","Toy Ornithopter","Pandora\u0027s Box","infinitespire:CursedDice","Spirit Poop","Akabeko","MawBank","Gambling Chip"],"acts_visited":["Exordium","TheCity","TheBeyond"],"potions_floor_usage":[16,18,33,46,46],"damage_taken":[{"damage":1,"enemies":"Jaw Worm","floor":1,"turns":4},{"damage":0,"enemies":"Cultist","floor":2,"turns":4},{"damage":1,"enemies":"2 Louse","floor":4,"turns":2},{"damage":14,"enemies":"3 Sentries","floor":7,"turns":7},{"damage":0,"enemies":"Gremlin Gang","floor":10,"turns":4},{"damage":0,"enemies":"Large Slime","floor":12,"turns":4},{"damage":8,"enemies":"Lagavulin","floor":13,"turns":5},{"damage":0,"enemies":"Exordium Wildlife","floor":14,"turns":4},{"damage":22,"enemies":"Hexaghost","floor":16,"turns":8},{"damage":5,"enemies":"2 Thieves","floor":18,"turns":4},{"damage":1,"enemies":"Chosen","floor":20,"turns":5},{"damage":0,"enemies":"Snecko","floor":21,"turns":5},{"damage":0,"enemies":"Centurion and Healer","floor":22,"turns":8},{"damage":0,"enemies":"Sentry and Sphere","floor":23,"turns":7},{"damage":12,"enemies":"Slavers","floor":25,"turns":5},{"damage":0,"enemies":"Snake Plant","floor":28,"turns":3},{"damage":0,"enemies":"3 Cultists","floor":30,"turns":5},{"damage":0,"enemies":"Book of Stabbing","floor":31,"turns":4},{"damage":7,"enemies":"Collector","floor":33,"turns":12},{"damage":0,"enemies":"3 Darklings","floor":35,"turns":4},{"damage":0,"enemies":"3 Shapes","floor":36,"turns":3},{"damage":0,"enemies":"2 Orb Walkers","floor":37,"turns":5},{"damage":0,"enemies":"Writhing Mass","floor":38,"turns":5},{"damage":14,"enemies":"Giant Head","floor":40,"turns":9},{"damage":0,"enemies":"Spire Growth","floor":41,"turns":3},{"damage":17,"enemies":"Reptomancer","floor":46,"turns":4},{"damage":0,"enemies":"Sphere and 2 Shapes","floor":48,"turns":5},{"damage":30,"enemies":"infinitespire:MassOfShapes","floor":50,"turns":15}],"seed_played":"3357301108226788863","potions_obtained":[{"floor":2,"key":"SkillPotion"},{"floor":10,"key":"PowerPotion"},{"floor":14,"key":"FocusPotion"},{"floor":16,"key":"SneckoOil"},{"floor":18,"key":"DistilledChaos"},{"floor":21,"key":"Block Potion"},{"floor":28,"key":"Explosive Potion"},{"floor":30,"key":"Block Potion"},{"floor":33,"key":"Weak Potion"},{"floor":35,"key":"DuplicationPotion"},{"floor":46,"key":"EssenceOfSteel"}],"is_trial":false,"path_per_floor":["M","M","?","M","?","R","E","R","T","M","?","M","E","M","R","B",null,"M","AVR","M","M","M","M","R","E","T","$","M","R","M","E","R","B",null,"M","M","?","M","?","E","M","R","T","$","R","E","R","M","R","B",null],"character_chosen":"DEFECT","items_purchased":["Storm","FTL","infinitespire:BottledMercury","Rainbow"],"campfire_rested":0,"item_purchase_floors":[27,27,27,44],"current_hp_per_floor":[81,81,81,80,80,80,80,80,80,80,80,80,72,72,72,50,96,91,91,90,90,90,90,90,78,78,78,78,78,78,78,78,76,96,96,96,96,96,93,93,93,93,93,93,93,83,83,83,83,67],"gold":158,"neow_bonus":"TEN_PERCENT_HP_BONUS","is_daily":false,"chose_seed":false,"campfire_upgraded":10,"win_rate":0,"timestamp":1607614869,"path_taken":["M","M","?","M","?","R","E","R","T","?","?","M","E","M","R","BOSS","M","AVR","M","M","M","M","R","E","T","$","?","R","M","E","R","BOSS","M","M","?","M","?","E","?","R","T","$","R","E","R","M","R","BOSS"],"build_version":"2020-11-30","purchased_purges":2,"victory":true,"max_hp_per_floor":[82,82,82,82,82,82,96,96,96,96,96,96,96,96,96,96,96,96,96,96,96,96,96,96,96,96,96,96,96,96,96,96,96,96,96,96,96,96,93,93,93,93,93,93,93,93,93,93,93,93],"card_choices":[{"not_picked":["Redo","Turbo"],"picked":"BootSequence","floor":1},{"not_picked":["Steam","Gash"],"picked":"Lockon","floor":2},{"not_picked":["Turbo","Compile Driver"],"picked":"Chaos","floor":4},{"not_picked":["Cold Snap","Force Field"],"picked":"Scrape","floor":7},{"not_picked":["Lockon","Rebound"],"picked":"Chill","floor":10},{"not_picked":["Streamline","Doom and Gloom"],"picked":"Genetic Algorithm","floor":12},{"not_picked":["Hello World","Barrage"],"picked":"Chaos","floor":13},{"not_picked":["Leap","Cold Snap"],"picked":"Undo","floor":14},{"not_picked":["Thunder Strike","Meteor Strike"],"picked":"Machine Learning","floor":16},{"not_picked":["Leap","Melter"],"picked":"Coolheaded","floor":18},{"not_picked":["Stack+1","Heatsinks"],"picked":"Storm","floor":20},{"not_picked":["Steam","Conserve Battery"],"picked":"Reinforced Body","floor":21},{"not_picked":["Multi-Cast","Ball Lightning"],"picked":"Consume+1","floor":22},{"not_picked":["Consume+1","Sweeping Beam"],"picked":"Heatsinks","floor":23},{"not_picked":["Aggregate","Hologram"],"picked":"Auto Shields+1","floor":25},{"not_picked":["Gash","Beam Cell+1"],"picked":"Leap+1","floor":28},{"not_picked":["Barrage+1","Multi-Cast"],"picked":"Double Energy+1","floor":30},{"not_picked":["Reprogram+1","Gash"],"picked":"Aggregate","floor":31},{"not_picked":["Reboot","Seek"],"picked":"Biased Cognition","floor":33},{"not_picked":["Cold Snap","Rip and Tear+1"],"picked":"Conserve Battery+1","floor":35},{"not_picked":["Beam Cell+1","Turbo","Steam"],"picked":"SKIP","floor":36},{"not_picked":["Gash","Go for the Eyes"],"picked":"Cold Snap","floor":37},{"not_picked":["Cold Snap","Scrape+1"],"picked":"Gash+1","floor":38},{"not_picked":["Leap","Auto Shields"],"picked":"Conserve Battery+1","floor":40},{"not_picked":["Stack+1","Go for the Eyes+1"],"picked":"Redo+1","floor":41},{"not_picked":["Steam+1","All For One"],"picked":"Creative AI","floor":46},{"not_picked":["Conserve Battery","Stack"],"picked":"Ball Lightning+1","floor":48}],"player_experience":207423,"relics_obtained":[{"floor":7,"key":"Mango"},{"floor":9,"key":"Bronze Scales"},{"floor":13,"key":"Ancient Tea Set"},{"floor":25,"key":"Potion Belt"},{"floor":26,"key":"infinitespire:Satchel"},{"floor":31,"key":"Toy Ornithopter"},{"floor":37,"key":"infinitespire:CursedDice"},{"floor":40,"key":"Akabeko"},{"floor":43,"key":"MawBank"},{"floor":46,"key":"Gambling Chip"}],"event_choices":[{"cards_removed":["Strike_B"],"damage_healed":0,"gold_gain":0,"player_choice":"Card Removal","damage_taken":0,"max_hp_gain":0,"max_hp_loss":0,"event_name":"The Cleric","floor":3,"gold_loss":50},{"damage_healed":0,"gold_gain":0,"player_choice":"Gave Potion","damage_taken":0,"relics_obtained":["infinitespire:ShieldingShard"],"max_hp_gain":0,"max_hp_loss":0,"event_name":"WeMeetAgain","floor":5,"gold_loss":0},{"cards_removed":["Strike_B"],"damage_healed":0,"gold_gain":0,"player_choice":"Purged","damage_taken":0,"max_hp_gain":0,"max_hp_loss":0,"event_name":"Purifier","floor":11,"gold_loss":0},{"damage_healed":0,"gold_gain":0,"player_choice":"Fight","damage_taken":0,"max_hp_gain":0,"max_hp_loss":0,"event_name":"Mysterious Sphere","floor":37,"gold_loss":0},{"cards_removed":["Parasite"],"damage_healed":0,"gold_gain":0,"player_choice":"Offered Curse","damage_taken":0,"relics_obtained":["Spirit Poop"],"max_hp_gain":0,"max_hp_loss":0,"event_name":"Bonfire Elementals","floor":39,"gold_loss":0}],"is_beta":false,"boss_relics":[{"not_picked":["Calling Bell","Runic Dome"],"picked":"Nuclear Battery"},{"not_picked":["Runic Pyramid","Sozu"],"picked":"Pandora\u0027s Box"}],"items_purged_floors":[19,44],"is_endless":false,"potions_floor_spawned":[2,10,14,16,18,21,23,28,30,33,35,37,40,46],"ascension_level":1}}