{"host":"zkqorkqsr6o67e8b","time":1607589575,"event":{"gold_per_floor":[368,368,127,145,145,145,175,175,230,130,130,162,162,216,216],"floor_reached":14,"playtime":477,"items_purged":["alterego_mod:BigMeatyClaws","alterego_mod:Strike"],"score":188,"play_id":"d2533b34-e5b9-4ffe-bb7e-444e024d86d5","local_time":"20201210163935","is_ascension_mode":true,"campfire_choices":[{"data":"alterego_mod:PerceptionDisorder","floor":6.0,"key":"SMITH"},{"data":"alterego_mod:ChallengeComplete","floor":8.0,"key":"SMITH"}],"neow_cost":"TEN_PERCENT_HP_LOSS","seed_source_timestamp":28597030097200,"circlet_count":0,"master_deck":["AscendersBane","alterego_mod:Strike","alterego_mod:Strike","alterego_mod:Strike","alterego_mod:Defend","alterego_mod:Defend","alterego_mod:Defend","alterego_mod:Defend","alterego_mod:BrynhildrsRune","DeusExMachina+1","alterego_mod:PerceptionDisorder+1","alterego_mod:ChallengeComplete+1"],"special_seed":0,"relics":["alterego_mod:MasochisticConstitution","REME_ComplimentaryCards","Medical Kit","Lantern","ThirstyCross","REME_ArchaeologicalTools"],"potions_floor_usage":[],"damage_taken":[{"damage":4.0,"enemies":"Jaw Worm","floor":1.0,"turns":4.0},{"damage":7.0,"enemies":"Cultist","floor":4.0,"turns":6.0},{"damage":34.0,"enemies":"3 Sentries","floor":7.0,"turns":12.0},{"damage":29,"enemies":"Lagavulin","floor":12,"turns":6},{"damage":15,"enemies":"Gremlin Nob","floor":14,"turns":3}],"seed_played":"6517453239928825471","potions_obtained":[{"floor":7.0,"key":"LiquidBronze"}],"is_trial":false,"path_per_floor":["M","?","$","M","?","R","E","R","T","$","?","E","?","E"],"character_chosen":"The_Alterego","items_purchased":["Medical Kit"],"campfire_rested":0,"item_purchase_floors":[3],"current_hp_per_floor":[56,56,56,57,62,62,43,43,43,43,43,22,15,0,0],"gold":216,"neow_bonus":"TWO_FIFTY_GOLD","is_prod":false,"is_daily":false,"chose_seed":false,"campfire_upgraded":2,"win_rate":0,"timestamp":1607589575,"path_taken":["M","?","$","?","?","R","E","R","T","$","?","E","?","E"],"build_version":"2020-11-30","purchased_purges":2,"victory":false,"max_hp_per_floor":[60,60,60,61,66,66,67,67,67,67,67,68,68,68,68],"card_choices":[{"not_picked":["alterego_mod:Bloomers","alterego_mod:MagicResistance","alterego_mod:Crossover"],"picked":"SKIP","floor":1.0},{"not_picked":["alterego_mod:SuperDuperMasochism","alterego_mod:1TonWallop"],"picked":"alterego_mod:PerceptionDisorder","floor":4.0},{"not_picked":["alterego_mod:Crossover","alterego_mod:Table"],"picked":"alterego_mod:ChallengeComplete","floor":7.0},{"not_picked":["alterego_mod:Smother","alterego_mod:Santa","alterego_mod:GachaTicket"],"picked":"SKIP","floor":12}],"player_experience":662501,"relics_obtained":[{"floor":7.0,"key":"Lantern"},{"floor":12,"key":"REME_ArchaeologicalTools"}],"event_choices":[{"damage_healed":0.0,"max_hp_gain":0.0,"max_hp_loss":0.0,"gold_gain":0.0,"event_name":"Upgrade Shrine","player_choice":"Upgraded","floor":2.0,"gold_loss":0.0,"damage_taken":0.0,"cards_upgraded":["DeusExMachina"]},{"damage_healed":0.0,"max_hp_gain":5.0,"max_hp_loss":0.0,"gold_gain":0.0,"event_name":"Big Fish","player_choice":"Donut","floor":5.0,"gold_loss":0.0,"damage_taken":0.0},{"cards_removed":["alterego_mod:Impale"],"damage_healed":0,"gold_gain":0,"player_choice":"Card Removal","damage_taken":7,"max_hp_gain":0,"max_hp_loss":0,"event_name":"Golden Wing","floor":13,"gold_loss":0}],"is_beta":false,"boss_relics":[],"items_purged_floors":[3,10],"is_endless":false,"potions_floor_spawned":[7],"killed_by":"Gremlin Nob","ascension_level":20}}