{"host":"g1wmg2w41xhsnw8g","time":1607565391,"event":{"gold_per_floor":[113,113,127,127,144,144,174,174,174,194,228,228,228,245,64,164,164,176,189,189,189],"floor_reached":20,"playtime":1431,"items_purged":[],"score":243,"play_id":"88198f47-7d3d-4b13-bcc5-40408bf3efa2","local_time":"20201209205631","daily_mods":["SealedDeck","Specialized","Heirloom","Elite Swarm"],"is_ascension_mode":true,"campfire_choices":[{"data":"RobotSpaceExplorer:TrailblazerForm","floor":6,"key":"SMITH"},{"data":"RobotSpaceExplorer:PowerCollector","floor":8,"key":"SMITH"}],"neow_cost":"","seed_source_timestamp":0,"circlet_count":0,"master_deck":["locksmith:GoAway","locksmith:GoAway","locksmith:GoAway","locksmith:GoAway","locksmith:GoAway","RobotSpaceExplorer:PlasmaMissile","locksmith:Recharge","locksmith:Absorb","RobotSpaceExplorer:MiniDrones+1","locksmith:CursedKey","RobotSpaceExplorer:ShovelStrike","locksmith:Prep","RobotSpaceExplorer:FreezeRay","RobotSpaceExplorer:PowerCollector+1","RobotSpaceExplorer:TrailblazerForm+1","locksmith:ValueDummy","locksmith:HiddenPower","RobotSpaceExplorer:Ammunition","locksmith:Anime","RobotSpaceExplorer:DoubleBlock+1","locksmith:CripplingDummy","locksmith:Harvest","CurseOfTheBell","locksmith:CursedKey","locksmith:PocketKey"],"relics":["RobotSpaceExplorer:RoboCore","Happy Flower","Ornamental Fan","Darkstone Periapt","Art of War","MerchantsRug","Potion Belt","Calling Bell","Bag of Marbles","Question Card","StoneCalendar"],"potions_floor_usage":[7,19],"damage_taken":[{"damage":0,"enemies":"2 Louse","floor":1,"turns":3},{"damage":0,"enemies":"Jaw Worm","floor":3,"turns":3},{"damage":21,"enemies":"infinitespire:Voidling","floor":5,"turns":7},{"damage":11,"enemies":"Lagavulin","floor":7,"turns":6},{"damage":0,"enemies":"3 Louse","floor":10,"turns":2},{"damage":36,"enemies":"3 Sentries","floor":11,"turns":6},{"damage":3,"enemies":"Looter","floor":14,"turns":8},{"damage":46,"enemies":"The Guardian","floor":16,"turns":8},{"damage":59,"enemies":"Chosen","floor":18,"turns":7},{"damage":29,"enemies":"2 Thieves","floor":19,"turns":3},{"damage":5,"enemies":"Snake Plant","floor":20,"turns":2}],"seed_played":"-1360971144793947324","potions_obtained":[{"floor":1,"key":"SCP261:BlastolaColaPotion"},{"floor":10,"key":"Dexterity Potion"},{"floor":14,"key":"SCP261:DewritoBlazePotion"},{"floor":16,"key":"Dexterity Potion"},{"floor":18,"key":"RobotSpaceExplorer:RecyclePotion"}],"is_trial":true,"path_per_floor":["M","?","M","?","M","R","E","R","T","M","E","?","?","M","R","B",null,"M","M","M"],"character_chosen":"RobotSpaceExplorer","items_purchased":["Art of War","MerchantsRug","Potion Belt"],"campfire_rested":0,"item_purchase_floors":[15,15,15],"current_hp_per_floor":[75,75,75,75,68,68,57,57,57,57,21,6,85,82,82,36,91,32,3,0,0],"gold":189,"neow_bonus":"","is_prod":false,"is_daily":false,"chose_seed":false,"campfire_upgraded":2,"win_rate":0,"timestamp":1607565391,"path_taken":["M","?","M","?","M","R","E","R","T","?","E","?","?","M","R","BOSS","M","M","M"],"build_version":"2020-11-30","purchased_purges":0,"victory":false,"max_hp_per_floor":[75,75,75,75,75,75,75,75,75,75,75,75,85,85,85,85,91,91,91,91,91],"card_choices":[{"not_picked":["RobotSpaceExplorer:LaserBurst","RobotSpaceExplorer:SlimeMissile"],"picked":"locksmith:ValueDummy","floor":1},{"not_picked":["RobotSpaceExplorer:Counterblock","locksmith:LockBlock","locksmith:PuppetGuard"],"picked":"SKIP","floor":3},{"not_picked":["RobotSpaceExplorer:LaserBurst","RobotSpaceExplorer:StunGrenade"],"picked":"RobotSpaceExplorer:Ammunition","floor":5},{"not_picked":["locksmith:DarkDoom","locksmith:TrueEvil"],"picked":"locksmith:Anime","floor":7},{"not_picked":["RobotSpaceExplorer:MiniDrones","RobotSpaceExplorer:ImprovisedAttack"],"picked":"RobotSpaceExplorer:DoubleBlock","floor":10},{"not_picked":["locksmith:HitBurnDrawBurnBlockBurn","locksmith:SlowSapping"],"picked":"RobotSpaceExplorer:Scanner","floor":11},{"not_picked":["RobotSpaceExplorer:PlasmaMissile","RobotSpaceExplorer:SurgingShield"],"picked":"locksmith:CripplingDummy","floor":14},{"not_picked":["locksmith:GreaterEvil","locksmith:ItWasAJoke"],"picked":"locksmith:Harvest","floor":16},{"not_picked":["RobotSpaceExplorer:ImprovisedAttack+1","locksmith:Capitalize+1","RobotSpaceExplorer:GlueShot"],"picked":"locksmith:CursedKey","floor":18},{"not_picked":["locksmith:Curse","locksmith:WaveOfRudeness","RobotSpaceExplorer:Calculate"],"picked":"locksmith:PocketKey","floor":19}],"player_experience":1369894,"relics_obtained":[{"floor":7,"key":"sagemod:Singing_Vial"},{"floor":9,"key":"Ornamental Fan"},{"floor":11,"key":"Darkstone Periapt"},{"floor":17,"key":"Bag of Marbles"},{"floor":17,"key":"Question Card"},{"floor":17,"key":"StoneCalendar"}],"event_choices":[{"damage_healed":0,"gold_gain":0,"cards_transformed":["TheSimpletonMod:Nettles"],"player_choice":"Change","damage_taken":0,"max_hp_gain":0,"max_hp_loss":0,"event_name":"Living Wall","floor":4,"gold_loss":0,"cards_obtained":["locksmith:HiddenPower"]},{"damage_healed":21,"gold_gain":0,"player_choice":"Upgrade","damage_taken":15,"max_hp_gain":0,"max_hp_loss":75,"event_name":"betterThird:BetterShining","floor":12,"gold_loss":0,"cards_upgraded":["RobotSpaceExplorer:DoubleBlock","RobotSpaceExplorer:MiniDrones"]},{"cards_removed":["RobotSpaceExplorer:Scanner"],"damage_healed":69,"gold_gain":0,"player_choice":"Offered Rare","damage_taken":0,"max_hp_gain":10,"max_hp_loss":0,"event_name":"Bonfire Elementals","floor":13,"gold_loss":0}],"is_beta":false,"boss_relics":[{"not_picked":["Fusion Hammer","Sozu"],"picked":"Calling Bell"}],"items_purged_floors":[],"is_endless":false,"potions_floor_spawned":[1,10,14,16,18],"killed_by":"Snake Plant","ascension_level":1}}