{"host":"0o4jkshs65tojivq","time":1607575917,"event":{"gold_per_floor":[118,118,135,148,148,173,233,259,259,259,273,198,198,210,210,287,287,297,308,358,374,424,424,484,498,498,527,627,637,713,763,763,837,837,856,906,916,966,1028,1028,1058,1058,1058,1069,1119,1119,1186,1205,1205,1205,1205],"floor_reached":50,"playtime":1305,"items_purged":["Barrage"],"score":1534,"play_id":"9d733c59-761b-4f4c-bafa-0abeede78a1f","local_time":"20201209205157","is_ascension_mode":true,"campfire_choices":[{"data":"Hyperbeam","floor":10,"key":"SMITH"},{"data":"Hyperbeam","floor":13,"key":"SMITH"},{"data":"Hyperbeam","floor":15,"key":"SMITH"},{"data":"Skim","floor":23,"key":"SMITH"},{"data":"Meteor Strike","floor":40,"key":"SMITH"},{"data":"Meteor Strike","floor":42,"key":"SMITH"},{"data":"Meteor Strike","floor":49,"key":"SMITH"}],"neow_cost":"NONE","seed_source_timestamp":-3554959666983804659,"circlet_count":0,"master_deck":["AscendersBane","Meteor Strike+1","Meteor Strike+1","Meteor Strike+1","Meteor Strike","Hyperbeam+1","Hyperbeam+1","Hyperbeam+1","Fission+1","Skim+1","Meteor Strike+1","Parasite"],"relics":["Snecko Eye","SsserpentHead","Vajra","HornCleat","ReplayTheSpireMod:Ninjato","Orichalcum","Replay:PocketPolymizer","MealTicket"],"potions_floor_usage":[],"damage_taken":[{"damage":0,"enemies":"Jaw Worm","floor":1,"turns":1},{"damage":0,"enemies":"Small Slimes","floor":3,"turns":1},{"damage":0,"enemies":"Cultist","floor":4,"turns":1},{"damage":0,"enemies":"3 Sentries","floor":6,"turns":2},{"damage":0,"enemies":"Exordium Thugs","floor":7,"turns":1},{"damage":0,"enemies":"Gremlin Nob","floor":8,"turns":1},{"damage":0,"enemies":"3 Louse","floor":11,"turns":1},{"damage":0,"enemies":"Gremlin Gang","floor":14,"turns":1},{"damage":0,"enemies":"Hexaghost","floor":16,"turns":2},{"damage":0,"enemies":"Spheric Guardian","floor":18,"turns":1},{"damage":0,"enemies":"Chosen","floor":19,"turns":1},{"damage":0,"enemies":"3 Cultists","floor":21,"turns":1},{"damage":0,"enemies":"Sentry and Sphere","floor":24,"turns":1},{"damage":0,"enemies":"Shelled Parasite and Fungi","floor":25,"turns":1},{"damage":0,"enemies":"Gremlin Leader","floor":27,"turns":1},{"damage":0,"enemies":"Cultist and Chosen","floor":29,"turns":1},{"damage":0,"enemies":"Collector","floor":33,"turns":2},{"damage":0,"enemies":"3 Darklings","floor":35,"turns":2},{"damage":14,"enemies":"3 Shapes","floor":37,"turns":1},{"damage":7,"enemies":"Sphere and 2 Shapes","floor":39,"turns":2},{"damage":0,"enemies":"Reptomancer","floor":41,"turns":2},{"damage":0,"enemies":"Spire Growth","floor":44,"turns":1},{"damage":0,"enemies":"R_Hoarder","floor":46,"turns":2},{"damage":0,"enemies":"Writhing Mass","floor":47,"turns":2},{"damage":14,"enemies":"4 Shapes","floor":48,"turns":1},{"damage":71,"enemies":"Time Eater","floor":50,"turns":3}],"seed_played":"-2238055624833036311","potions_obtained":[{"floor":6,"key":"Strength Potion"},{"floor":11,"key":"Elixir"}],"is_trial":false,"path_per_floor":["M","?","M","M","?","E","M","E","T","R","M","$","R","M","R","B",null,"M","M","?","M","?","R","M","M","T","E","?","M","T","?","R","B",null,"M","?","M","?","M","R","E","R","T","M","?","E","M","M","R","B"],"character_chosen":"DEFECT","items_purchased":[],"campfire_rested":0,"item_purchase_floors":[],"current_hp_per_floor":[64,64,64,64,64,64,64,64,64,64,64,64,64,64,64,64,69,69,69,48,48,48,48,48,48,48,48,48,48,48,48,69,69,71,71,67,53,77,70,70,70,70,70,70,70,70,70,56,56,0,0],"gold":1205,"neow_bonus":"BOSS_RELIC","is_prod":false,"is_daily":false,"chose_seed":false,"campfire_upgraded":7,"win_rate":0,"timestamp":1607575917,"path_taken":["M","?","M","M","?","E","?","E","T","R","M","$","R","M","R","BOSS","M","M","?","M","?","R","?","M","T","E","?","M","?","?","R","BOSS","M","?","M","?","?","R","E","R","T","M","?","E","?","M","R","BOSS"],"build_version":"2020-11-30","purchased_purges":1,"victory":false,"max_hp_per_floor":[71,71,71,71,71,71,71,71,71,71,71,71,71,71,71,71,71,71,71,71,71,71,71,71,71,71,71,71,71,71,71,71,71,71,71,67,67,77,77,77,77,77,77,77,77,77,77,77,77,77,77],"relic_stats":{"SsserpentHead":600,"counters":[26,36],"Snecko Eye":[68,71,72,68],"MealTicket":0,"Orichalcum":[48],"obtain_stats":[{"SsserpentHead":5,"HornCleat":26,"ReplayTheSpireMod:Ninjato":27,"Replay:PocketPolymizer":41,"Snecko Eye":0,"Vajra":9,"MealTicket":43,"Orichalcum":30,"Cracked Core":0},{"SsserpentHead":3,"HornCleat":14,"ReplayTheSpireMod:Ninjato":15,"Replay:PocketPolymizer":21,"Snecko Eye":0,"Vajra":6,"MealTicket":21,"Orichalcum":16,"Cracked Core":0},{"SsserpentHead":3,"HornCleat":16,"ReplayTheSpireMod:Ninjato":17,"Replay:PocketPolymizer":27,"Snecko Eye":0,"Vajra":7,"MealTicket":27,"Orichalcum":18,"Cracked Core":0}]},"card_choices":[{"not_picked":["Ball Lightning","Time Bomb","Cold Snap"],"picked":"SKIP","floor":1},{"not_picked":["Turbo","Conserve Battery","Beam Cell"],"picked":"SKIP","floor":3},{"not_picked":["Stack","BootSequence","Go for the Eyes"],"picked":"SKIP","floor":4},{"not_picked":["Compile Driver","Defragment"],"picked":"Barrage","floor":6},{"not_picked":["BasicCrystalCard","Stack","Leap"],"picked":"SKIP","floor":7},{"not_picked":["Panic Button","Loop","Stack"],"picked":"SKIP","floor":8},{"not_picked":["Scrape","BasicCrystalCard","Creative AI"],"picked":"SKIP","floor":11},{"not_picked":["Leap","Defragment"],"picked":"Skim","floor":14},{"not_picked":["ReplayTheSpireMod:System Scan","Leap","Sweeping Beam+1"],"picked":"SKIP","floor":18},{"not_picked":["Sweeping Beam","Stack","BasicCrystalCard"],"picked":"SKIP","floor":19},{"not_picked":["Sweeping Beam","ReplaySort","ReplayTheSpireMod:Calculation Training"],"picked":"SKIP","floor":21},{"not_picked":["Go for the Eyes","Coolheaded","BasicCrystalCard"],"picked":"SKIP","floor":24},{"not_picked":["Compile Driver","Hologram","Skim"],"picked":"SKIP","floor":25},{"not_picked":["Stack+1","Sunder","Recycle"],"picked":"SKIP","floor":27},{"not_picked":["Ball Lightning+1","Cold Snap+1","Core Surge"],"picked":"SKIP","floor":29},{"not_picked":["ReplaySolidLightProjector","ReplaySort","Streamline"],"picked":"SKIP","floor":35},{"not_picked":["Panic Button","Aggregate","Streamline+1"],"picked":"SKIP","floor":37},{"not_picked":["Hologram","Stack+1","ReplayGash"],"picked":"SKIP","floor":39},{"not_picked":["ReplayTheSpireMod:GoodbyeWorld+1","Beam Cell"],"picked":"Meteor Strike","floor":41},{"not_picked":["ReplayTheSpireMod:Reroute Power+1","Loop","Go for the Eyes+1"],"picked":"SKIP","floor":44},{"not_picked":["Rebound","Meteor Strike","Streamline+1"],"picked":"SKIP","floor":46},{"not_picked":["Leap","Reprogram","Hologram"],"picked":"SKIP","floor":47},{"not_picked":["Hello World","Barrage","Panic Button"],"picked":"SKIP","floor":48}],"player_experience":1063102,"relics_obtained":[{"floor":9,"key":"Vajra"},{"floor":26,"key":"HornCleat"},{"floor":27,"key":"ReplayTheSpireMod:Ninjato"},{"floor":30,"key":"Orichalcum"},{"floor":41,"key":"Replay:PocketPolymizer"},{"floor":43,"key":"MealTicket"}],"event_choices":[{"damage_healed":0,"gold_gain":0,"player_choice":"Trade","damage_taken":0,"relics_obtained":["SsserpentHead"],"max_hp_gain":0,"max_hp_loss":0,"event_name":"FaceTrader","floor":5,"gold_loss":0},{"damage_healed":0,"gold_gain":0,"player_choice":"Obtained Book","damage_taken":21,"max_hp_gain":0,"max_hp_loss":0,"event_name":"Cursed Tome","floor":20,"gold_loss":0},{"damage_healed":0,"gold_gain":0,"player_choice":"Ignored","damage_taken":0,"max_hp_gain":0,"max_hp_loss":0,"event_name":"WeMeetAgain","floor":22,"gold_loss":0},{"damage_healed":0,"gold_gain":50,"player_choice":"Stole From Cult","damage_taken":0,"max_hp_gain":0,"max_hp_loss":0,"event_name":"Nest","floor":28,"gold_loss":0},{"damage_healed":0,"gold_gain":0,"player_choice":"Forge","damage_taken":0,"max_hp_gain":0,"max_hp_loss":0,"event_name":"Accursed Blacksmith","floor":31,"gold_loss":0,"cards_upgraded":["Impervious"]},{"damage_healed":0,"gold_gain":0,"player_choice":"Max HP","damage_taken":0,"max_hp_gain":0,"max_hp_loss":4,"event_name":"Winding Halls","floor":36,"gold_loss":0},{"cards_removed":["Impervious"],"damage_healed":14,"gold_gain":0,"player_choice":"Offered Rare","damage_taken":0,"max_hp_gain":10,"max_hp_loss":0,"event_name":"Bonfire Elementals","floor":38,"gold_loss":0},{"cards_removed":["Meteor Strike"],"damage_healed":0,"gold_gain":0,"player_choice":"Purged","damage_taken":0,"max_hp_gain":0,"max_hp_loss":0,"event_name":"Purifier","floor":45,"gold_loss":0}],"is_beta":false,"boss_relics":[{"not_picked":["Calling Bell","Replay:Grab Bag","Replay:Wanted Poster"]},{"not_picked":["ReplayTheSpireMod:DimensionalGlitch","Busted Crown","Kintsugi"]}],"items_purged_floors":[12],"is_endless":false,"potions_floor_spawned":[3,6,11,18,21,24,33,41,44,48],"killed_by":"Time Eater","ascension_level":19}}