{"host":"10hinapzqlh39548","time":1607615804,"event":{"mods":["BaseMod","Colored Powertips","StSLib","Minty Spire (QoL Compilation)","MostiFishMod","Replay The Spire","Wandering Minibosses"],"gold_per_floor":[214,214,43,98,98,98,129,129,183,183,199,226,241,261,261,358,358,368,221,234,248,281,281,309,26,26,26,39,39,39,59,59,166,166,180,180,180,180,198,198,215,215,285,101,101,114,114,131,131,133],"floor_reached":51,"playtime":2515,"items_purged":["Strike_B","Strike_B","Strike_B"],"score":1273,"play_id":"9f3ffa14-6b22-4b11-8dbb-80b85ee3b924","local_time":"20201210165644","is_ascension_mode":true,"campfire_choices":[{"floor":6.0,"key":"REST"},{"data":"MostiFishMod:KingOfFree","floor":8.0,"key":"SMITH"},{"floor":15.0,"key":"REST"},{"data":"Double Energy","floor":23.0,"key":"SMITH"},{"data":"MostiFishMod:InterfaceCompatibility","floor":30.0,"key":"SMITH"},{"data":"Impatience","floor":32.0,"key":"SMITH"},{"data":"MostiFishMod:NightSea","floor":40.0,"key":"SMITH"},{"data":"FTL","floor":42.0,"key":"SMITH"},{"data":"MostiFishMod:Overload","floor":49,"key":"SMITH"}],"circlet_count":0,"master_deck":["AscendersBane","Defend_B","Defend_B+1","Defend_B","Defend_B","Zap+1","Dualcast","Hologram","MostiFishMod:KingOfFree+1","FTL+1","Chill","Double Energy+1","MostiFishMod:InterfaceCompatibility+1","Gash","Steam","Impatience+1","Steam","Go for the Eyes+1","Gash","Go for the Eyes","MostiFishMod:Overload+1","Beam Cell","MostiFishMod:NightSea+1","Gash+1","Beam Cell","Gash","Steam"],"special_seed":0,"relics":["Cracked Core","DaveBox","HaiYi:Twilight","Question Card","Ornamental Fan","Replay:Bottled Flurry","Ring of Hypnosis","Art of War","ImportantClient","PatriotShield","Red Mask","Pocketwatch","Shuriken","Meat on the Bone","Enchiridion","RhineSuit","Kunai"],"acts_visited":["Exordium","TheCity","TheBeyond"],"potions_floor_usage":[],"damage_taken":[{"damage":7.0,"enemies":"Jaw Worm","floor":1.0,"turns":3.0},{"damage":22.0,"enemies":"Replay:BlueRogue","floor":7.0,"turns":7.0},{"damage":0.0,"enemies":"Small Slimes","floor":11.0,"turns":3.0},{"damage":17.0,"enemies":"3 Sentries","floor":12.0,"turns":6.0},{"damage":0.0,"enemies":"Cultist","floor":13.0,"turns":3.0},{"damage":7.0,"enemies":"Large Slime","floor":14.0,"turns":7.0},{"damage":29.0,"enemies":"Slime Boss","floor":16.0,"turns":4.0},{"damage":0.0,"enemies":"Spheric Guardian","floor":18.0,"turns":1.0},{"damage":0.0,"enemies":"Chosen","floor":20.0,"turns":6.0},{"damage":0.0,"enemies":"Sentry and Sphere","floor":21.0,"turns":3.0},{"damage":0.0,"enemies":"Masked Bandits","floor":22.0,"turns":2.0},{"damage":0.0,"enemies":"Slavers","floor":24.0,"turns":2.0},{"damage":0.0,"enemies":"3 Cultists","floor":28.0,"turns":2.0},{"damage":0.0,"enemies":"Centurion and Healer","floor":31.0,"turns":1.0},{"damage":0.0,"enemies":"Pondfish","floor":33.0,"turns":2.0},{"damage":0.0,"enemies":"3 Darklings","floor":35.0,"turns":3.0},{"damage":0.0,"enemies":"Orb Walker","floor":39.0,"turns":1.0},{"damage":0.0,"enemies":"4 Shapes","floor":41.0,"turns":2.0},{"damage":0,"enemies":"Writhing Mass","floor":46,"turns":2},{"damage":0,"enemies":"Jaw Worm Horde","floor":48,"turns":2},{"damage":0,"enemies":"Replay:Hell Engine","floor":50,"turns":1}],"seed_played":"4475182159009829999","potions_obtained":[{"floor":12.0,"key":"EssenceOfSteel"},{"floor":13.0,"key":"FocusPotion"},{"floor":14.0,"key":"ColorlessPotion"},{"floor":16.0,"key":"EssenceOfDarkness"},{"floor":18.0,"key":"Milkshake"},{"floor":24.0,"key":"SkillPotion"},{"floor":48,"key":"FocusPotion"}],"is_trial":false,"path_per_floor":["M","?","$","?","?","R","E","R","T","?","M","E","M","M","R","B",null,"M","$","M","M","?","R","E","$","T","$","M","?","R","M","R","B",null,"M","?","?","?","M","R","M","R","T","$","?","M","$","M","R","B",null],"character_chosen":"DEFECT","items_purchased":["MostiFishMod:KingOfFree","Steam","Impatience","Shuriken","Gash","Steam"],"campfire_rested":2,"item_purchase_floors":[3,19,19,25,44,44],"current_hp_per_floor":[61,46,46,28,28,50,31,31,31,31,32,17,19,14,36,8,58,58,58,60,60,62,62,64,64,64,64,66,50,50,52,52,56,70,71,71,71,71,71,71,73,73,73,73,73,75,75,75,75,75],"gold":133,"neow_bonus":"HUNDRED_GOLD","is_daily":false,"chose_seed":false,"campfire_upgraded":7,"win_rate":0,"timestamp":1607615804,"path_taken":["M","?","$","?","?","R","E","R","T","?","M","E","M","M","R","BOSS","M","$","M","M","?","R","E","$","T","?","?","?","R","M","R","BOSS","M","?","?","?","M","R","?","R","T","$","?","?","$","M","R","BOSS"],"build_version":"2020-11-30","purchased_purges":3,"victory":true,"max_hp_per_floor":[75,75,75,75,75,75,75,75,75,75,75,75,75,75,75,75,75,75,75,75,75,75,75,75,75,75,75,75,75,75,75,75,75,75,75,75,75,75,75,75,75,75,75,75,75,75,75,75,75,75],"card_choices":[{"not_picked":["Go for the Eyes","Redo"],"picked":"Hologram","floor":1.0},{"not_picked":["Beam Cell","Redo","Streamline"],"picked":"FTL","floor":4.0},{"not_picked":["BasicCrystalCard","Ball Lightning","MostiFishMod:Hijack"],"picked":"Chill","floor":4.0},{"not_picked":["Consume","ReplayTheSpireMod:GoodbyeWorld","ReplayTheSpireMod:System Scan"],"picked":"Beam Cell","floor":7.0},{"not_picked":["ReplayTheSpireMod:Reroute Power","Stack","Panic Button","MostiFishMod:ReprogramOld"],"picked":"SKIP","floor":11.0},{"not_picked":["Conserve Battery","Chill","Steam Power","ReplayTheSpireMod:System Scan"],"picked":"SKIP","floor":12.0},{"not_picked":["BasicCrystalCard","Chaos","Rebound","Time Bomb"],"picked":"SKIP","floor":13.0},{"not_picked":["Recycle","Steam Power","Cold Snap"],"picked":"Double Energy","floor":14.0},{"not_picked":["MostiFishMod:LinkProtocol","MostiFishMod:Overload","Reboot"],"picked":"MostiFishMod:InterfaceCompatibility","floor":16.0},{"not_picked":["Rebound+1","Hologram","Conserve Battery"],"picked":"Gash","floor":18.0},{"not_picked":["Sweeping Beam","Redo","Turbo","Compile Driver+1"],"picked":"SKIP","floor":20.0},{"not_picked":["ReplayTheSpireMod:Reroute Power","MostiFishMod:GoodWordForIt","Reprogram"],"picked":"Steam","floor":21.0},{"not_picked":["Ball Lightning","Sweeping Beam+1","Darkness+1"],"picked":"Go for the Eyes+1","floor":22.0},{"not_picked":["Force Field","Turbo","Sunder+1","MostiFishMod:FourSeasons"],"picked":"SKIP","floor":24.0},{"not_picked":["Force Field","Turbo","Sunder+1","MostiFishMod:FourSeasons"],"picked":"SKIP","floor":24.0},{"not_picked":["BasicCrystalCard","Conserve Battery","ReplayGash"],"picked":"Gash","floor":28.0},{"not_picked":["MostiFishMod:ReprogramOld","Aggregate+1","Coolheaded"],"picked":"Go for the Eyes","floor":31.0},{"not_picked":["MostiFishMod:ActiveDefenseSystem","ReplayTheSpireMod:Omega Cannon","Electrodynamics"],"picked":"MostiFishMod:Overload","floor":33.0},{"not_picked":["Turbo","Panic Button","Streamline"],"picked":"Beam Cell","floor":35.0},{"not_picked":["ReplayTheSpireMod:Uncanny Aura","Purity","Specialist"],"picked":"MostiFishMod:NightSea","floor":36.0},{"not_picked":["Rip and Tear+1","ReplayTheSpireMod:Repulse+1","Loop+1"],"picked":"Gash+1","floor":39.0},{"not_picked":["ReplayTheSpireMod:Reroute Power+1","Stack+1","Double Energy"],"picked":"Beam Cell","floor":41.0},{"not_picked":["Compile Driver","Rebound","Ball Lightning+1","Panic Button"],"picked":"SKIP","floor":46},{"not_picked":["Capacitor+1","Turbo","ReplaySort+1","ReplayTheSpireMod:System Scan"],"picked":"SKIP","floor":48}],"player_experience":1080309,"relics_obtained":[{"floor":1.0,"key":"Question Card"},{"floor":4.0,"key":"Ornamental Fan"},{"floor":7.0,"key":"Replay:Bottled Flurry"},{"floor":10.0,"key":"Ring of Hypnosis"},{"floor":12.0,"key":"Art of War"},{"floor":16.0,"key":"ImportantClient"},{"floor":22.0,"key":"Red Mask"},{"floor":24.0,"key":"Pocketwatch"},{"floor":26.0,"key":"Meat on the Bone"},{"floor":29.0,"key":"Enchiridion"},{"floor":43.0,"key":"Kunai"}],"event_choices":[{"damage_healed":0.0,"max_hp_gain":0.0,"max_hp_loss":0.0,"gold_gain":0.0,"event_name":"Shining Light","player_choice":"Entered Light","floor":2.0,"gold_loss":0.0,"damage_taken":15.0,"cards_upgraded":["Zap","Defend_B"]},{"damage_healed":0.0,"max_hp_gain":0.0,"max_hp_loss":0.0,"gold_gain":0.0,"event_name":"Liars Game","player_choice":"Ignored","floor":5.0,"gold_loss":0.0,"damage_taken":0.0},{"damage_healed":0.0,"max_hp_gain":0.0,"max_hp_loss":0.0,"gold_gain":0.0,"event_name":"Masked Bandits","player_choice":"Fought Bandits","floor":22.0,"gold_loss":0.0,"damage_taken":0.0},{"damage_healed":0.0,"max_hp_gain":0.0,"max_hp_loss":0.0,"gold_gain":0.0,"event_name":"Cursed Tome","player_choice":"Obtained Book","floor":29.0,"gold_loss":0.0,"damage_taken":16.0},{"damage_healed":0.0,"max_hp_gain":0.0,"max_hp_loss":0.0,"gold_gain":0.0,"event_name":"SensoryStone","player_choice":"Memory 1","floor":36.0,"gold_loss":0.0,"damage_taken":0.0},{"cards_removed":["Beam Cell"],"damage_healed":0.0,"max_hp_gain":0.0,"max_hp_loss":0.0,"gold_gain":0.0,"event_name":"Falling","player_choice":"Removed Attack","floor":37.0,"gold_loss":0.0,"damage_taken":0.0},{"cards_removed":["Strike_B"],"damage_healed":0.0,"max_hp_gain":0.0,"max_hp_loss":0.0,"gold_gain":0.0,"event_name":"Bonfire Elementals","player_choice":"Offered Basic","floor":38.0,"gold_loss":0.0,"damage_taken":0.0},{"damage_healed":0.0,"max_hp_gain":0.0,"max_hp_loss":0.0,"gold_gain":0.0,"event_name":"SecretPortal","player_choice":"Ignored","floor":45.0,"gold_loss":0.0,"damage_taken":0.0}],"is_beta":false,"boss_relics":[{"not_picked":["Honey Jar","Abe\u0027s Treasure"],"picked":"PatriotShield"},{"not_picked":["Calling Bell","Snecko Eye"],"picked":"RhineSuit"}],"items_purged_floors":[19,25,44],"is_endless":false,"potions_floor_spawned":[12,13,14,16,18,24,31,33,41,48],"ascension_level":11}}