{"host":"3xls0xm49ftugio7","time":1607613878,"event":{"mods":["2.2 Compatiblity","BaseMod","AchievementEnabler","Act Like it!","Colored Powertips","GifTheSpireLib","Minty Spire (QoL Compilation)","Quick Restart","StSLib","Relic Stats","The Florist","The Hierophant","Hermit"],"gold_per_floor":[116,131,131,146,146,146,149,178,205,205,161,198,225,213,213,113,113],"floor_reached":16,"playtime":604,"items_purged":[],"score":124,"play_id":"8060d2d4-62bf-4ede-8dfa-9edfa936ea1f","local_time":"20201210172438","is_ascension_mode":true,"campfire_choices":[{"floor":6,"key":"REST"},{"floor":10,"key":"REST"},{"data":"hierophant:Invocation","floor":15,"key":"SMITH"}],"circlet_count":0,"master_deck":["hierophant:Strike_Hierophant","hierophant:Strike_Hierophant","hierophant:Strike_Hierophant","hierophant:Strike_Hierophant","hierophant:Punish","hierophant:Defend_Hierophant","hierophant:Defend_Hierophant","hierophant:Defend_Hierophant","hierophant:Defend_Hierophant","hierophant:ChurchCoffers","hierophant:Zeal","hierophant:Prophecy","hierophant:Invocation+1","hierophant:ThreeLashes","hierophant:OrnateBuckler","hierophant:Levitation","hierophant:SolarFlare"],"relics":["SlaversCollar","Tiny Chest","FaceOfCleric","Centennial Puzzle","Boot","StrikeDummy","Strawberry","Vajra"],"acts_visited":["Exordium"],"potions_floor_usage":[8,8,16,16],"damage_taken":[{"damage":1,"enemies":"Cultist","floor":1,"turns":4},{"damage":5,"enemies":"Small Slimes","floor":2,"turns":4},{"damage":1,"enemies":"Jaw Worm","floor":4,"turns":3},{"damage":11,"enemies":"Exordium Wildlife","floor":7,"turns":5},{"damage":31,"enemies":"Lagavulin","floor":8,"turns":5},{"damage":10,"enemies":"3 Sentries","floor":12,"turns":5},{"damage":8,"enemies":"Lagavulin","floor":14,"turns":4},{"damage":25,"enemies":"The Guardian","floor":16,"turns":10}],"seed_played":"4966581880712598446","potions_obtained":[{"floor":2,"key":"DistilledChaos"},{"floor":4,"key":"AttackPotion"},{"floor":8,"key":"Weak Potion"},{"floor":14,"key":"GamblersBrew"}],"is_trial":false,"path_per_floor":["M","M","?","M","?","R","M","E","T","R","?","E","T","E","R","B"],"character_chosen":"HIEROPHANT","items_purchased":[],"campfire_rested":2,"item_purchase_floors":[],"current_hp_per_floor":[74,69,27,26,26,48,38,8,8,31,31,22,29,22,22,0,0],"gold":113,"neow_bonus":"BOSS_RELIC","is_daily":false,"chose_seed":false,"campfire_upgraded":1,"win_rate":0,"timestamp":1607613878,"path_taken":["M","M","?","M","?","R","?","E","T","R","?","E","?","E","R","BOSS"],"build_version":"2020-11-30","purchased_purges":0,"victory":false,"max_hp_per_floor":[75,75,75,75,75,75,76,77,77,77,77,78,85,86,86,86,86],"relic_stats":{"Centennial Puzzle":[9],"FaceOfCleric":4,"counters":[8,40],"Tiny Chest":1,"Boot":[66],"obtain_stats":[{"SlaversCollar":0,"Centennial Puzzle":8,"FaceOfCleric":5,"hierophant:PropheticMaskRelic":0,"Strawberry":13,"Vajra":14,"Tiny Chest":3,"Boot":9,"StrikeDummy":12},{"SlaversCollar":0,"Centennial Puzzle":5,"FaceOfCleric":3,"hierophant:PropheticMaskRelic":0,"Strawberry":6,"Vajra":7,"Tiny Chest":2,"Boot":5,"StrikeDummy":6},{"SlaversCollar":0,"Centennial Puzzle":21,"FaceOfCleric":11,"hierophant:PropheticMaskRelic":0,"Strawberry":26,"Vajra":30,"Tiny Chest":8,"Boot":21,"StrikeDummy":26}]},"card_choices":[{"not_picked":["hierophant:AuricBeam","hierophant:RustyCrate"],"picked":"hierophant:Zeal","floor":1},{"not_picked":["hierophant:Community","hierophant:MorningPrayer"],"picked":"hierophant:Prophecy","floor":2},{"not_picked":["hierophant:Endure","hierophant:RepressedViolence"],"picked":"hierophant:Invocation","floor":4},{"not_picked":["hierophant:MirrorShield","hierophant:HammerAndAnvil"],"picked":"hierophant:ThreeLashes","floor":7},{"not_picked":["hierophant:PassingBell","hierophant:EyeForCoin"],"picked":"hierophant:OrnateBuckler","floor":8},{"not_picked":["hierophant:Community","hierophant:DisplayOfPower"],"picked":"hierophant:Levitation","floor":12},{"not_picked":["hierophant:FlamingChariot","hierophant:RustyCrate"],"picked":"hierophant:SolarFlare","floor":14}],"player_experience":803417,"relics_obtained":[{"floor":8,"key":"Centennial Puzzle"},{"floor":9,"key":"Boot"},{"floor":12,"key":"StrikeDummy"},{"floor":13,"key":"Strawberry"},{"floor":14,"key":"Vajra"}],"event_choices":[{"damage_healed":0,"gold_gain":0,"player_choice":"Success","damage_taken":42,"relics_obtained":["Tiny Chest"],"max_hp_gain":0,"max_hp_loss":0,"event_name":"Scrap Ooze","floor":3,"gold_loss":0},{"damage_healed":0,"gold_gain":0,"player_choice":"Trade","damage_taken":0,"relics_obtained":["FaceOfCleric"],"max_hp_gain":0,"max_hp_loss":0,"event_name":"FaceTrader","floor":5,"gold_loss":0},{"damage_healed":0,"gold_gain":0,"player_choice":"Left Gold","damage_taken":0,"max_hp_gain":0,"max_hp_loss":0,"event_name":"World of Goop","floor":11,"gold_loss":44}],"is_beta":false,"boss_relics":[],"items_purged_floors":[],"is_endless":false,"potions_floor_spawned":[2,4,8,14],"killed_by":"The Guardian","ascension_level":1}}