{"host":"3xls0xm49ftugio7","time":1607611397,"event":{"mods":["2.2 Compatiblity","BaseMod","AchievementEnabler","Act Like it!","Colored Powertips","GifTheSpireLib","Minty Spire (QoL Compilation)","Quick Restart","StSLib","Relic Stats","The Florist","The Hierophant","Hermit"],"gold_per_floor":[118,133,144,144,155,155,155,165,234,254,254,267,14,39,39,116,116,131,161,161,172,172,172,186,186,186,186,204,204,235,252,252,252,252],"floor_reached":33,"playtime":1661,"items_purged":["hermit:Strike_Hermit"],"score":573,"play_id":"a8419fc1-e110-4b9d-9aba-7aeb8029608a","local_time":"20201210164317","is_ascension_mode":true,"campfire_choices":[{"data":"hermit:CursedWeapon","floor":6,"key":"SMITH"},{"floor":11,"key":"REST"},{"floor":15,"key":"REST"},{"data":"hermit:FatalDesire","floor":23,"key":"SMITH"},{"data":"hermit:Reprieve","floor":25,"key":"SMITH"},{"data":"hermit:Manifest","floor":27,"key":"SMITH"},{"data":"hermit:Deadeye","floor":32,"key":"SMITH"}],"circlet_count":0,"master_deck":["AscendersBane","hermit:Strike_Hermit","hermit:Strike_Hermit+1","hermit:Defend_Hermit","hermit:Defend_Hermit","hermit:Defend_Hermit","hermit:Defend_Hermit","hermit:Snapshot","hermit:Covet+1","hermit:Roulette+1","hermit:CursedWeapon+1","hermit:Ricochet","hermit:Feint","hermit:Gambit","hermit:Coalescence","hermit:Manifest+1","hermit:FatalDesire+1","hermit:Dive+1","hermit:Reprieve+1","hermit:Enervate","hermit:Deadeye+1"],"relics":["hermit:Momento","Turnip","Gremlin Horn","Whetstone","Coffee Dripper","Red Mask","Incense Burner","hermit:Horseshoe"],"acts_visited":["Exordium","TheCity"],"potions_floor_usage":[8,14,16,33],"damage_taken":[{"damage":9,"enemies":"Small Slimes","floor":1,"turns":3},{"damage":0,"enemies":"Cultist","floor":2,"turns":2},{"damage":4,"enemies":"Jaw Worm","floor":3,"turns":2},{"damage":13,"enemies":"Blue Slaver","floor":5,"turns":4},{"damage":13,"enemies":"Lots of Slimes","floor":8,"turns":5},{"damage":8,"enemies":"Looter","floor":10,"turns":2},{"damage":11,"enemies":"Gremlin Gang","floor":12,"turns":3},{"damage":20,"enemies":"3 Sentries","floor":14,"turns":12},{"damage":7,"enemies":"The Guardian","floor":16,"turns":16},{"damage":20,"enemies":"3 Byrds","floor":18,"turns":8},{"damage":11,"enemies":"Masked Bandits","floor":19,"turns":4},{"damage":7,"enemies":"Chosen","floor":21,"turns":3},{"damage":12,"enemies":"Snake Plant","floor":24,"turns":4},{"damage":2,"enemies":"3 Cultists","floor":28,"turns":5},{"damage":1,"enemies":"Slavers","floor":30,"turns":4},{"damage":2,"enemies":"Chosen and Byrds","floor":31,"turns":4},{"damage":66,"enemies":"Collector","floor":33,"turns":9}],"seed_played":"-7070822015168084124","potions_obtained":[{"floor":2,"key":"DistilledChaos"},{"floor":8,"key":"Dexterity Potion"},{"floor":10,"key":"Regen Potion"},{"floor":14,"key":"LiquidMemories"},{"floor":16,"key":"Energy Potion"}],"is_trial":false,"path_per_floor":["M","M","M","?","M","R","?","M","T","M","R","M","$","E","R","B",null,"M","?","?","M","?","R","M","R","T","R","M","?","E","M","R","B"],"character_chosen":"HERMIT","items_purchased":["hermit:FatalDesire"],"campfire_rested":2,"item_purchase_floors":[13],"current_hp_per_floor":[62,62,58,40,27,27,27,14,14,6,29,18,18,12,35,28,66,54,51,29,22,22,22,22,22,22,22,24,24,31,37,37,0,0],"gold":252,"neow_bonus":"TEN_PERCENT_HP_BONUS","is_daily":false,"chose_seed":false,"campfire_upgraded":5,"win_rate":0,"timestamp":1607611397,"path_taken":["M","M","M","?","M","R","?","M","T","M","R","?","?","E","R","BOSS","M","?","?","M","?","R","M","R","T","R","?","?","E","M","R","BOSS"],"build_version":"2020-11-30","purchased_purges":1,"victory":false,"max_hp_per_floor":[78,78,78,78,78,78,78,78,78,78,78,78,78,78,78,78,78,78,78,83,83,83,83,83,83,83,83,83,83,83,83,83,83,83],"relic_stats":{"Gremlin Horn":[17,17],"counters":[17,90],"Turnip":[7],"Whetstone":["hermit:Strike_Hermit","hermit:Roulette"],"obtain_stats":[{"Gremlin Horn":9,"Turnip":4,"Coffee Dripper":17,"Red Mask":19,"Incense Burner":26,"Whetstone":14,"hermit:Horseshoe":30,"hermit:Momento":0},{"Gremlin Horn":5,"Turnip":3,"Coffee Dripper":9,"Red Mask":11,"Incense Burner":13,"Whetstone":8,"hermit:Horseshoe":15,"hermit:Momento":0},{"Gremlin Horn":16,"Turnip":7,"Coffee Dripper":49,"Red Mask":61,"Incense Burner":68,"Whetstone":33,"hermit:Horseshoe":77,"hermit:Momento":0}]},"card_choices":[{"not_picked":["hermit:BodyArmor","hermit:Cheat"],"picked":"hermit:Roulette","floor":1},{"not_picked":["hermit:LuckOfTheDraw","hermit:SprayPray"],"picked":"hermit:CursedWeapon","floor":2},{"not_picked":["hermit:HighCaliber","hermit:Desperado"],"picked":"hermit:Ricochet","floor":3},{"not_picked":["hermit:Roughhouse","hermit:Desperado"],"picked":"hermit:Feint","floor":5},{"not_picked":["hermit:Dive","hermit:Feint"],"picked":"hermit:Gambit","floor":8},{"not_picked":["hermit:TrackingShot","hermit:DeadMansHand"],"picked":"hermit:Coalescence","floor":10},{"not_picked":["hermit:Ricochet","hermit:Midnight"],"picked":"hermit:Manifest","floor":12},{"not_picked":["hermit:Coalescence","hermit:Combo"],"picked":"hermit:Dive","floor":14},{"not_picked":["hermit:OverwhelmingPower","hermit:Purgatory"],"picked":"hermit:Reprieve","floor":16},{"not_picked":["hermit:Showdown","hermit:LuckOfTheDraw","hermit:Quickdraw"],"picked":"SKIP","floor":18},{"not_picked":["hermit:Ricochet","hermit:LuckOfTheDraw"],"picked":"hermit:Enervate","floor":21},{"not_picked":["hermit:ItchyTrigger","hermit:LowProfile"],"picked":"hermit:Deadeye","floor":24},{"not_picked":["hermit:Maintenance","hermit:HighCaliber","hermit:CalledShot"],"picked":"SKIP","floor":28},{"not_picked":["hermit:Desperado","hermit:TakeCover","hermit:Roulette"],"picked":"SKIP","floor":30},{"not_picked":["hermit:LowProfile","hermit:Brawl","hermit:TakeCover"],"picked":"SKIP","floor":31}],"player_experience":801485,"relics_obtained":[{"floor":9,"key":"Gremlin Horn"},{"floor":14,"key":"Whetstone"},{"floor":19,"key":"Red Mask"},{"floor":26,"key":"Incense Burner"},{"floor":30,"key":"hermit:Horseshoe"}],"event_choices":[{"damage_healed":0,"gold_gain":0,"player_choice":"Success","damage_taken":18,"relics_obtained":["Turnip"],"max_hp_gain":0,"max_hp_loss":0,"event_name":"Scrap Ooze","floor":4,"gold_loss":0},{"damage_healed":0,"gold_gain":0,"player_choice":"Upgraded","damage_taken":0,"max_hp_gain":0,"max_hp_loss":0,"event_name":"Upgrade Shrine","floor":7,"gold_loss":0,"cards_upgraded":["hermit:Covet"]},{"damage_healed":0,"gold_gain":0,"player_choice":"Fought Bandits","damage_taken":0,"max_hp_gain":0,"max_hp_loss":0,"event_name":"Masked Bandits","floor":19,"gold_loss":0},{"damage_healed":0,"gold_gain":0,"player_choice":"Shed Blood","damage_taken":27,"max_hp_gain":5,"max_hp_loss":0,"event_name":"Forgotten Altar","floor":20,"gold_loss":0},{"cards_removed":["hermit:Strike_Hermit"],"damage_healed":0,"gold_gain":0,"player_choice":"Card Removal","damage_taken":0,"max_hp_gain":0,"max_hp_loss":0,"event_name":"Wheel of Change","floor":22,"gold_loss":0},{"damage_healed":0,"gold_gain":0,"player_choice":"Upgraded","damage_taken":0,"max_hp_gain":0,"max_hp_loss":0,"event_name":"Upgrade Shrine","floor":29,"gold_loss":0,"cards_upgraded":["hermit:Dive"]}],"is_beta":false,"boss_relics":[{"not_picked":["Calling Bell","Pandora\u0027s Box"],"picked":"Coffee Dripper"}],"items_purged_floors":[13],"is_endless":false,"potions_floor_spawned":[2,8,10,14,16,19,28,31],"killed_by":"Collector","ascension_level":19}}