{"host":"tl8jdqk9pnwb74j1","time":1607605127,"event":{"gold_per_floor":[113,113,123,135,35,67,67,84,84,84,108,183,183,206,206,326,326,350,383,59,39,62,62,78,31,31,45,58,58,58,74,74,198,198,211,86,86,86,101,101,101,101,101,101,137,161,175,18,18,18],"floor_reached":51,"playtime":1646,"items_purged":["Strike_R","Strike_R","Normality"],"score":977,"play_id":"6b668d02-3624-4321-ad90-b58520327443","local_time":"20201210205847","is_ascension_mode":false,"campfire_choices":[{"data":"Feel No Pain","floor":7.0,"key":"SMITH"},{"data":"Sever Soul","floor":15.0,"key":"SMITH"},{"data":"Barricade","floor":23.0,"key":"SMITH"},{"data":"Body Slam","floor":29.0,"key":"SMITH"},{"data":"Entrench","floor":32.0,"key":"SMITH"},{"data":"Strike_R","floor":40,"key":"PURGE"},{"data":"Defend_R","floor":42,"key":"PURGE"},{"data":"Doubt","floor":44,"key":"PURGE"},{"data":"Demon Form","floor":49,"key":"SMITH"}],"neow_cost":"","seed_source_timestamp":0,"circlet_count":0,"master_deck":["Defend_R","Defend_R","Defend_R","Shrug It Off","Shrug It Off","Cleave+1","Feel No Pain+1","Inflame","Rage","Flame Barrier","Sever Soul+1","Barricade+1","True Grit+1","Body Slam+1","Entrench+1","Flame Barrier+1","Body Slam","Entrench+1","Shockwave","Spot Weakness+1","Dual Wield+1","Demon Form+1"],"special_seed":0,"relics":["Burning Blood","Peace Pipe","Letter Opener","Bottled Tornado","Calipers","Golden Idol","Cursed Key","Red Mask","Mummified Hand","HornCleat","Mark of Pain","Bronze Scales","Champion Belt"],"potions_floor_usage":[50,50],"damage_taken":[{"damage":0.0,"enemies":"Small Slimes","floor":1.0,"turns":4.0},{"damage":1.0,"enemies":"Cultist","floor":3.0,"turns":4.0},{"damage":0.0,"enemies":"2 Louse","floor":4.0,"turns":3.0},{"damage":22.0,"enemies":"3 Sentries","floor":6.0,"turns":8.0},{"damage":0.0,"enemies":"Lots of Slimes","floor":8.0,"turns":1.0},{"damage":6.0,"enemies":"Red Slaver","floor":11.0,"turns":5.0},{"damage":1.0,"enemies":"Exordium Wildlife","floor":14.0,"turns":5.0},{"damage":24.0,"enemies":"Slime Boss","floor":16.0,"turns":10.0},{"damage":5.0,"enemies":"Chosen","floor":18.0,"turns":8.0},{"damage":39.0,"enemies":"Masked Bandits","floor":19.0,"turns":7.0},{"damage":0.0,"enemies":"Shell Parasite","floor":22.0,"turns":5.0},{"damage":24.0,"enemies":"Cultist and Chosen","floor":24.0,"turns":8.0},{"damage":0.0,"enemies":"Shelled Parasite and Fungi","floor":27.0,"turns":7.0},{"damage":5.0,"enemies":"Sentry and Sphere","floor":28.0,"turns":6.0},{"damage":0.0,"enemies":"Centurion and Healer","floor":31.0,"turns":3.0},{"damage":0.0,"enemies":"Champ","floor":33.0,"turns":9.0},{"damage":3.0,"enemies":"3 Shapes","floor":35.0,"turns":3.0},{"damage":0,"enemies":"3 Darklings","floor":39,"turns":7},{"damage":0,"enemies":"Giant Head","floor":45,"turns":6},{"damage":0,"enemies":"Transient","floor":46,"turns":5},{"damage":0,"enemies":"Maw","floor":47,"turns":6},{"damage":42,"enemies":"Awakened One","floor":50,"turns":9}],"seed_played":"8264290578717737002","potions_obtained":[{"floor":11.0,"key":"Fire Potion"},{"floor":14.0,"key":"Strength Potion"},{"floor":16.0,"key":"EssenceOfSteel"},{"floor":21.0,"key":"SmokeBomb"}],"is_trial":false,"path_per_floor":["M","?","M","M","$","E","R","M","T","?","M","?","?","M","R","B",null,"M","?","$","?","M","R","M","$","T","M","M","R","$","M","R","B",null,"M","$","?","?","M","R","$","R","T","R","E","M","M","$","R","B",null],"character_chosen":"IRONCLAD","items_purchased":["Shrug It Off","Shrug It Off","Letter Opener","Entrench","Mummified Hand","Body Slam","Demon Form"],"campfire_rested":0,"item_purchase_floors":[0,0,0,20,20,25,48],"current_hp_per_floor":[53,53,58,64,64,48,48,54,54,34,34,23,23,28,28,10,80,80,47,47,47,53,53,35,35,35,41,42,42,42,48,48,54,80,80,80,80,80,80,80,80,80,80,80,80,80,80,80,80,44],"gold":18,"neow_bonus":"","is_prod":false,"is_daily":false,"chose_seed":false,"campfire_upgraded":6,"win_rate":0,"timestamp":1607605127,"path_taken":["M","?","M","?","$","E","R","?","T","?","M","?","?","?","R","BOSS","M","?","$","?","M","R","M","$","T","?","?","R","?","M","R","BOSS","M","$","?","?","M","R","$","R","T","R","E","M","M","$","R","BOSS"],"build_version":"2020-11-30","purchased_purges":3,"victory":true,"max_hp_per_floor":[80,80,80,80,80,80,80,80,80,80,80,80,80,80,80,80,80,80,80,80,80,80,80,80,80,80,80,80,80,80,80,80,80,80,80,80,80,80,80,80,80,80,80,80,80,80,80,80,80,80],"card_choices":[{"not_picked":["Clothesline","Headbutt"],"picked":"Cleave","floor":1.0},{"not_picked":["Havoc","Sever Soul"],"picked":"Feel No Pain","floor":3.0},{"not_picked":["Pummel","Hemokinesis"],"picked":"Inflame","floor":4.0},{"not_picked":["Dark Embrace","Clothesline"],"picked":"Rage","floor":6.0},{"not_picked":["Sword Boomerang","Thunderclap","Shrug It Off"],"picked":"SKIP","floor":8.0},{"not_picked":["Dropkick","Rage"],"picked":"Flame Barrier","floor":11.0},{"not_picked":["Thunderclap","Sword Boomerang"],"picked":"Sever Soul","floor":14.0},{"not_picked":["Immolate","Feed"],"picked":"Barricade","floor":16.0},{"not_picked":["Shrug It Off","Pommel Strike"],"picked":"True Grit+1","floor":18.0},{"not_picked":["Iron Wave","Clothesline"],"picked":"Body Slam","floor":19.0},{"not_picked":["Iron Wave","Infernal Blade"],"picked":"Flame Barrier+1","floor":22.0},{"not_picked":["Flex","Wild Strike","Blood for Blood+1"],"picked":"SKIP","floor":24.0},{"not_picked":["Spot Weakness+1","Blood for Blood"],"picked":"Entrench+1","floor":27.0},{"not_picked":["Havoc","Barricade","Thunderclap"],"picked":"SKIP","floor":28.0},{"not_picked":["Rage","Anger+1","Pummel+1"],"picked":"SKIP","floor":31.0},{"not_picked":["Flex+1","Combust+1"],"picked":"Shockwave","floor":35.0},{"not_picked":["Sever Soul","Headbutt+1"],"picked":"Spot Weakness+1","floor":39},{"not_picked":["Twin Strike","True Grit","Reckless Charge+1"],"picked":"SKIP","floor":45},{"not_picked":["Pommel Strike+1","Headbutt"],"picked":"Dual Wield+1","floor":46},{"not_picked":["Sever Soul+1","Warcry","Armaments+1"],"picked":"SKIP","floor":47}],"player_experience":942008,"relics_obtained":[{"floor":6.0,"key":"Bottled Tornado"},{"floor":9.0,"key":"Calipers"},{"floor":19.0,"key":"Red Mask"},{"floor":26.0,"key":"HornCleat"},{"floor":43,"key":"Bronze Scales"},{"floor":45,"key":"Champion Belt"}],"event_choices":[{"damage_healed":0.0,"max_hp_gain":0.0,"max_hp_loss":0.0,"gold_gain":0.0,"event_name":"Upgrade Shrine","player_choice":"Upgraded","floor":2.0,"gold_loss":0.0,"damage_taken":0.0,"cards_upgraded":["Cleave"]},{"damage_healed":0.0,"max_hp_gain":0.0,"max_hp_loss":0.0,"gold_gain":0.0,"event_name":"Golden Idol","player_choice":"Take Damage","floor":10.0,"gold_loss":0.0,"damage_taken":20.0,"relics_obtained":["Golden Idol"]},{"damage_healed":0.0,"max_hp_gain":0.0,"max_hp_loss":0.0,"gold_gain":75.0,"event_name":"World of Goop","player_choice":"Gather Gold","floor":12.0,"gold_loss":0.0,"damage_taken":11.0},{"cards_removed":["Strike_R"],"damage_healed":0.0,"max_hp_gain":0.0,"max_hp_loss":0.0,"gold_gain":0.0,"event_name":"Purifier","player_choice":"Purged","floor":13.0,"gold_loss":0.0,"damage_taken":0.0},{"damage_healed":0.0,"max_hp_gain":0.0,"max_hp_loss":0.0,"gold_gain":0.0,"event_name":"Masked Bandits","player_choice":"Fought Bandits","floor":19.0,"gold_loss":0.0,"damage_taken":0.0},{"damage_healed":0.0,"max_hp_gain":0.0,"max_hp_loss":0.0,"gold_gain":0.0,"event_name":"The Woman in Blue","player_choice":"Bought 1 Potion","floor":21.0,"gold_loss":0.0,"damage_taken":0.0},{"cards_removed":["Bash"],"damage_healed":0.0,"max_hp_gain":0.0,"max_hp_loss":0.0,"gold_gain":0.0,"event_name":"Falling","player_choice":"Removed Attack","floor":37.0,"gold_loss":0.0,"damage_taken":0.0},{"damage_healed":0.0,"max_hp_gain":0.0,"max_hp_loss":0.0,"gold_gain":0.0,"event_name":"Mysterious Sphere","player_choice":"Ignored","floor":38.0,"gold_loss":0.0,"damage_taken":0.0}],"is_beta":false,"boss_relics":[{"not_picked":["Astrolabe","Runic Cube"],"picked":"Cursed Key"},{"not_picked":["SlaversCollar","Fusion Hammer"],"picked":"Mark of Pain"}],"items_purged_floors":[0,5,36],"is_endless":false,"potions_floor_spawned":[11,14,16,22,27,28,31,35,39,46],"ascension_level":0}}