{"host":"eez7vtcxu2i37lck","time":1607595786,"event":{"gold_per_floor":[115,115,115,115,125,156,156,156,183,183,201,217,19,40,40,165,165,185,185,203,203,203,203,226,245,245,245,258,258,282,317,317,466,466,511,511,511,562,625,625,625,687,687,687,755,380,425,471,471,625,625,678,678,692,692,752,814,814,814,866,926,986,986,496,396,396,499,499,524,524,524,565,590,590,636,636,636,676,676,676,725,824,824,954,954,1019,1045,1020,1353,1353,1456,1456,884,884,884,221,246,256,289,289,351,351,373,401,401,401,80,80,106,118,118,118,125,125,145,155,155,243,243,256,273,299,299,299,322,361,361,361,361,361,389,417,443,443,545,545,576,576,576,604,642,642,673,673,673,723,673,721,775,775,775,879,879,879,219,233,278],"floor_reached":158,"playtime":5219,"items_purged":["ReplayTheSpireMod:Restless Dread","Amnesia","ReplayTheSpireMod:Restless Dread","Strike_G","Strike_G","Flechettes+1","Bullet Time+1","Pain","hubris:TrickCloak","Voices"],"score":4309,"play_id":"e18fbc4b-35b4-478b-a12f-d1657c7559b6","local_time":"20201210052306","is_ascension_mode":false,"campfire_choices":[{"floor":7.0,"key":"REST"},{"floor":10.0,"key":"REST"},{"floor":15.0,"key":"REST"},{"floor":23.0,"key":"REST"},{"floor":32.0,"key":"REST"},{"floor":40.0,"key":"REST"},{"floor":44.0,"key":"REST"},{"floor":49.0,"key":"REST"},{"data":"infinitespire:Execution","floor":58.0,"key":"SMITH"},{"data":"Adrenaline","floor":63.0,"key":"SMITH"},{"data":"infinitespire:Menacing","floor":66.0,"key":"SMITH"},{"data":"Hidden Blade","floor":74.0,"key":"SMITH"},{"floor":79.0,"key":"REST"},{"data":"Escape Plan","floor":83.0,"key":"SMITH"},{"data":"After Image","floor":92.0,"key":"SMITH"},{"data":"Burst","floor":100.0,"key":"SMITH"},{"data":"Blade Dance","floor":108.0,"key":"SMITH"},{"data":"Hidden Blade","floor":117.0,"key":"SMITH"},{"data":"Hidden Blade","floor":127.0,"key":"SMITH"},{"data":"Dagger Spray","floor":130.0,"key":"SMITH"},{"data":"Footwork","floor":134.0,"key":"SMITH"},{"data":"Outmaneuver","floor":142.0,"key":"SMITH"},{"data":"Deflect","floor":154,"key":"SMITH"}],"neow_cost":"NONE","seed_source_timestamp":0,"circlet_count":0,"master_deck":["Defend_G","Defend_G","Defend_G+1","Survivor","Neutralize","Blade Dance+1","Footwork+1","Accuracy+1","Hidden Blade+1","Adrenaline+1","Escape Plan+1","infinitespire:Execution+1","Outmaneuver+1","Burst+1","Hidden Blade+1","Concentrate+1","Deflect+1","Blade Dance+1","infinitespire:Menacing+1","Wraith Form v2+1","Sneak Up+1","Hidden Blade+1","Dagger Spray+1","Escape Plan+1","After Image+1","Blade Dance+1","Infinite Blades+1","Hidden Blade+1","Blade Dance+1","Tactician+1","CurseOfTheBell"],"special_seed":0,"relics":["Ring of the Serpent","Letter Opener","War Paint","Anchor","Busted Crown","hubris:Towel","White Beast Statue","infinitespire:WardingShard","infinitespire:EmpoweringShard","infinitespire:EvilPickle","Replay:Ancient Bell","Tiny Chest","Sundial","Gambling Chip","infinitespire:Golems Mask","Bottled Tornado","Toy Ornithopter","OrangePellets","MealTicket","Philosopher\u0027s Stone","Odd Mushroom","Blue Doll","Torii","infinitespire:FocusingShard","Bronze Scales","Honey Jar","infinitespire:Bottled Soul","The Specimen","Shuriken","hubris:PeanutButter","PreservedInsect","Empty Cage","infinitespire:Beetle Shell","Ancient Tea Set","WristBlade","hubris:SlimyHat","hubris:Metronome","Happy Flower","Omamori","Sling","Vajra","hubris:TenFootPole","Lantern","Orichalcum","BargainBundle","ReplayTheSpireMod:Lightbulb","infinitespire:ShieldingShard","Astrolabe","hubris:Zylophone","Guide Book","Bird Faced Urn","InkBottle","Incense Burner","Juzu Bracelet","Bag of Marbles","MutagenicStrength","hubris:Icosahedron","Strawberry","Smiling Mask","Mummified Hand","Durian","Replay:Grab Bag","Cursed Key","Abe\u0027s Treasure","Black Star","hubris:Stopwatch","Lizard Tail","Ninja Scroll","hubris:Reverence","hubris:BundleOfHerbs","ReplayFunnel","Strange Spoon","Calling Bell","Replay:Wax Seal","infinitespire:CheckeredPen","Vampiric Spirits","hubris:EmptyBottle","Regal Pillow","Prayer Wheel","Pear","hubris:CrystalStatue"],"potions_floor_usage":[],"damage_taken":[{"damage":0.0,"enemies":"Jaw Worm","floor":1.0,"turns":4.0},{"damage":0.0,"enemies":"Small Slimes","floor":5.0,"turns":3.0},{"damage":46.0,"enemies":"Gremlin Nob","floor":6.0,"turns":6.0},{"damage":0.0,"enemies":"2 Louse","floor":11.0,"turns":2.0},{"damage":17.0,"enemies":"2 Fungi Beasts","floor":12.0,"turns":3.0},{"damage":7.0,"enemies":"Large Slime","floor":14.0,"turns":4.0},{"damage":87.0,"enemies":"Fading Forest","floor":16.0,"turns":11.0},{"damage":27.0,"enemies":"Chosen","floor":18.0,"turns":8.0},{"damage":4.0,"enemies":"Shell Parasite","floor":20.0,"turns":5.0},{"damage":0.0,"enemies":"Centurion and Healer","floor":24.0,"turns":8.0},{"damage":16.0,"enemies":"Sentry and Sphere","floor":25.0,"turns":6.0},{"damage":14.0,"enemies":"Snecko","floor":28.0,"turns":4.0},{"damage":0.0,"enemies":"Shelled Parasite and Fungi","floor":30.0,"turns":6.0},{"damage":6.0,"enemies":"Nightmare","floor":31.0,"turns":11.0},{"damage":36.0,"enemies":"Pondfish","floor":33.0,"turns":8.0},{"damage":1.0,"enemies":"Orb Walker","floor":35.0,"turns":3.0},{"damage":15.0,"enemies":"3 Shapes","floor":38.0,"turns":9.0},{"damage":22.0,"enemies":"Mind Bloom Boss Battle","floor":39.0,"turns":4.0},{"damage":12.0,"enemies":"Writhing Mass","floor":42.0,"turns":5.0},{"damage":22.0,"enemies":"Maw","floor":45.0,"turns":6.0},{"damage":30.0,"enemies":"Transient","floor":47.0,"turns":5.0},{"damage":0.0,"enemies":"3 Darklings","floor":48.0,"turns":4.0},{"damage":10.0,"enemies":"Replay:Hell Engine","floor":50.0,"turns":5.0},{"damage":0.0,"enemies":"2 Louse","floor":52.0,"turns":1.0},{"damage":0.0,"enemies":"The Mushroom Lair","floor":54.0,"turns":2.0},{"damage":0.0,"enemies":"Jaw Worm","floor":56.0,"turns":1.0},{"damage":0.0,"enemies":"Lagavulin","floor":57.0,"turns":2.0},{"damage":0.0,"enemies":"Small Slimes","floor":61.0,"turns":1.0},{"damage":0.0,"enemies":"3 Louse","floor":62.0,"turns":1.0},{"damage":61.0,"enemies":"Hexaghost","floor":67.0,"turns":5.0},{"damage":0.0,"enemies":"Chosen","floor":69.0,"turns":2.0},{"damage":0.0,"enemies":"Spheric Guardian","floor":72.0,"turns":2.0},{"damage":0.0,"enemies":"Snecko","floor":73.0,"turns":3.0},{"damage":17.0,"enemies":"Book of Stabbing","floor":75.0,"turns":4.0},{"damage":1.0,"enemies":"Cultist and Chosen","floor":78.0,"turns":2.0},{"damage":0.0,"enemies":"Gremlin Leader","floor":81.0,"turns":2.0},{"damage":0.0,"enemies":"hubris:MusketHawk","floor":84.0,"turns":5.0},{"damage":0.0,"enemies":"3 Shapes","floor":86.0,"turns":3.0},{"damage":0.0,"enemies":"infinitespire:Three Voidlings","floor":88.0,"turns":3.0},{"damage":0.0,"enemies":"Giant Head","floor":91.0,"turns":2.0},{"damage":0.0,"enemies":"Orb Walker","floor":98.0,"turns":2.0},{"damage":0.0,"enemies":"R_Hoarder","floor":99.0,"turns":2.0},{"damage":0.0,"enemies":"Awakened One","floor":101.0,"turns":4.0},{"damage":0.0,"enemies":"Jaw Worm","floor":103.0,"turns":1.0},{"damage":0.0,"enemies":"2 Louse","floor":104.0,"turns":1.0},{"damage":0.0,"enemies":"3 Sentries","floor":109.0,"turns":1.0},{"damage":0.0,"enemies":"Small Slimes","floor":110.0,"turns":2.0},{"damage":0.0,"enemies":"Looter","floor":113.0,"turns":1.0},{"damage":0.0,"enemies":"Gremlin Nob","floor":115.0,"turns":2.0},{"damage":0.0,"enemies":"Exordium Wildlife","floor":116.0,"turns":1.0},{"damage":0.0,"enemies":"Slime Boss","floor":118.0,"turns":2.0},{"damage":0.0,"enemies":"2 Thieves","floor":120.0,"turns":2.0},{"damage":0.0,"enemies":"Chosen","floor":121.0,"turns":2.0},{"damage":0.0,"enemies":"Slavers","floor":126.0,"turns":1.0},{"damage":0.0,"enemies":"Centurion and Healer","floor":131.0,"turns":1.0},{"damage":0.0,"enemies":"Snecko","floor":132.0,"turns":1.0},{"damage":0.0,"enemies":"Shelled Parasite and Fungi","floor":133.0,"turns":1.0},{"damage":0.0,"enemies":"Collector","floor":135.0,"turns":2.0},{"damage":0.0,"enemies":"3 Shapes","floor":137.0,"turns":2.0},{"damage":0.0,"enemies":"3 Darklings","floor":140.0,"turns":2.0},{"damage":0.0,"enemies":"Mind Bloom Boss Battle","floor":141.0,"turns":1.0},{"damage":0.0,"enemies":"Writhing Mass","floor":143.0,"turns":2.0},{"damage":0.0,"enemies":"Sphere and 2 Shapes","floor":146.0,"turns":1.0},{"damage":0.0,"enemies":"3 Darklings","floor":148.0,"turns":1.0},{"damage":0.0,"enemies":"Giant Head","floor":149.0,"turns":2.0},{"damage":19,"enemies":"infinitespire:MassOfShapes","floor":152,"turns":3},{"damage":0,"enemies":"Shield and Spear","floor":156,"turns":2},{"damage":0,"enemies":"The Heart","floor":157,"turns":6}],"seed_played":"2275702324164716182","potions_obtained":[{"floor":6.0,"key":"Poison Potion"},{"floor":14.0,"key":"Elixir"},{"floor":18.0,"key":"Explosive Potion"},{"floor":28.0,"key":"Energy Potion"},{"floor":39.0,"key":"Swift Potion"},{"floor":50.0,"key":"Fruit Juice"},{"floor":52.0,"key":"AttackPotion"},{"floor":69.0,"key":"Explosive Potion"},{"floor":72.0,"key":"PowerPotion"},{"floor":73.0,"key":"Block Potion"},{"floor":75.0,"key":"GhostInAJar"},{"floor":78.0,"key":"Poison Potion"},{"floor":81.0,"key":"sneckomod:MuddlingPotion"},{"floor":84.0,"key":"DistilledChaos"},{"floor":86.0,"key":"AttackPotion"},{"floor":91.0,"key":"CunningPotion"}],"is_trial":false,"path_per_floor":["M","?","?","?","M","E","R","?","T","R","M","M","$","M","R","B",null,"M","?","M","?","?","R","M","M","T","?","M","?","M","NM","R","B",null,"M","?","?","M","?","R","T","M","T","R","M","$","M","M","R","B",null,"M","?","?","T","M","E","R","T","T","M","M","R","?","$","R","B",null,"M","T","?","M","M","R","E","T","T","M","R","AVR","E","?","R","B",null,"M","T","?","?","?","E","R","$","T","T","$","T","M","E","R","B",null,"M","M","T","?","$","R","E","M","T","AVR","M","$","E","M","R","B",null,"M","M","T","?","?","T","E","R","T","T","R","M","M","M","R_BF","B",null,"M","?","?","M","?","R","M","T","T","M","$","M","E","AVR","R_BF","B",null,"R","$","E","B",null],"character_chosen":"THE_SILENT","items_purchased":["Anchor","Hidden Blade","OrangePellets","MealTicket","Happy Flower","Omamori","Sling","Lantern","Orichalcum","BargainBundle","Guide Book","hubris:EmptyBottle","Regal Pillow","Prayer Wheel"],"campfire_rested":9,"item_purchase_floors":[13,13,46,46,93,93,93,96,96,96,107,155,155,155],"current_hp_per_floor":[77,77,70,75,75,29,53,53,53,77,77,60,60,53,77,14,82,55,55,51,51,51,75,75,59,59,59,45,45,45,39,63,27,82,81,78,78,63,41,64,64,52,52,75,53,53,23,23,46,41,78,83,83,83,83,83,83,83,83,83,83,83,83,83,83,83,22,83,83,83,83,83,83,83,66,66,66,65,83,83,83,83,83,83,83,83,83,83,83,83,83,83,83,83,83,83,83,83,83,83,83,80,80,80,80,80,80,80,80,80,80,80,80,80,80,80,80,80,80,80,80,80,80,80,87,87,87,87,92,92,92,92,92,92,92,92,92,92,92,92,92,92,92,92,92,92,92,92,92,92,92,77,92,92,92,102,102],"gold":278,"neow_bonus":"TEN_PERCENT_HP_BONUS","is_prod":false,"is_daily":false,"chose_seed":false,"campfire_upgraded":14,"win_rate":0,"timestamp":1607595786,"path_taken":["M","?","?","?","M","E","R","?","T","R","M","?","$","M","R","BOSS","M","?","M","?","?","R","M","?","T","?","M","?","M","NM","R","BOSS","M","?","?","M","?","R","?","M","T","R","M","$","M","M","R","BOSS","M","?","?","?","M","E","R","?","T","M","?","R","?","?","R","BOSS","M","?","?","M","M","R","E","?","T","M","R","AVR","E","?","R","BOSS","M","?","?","?","?","E","R","$","T","?","?","?","?","E","R","BOSS","M","M","?","?","$","R","E","M","T","AVR","?","?","E","M","R","BOSS","M","M","?","?","?","?","E","R","T","?","R","M","M","M","R_BF","BOSS","M","?","?","M","?","R","M","?","T","M","$","M","E","AVR","R_BF","BOSS","R","$","E","BOSS"],"build_version":"2020-11-30","purchased_purges":10,"victory":true,"max_hp_per_floor":[77,77,77,82,82,82,82,82,82,82,82,82,82,82,82,82,82,82,82,82,82,82,82,82,82,82,82,82,82,82,82,82,82,82,82,78,78,78,78,78,78,78,78,78,78,78,78,78,78,78,78,83,83,83,83,83,83,83,83,83,83,83,83,83,83,83,83,83,83,83,83,83,83,83,83,83,83,83,83,83,83,83,83,83,83,83,83,83,83,83,83,83,83,83,83,83,83,83,83,83,83,80,80,80,80,80,80,80,80,80,80,80,80,80,80,80,80,80,80,80,80,80,80,80,87,87,87,87,92,92,92,92,92,92,92,92,92,92,92,92,92,92,92,92,92,92,92,92,92,92,92,92,92,92,92,102,102],"card_choices":[{"not_picked":["Slice","ReplayTheSpireMod:Tripwire"],"picked":"Blade Dance","floor":1.0},{"not_picked":["ReplayTheSpireMod:Speed Training","Prepared"],"picked":"Footwork","floor":5.0},{"not_picked":["Catalyst","ReplayTheSpireMod:Tripwire"],"picked":"Accuracy","floor":6.0},{"not_picked":["Reflex","Poisoned Stab"],"picked":"Footwork","floor":11.0},{"not_picked":["Caltrops","Terror","Blur"],"picked":"SKIP","floor":12.0},{"not_picked":["Deadly Poison","Slice"],"picked":"hubris:TrickCloak","floor":14.0},{"not_picked":["Die Die Die","ReplayTheSpireMod:Necrosis"],"picked":"Adrenaline","floor":16.0},{"not_picked":["Dagger Throw"],"picked":"SKIP","floor":18.0},{"not_picked":["Dagger Spray"],"picked":"SKIP","floor":20.0},{"not_picked":["Prepared"],"picked":"SKIP","floor":24.0},{"not_picked":["Calculated Gamble+1"],"picked":"SKIP","floor":25.0},{"not_picked":[],"picked":"Escape Plan","floor":28.0},{"not_picked":["Sucker Punch"],"picked":"SKIP","floor":30.0},{"not_picked":["infinitespire:FinalStrike","infinitespire:TheBestDefense"],"picked":"infinitespire:Execution","floor":31.0},{"not_picked":[],"picked":"Outmaneuver","floor":31.0},{"not_picked":[],"picked":"Burst","floor":33.0},{"not_picked":[],"picked":"ReplayTheSpireMod:Restless Dread","floor":34.0},{"not_picked":[],"picked":"Amnesia","floor":34.0},{"not_picked":[],"picked":"hubris:Envy","floor":34.0},{"not_picked":["Dagger Throw"],"picked":"SKIP","floor":35.0},{"not_picked":["ReplayTheSpireMod:Exploit Weakness+1"],"picked":"SKIP","floor":38.0},{"not_picked":["Quick Slash"],"picked":"SKIP","floor":42.0},{"not_picked":[],"picked":"Hidden Blade","floor":45.0},{"not_picked":["Dodge and Roll+1"],"picked":"SKIP","floor":47.0},{"not_picked":["Leg Sweep+1"],"picked":"SKIP","floor":48.0},{"not_picked":["hubris:SlightOfHand"],"picked":"SKIP","floor":52.0},{"not_picked":[],"picked":"Deflect","floor":54.0},{"not_picked":["Glass Knife"],"picked":"SKIP","floor":56.0},{"not_picked":["Dodge and Roll"],"picked":"SKIP","floor":57.0},{"not_picked":[],"picked":"Blade Dance","floor":61.0},{"not_picked":["Expertise"],"picked":"SKIP","floor":62.0},{"not_picked":["infinitespire:TheBestDefense","infinitespire:NeuralNetwork"],"picked":"infinitespire:Menacing","floor":64.0},{"not_picked":[],"picked":"Wraith Form v2","floor":67.0},{"not_picked":["infinitespire:Gouge","infinitespire:Collect"],"picked":"infinitespire:SealOfDarkness+","floor":68.0},{"not_picked":["PiercingWail"],"picked":"Sneak Up+1","floor":69.0},{"not_picked":["Dagger Spray+1"],"picked":"Flying Knee+1","floor":72.0},{"not_picked":["Dagger Throw+1"],"picked":"Hidden Blade","floor":73.0},{"not_picked":["Catalyst"],"picked":"Bullet Time","floor":75.0},{"not_picked":["Eviscerate"],"picked":"Dagger Spray","floor":78.0},{"not_picked":["Dodge and Roll"],"picked":"Escape Plan","floor":81.0},{"not_picked":["Bullet Time"],"picked":"After Image","floor":84.0},{"not_picked":["Acrobatics"],"picked":"Blade Dance+1","floor":86.0},{"not_picked":["Slice"],"picked":"Infinite Blades+1","floor":91.0},{"not_picked":["Acrobatics+1"],"picked":"Hidden Blade+1","floor":98.0},{"not_picked":["Deadly Poison+1"],"picked":"Blade Dance+1","floor":99.0},{"not_picked":["Dodge and Roll","Bane"],"picked":"SKIP","floor":103.0},{"not_picked":["Die Die Die","Dagger Throw"],"picked":"SKIP","floor":104.0},{"not_picked":["Prepared","Caltrops"],"picked":"SKIP","floor":109.0},{"not_picked":["Prepared","Caltrops"],"picked":"SKIP","floor":109.0},{"not_picked":["Die Die Die","Cloak And Dagger"],"picked":"SKIP","floor":110.0},{"not_picked":["hubris:SlightOfHand","Outmaneuver"],"picked":"SKIP","floor":113.0},{"not_picked":["Malaise","Deadly Poison"],"picked":"SKIP","floor":115.0},{"not_picked":["Acrobatics","Blade Dance"],"picked":"SKIP","floor":116.0},{"not_picked":["Catalyst+1","Bane"],"picked":"SKIP","floor":120.0},{"not_picked":["Backstab","Flying Knee"],"picked":"SKIP","floor":121.0},{"not_picked":["Sucker Punch","Poison Darts"],"picked":"SKIP","floor":126.0},{"not_picked":["Replay:Poison Smokescreen+1","Dodge and Roll"],"picked":"SKIP","floor":131.0},{"not_picked":["Acrobatics","ReplayTheSpireMod:From All Sides"],"picked":"SKIP","floor":132.0},{"not_picked":["hubris:Sniper","Riddle With Holes"],"picked":"SKIP","floor":133.0},{"not_picked":["Leg Sweep","Setup"],"picked":"SKIP","floor":137.0},{"not_picked":["Catalyst","Blade Dance"],"picked":"SKIP","floor":140.0},{"not_picked":["Escape Plan","Underhanded Strike"],"picked":"SKIP","floor":143.0},{"not_picked":["Calculated Gamble","Dagger Throw"],"picked":"SKIP","floor":146.0},{"not_picked":["ReplayTheSpireMod:The Works+1","Tools of the Trade"],"picked":"SKIP","floor":148.0},{"not_picked":["Eviscerate+1","Backstab"],"picked":"SKIP","floor":149.0},{"not_picked":["ReplayTheSpireMod:Speed Training+1","Deadly Poison+1"],"picked":"SKIP","floor":156}],"player_experience":208538,"relics_obtained":[{"floor":6.0,"key":"Letter Opener"},{"floor":9.0,"key":"War Paint"},{"floor":26.0,"key":"infinitespire:WardingShard"},{"floor":31.0,"key":"infinitespire:EmpoweringShard"},{"floor":39.0,"key":"infinitespire:Golems Mask"},{"floor":41.0,"key":"Bottled Tornado"},{"floor":43.0,"key":"Toy Ornithopter"},{"floor":54.0,"key":"Odd Mushroom"},{"floor":55.0,"key":"Blue Doll"},{"floor":57.0,"key":"Torii"},{"floor":59.0,"key":"infinitespire:FocusingShard"},{"floor":60.0,"key":"Bronze Scales"},{"floor":70.0,"key":"infinitespire:Bottled Soul"},{"floor":75.0,"key":"Shuriken"},{"floor":76.0,"key":"hubris:PeanutButter"},{"floor":77.0,"key":"PreservedInsect"},{"floor":81.0,"key":"Ancient Tea Set"},{"floor":87.0,"key":"hubris:SlimyHat"},{"floor":91.0,"key":"hubris:Metronome"},{"floor":94.0,"key":"Vajra"},{"floor":95.0,"key":"hubris:TenFootPole"},{"floor":97.0,"key":"ReplayTheSpireMod:Lightbulb"},{"floor":99.0,"key":"infinitespire:ShieldingShard"},{"floor":105.0,"key":"hubris:Zylophone"},{"floor":109.0,"key":"Bird Faced Urn"},{"floor":111.0,"key":"InkBottle"},{"floor":115.0,"key":"Juzu Bracelet"},{"floor":122.0,"key":"Bag of Marbles"},{"floor":125.0,"key":"Strawberry"},{"floor":126.0,"key":"Smiling Mask"},{"floor":128.0,"key":"Mummified Hand"},{"floor":129.0,"key":"Durian"},{"floor":141.0,"key":"Lizard Tail"},{"floor":144.0,"key":"Ninja Scroll"},{"floor":145.0,"key":"hubris:Reverence"},{"floor":149.0,"key":"hubris:BundleOfHerbs"},{"floor":149.0,"key":"ReplayFunnel"},{"floor":150,"key":"Replay:Wax Seal"},{"floor":150,"key":"infinitespire:CheckeredPen"},{"floor":150,"key":"Vampiric Spirits"},{"floor":156,"key":"Pear"},{"floor":156,"key":"hubris:CrystalStatue"}],"event_choices":[{"damage_healed":0.0,"max_hp_gain":0.0,"max_hp_loss":0.0,"gold_gain":0.0,"event_name":"Living Wall","player_choice":"Grow","floor":2.0,"gold_loss":0.0,"damage_taken":0.0,"cards_upgraded":["Blade Dance"]},{"cards_removed":["Strike_G"],"damage_healed":0.0,"max_hp_gain":0.0,"max_hp_loss":0.0,"gold_gain":0.0,"event_name":"Golden Wing","player_choice":"Card Removal","floor":3.0,"gold_loss":0.0,"damage_taken":7.0},{"damage_healed":0.0,"max_hp_gain":5.0,"max_hp_loss":0.0,"gold_gain":0.0,"event_name":"Big Fish","player_choice":"Donut","floor":4.0,"gold_loss":0.0,"damage_taken":0.0},{"damage_healed":0.0,"max_hp_gain":0.0,"max_hp_loss":0.0,"gold_gain":0.0,"event_name":"Golden Idol","player_choice":"Take Wound","floor":8.0,"gold_loss":0.0,"damage_taken":0.0,"relics_obtained":["Golden Idol"],"cards_obtained":["Injury"]},{"damage_healed":0.0,"max_hp_gain":0.0,"max_hp_loss":0.0,"gold_gain":0.0,"event_name":"The Mausoleum","player_choice":"Opened","floor":22.0,"gold_loss":0.0,"damage_taken":0.0,"relics_obtained":["White Beast Statue"]},{"damage_healed":0.0,"max_hp_gain":0.0,"max_hp_loss":0.0,"gold_gain":0.0,"event_name":"Cursed Tome","player_choice":"Ignored","floor":27.0,"gold_loss":0.0,"damage_taken":0.0},{"damage_healed":0.0,"max_hp_gain":0.0,"max_hp_loss":0.0,"gold_gain":0.0,"event_name":"Ghosts","player_choice":"Ignored","floor":29.0,"gold_loss":0.0,"damage_taken":0.0},{"damage_healed":0.0,"max_hp_gain":0.0,"max_hp_loss":4.0,"gold_gain":0.0,"event_name":"Winding Halls","player_choice":"Max HP","floor":36.0,"gold_loss":0.0,"damage_taken":0.0},{"cards_removed":["Strike_G"],"damage_healed":0.0,"max_hp_gain":0.0,"max_hp_loss":0.0,"gold_gain":0.0,"event_name":"Falling","player_choice":"Removed Attack","floor":37.0,"gold_loss":0.0,"damage_taken":0.0},{"damage_healed":0.0,"max_hp_gain":0.0,"max_hp_loss":0.0,"gold_gain":0.0,"event_name":"MindBloom","player_choice":"Fight","floor":39.0,"gold_loss":0.0,"damage_taken":0.0},{"damage_healed":0.0,"max_hp_gain":0.0,"max_hp_loss":0.0,"gold_gain":0.0,"event_name":"Mushrooms","player_choice":"Fought Mushrooms","floor":54.0,"gold_loss":0.0,"damage_taken":0.0},{"damage_healed":0.0,"max_hp_gain":0.0,"max_hp_loss":0.0,"gold_gain":99.0,"event_name":"Nest","player_choice":"Stole From Cult","floor":82.0,"gold_loss":0.0,"damage_taken":0.0},{"damage_healed":0.0,"max_hp_gain":0.0,"max_hp_loss":0.0,"gold_gain":333.0,"event_name":"The Moai Head","player_choice":"Gave Idol","floor":89.0,"relics_lost":["Golden Idol"],"gold_loss":0.0,"damage_taken":0.0},{"cards_removed":["Flying Knee"],"damage_healed":0.0,"max_hp_gain":0.0,"max_hp_loss":0.0,"gold_gain":0.0,"event_name":"Falling","player_choice":"Removed Attack","floor":90.0,"gold_loss":0.0,"damage_taken":0.0},{"damage_healed":0.0,"max_hp_gain":0.0,"max_hp_loss":0.0,"gold_gain":0.0,"event_name":"The Woman in Blue","player_choice":"Bought 0 Potions","floor":106.0,"gold_loss":0.0,"damage_taken":0.0},{"damage_healed":0.0,"max_hp_gain":0.0,"max_hp_loss":0.0,"gold_gain":0.0,"event_name":"Drug Dealer","player_choice":"Inject Mutagens","floor":123.0,"gold_loss":0.0,"damage_taken":0.0,"relics_obtained":["MutagenicStrength"]},{"damage_healed":0.0,"max_hp_gain":0.0,"max_hp_loss":0.0,"gold_gain":0.0,"event_name":"Lab","player_choice":"Got Potions","floor":138.0,"gold_loss":0.0,"damage_taken":0.0},{"cards_removed":["Footwork"],"damage_healed":0.0,"max_hp_gain":0.0,"max_hp_loss":0.0,"gold_gain":0.0,"event_name":"Falling","player_choice":"Removed Power","floor":139.0,"gold_loss":0.0,"damage_taken":0.0},{"damage_healed":0.0,"max_hp_gain":0.0,"max_hp_loss":0.0,"gold_gain":0.0,"event_name":"MindBloom","player_choice":"Fight","floor":141.0,"gold_loss":0.0,"damage_taken":0.0},{"damage_healed":0,"gold_gain":0,"player_choice":"Upgraded","damage_taken":0,"max_hp_gain":0,"max_hp_loss":0,"event_name":"Upgrade Shrine","floor":151,"gold_loss":0,"cards_upgraded":["Escape Plan"]}],"is_beta":false,"boss_relics":[{"not_picked":["Empty Cage","ReplayTheSpireMod:SealedPack"],"picked":"Busted Crown"},{"not_picked":["Fusion Hammer","hubris:TerracottaHorce"],"picked":"Replay:Ancient Bell"},{"not_picked":["Blue Doll","Ancient Tea Set"],"picked":"Tiny Chest"},{"not_picked":["InkBottle","Onion Ring"],"picked":"Sundial"},{"not_picked":["Peace Pipe","Girya"],"picked":"Gambling Chip"},{"not_picked":["Calling Bell","Replay:Drink Me"],"picked":"Philosopher\u0027s Stone"},{"not_picked":["Runic Dome","infinitespire:Cupcake"],"picked":"Honey Jar"},{"not_picked":["Snecko Scales","hubris:RunicObelisk"],"picked":"WristBlade"},{"not_picked":["Tiny House","hubris:TerracottaHorce"],"picked":"Astrolabe"},{"not_picked":["Runic Pyramid","Snecko Eye","Replay:Drink Me"]},{"not_picked":["Fusion Hammer","hubris:BlackHole"],"picked":"Replay:Grab Bag"},{"not_picked":["hubris:RunicObelisk","ReplayTheSpireMod:Onyx Gauntlets"],"picked":"Cursed Key"},{"not_picked":["Painkiller Herb","infinitespire:Cupcake"],"picked":"Abe\u0027s Treasure"},{"not_picked":["ReplayTheSpireMod:SealedPack","HoveringKite"],"picked":"Black Star"},{"not_picked":["Kintsugi","Snecko Scales"],"picked":"hubris:Stopwatch"},{"not_picked":["hubris:HollowSoul","Pandora\u0027s Box"],"picked":"Ring of the Serpent"}],"items_purged_floors":[46,65,80,93,96,107,112,147,150,155],"is_endless":true,"potions_floor_spawned":[6,14,18,20,24,25,28,30,33,35,38,39,42,45,47,48,50,52,54,56,57,61,62,67,69,72,73,75,78,81,84,86,88,91,98,99,101,103,104,109,110,113,115,116,118,120,121,126,131,132,133,135,137,140,141,143,146,148,149,152,156,157],"ascension_level":0}}