{"host":"3ek78t4i81ecmdy1","time":1607582069,"event":{"gold_per_floor":[359,376,19,32,45,45,45,45,45,60,80,80,80,95,95,225,225,238,252,61,86,109,109,142,142,166,190,214,65,81,81,81,81,81],"floor_reached":33,"playtime":1035,"items_purged":[],"score":263,"play_id":"60fc18f9-b39f-472f-8e47-54b53fe033a3","local_time":"20201210153429","is_ascension_mode":false,"campfire_choices":[{"data":"1","floor":6,"key":"LIFT"},{"data":"2","floor":8,"key":"LIFT"},{"data":"3","floor":12,"key":"LIFT"},{"data":"Armaments","floor":15,"key":"SMITH"},{"data":"True Grit","floor":23,"key":"SMITH"},{"data":"Infernal Blade","floor":25,"key":"SMITH"},{"data":"Heavy Blade","floor":32,"key":"SMITH"}],"neow_cost":"TEN_PERCENT_HP_LOSS","seed_source_timestamp":3462557203941199194,"circlet_count":0,"master_deck":["Bash","Infernal Blade+1","Cleave","Armaments+1","Pummel","Sever Soul","Combust","Metallicize","Feel No Pain","Carnage","Double Tap","Havoc","Ghostly Armor","Dropkick","Cleave","Reaper","Rupture","Havoc","Flame Barrier","Shrug It Off+1","Hemokinesis","True Grit+1","Heavy Blade+1","Demon Form","Flex","Dark Embrace+1"],"relics":["Burning Blood","Girya","Golden Idol","HornCleat","Pandora\u0027s Box","Bronze Scales","CaptainsWheel","Pen Nib","Oddly Smooth Stone"],"potions_floor_usage":[14,16,24,30,33,33,33],"damage_taken":[{"damage":5,"enemies":"Jaw Worm","floor":1,"turns":5},{"damage":0,"enemies":"Small Slimes","floor":2,"turns":2},{"damage":1,"enemies":"Cultist","floor":4,"turns":3},{"damage":13,"enemies":"Lots of Slimes","floor":5,"turns":3},{"damage":3,"enemies":"Red Slaver","floor":10,"turns":2},{"damage":5,"enemies":"Gremlin Gang","floor":11,"turns":2},{"damage":0,"enemies":"3 Louse","floor":14,"turns":2},{"damage":68,"enemies":"The Guardian","floor":16,"turns":10},{"damage":5,"enemies":"Chosen","floor":18,"turns":5},{"damage":3,"enemies":"3 Byrds","floor":19,"turns":5},{"damage":14,"enemies":"Snake Plant","floor":21,"turns":5},{"damage":15,"enemies":"Shelled Parasite and Fungi","floor":22,"turns":4},{"damage":13,"enemies":"Gremlin Leader","floor":24,"turns":7},{"damage":0,"enemies":"3 Cultists","floor":27,"turns":4},{"damage":8,"enemies":"Cultist and Chosen","floor":28,"turns":6},{"damage":0,"enemies":"Sentry and Sphere","floor":30,"turns":5},{"damage":66,"enemies":"Automaton","floor":33,"turns":6}],"seed_played":"-19147181188249136","potions_obtained":[{"floor":2,"key":"BloodPotion"},{"floor":5,"key":"Swift Potion"},{"floor":10,"key":"Ancient Potion"},{"floor":14,"key":"Fruit Juice"},{"floor":18,"key":"Regen Potion"},{"floor":21,"key":"Block Potion"},{"floor":28,"key":"Ancient Potion"},{"floor":30,"key":"SneckoOil"}],"is_trial":false,"path_per_floor":["M","M","$","M","M","R","?","R","T","M","M","R","?","M","R","B",null,"M","M","$","M","M","R","E","R","T","M","M","$","M","?","R","B"],"character_chosen":"IRONCLAD","items_purchased":["Girya","Armaments","Bronze Scales","True Grit","Oddly Smooth Stone"],"campfire_rested":0,"item_purchase_floors":[3,3,20,20,29],"current_hp_per_floor":[72,72,72,72,65,65,47,47,47,50,51,51,51,71,71,14,77,77,77,77,69,60,60,53,53,53,59,57,57,63,63,63,0,0],"gold":81,"neow_bonus":"TWO_FIFTY_GOLD","is_prod":false,"is_daily":false,"chose_seed":false,"campfire_upgraded":4,"win_rate":0.0,"timestamp":1607582069,"path_taken":["M","M","$","M","M","R","?","R","T","M","M","R","?","M","R","BOSS","M","M","$","M","M","R","E","R","T","M","M","$","M","?","R","BOSS"],"build_version":"2020-11-30","purchased_purges":0,"victory":false,"max_hp_per_floor":[72,72,72,72,72,72,72,72,72,72,72,72,72,72,72,77,77,77,77,77,77,77,77,77,77,77,77,77,77,77,77,77,77,77],"card_choices":[{"not_picked":["Clash","Whirlwind"],"picked":"Infernal Blade","floor":1},{"not_picked":["Power Through","Shrug It Off"],"picked":"Cleave","floor":2},{"not_picked":["Warcry","Cleave"],"picked":"Pummel","floor":4},{"not_picked":["Body Slam","Sword Boomerang"],"picked":"Sever Soul","floor":5},{"not_picked":["Metallicize","Blood for Blood"],"picked":"Combust","floor":10},{"not_picked":["Clothesline","Cleave"],"picked":"Metallicize","floor":11},{"not_picked":["Second Wind","Cleave"],"picked":"Carnage","floor":14},{"not_picked":["Bludgeon","Fiend Fire"],"picked":"Double Tap","floor":16},{"not_picked":["Thunderclap","Clash"],"picked":"Shrug It Off+1","floor":18},{"not_picked":["Anger","Clothesline"],"picked":"Hemokinesis","floor":19},{"not_picked":["Iron Wave","Rampage"],"picked":"Heavy Blade","floor":21},{"not_picked":["Headbutt","Bloodletting","Perfected Strike"],"picked":"SKIP","floor":22},{"not_picked":["Flame Barrier","Evolve+1"],"picked":"Demon Form","floor":24},{"not_picked":["Shrug It Off","Armaments"],"picked":"Flex","floor":27},{"not_picked":["Infernal Blade+1","Combust+1","Hemokinesis"],"picked":"SKIP","floor":28},{"not_picked":["Body Slam","Flex+1"],"picked":"Dark Embrace+1","floor":30}],"player_experience":127698,"relics_obtained":[{"floor":9,"key":"HornCleat"},{"floor":24,"key":"CaptainsWheel"},{"floor":26,"key":"Pen Nib"}],"event_choices":[{"damage_healed":0,"gold_gain":0,"player_choice":"Take Damage","damage_taken":18,"relics_obtained":["Golden Idol"],"max_hp_gain":0,"max_hp_loss":0,"event_name":"Golden Idol","floor":7,"gold_loss":0},{"damage_healed":0,"gold_gain":0,"cards_transformed":["Strike_R"],"player_choice":"Change","damage_taken":0,"max_hp_gain":0,"max_hp_loss":0,"event_name":"Living Wall","floor":13,"gold_loss":0,"cards_obtained":["Feel No Pain"]},{"damage_healed":0,"gold_gain":0,"player_choice":"Ignored","damage_taken":0,"max_hp_gain":0,"max_hp_loss":0,"event_name":"Ghosts","floor":31,"gold_loss":0}],"is_beta":false,"boss_relics":[{"not_picked":["Empty Cage","SacredBark"],"picked":"Pandora\u0027s Box"}],"items_purged_floors":[],"is_endless":false,"potions_floor_spawned":[2,5,10,14,18,21,28,30],"killed_by":"Automaton","ascension_level":0}}