{"host":"zxgdr4fkkh57nqy4","time":1607598875,"event":{"gold_per_floor":[276,292,292,306,324,324,324,55,131,131,159,177,177,195,195,298,298,314,102,102,121,139,170,170,184,184,184,195,70,96,116,116,212,212,226,236,4,4,4,16,16,16,41,41,61,61,61,74,74,74],"floor_reached":51,"playtime":2161,"items_purged":["rmod:defend","rmod:strick","rmod:strick","rmod:maingunfire"],"score":689,"play_id":"889fc6bc-7406-4ebd-b511-105d2503c589","local_time":"20201210191435","is_ascension_mode":false,"campfire_choices":[{"data":"rmod:fuelsupply","floor":6.0,"key":"SMITH"},{"data":"rmod:chargemoney","floor":10.0,"key":"SMITH"},{"data":"rmod:saltedfish","floor":13.0,"key":"SMITH"},{"data":"rmod:aluminumsupply","floor":15.0,"key":"SMITH"},{"floor":24.0,"key":"REST"},{"floor":27.0,"key":"REST"},{"floor":32.0,"key":"REST"},{"data":"rmod:wasp","floor":41.0,"key":"SMITH"},{"data":"rmod:advancebysurprise","floor":44.0,"key":"SMITH"},{"data":"rmod:wasp","floor":46.0,"key":"SMITH"},{"floor":49.0,"key":"REST"}],"neow_cost":"","seed_source_timestamp":23818741004700,"circlet_count":0,"master_deck":["rmod:victimresponsibility","rmod:fuelsupply+1","rmod:supportescort","rmod:chargemoney+1","rmod:saltedfish+1","rmod:wasp+1","rmod:aluminumsupply+1","rmod:acesubmarine","rmod:robin+1","rmod:firesupport","rmod:launchingtorpedo","rmod:ridicule","rmod:aviationdawn+1","rmod:advancebysurprise+1","rmod:desperatesituation","rmod:fuelsupply","rmod:wasp+1","rmod:diamondstrike","rmod:highspeedmaneuver","rmod:lonelyqueen","rmod:wolves","rmod:steelsupply","rmod:ammunitionsupply+1","rmod:shuttlebombing+1"],"special_seed":0,"relics":["rmod:firstchargereward","LetterFromLob","Boot","Membership Card","Mercury Hourglass","White Beast Statue","Sozu","Lantern","Pantograph","Unceasing Top","Gremlin Horn","Pandora\u0027s Box","Mango","Bronze Scales"],"potions_floor_usage":[],"damage_taken":[{"damage":0.0,"enemies":"Small Slimes","floor":1.0,"turns":4.0},{"damage":0.0,"enemies":"Jaw Worm","floor":2.0,"turns":4.0},{"damage":1.0,"enemies":"Cultist","floor":4.0,"turns":4.0},{"damage":7.0,"enemies":"Red Slaver","floor":5.0,"turns":3.0},{"damage":18.0,"enemies":"3 Sentries","floor":11.0,"turns":6.0},{"damage":7.0,"enemies":"Exordium Thugs","floor":12.0,"turns":4.0},{"damage":1.0,"enemies":"Looter","floor":14.0,"turns":3.0},{"damage":18.0,"enemies":"Slime Boss","floor":16.0,"turns":7.0},{"damage":5.0,"enemies":"3 Byrds","floor":18.0,"turns":4.0},{"damage":22.0,"enemies":"2 Thieves","floor":21.0,"turns":3.0},{"damage":18.0,"enemies":"Centurion and Healer","floor":22.0,"turns":4.0},{"damage":28.0,"enemies":"Book of Stabbing","floor":23.0,"turns":4.0},{"damage":23.0,"enemies":"Snecko","floor":25.0,"turns":5.0},{"damage":4.0,"enemies":"Chosen and Byrds","floor":28.0,"turns":3.0},{"damage":18.0,"enemies":"Gremlin Leader","floor":30.0,"turns":6.0},{"damage":21.0,"enemies":"Snake Plant","floor":31.0,"turns":3.0},{"damage":7.0,"enemies":"Collector","floor":33.0,"turns":5.0},{"damage":12.0,"enemies":"3 Shapes","floor":35.0,"turns":5.0},{"damage":5.0,"enemies":"3 Darklings","floor":36.0,"turns":4.0},{"damage":37.0,"enemies":"Maw","floor":40.0,"turns":6.0},{"damage":3.0,"enemies":"Spire Growth","floor":45.0,"turns":4.0},{"damage":10.0,"enemies":"Sphere and 2 Shapes","floor":48.0,"turns":3.0},{"damage":72,"enemies":"Donu and Deca","floor":50,"turns":6}],"seed_played":"6349393490956195752","potions_obtained":[{"floor":2.0,"key":"Regen Potion"},{"floor":4.0,"key":"FearPotion"},{"floor":11.0,"key":"Swift Potion"}],"is_trial":false,"path_per_floor":["M","M","?","M","M","R","?","$","T","R","E","M","R","M","R","B",null,"M","$","?","M","M","E","R","M","T","R","M","$","E","M","R","B",null,"M","M","$","?","$","M","R","?","T","R","M","R","$","M","R","B",null],"character_chosen":"PRAEFECT","items_purchased":["Membership Card","rmod:chargemoney","FairyPotion","rmod:robin","rmod:firesupport","Lantern","rmod:launchingtorpedo","rmod:fuelsupply","rmod:wasp","Mango"],"campfire_rested":4,"item_purchase_floors":[8,8,8,19,19,19,19,29,29,37],"current_hp_per_floor":[75,75,68,67,60,60,75,75,75,75,66,59,59,58,58,40,75,70,70,70,48,30,2,24,1,1,23,19,19,1,8,30,48,75,63,58,72,72,72,35,35,35,35,35,32,32,32,22,48,1],"gold":74,"neow_bonus":"","is_prod":false,"is_daily":false,"chose_seed":false,"campfire_upgraded":7,"win_rate":0,"timestamp":1607598875,"path_taken":["M","M","?","M","M","R","?","$","T","R","E","M","R","M","R","BOSS","M","$","?","M","M","E","R","M","T","R","M","?","E","M","R","BOSS","M","M","$","?","?","M","R","?","T","R","M","R","$","M","R","BOSS"],"build_version":"2020-11-30","purchased_purges":4,"victory":true,"max_hp_per_floor":[75,75,75,75,75,75,75,75,75,75,75,75,75,75,75,75,75,75,75,75,75,75,75,75,75,75,75,75,75,75,75,75,75,75,75,75,89,89,89,89,89,89,89,89,89,89,89,89,89,89],"card_choices":[{"not_picked":["rmod:unsinkable","rmod:luckystar"],"picked":"rmod:victimresponsibility","floor":1.0},{"not_picked":["rmod:tearstotiara","rmod:combined"],"picked":"rmod:fuelsupply","floor":2.0},{"not_picked":["rmod:intelligenceanalysis","rmod:ring","rmod:fletcherpendant"],"picked":"SKIP","floor":4.0},{"not_picked":["rmod:mineteam","rmod:goodfighter"],"picked":"rmod:supportescort","floor":5.0},{"not_picked":["rmod:circuitoustactics","rmod:overbreakdown"],"picked":"rmod:saltedfish","floor":11.0},{"not_picked":["rmod:overbreakdown","rmod:highspeedshooting"],"picked":"rmod:wasp","floor":12.0},{"not_picked":["rmod:circuitoustactics","rmod:tearstotiara"],"picked":"rmod:aluminumsupply","floor":14.0},{"not_picked":["rmod:fletcher","rmod:timeschanged"],"picked":"rmod:acesubmarine","floor":16.0},{"not_picked":["rmod:victimresponsibility","rmod:unsinkable","rmod:combined"],"picked":"SKIP","floor":18.0},{"not_picked":["rmod:unsinkable","rmod:luckystar"],"picked":"rmod:ridicule","floor":21.0},{"not_picked":["rmod:launchingtorpedo","rmod:aluminumsupply"],"picked":"rmod:aviationdawn+1","floor":22.0},{"not_picked":["rmod:salvage+1","rmod:fletcherpendant","rmod:circuitoustactics+1"],"picked":"SKIP","floor":23.0},{"not_picked":["rmod:victimresponsibility","rmod:highspeedshooting+1"],"picked":"rmod:advancebysurprise","floor":25.0},{"not_picked":["rmod:diaomin","rmod:ring+1"],"picked":"rmod:desperatesituation","floor":28.0},{"not_picked":["rmod:circuitoustactics","rmod:supportescort","rmod:fletcherpendant"],"picked":"SKIP","floor":30.0},{"not_picked":["rmod:victimresponsibility","rmod:overbreakdown+1"],"picked":"rmod:diamondstrike","floor":31.0},{"not_picked":["rmod:seals","rmod:auspiciousomen"],"picked":"rmod:highspeedmaneuver","floor":33.0},{"not_picked":["rmod:fletcherpendant","rmod:intelligenceanalysis+1","rmod:victimresponsibility"],"picked":"SKIP","floor":35.0},{"not_picked":["rmod:combined","rmod:gendarmerie+1","rmod:firesupport+1"],"picked":"SKIP","floor":36.0},{"not_picked":["rmod:bulid+1","rmod:victimresponsibility"],"picked":"rmod:ammunitionsupply+1","floor":40.0},{"not_picked":["rmod:guardianhero+1","rmod:highspeedshooting","rmod:combined+1"],"picked":"SKIP","floor":45.0},{"not_picked":["rmod:abidefaith","rmod:intelligenceanalysis+1"],"picked":"rmod:shuttlebombing+1","floor":48.0}],"player_experience":435871,"relics_obtained":[{"floor":1.0,"key":"LetterFromLob"},{"floor":9.0,"key":"Mercury Hourglass"},{"floor":11.0,"key":"White Beast Statue"},{"floor":23.0,"key":"Pantograph"},{"floor":26.0,"key":"Unceasing Top"},{"floor":30.0,"key":"Gremlin Horn"},{"floor":43.0,"key":"Bronze Scales"}],"event_choices":[{"damage_healed":0.0,"max_hp_gain":0.0,"max_hp_loss":0.0,"gold_gain":0.0,"event_name":"Scrap Ooze","player_choice":"Success","floor":3.0,"gold_loss":0.0,"damage_taken":7.0,"relics_obtained":["Boot"]},{"damage_healed":0.0,"max_hp_gain":0.0,"max_hp_loss":0.0,"gold_gain":0.0,"event_name":"NoteForYourself","player_choice":"Ignored","floor":20.0,"gold_loss":0.0,"damage_taken":0.0},{"damage_healed":0.0,"max_hp_gain":0.0,"max_hp_loss":0.0,"gold_gain":0.0,"event_name":"Accursed Blacksmith","player_choice":"Forge","floor":38.0,"gold_loss":0.0,"damage_taken":0.0,"cards_upgraded":["rmod:robin"]},{"damage_healed":0.0,"max_hp_gain":0.0,"max_hp_loss":0.0,"gold_gain":0.0,"event_name":"Lab","player_choice":"Got Potions","floor":42.0,"gold_loss":0.0,"damage_taken":0.0}],"is_beta":false,"boss_relics":[{"not_picked":["Busted Crown","SlaversCollar"],"picked":"Sozu"},{"not_picked":["Snecko Eye","Velvet Choker"],"picked":"Pandora\u0027s Box"}],"items_purged_floors":[8,19,29,37],"is_endless":false,"potions_floor_spawned":[2,4,11,12,14,16,18,21,22,23,25,28,30,31,33,35,36,40,45,48],"ascension_level":0}}