{"host":"csxyw8kq0by31otn","time":1607601430,"event":{"gold_per_floor":[117,91,91,166,166,197,197,215,215,215,165,178,30,53,53,173,173,194,210,210,18,33,33,33],"floor_reached":23,"playtime":527,"items_purged":[],"score":214,"play_id":"b176cd0d-aa1a-4a2d-927b-a7d78d5da1f7","local_time":"20201210205710","is_ascension_mode":false,"campfire_choices":[{"data":"Infernal Blade","floor":7.0,"key":"SMITH"},{"data":"Flex","floor":10.0,"key":"SMITH"},{"data":"Bash","floor":15.0,"key":"SMITH"}],"neow_cost":"NONE","seed_source_timestamp":27116676515200,"circlet_count":0,"master_deck":["Strike_R","Strike_R","Strike_R","Strike_R","Strike_R","Defend_R","Defend_R","Defend_R","Defend_R","Bash+1","Infernal Blade+1","Flex+1","Shrug It Off+1","Wild Strike","True Grit+1","Clothesline","Offering+1","Cleave","Uppercut","Metallicize"],"special_seed":0,"relics":["Burning Blood","NeowsBlessing","Toxic Egg 2","Golden Idol","Calipers","Sundial","Lantern","Mark of Pain","Strange Spoon"],"potions_floor_usage":[23,23],"damage_taken":[{"damage":0.0,"enemies":"2 Louse","floor":1.0,"turns":1.0},{"damage":0.0,"enemies":"Gremlin Nob","floor":6.0,"turns":1.0},{"damage":0.0,"enemies":"Small Slimes","floor":8.0,"turns":1.0},{"damage":0.0,"enemies":"Cultist","floor":12.0,"turns":3.0},{"damage":8.0,"enemies":"Large Slime","floor":14.0,"turns":5.0},{"damage":52.0,"enemies":"Hexaghost","floor":16.0,"turns":9.0},{"damage":11.0,"enemies":"Shell Parasite","floor":18.0,"turns":4.0},{"damage":1.0,"enemies":"Spheric Guardian","floor":19.0,"turns":3.0},{"damage":42.0,"enemies":"Centurion and Healer","floor":22.0,"turns":5.0},{"damage":24,"enemies":"Slavers","floor":23,"turns":3}],"seed_played":"-7023064858051119595","potions_obtained":[{"floor":1.0,"key":"ColorlessPotion"},{"floor":6.0,"key":"FearPotion"},{"floor":16.0,"key":"EssenceOfSteel"},{"floor":22.0,"key":"Fire Potion"}],"is_trial":false,"path_per_floor":["M","$","?","?","?","E","R","M","T","R","?","M","$","M","R","B",null,"M","M","?","$","M","E"],"character_chosen":"IRONCLAD","items_purchased":["Flex","Lantern","Strange Spoon","Metallicize"],"campfire_rested":0,"item_purchase_floors":[2,13,21,21],"current_hp_per_floor":[80,80,80,69,69,74,74,74,74,74,74,74,74,72,72,26,74,69,74,60,60,24,0,0],"gold":33,"neow_bonus":"THREE_ENEMY_KILL","is_prod":false,"is_daily":false,"chose_seed":false,"campfire_upgraded":3,"win_rate":0,"timestamp":1607601430,"path_taken":["M","$","?","?","?","E","R","M","T","R","?","M","$","M","R","BOSS","M","M","?","$","M","E"],"build_version":"2020-11-30","purchased_purges":0,"victory":false,"max_hp_per_floor":[80,80,80,80,74,74,74,74,74,74,74,74,74,74,74,74,74,74,74,79,79,79,79,79],"card_choices":[{"not_picked":["Twin Strike","Clothesline"],"picked":"Infernal Blade","floor":1.0},{"not_picked":["Immolate","Perfected Strike"],"picked":"Shrug It Off+1","floor":6.0},{"not_picked":["Clothesline","Power Through+1"],"picked":"Wild Strike","floor":8.0},{"not_picked":["Sword Boomerang","Wild Strike"],"picked":"True Grit+1","floor":12.0},{"not_picked":["Shrug It Off+1","Iron Wave"],"picked":"Clothesline","floor":14.0},{"not_picked":["Feed","Reaper"],"picked":"Offering+1","floor":16.0},{"not_picked":["Body Slam+1","Clothesline"],"picked":"Cleave","floor":18.0},{"not_picked":["Wild Strike","Carnage"],"picked":"Uppercut","floor":19.0},{"not_picked":["Searing Blow","Dropkick","Clash"],"picked":"SKIP","floor":22.0}],"player_experience":170667,"relics_obtained":[{"floor":6.0,"key":"Calipers"},{"floor":9.0,"key":"Sundial"}],"event_choices":[{"damage_healed":0.0,"max_hp_gain":0.0,"max_hp_loss":0.0,"gold_gain":0.0,"event_name":"Big Fish","player_choice":"Box","floor":3.0,"gold_loss":0.0,"damage_taken":0.0,"relics_obtained":["Toxic Egg 2"],"cards_obtained":["Regret"]},{"damage_healed":0.0,"max_hp_gain":0.0,"max_hp_loss":0.0,"gold_gain":75.0,"event_name":"World of Goop","player_choice":"Gather Gold","floor":4.0,"gold_loss":0.0,"damage_taken":11.0},{"damage_healed":0.0,"max_hp_gain":0.0,"max_hp_loss":6.0,"gold_gain":0.0,"event_name":"Golden Idol","player_choice":"Lose Max HP","floor":5.0,"gold_loss":0.0,"damage_taken":0.0,"relics_obtained":["Golden Idol"]},{"cards_removed":["Regret"],"damage_healed":0.0,"max_hp_gain":0.0,"max_hp_loss":0.0,"gold_gain":0.0,"event_name":"The Cleric","player_choice":"Card Removal","floor":11.0,"gold_loss":50.0,"damage_taken":0.0},{"damage_healed":0.0,"max_hp_gain":5.0,"max_hp_loss":0.0,"gold_gain":0.0,"event_name":"Forgotten Altar","player_choice":"Shed Blood","floor":20.0,"gold_loss":0.0,"damage_taken":19.0}],"is_beta":false,"boss_relics":[{"not_picked":["Velvet Choker","Fusion Hammer"],"picked":"Mark of Pain"}],"items_purged_floors":[],"is_endless":false,"potions_floor_spawned":[1,6,16,22],"killed_by":"Slavers","ascension_level":0}}