{"host":"vfg9szunmpjwj08o","time":1607631312,"event":{"mods":["BaseMod","Act Like it!","Colored Map","Colored Powertips","Minty Spire (QoL Compilation)","StSLib","Waifu the Spire","Challenge The Spire"],"gold_per_floor":[116,191,204,219,53,87,104,104,104,117,147,147,175,192,192,288,288,302,117,117,134,233,233,233],"floor_reached":23,"playtime":2882,"items_purged":["Strike_P","Strike_P"],"score":404,"play_id":"68d1f29e-5a92-450a-9f5f-23fcd9a9887f","local_time":"20201210211512","is_ascension_mode":true,"campfire_choices":[{"data":"Eruption","floor":8,"key":"SMITH"},{"data":"Meditate","floor":12,"key":"SMITH"},{"floor":15,"key":"REST"}],"circlet_count":0,"master_deck":["Strike_P","Strike_P","Defend_P","Defend_P","Defend_P","Defend_P","Eruption+1","Vigilance","Meditate+1","LikeWater","Purity","MentalFortress","PathToVictory","MentalFortress","EmptyBody","Omniscience","Vault","Adaptation","EmptyFist"],"relics":["PureWater","NeowsBlessing","Pocketwatch","TungstenRod","FossilizedHelix","Shuriken","Sozu","Enchiridion"],"acts_visited":["Exordium","TheCity"],"potions_floor_usage":[6,11,11,16],"damage_taken":[{"damage":0,"enemies":"2 Louse","floor":1,"turns":1},{"damage":0,"enemies":"Cultist","floor":3,"turns":1},{"damage":0,"enemies":"Jaw Worm","floor":4,"turns":1},{"damage":37,"enemies":"3 Sentries","floor":6,"turns":15},{"damage":13,"enemies":"Large Slime","floor":7,"turns":10},{"damage":0,"enemies":"Looter","floor":10,"turns":3},{"damage":0,"enemies":"Gremlin Nob","floor":11,"turns":2},{"damage":0,"enemies":"Lagavulin","floor":13,"turns":6},{"damage":11,"enemies":"Exordium Wildlife","floor":14,"turns":4},{"damage":0,"enemies":"Slime Boss","floor":16,"turns":8},{"damage":13,"enemies":"3 Byrds","floor":18,"turns":9},{"damage":0,"enemies":"Chosen","floor":21,"turns":5},{"damage":43,"enemies":"Book of Stabbing","floor":23,"turns":7}],"seed_played":"2011186024724273666","potions_obtained":[{"floor":6,"key":"Fruit Juice"},{"floor":7,"key":"AttackPotion"},{"floor":10,"key":"AttackPotion"},{"floor":13,"key":"AttackPotion"}],"is_trial":false,"path_per_floor":["M","?","M","M","$","E","M","R","T","M","E","R","E","M","R","B",null,"M","$","?","M","?","E"],"character_chosen":"WATCHER","items_purchased":["Purity","Adaptation","EmptyFist"],"campfire_rested":1,"item_purchase_floors":[5,19,19],"current_hp_per_floor":[65,58,58,58,58,26,13,13,13,13,13,13,13,2,25,25,64,51,51,39,39,39,0,0],"gold":233,"neow_bonus":"THREE_ENEMY_KILL","is_daily":false,"chose_seed":false,"campfire_upgraded":2,"win_rate":0,"timestamp":1607631312,"path_taken":["M","?","M","M","$","E","M","R","T","M","E","R","E","?","R","BOSS","M","$","?","M","?","E"],"build_version":"2020-11-30","purchased_purges":2,"victory":false,"max_hp_per_floor":[72,72,72,72,72,77,77,77,77,77,77,77,77,77,77,77,77,77,77,77,77,77,77,77],"card_choices":[{"not_picked":["FollowUp","FlurryOfBlows","Protect"],"picked":"SKIP","floor":1},{"not_picked":["Wireheading","BattleHymn"],"picked":"Meditate","floor":3},{"not_picked":["Protect","CrushJoints"],"picked":"LikeWater","floor":4},{"not_picked":["FollowUp","Crescendo"],"picked":"MentalFortress","floor":6},{"not_picked":["Conclude","CutThroughFate"],"picked":"PathToVictory","floor":7},{"not_picked":["BattleHymn","CarveReality"],"picked":"MentalFortress","floor":10},{"not_picked":["FlyingSleeves","CarveReality"],"picked":"EmptyBody","floor":11},{"not_picked":["Crescendo","FlurryOfBlows"],"picked":"Omniscience","floor":13},{"not_picked":["ClearTheMind","EmptyBody","CrushJoints"],"picked":"SKIP","floor":14},{"not_picked":["Scrawl","ConjureBlade"],"picked":"Vault","floor":16},{"not_picked":["Consecrate","Halt+1","Protect"],"picked":"SKIP","floor":18},{"not_picked":["CrushJoints","Consecrate+1","SpiritShield"],"picked":"SKIP","floor":21}],"player_experience":969840,"relics_obtained":[{"floor":6,"key":"Pocketwatch"},{"floor":9,"key":"TungstenRod"},{"floor":11,"key":"FossilizedHelix"},{"floor":13,"key":"Shuriken"},{"floor":20,"key":"Enchiridion"}],"event_choices":[{"damage_healed":0,"gold_gain":75,"player_choice":"Touch","damage_taken":7,"max_hp_gain":0,"max_hp_loss":0,"event_name":"FaceTrader","floor":2,"gold_loss":0},{"damage_healed":0,"gold_gain":0,"player_choice":"Obtained Book","damage_taken":16,"max_hp_gain":0,"max_hp_loss":0,"event_name":"Cursed Tome","floor":20,"gold_loss":0},{"damage_healed":0,"gold_gain":99,"player_choice":"Stole From Cult","damage_taken":0,"max_hp_gain":0,"max_hp_loss":0,"event_name":"Nest","floor":22,"gold_loss":0}],"is_beta":false,"boss_relics":[{"not_picked":["HolyWater","Pandora\u0027s Box"],"picked":"Sozu"}],"items_purged_floors":[5,19],"is_endless":false,"potions_floor_spawned":[6,7,10,13,18,21],"killed_by":"Book of Stabbing","ascension_level":6}}