{"host":"eydwxg59205c3vtl","time":1607603097,"event":{"gold_per_floor":[115,131,206,216,27,58,58,83,83,83,101,121,121,136,136,236,236,253,253,253,31,49,81,81,81,174,186,198,227,239,284,296,403,415,437,449,477,503,515,527,559,320,372,372,404,404,434,447,447,447],"floor_reached":51,"playtime":1941,"items_purged":["Shame","Accuracy+1"],"score":853,"play_id":"cad22253-14af-4a9f-9367-2e9996135cfa","local_time":"20201210072457","is_ascension_mode":false,"campfire_choices":[{"data":"Catalyst","floor":7.0,"key":"SMITH"},{"data":"Noxious Fumes","floor":10.0,"key":"SMITH"},{"data":"Corpse Explosion","floor":13.0,"key":"SMITH"},{"floor":15.0,"key":"REST"},{"floor":24.0,"key":"REST"},{"floor":30.0,"key":"REST"},{"floor":32.0,"key":"REST"},{"floor":40,"key":"REST"},{"floor":44,"key":"REST"},{"floor":49,"key":"REST"}],"neow_cost":"NONE","seed_source_timestamp":481716771965100,"circlet_count":0,"master_deck":["Survivor","Neutralize","Corpse Explosion+1","Caltrops","Dodge and Roll","Deflect","Noxious Fumes+1","Catalyst+1","Blur","Dodge and Roll","Calculated Gamble","Crippling Poison","Backstab","Malaise","Venomology","Skewer","Noxious Fumes+1","Finisher","Storm of Steel","Calculated Gamble","Calculated Gamble","Bullet Time","Backstab","Backstab","Noxious Fumes+1","Caltrops+1","Venomology","Bouncing Flask","Calculated Gamble+1","Backflip+1"],"special_seed":0,"relics":["Ring of the Snake","Ancient Tea Set","Frozen Egg 2","Vajra","Pandora\u0027s Box","Question Card","PreservedInsect","Toy Ornithopter","MawBank","Sundial","Letter Opener","Runic Pyramid","Oddly Smooth Stone","Smiling Mask","Shuriken","Singing Bowl"],"potions_floor_usage":[38,41,41,45,45,47,47,48,48,50,50,50,50,50],"damage_taken":[{"damage":0.0,"enemies":"Cultist","floor":1.0,"turns":4.0},{"damage":1.0,"enemies":"Jaw Worm","floor":2.0,"turns":4.0},{"damage":0.0,"enemies":"2 Louse","floor":4.0,"turns":3.0},{"damage":17.0,"enemies":"Gremlin Nob","floor":6.0,"turns":5.0},{"damage":9.0,"enemies":"Lagavulin","floor":8.0,"turns":8.0},{"damage":0.0,"enemies":"Blue Slaver","floor":11.0,"turns":2.0},{"damage":8.0,"enemies":"Looter","floor":12.0,"turns":4.0},{"damage":3.0,"enemies":"3 Louse","floor":14.0,"turns":2.0},{"damage":29.0,"enemies":"Slime Boss","floor":16.0,"turns":11.0},{"damage":17.0,"enemies":"Shell Parasite","floor":18.0,"turns":5.0},{"damage":0.0,"enemies":"2 Thieves","floor":22.0,"turns":1.0},{"damage":33.0,"enemies":"Gremlin Leader","floor":23.0,"turns":6.0},{"damage":15.0,"enemies":"Centurion and Healer","floor":29.0,"turns":4.0},{"damage":2.0,"enemies":"Book of Stabbing","floor":31.0,"turns":5.0},{"damage":28.0,"enemies":"Automaton","floor":33.0,"turns":6.0},{"damage":28.0,"enemies":"3 Darklings","floor":35.0,"turns":3.0},{"damage":17.0,"enemies":"Orb Walker","floor":37.0,"turns":3.0},{"damage":32,"enemies":"3 Darklings","floor":38,"turns":4},{"damage":29,"enemies":"Writhing Mass","floor":41,"turns":4},{"damage":0,"enemies":"Giant Head","floor":45,"turns":7},{"damage":4,"enemies":"Reptomancer","floor":47,"turns":6},{"damage":14,"enemies":"Sphere and 2 Shapes","floor":48,"turns":3},{"damage":41,"enemies":"Time Eater","floor":50,"turns":7}],"seed_played":"-5990453034389934475","potions_obtained":[{"floor":1.0,"key":"GamblersBrew"},{"floor":4.0,"key":"Weak Potion"},{"floor":11.0,"key":"LiquidBronze"},{"floor":14.0,"key":"BlessingOfTheForge"},{"floor":23.0,"key":"CunningPotion"},{"floor":31.0,"key":"Poison Potion"},{"floor":41,"key":"Dexterity Potion"}],"is_trial":false,"path_per_floor":["M","M","?","M","$","E","R","E","T","R","M","M","R","M","R","B",null,"M","?","?","$","M","E","R","T","T","$","?","M","R","E","R","B",null,"M","$","M","M","?","R","M","$","T","R","E","?","E","M","R","B",null],"character_chosen":"THE_SILENT","items_purchased":["Noxious Fumes","Catalyst","Blur","PreservedInsect","Oddly Smooth Stone"],"campfire_rested":7,"item_purchase_floors":[5,5,5,21,42],"current_hp_per_floor":[70,69,58,58,58,41,41,32,32,32,32,24,24,21,42,13,70,53,53,53,53,53,20,41,41,41,41,28,18,40,43,65,42,75,47,47,35,8,8,30,11,11,11,33,43,43,51,49,71,44],"gold":447,"neow_bonus":"TRANSFORM_CARD","is_prod":false,"is_daily":false,"chose_seed":false,"campfire_upgraded":3,"win_rate":0,"timestamp":1607603097,"path_taken":["M","M","?","M","$","E","R","E","T","R","M","M","R","M","R","BOSS","M","?","?","$","M","E","R","?","T","$","?","?","R","E","R","BOSS","M","$","M","M","?","R","M","$","T","R","E","?","E","M","R","BOSS"],"build_version":"2020-11-30","purchased_purges":2,"victory":true,"max_hp_per_floor":[70,70,70,70,70,70,70,70,70,70,70,70,70,70,70,70,70,70,70,70,70,70,70,70,70,70,70,75,75,75,75,75,75,75,75,75,75,75,75,75,75,75,75,75,75,71,73,75,75,75],"card_choices":[{"not_picked":["Heel Hook","Blade Dance"],"picked":"Caltrops","floor":1.0},{"not_picked":["Slice","Escape Plan"],"picked":"Dodge and Roll","floor":2.0},{"not_picked":["Dagger Throw","Bane"],"picked":"Deflect","floor":4.0},{"not_picked":["Finisher","Reflex"],"picked":"Dodge and Roll","floor":6.0},{"not_picked":["Die Die Die","Cloak And Dagger"],"picked":"Calculated Gamble","floor":8.0},{"not_picked":["Prepared","Blade Dance"],"picked":"Crippling Poison","floor":11.0},{"not_picked":["Endless Agony","Prepared"],"picked":"Backstab","floor":12.0},{"not_picked":["Finisher","Acrobatics"],"picked":"Malaise","floor":14.0},{"not_picked":["Wraith Form v2+1","Unload"],"picked":"Venomology","floor":16.0},{"not_picked":["Endless Agony","Setup"],"picked":"Backstab","floor":18.0},{"not_picked":["Flying Knee","Predator","Finisher","Bane"],"picked":"SKIP","floor":22.0},{"not_picked":["Slice+1","Backstab","Skewer"],"picked":"Caltrops+1","floor":23.0},{"not_picked":["Reflex+1","Dagger Throw","Blade Dance","Underhanded Strike+1"],"picked":"SKIP","floor":29.0},{"not_picked":["Endless Agony","Slice","Reflex","Masterful Stab"],"picked":"SKIP","floor":31.0},{"not_picked":["Bullet Time","After Image+1","Doppelganger"],"picked":"Venomology","floor":33.0},{"not_picked":["Noxious Fumes+1","Finisher+1","Dagger Throw+1"],"picked":"Bouncing Flask","floor":35.0},{"not_picked":["PiercingWail","Slice","Escape Plan+1","Quick Slash+1"],"picked":"SKIP","floor":37.0},{"not_picked":["Blur","Deflect","Outmaneuver+1"],"picked":"Calculated Gamble+1","floor":38},{"not_picked":["Distraction","Prepared","Quick Slash","All Out Attack+1"],"picked":"SKIP","floor":41},{"not_picked":["Quick Slash+1","Outmaneuver+1","Acrobatics"],"picked":"Backflip+1","floor":45},{"not_picked":["Dodge and Roll","Quick Slash+1","Sucker Punch+1","Escape Plan+1"],"picked":"Singing Bowl","floor":47},{"not_picked":["Endless Agony+1","Poisoned Stab+1","Deflect","Skewer+1"],"picked":"Singing Bowl","floor":48}],"player_experience":480917,"relics_obtained":[{"floor":6.0,"key":"Ancient Tea Set"},{"floor":8.0,"key":"Frozen Egg 2"},{"floor":9.0,"key":"Vajra"},{"floor":23.0,"key":"Toy Ornithopter"},{"floor":25.0,"key":"MawBank"},{"floor":26.0,"key":"Sundial"},{"floor":31.0,"key":"Letter Opener"},{"floor":43,"key":"Smiling Mask"},{"floor":45,"key":"Shuriken"},{"floor":47,"key":"Singing Bowl"}],"event_choices":[{"damage_healed":0.0,"max_hp_gain":0.0,"max_hp_loss":0.0,"gold_gain":75.0,"event_name":"World of Goop","player_choice":"Gather Gold","floor":3.0,"gold_loss":0.0,"damage_taken":11.0},{"damage_healed":0.0,"max_hp_gain":0.0,"max_hp_loss":0.0,"gold_gain":0.0,"event_name":"The Library","player_choice":"Read","floor":19.0,"gold_loss":0.0,"damage_taken":0.0,"cards_obtained":["Noxious Fumes"]},{"damage_healed":0.0,"max_hp_gain":0.0,"max_hp_loss":0.0,"gold_gain":0.0,"event_name":"Addict","player_choice":"Stole Relic","floor":20.0,"gold_loss":0.0,"damage_taken":0.0,"relics_obtained":["Question Card"],"cards_obtained":["Shame"]},{"damage_healed":0.0,"max_hp_gain":5.0,"max_hp_loss":0.0,"gold_gain":0.0,"event_name":"Forgotten Altar","player_choice":"Shed Blood","floor":28.0,"gold_loss":0.0,"damage_taken":18.0},{"damage_healed":0,"gold_gain":0,"player_choice":"Ignored","damage_taken":0,"max_hp_gain":0,"max_hp_loss":0,"event_name":"Tomb of Lord Red Mask","floor":39,"gold_loss":0},{"damage_healed":0,"gold_gain":0,"player_choice":"Max HP","damage_taken":0,"max_hp_gain":0,"max_hp_loss":4,"event_name":"Winding Halls","floor":46,"gold_loss":0}],"is_beta":false,"boss_relics":[{"not_picked":["Snecko Eye","Fusion Hammer"],"picked":"Pandora\u0027s Box"},{"not_picked":["SlaversCollar","Busted Crown"],"picked":"Runic Pyramid"}],"items_purged_floors":[21,42],"is_endless":false,"potions_floor_spawned":[1,4,11,14,23,31,35,41,45,48],"ascension_level":0}}