{"host":"rmsq46plbpwfbxcc","time":1607572324,"event":{"gold_per_floor":[114,114,129,143,113,113,188,217,243,243,273,283,283,299,299,373,373,384,401,401,25,25,58,74,74,127,127,127,162,181,201,201,280,280,292,303,141,195,220,220,255,255,328,345,345,363,363,392,392,392,392],"floor_reached":50,"playtime":1964,"items_purged":["Decay"],"score":990,"play_id":"53373ed5-f76f-4cb8-b82a-c81e08ff230f","local_time":"20201210125204","is_ascension_mode":true,"campfire_choices":[{"data":"Neutralize","floor":6.0,"key":"SMITH"},{"floor":10.0,"key":"REST"},{"data":"Blade Dance","floor":13.0,"key":"SMITH"},{"floor":15.0,"key":"REST"},{"data":"Accuracy","floor":25.0,"key":"SMITH"},{"data":"Trip","floor":27.0,"key":"SMITH"},{"floor":32.0,"key":"REST"},{"data":"Cloak And Dagger","floor":40.0,"key":"SMITH"},{"data":"Terror","floor":45.0,"key":"SMITH"},{"data":"Adrenaline","floor":47,"key":"SMITH"},{"floor":49,"key":"REST"}],"neow_cost":"NONE","seed_source_timestamp":1955414888239900,"circlet_count":0,"master_deck":["AscendersBane","Strike_G","Strike_G+1","Strike_G","Defend_G","Defend_G","Defend_G","Defend_G","Survivor","Neutralize+1","Adrenaline+1","Cloak And Dagger+1","Accuracy+1","PiercingWail","Backflip","Unload","Blade Dance+1","Die Die Die+1","PiercingWail","Cloak And Dagger+1","Trip+1","Backstab","Acrobatics","Blur","Burst","CurseOfTheBell","Escape Plan","Well Laid Plans","Footwork","Terror+1","Phantasmal Killer"],"special_seed":0,"relics":["Ring of the Snake","Strawberry","Art of War","MealTicket","Empty Cage","Kunai","Bag of Marbles","Boot","Calipers","Calling Bell","Centennial Puzzle","Sundial","Thread and Needle","Prayer Wheel","Whetstone","Bottled Tornado","Mercury Hourglass"],"potions_floor_usage":[46,50],"damage_taken":[{"damage":10.0,"enemies":"Cultist","floor":1.0,"turns":5.0},{"damage":1.0,"enemies":"2 Louse","floor":3.0,"turns":3.0},{"damage":2.0,"enemies":"Jaw Worm","floor":4.0,"turns":4.0},{"damage":0.0,"enemies":"Looter","floor":5.0,"turns":4.0},{"damage":0.0,"enemies":"Gremlin Gang","floor":7.0,"turns":7.0},{"damage":41.0,"enemies":"Gremlin Nob","floor":8.0,"turns":6.0},{"damage":23.0,"enemies":"Lagavulin","floor":11.0,"turns":7.0},{"damage":0.0,"enemies":"Exordium Wildlife","floor":12.0,"turns":3.0},{"damage":1.0,"enemies":"Blue Slaver","floor":14.0,"turns":3.0},{"damage":6.0,"enemies":"The Guardian","floor":16.0,"turns":14.0},{"damage":3.0,"enemies":"Shell Parasite","floor":18.0,"turns":5.0},{"damage":22.0,"enemies":"Spheric Guardian","floor":19.0,"turns":4.0},{"damage":15.0,"enemies":"Slavers","floor":23.0,"turns":8.0},{"damage":16.0,"enemies":"Snecko","floor":24.0,"turns":5.0},{"damage":13.0,"enemies":"Gremlin Leader","floor":29.0,"turns":5.0},{"damage":0.0,"enemies":"Snake Plant","floor":30.0,"turns":3.0},{"damage":1.0,"enemies":"Shelled Parasite and Fungi","floor":31.0,"turns":4.0},{"damage":11.0,"enemies":"Automaton","floor":33.0,"turns":10.0},{"damage":1.0,"enemies":"3 Shapes","floor":35.0,"turns":4.0},{"damage":9.0,"enemies":"3 Darklings","floor":36.0,"turns":7.0},{"damage":43.0,"enemies":"2 Orb Walkers","floor":38.0,"turns":7.0},{"damage":0.0,"enemies":"Mind Bloom Boss Battle","floor":39.0,"turns":10.0},{"damage":10.0,"enemies":"Reptomancer","floor":41.0,"turns":8.0},{"damage":3.0,"enemies":"4 Shapes","floor":44.0,"turns":1.0},{"damage":17,"enemies":"Transient","floor":46,"turns":5},{"damage":26,"enemies":"Nemesis","floor":48,"turns":5},{"damage":48,"enemies":"Time Eater","floor":50,"turns":3}],"seed_played":"7024071020582805883","potions_obtained":[{"floor":3.0,"key":"ColorlessPotion"},{"floor":7.0,"key":"Fruit Juice"},{"floor":8.0,"key":"AttackPotion"},{"floor":23.0,"key":"Explosive Potion"},{"floor":29.0,"key":"FearPotion"},{"floor":30.0,"key":"Explosive Potion"},{"floor":35.0,"key":"Dexterity Potion"},{"floor":38.0,"key":"DuplicationPotion"},{"floor":44.0,"key":"ColorlessPotion"}],"is_trial":false,"path_per_floor":["M","?","M","M","M","R","M","E","T","R","E","M","R","M","R","B",null,"M","M","?","$","?","E","M","R","T","R","?","E","M","M","R","B",null,"M","M","$","?","?","R","E","?","T","M","R","M","R","E","R","B"],"character_chosen":"THE_SILENT","items_purchased":["Trip","Kunai","Well Laid Plans"],"campfire_rested":4,"item_purchase_floors":[21,21,37],"current_hp_per_floor":[49,42,41,39,39,39,44,10,10,33,10,10,10,9,32,26,65,62,40,40,55,55,40,24,24,24,24,24,11,11,10,33,22,64,63,54,69,26,26,26,16,64,64,61,61,44,44,18,37,0,0],"gold":392,"neow_bonus":"ONE_RANDOM_RARE_CARD","is_prod":false,"is_daily":false,"chose_seed":false,"campfire_upgraded":7,"win_rate":0,"timestamp":1607572324,"path_taken":["M","?","M","M","M","R","M","E","T","R","E","M","R","M","R","BOSS","M","M","?","$","?","E","M","R","T","R","?","E","?","M","R","BOSS","M","M","$","?","?","R","E","?","T","M","R","?","R","E","R","BOSS"],"build_version":"2020-11-30","purchased_purges":1,"victory":false,"max_hp_per_floor":[66,66,66,66,66,66,71,78,78,78,78,78,78,78,78,78,78,78,78,78,78,78,78,78,78,78,78,78,78,78,78,78,78,78,78,78,78,78,78,78,78,64,64,64,64,64,64,64,64,64,64],"card_choices":[{"not_picked":["Deadly Poison","Outmaneuver"],"picked":"Cloak And Dagger","floor":1.0},{"not_picked":["Footwork","Deadly Poison"],"picked":"Accuracy","floor":3.0},{"not_picked":["Deadly Poison","Bane"],"picked":"PiercingWail","floor":4.0},{"not_picked":["Concentrate","Catalyst","Flying Knee"],"picked":"SKIP","floor":5.0},{"not_picked":["Predator","Calculated Gamble"],"picked":"Backflip","floor":7.0},{"not_picked":["Masterful Stab","Dodge and Roll"],"picked":"Unload","floor":8.0},{"not_picked":["Heel Hook","Bane","Endless Agony"],"picked":"SKIP","floor":11.0},{"not_picked":["Prepared","Choke"],"picked":"Blade Dance","floor":12.0},{"not_picked":["Deflect","Flying Knee","Dagger Throw"],"picked":"SKIP","floor":14.0},{"not_picked":["Venomology","Night Terror"],"picked":"Die Die Die","floor":16.0},{"not_picked":["Quick Slash","Bouncing Flask"],"picked":"PiercingWail","floor":18.0},{"not_picked":["Flying Knee","Bane"],"picked":"Cloak And Dagger+1","floor":19.0},{"not_picked":["Night Terror","PiercingWail+1","Backflip"],"picked":"SKIP","floor":23.0},{"not_picked":["Slice","Leg Sweep","Flying Knee"],"picked":"SKIP","floor":24.0},{"not_picked":["Skewer","Deadly Poison"],"picked":"Backstab","floor":29.0},{"not_picked":["Reflex","Predator"],"picked":"Acrobatics","floor":30.0},{"not_picked":["Flying Knee","Reflex"],"picked":"Blur","floor":31.0},{"not_picked":["Glass Knife","Grand Finale"],"picked":"Burst","floor":33.0},{"not_picked":["Riddle With Holes","Backflip"],"picked":"Escape Plan","floor":35.0},{"not_picked":["Poisoned Stab","Flying Knee","All Out Attack"],"picked":"SKIP","floor":36.0},{"not_picked":["Slice+1","Dodge and Roll"],"picked":"Footwork","floor":38.0},{"not_picked":["Bouncing Flask","Backflip"],"picked":"Terror","floor":41.0},{"not_picked":["Backstab","Cloak And Dagger","Acrobatics+1"],"picked":"SKIP","floor":44.0},{"not_picked":["Dodge and Roll+1","Flying Knee+1","PiercingWail"],"picked":"SKIP","floor":44.0},{"not_picked":["Flechettes","Caltrops","Dagger Spray"],"picked":"SKIP","floor":46},{"not_picked":["Noxious Fumes","Acrobatics","Dagger Throw"],"picked":"SKIP","floor":46},{"not_picked":["Poisoned Stab","Unload"],"picked":"Phantasmal Killer","floor":48}],"player_experience":1302123,"relics_obtained":[{"floor":8.0,"key":"Strawberry"},{"floor":9.0,"key":"Art of War"},{"floor":11.0,"key":"MealTicket"},{"floor":23.0,"key":"Bag of Marbles"},{"floor":26.0,"key":"Boot"},{"floor":29.0,"key":"Calipers"},{"floor":34.0,"key":"Centennial Puzzle"},{"floor":34.0,"key":"Sundial"},{"floor":38.0,"key":"Thread and Needle"},{"floor":39.0,"key":"Prayer Wheel"},{"floor":41.0,"key":"Whetstone"},{"floor":43.0,"key":"Bottled Tornado"},{"floor":48,"key":"Mercury Hourglass"}],"event_choices":[{"cards_removed":["Defend_G"],"damage_healed":0.0,"max_hp_gain":0.0,"max_hp_loss":0.0,"gold_gain":0.0,"event_name":"Golden Wing","player_choice":"Card Removal","floor":2.0,"gold_loss":0.0,"damage_taken":7.0},{"damage_healed":0.0,"max_hp_gain":0.0,"max_hp_loss":0.0,"gold_gain":0.0,"event_name":"Cursed Tome","player_choice":"Ignored","floor":20.0,"gold_loss":0.0,"damage_taken":0.0},{"damage_healed":0.0,"max_hp_gain":0.0,"max_hp_loss":0.0,"gold_gain":0.0,"event_name":"Ghosts","player_choice":"Ignored","floor":22.0,"gold_loss":0.0,"damage_taken":0.0},{"damage_healed":0.0,"max_hp_gain":0.0,"max_hp_loss":0.0,"gold_gain":0.0,"event_name":"Wheel of Change","player_choice":"Cursed","floor":28.0,"gold_loss":0.0,"damage_taken":0.0,"cards_obtained":["Decay"]},{"damage_healed":0.0,"max_hp_gain":0.0,"max_hp_loss":0.0,"gold_gain":0.0,"event_name":"Mysterious Sphere","player_choice":"Fight","floor":38.0,"gold_loss":0.0,"damage_taken":0.0},{"damage_healed":0.0,"max_hp_gain":0.0,"max_hp_loss":0.0,"gold_gain":0.0,"event_name":"MindBloom","player_choice":"Fight","floor":39.0,"gold_loss":0.0,"damage_taken":0.0},{"damage_healed":64.0,"max_hp_gain":0.0,"max_hp_loss":14.0,"gold_gain":0.0,"event_name":"The Moai Head","player_choice":"Heal","floor":42.0,"gold_loss":0.0,"damage_taken":0.0}],"is_beta":false,"boss_relics":[{"not_picked":["Velvet Choker","Ectoplasm"],"picked":"Empty Cage"},{"not_picked":["SacredBark","Pandora\u0027s Box"],"picked":"Calling Bell"}],"items_purged_floors":[37],"is_endless":false,"potions_floor_spawned":[3,7,8,23,29,30,31,35,38,39,44],"killed_by":"Time Eater","ascension_level":16}}