{"host":"igj4vwc42ivwqexo","time":1607636438,"event":{"mods":["BaseMod","StSLib","Infinite Spire","Koishi","Marisa????????","Minty Spire (QoL Compilation)","Shop Mod","The Disciple","The Hierophant","The Servant 0.9.4"],"gold_per_floor":[110,123,123,143,162,162,176,206,206,206,220,249,324,342,342,342,342],"floor_reached":16,"playtime":1946,"items_purged":[],"score":131,"play_id":"df02f620-9244-4a38-b83a-cb4004eba072","local_time":"20201210224038","is_ascension_mode":true,"campfire_choices":[{"data":"White Noise","floor":6,"key":"SMITH"},{"data":"Zap","floor":10,"key":"SMITH"},{"floor":15,"key":"REST"}],"circlet_count":0,"master_deck":["Strike_B","Strike_B","Strike_B","Strike_B","Defend_B","Defend_B","Defend_B","Defend_B","Zap+1","Dualcast","Seek","Turbo","Hologram","White Noise+1","FTL","White Noise","Skim","Steam","Cold Snap+1","Force Field"],"relics":["Cracked Core","Bottled Lightning","Frozen Egg 2","Molten Egg 2","Matryoshka"],"acts_visited":["Exordium"],"potions_floor_usage":[8,8,12,16],"damage_taken":[{"damage":5,"enemies":"Small Slimes","floor":1,"turns":3},{"damage":2,"enemies":"Jaw Worm","floor":2,"turns":3},{"damage":0,"enemies":"2 Louse","floor":4,"turns":2},{"damage":10,"enemies":"Lots of Slimes","floor":5,"turns":6},{"damage":0,"enemies":"2 Fungi Beasts","floor":7,"turns":2},{"damage":24,"enemies":"3 Sentries","floor":8,"turns":8},{"damage":5,"enemies":"Red Slaver","floor":11,"turns":3},{"damage":11,"enemies":"Lagavulin","floor":12,"turns":5},{"damage":1,"enemies":"Looter","floor":14,"turns":3},{"damage":29,"enemies":"Slime Boss","floor":16,"turns":10}],"seed_played":"7423725524760991929","potions_obtained":[{"floor":2,"key":"FocusPotion"},{"floor":4,"key":"Dexterity Potion"},{"floor":5,"key":"LiquidBronze"},{"floor":14,"key":"AttackPotion"}],"is_trial":false,"path_per_floor":["M","M","?","M","M","R","M","E","T","R","M","E","?","M","R","B"],"character_chosen":"DEFECT","items_purchased":[],"campfire_rested":1,"item_purchase_floors":[],"current_hp_per_floor":[70,68,68,68,58,58,58,34,34,34,29,18,7,6,28,0,0],"gold":342,"neow_bonus":"ONE_RANDOM_RARE_CARD","is_daily":false,"chose_seed":false,"campfire_upgraded":2,"win_rate":0,"timestamp":1607636438,"path_taken":["M","M","?","M","M","R","M","E","T","R","M","E","?","M","R","BOSS"],"build_version":"2020-11-30","purchased_purges":0,"victory":false,"max_hp_per_floor":[75,75,75,75,75,75,75,75,75,75,75,75,75,75,75,75,75],"card_choices":[{"not_picked":["Coolheaded","Go for the Eyes"],"picked":"Turbo","floor":1},{"not_picked":["Go for the Eyes","Leap"],"picked":"Hologram","floor":2},{"not_picked":["Gash","Sweeping Beam"],"picked":"White Noise","floor":4},{"not_picked":["Rebound","Conserve Battery"],"picked":"FTL","floor":5},{"not_picked":["Hologram","Stack"],"picked":"White Noise","floor":7},{"not_picked":["Gash","Compile Driver"],"picked":"Skim","floor":8},{"not_picked":["Rip and Tear+1","Hologram"],"picked":"Steam","floor":11},{"not_picked":["Steam Power","Coolheaded"],"picked":"Cold Snap+1","floor":12},{"not_picked":["Hello World+1","Loop+1"],"picked":"Force Field","floor":14}],"player_experience":225973,"relics_obtained":[{"floor":3,"key":"Bottled Lightning"},{"floor":8,"key":"Frozen Egg 2"},{"floor":9,"key":"Molten Egg 2"},{"floor":12,"key":"Matryoshka"}],"event_choices":[{"damage_healed":0,"gold_gain":75,"player_choice":"Gather Gold","damage_taken":11,"max_hp_gain":0,"max_hp_loss":0,"event_name":"World of Goop","floor":13,"gold_loss":0}],"is_beta":false,"boss_relics":[],"items_purged_floors":[],"is_endless":false,"potions_floor_spawned":[2,4,5,14],"killed_by":"Slime Boss","ascension_level":3}}