{"host":"2pgz2fctomabfk86","time":1607599752,"event":{"gold_per_floor":[118,118,136,152,152,152,1,42,68,96,116,191,191,216,216,299,299,321,347,376,102,143,143,143,143,195,195,245,245,267,302,302,302,302],"floor_reached":33,"playtime":4165,"items_purged":["Strike_R","Strike_R"],"score":522,"play_id":"cf343839-bd8a-4d58-b5d3-850445ac6e1b","local_time":"20201210202912","is_ascension_mode":true,"campfire_choices":[{"data":"Bludgeon","floor":6.0,"key":"SMITH"},{"floor":15.0,"key":"REST"},{"data":"Dark Embrace","floor":23.0,"key":"SMITH"},{"data":"Body Slam","floor":27.0,"key":"SMITH"},{"data":"Feel No Pain","floor":32.0,"key":"SMITH"}],"neow_cost":"CURSE","seed_source_timestamp":67726630617300,"circlet_count":0,"master_deck":["AscendersBane","Strike_R","Defend_R","Defend_R","Defend_R","Defend_R","Bash","Bludgeon+1","Warcry","Ghostly Armor","Disarm","Dark Embrace+1","Shrug It Off","Havoc","Clothesline","Corruption","Shrug It Off","Spot Weakness","Power Through","Feel No Pain+1","Body Slam+1","Shrug It Off","Dropkick","Reaper"],"special_seed":0,"relics":["Burning Blood","FaceOfCleric","CeramicFish","MealTicket","Coffee Dripper","Red Mask","Juzu Bracelet","Omamori","Bag of Preparation"],"potions_floor_usage":[],"damage_taken":[{"damage":14.0,"enemies":"Jaw Worm","floor":1.0,"turns":4.0},{"damage":12.0,"enemies":"Small Slimes","floor":3.0,"turns":4.0},{"damage":0.0,"enemies":"Cultist","floor":4.0,"turns":2.0},{"damage":38.0,"enemies":"3 Sentries","floor":8.0,"turns":10.0},{"damage":4.0,"enemies":"Looter","floor":10.0,"turns":2.0},{"damage":0.0,"enemies":"2 Fungi Beasts","floor":11.0,"turns":5.0},{"damage":13.0,"enemies":"Large Slime","floor":14.0,"turns":7.0},{"damage":44.0,"enemies":"Hexaghost","floor":16.0,"turns":13.0},{"damage":5.0,"enemies":"Chosen","floor":18.0,"turns":6.0},{"damage":9.0,"enemies":"3 Byrds","floor":19.0,"turns":7.0},{"damage":19.0,"enemies":"Snake Plant","floor":20.0,"turns":2.0},{"damage":20.0,"enemies":"Masked Bandits","floor":22.0,"turns":5.0},{"damage":0.0,"enemies":"Cultist and Chosen","floor":30.0,"turns":5.0},{"damage":0.0,"enemies":"Book of Stabbing","floor":31.0,"turns":4.0},{"damage":58,"enemies":"Automaton","floor":33,"turns":8}],"seed_played":"-3843229739439863168","potions_obtained":[{"floor":4.0,"key":"EssenceOfSteel"},{"floor":8.0,"key":"BloodPotion"},{"floor":11.0,"key":"ElixirPotion"},{"floor":22.0,"key":"FearPotion"},{"floor":30.0,"key":"Swift Potion"},{"floor":31.0,"key":"GamblersBrew"}],"is_trial":false,"path_per_floor":["M","?","M","M","?","R","$","E","T","M","M","?","?","M","R","B",null,"M","M","M","$","?","R","?","?","T","R","?","T","M","E","R","B"],"character_chosen":"IRONCLAD","items_purchased":["Disarm","Feel No Pain","Body Slam","Shrug It Off"],"campfire_rested":1,"item_purchase_floors":[7,21,21,21],"current_hp_per_floor":[60,53,47,53,53,53,53,22,22,25,32,21,21,15,38,16,64,66,64,52,67,54,54,54,30,30,30,30,30,37,44,44,0,0],"gold":302,"neow_bonus":"THREE_RARE_CARDS","is_prod":false,"is_daily":false,"chose_seed":false,"campfire_upgraded":4,"win_rate":0,"timestamp":1607599752,"path_taken":["M","?","M","M","?","R","$","E","T","M","?","?","?","M","R","BOSS","M","M","M","$","?","R","?","?","T","R","?","?","M","E","R","BOSS"],"build_version":"2020-11-30","purchased_purges":2,"victory":false,"max_hp_per_floor":[75,75,75,75,75,75,75,76,76,77,78,78,78,79,79,80,80,81,82,83,83,84,84,84,89,89,89,89,89,90,91,91,91,91],"card_choices":[{"not_picked":["Corruption","Fiend Fire"],"picked":"Bludgeon","floor":0.0},{"not_picked":["Clothesline","Reckless Charge"],"picked":"Warcry","floor":1.0},{"not_picked":["Rampage","Entrench"],"picked":"Ghostly Armor","floor":3.0},{"not_picked":["Sentinel","Twin Strike","Warcry"],"picked":"SKIP","floor":4.0},{"not_picked":["Exhume","Perfected Strike"],"picked":"Dark Embrace","floor":8.0},{"not_picked":["Dark Embrace","Pummel"],"picked":"Shrug It Off","floor":10.0},{"not_picked":["Burning Pact","Clothesline"],"picked":"Havoc","floor":11.0},{"not_picked":["Headbutt","Warcry"],"picked":"Clothesline","floor":14.0},{"not_picked":["Juggernaut","Immolate"],"picked":"Corruption","floor":16.0},{"not_picked":["Wild Strike","Clash"],"picked":"Shrug It Off","floor":18.0},{"not_picked":["Body Slam","Reckless Charge"],"picked":"Spot Weakness","floor":19.0},{"not_picked":["Fire Breathing","Iron Wave+1"],"picked":"Power Through","floor":20.0},{"not_picked":["Clothesline+1","Headbutt+1"],"picked":"Dropkick","floor":22.0},{"not_picked":["Power Through","Blood for Blood"],"picked":"Reaper","floor":30.0},{"not_picked":["Heavy Blade","Clash+1","Headbutt+1"],"picked":"SKIP","floor":31.0}],"player_experience":865048,"relics_obtained":[{"floor":8.0,"key":"CeramicFish"},{"floor":9.0,"key":"MealTicket"},{"floor":22.0,"key":"Red Mask"},{"floor":26.0,"key":"Juzu Bracelet"},{"floor":29.0,"key":"Omamori"},{"floor":31.0,"key":"Bag of Preparation"}],"event_choices":[{"cards_removed":["Pain"],"damage_healed":0.0,"max_hp_gain":0.0,"max_hp_loss":0.0,"gold_gain":0.0,"event_name":"Golden Wing","player_choice":"Card Removal","floor":2.0,"gold_loss":0.0,"damage_taken":7.0},{"damage_healed":0.0,"max_hp_gain":0.0,"max_hp_loss":0.0,"gold_gain":0.0,"event_name":"FaceTrader","player_choice":"Trade","floor":5.0,"gold_loss":0.0,"damage_taken":0.0,"relics_obtained":["FaceOfCleric"]},{"damage_healed":0.0,"max_hp_gain":0.0,"max_hp_loss":0.0,"gold_gain":75.0,"event_name":"World of Goop","player_choice":"Gather Gold","floor":12.0,"gold_loss":0.0,"damage_taken":11.0},{"cards_removed":["Strike_R"],"damage_healed":0.0,"max_hp_gain":0.0,"max_hp_loss":0.0,"gold_gain":0.0,"event_name":"Living Wall","player_choice":"Forget","floor":13.0,"gold_loss":0.0,"damage_taken":0.0},{"damage_healed":0.0,"max_hp_gain":0.0,"max_hp_loss":0.0,"gold_gain":0.0,"event_name":"Masked Bandits","player_choice":"Fought Bandits","floor":22.0,"gold_loss":0.0,"damage_taken":0.0},{"cards_removed":["Strike_R"],"damage_healed":0.0,"max_hp_gain":0.0,"max_hp_loss":0.0,"gold_gain":0.0,"event_name":"Back to Basics","player_choice":"Elegance","floor":24.0,"gold_loss":0.0,"damage_taken":0.0},{"damage_healed":0.0,"max_hp_gain":5.0,"max_hp_loss":0.0,"gold_gain":0.0,"event_name":"Forgotten Altar","player_choice":"Shed Blood","floor":25.0,"gold_loss":0.0,"damage_taken":29.0},{"damage_healed":0.0,"max_hp_gain":0.0,"max_hp_loss":0.0,"gold_gain":50.0,"event_name":"Nest","player_choice":"Stole From Cult","floor":28.0,"gold_loss":0.0,"damage_taken":0.0}],"is_beta":false,"boss_relics":[{"not_picked":["Calling Bell","SacredBark"],"picked":"Coffee Dripper"}],"items_purged_floors":[7,21],"is_endless":false,"potions_floor_spawned":[4,8,11,14,22,30,31],"killed_by":"Automaton","ascension_level":16}}