{"host":"m6aaltr68g9tvoay","time":1607643383,"event":{"mods":["AchievementEnabler","BaseMod","Colored Map","Minty Spire (QoL Compilation)","StSLib"],"gold_per_floor":[110,129,61,37,37,62,62,75,75,75,75,75,75,94,94,94,94],"floor_reached":16,"playtime":361,"items_purged":[],"score":186,"play_id":"6b6d0cdb-eb82-4388-ae36-3b60afbd013e","local_time":"20201210153623","is_ascension_mode":true,"campfire_choices":[{"floor":7.0,"key":"REST"},{"floor":11.0,"key":"REST"},{"data":"Carnage","floor":13.0,"key":"SMITH"},{"data":"Uppercut","floor":15.0,"key":"SMITH"}],"circlet_count":0,"master_deck":["AscendersBane","Strike_R","Strike_R","Defend_R","Defend_R","Defend_R","Defend_R","Bash","Ghostly Armor","Carnage+1","Flex","Headbutt","Spot Weakness","Uppercut+1"],"relics":["Burning Blood","Juzu Bracelet","Blue Candle","Pear"],"acts_visited":["Exordium"],"potions_floor_usage":[16],"damage_taken":[{"damage":7.0,"enemies":"Jaw Worm","floor":1.0,"turns":4.0},{"damage":8.0,"enemies":"Small Slimes","floor":2.0,"turns":3.0},{"damage":50.0,"enemies":"Lagavulin","floor":6.0,"turns":8.0},{"damage":6.0,"enemies":"2 Louse","floor":8.0,"turns":3.0},{"damage":20.0,"enemies":"Lots of Slimes","floor":14.0,"turns":5.0},{"damage":71,"enemies":"Slime Boss","floor":16,"turns":8}],"seed_played":"-7549163805392060827","potions_obtained":[{"floor":2.0,"key":"Block Potion"},{"floor":14.0,"key":"Weak Potion"}],"is_trial":false,"path_per_floor":["M","M","?","$","?","E","R","M","T","?","R","?","R","M","R","B"],"character_chosen":"IRONCLAD","items_purchased":["Flex"],"campfire_rested":2,"item_purchase_floors":[4],"current_hp_per_floor":[67,65,65,65,65,21,43,43,53,53,78,78,78,64,64,0,0],"gold":94,"neow_bonus":"RANDOM_COMMON_RELIC","is_daily":false,"chose_seed":false,"campfire_upgraded":2,"win_rate":0.0,"timestamp":1607643383,"path_taken":["M","M","?","$","?","E","R","M","T","?","R","?","R","M","R","BOSS"],"items_purchased_type":["Card"],"build_version":"2020-11-30","purchased_purges":0,"victory":false,"max_hp_per_floor":[75,75,75,75,75,75,75,75,85,85,85,85,85,85,85,85,85],"card_choices":[{"not_picked":["Cleave","Headbutt"],"picked":"Ghostly Armor","floor":1.0},{"not_picked":["Wild Strike","Armaments"],"picked":"Carnage","floor":2.0},{"not_picked":["Warcry","Anger"],"picked":"Spot Weakness","floor":6.0},{"not_picked":["Havoc","Bloodletting","Spot Weakness"],"picked":"SKIP","floor":8.0},{"not_picked":["Headbutt","Warcry"],"picked":"Uppercut","floor":14.0}],"player_experience":1213146,"relics_obtained":[{"floor":6.0,"key":"Blue Candle"},{"floor":9.0,"key":"Pear"}],"event_choices":[{"damage_healed":0.0,"max_hp_gain":0.0,"max_hp_loss":0.0,"gold_gain":0.0,"event_name":"World of Goop","player_choice":"Left Gold","floor":3.0,"gold_loss":68.0,"damage_taken":0.0},{"damage_healed":0.0,"max_hp_gain":0.0,"max_hp_loss":0.0,"gold_gain":0.0,"cards_transformed":["Strike_R"],"event_name":"Living Wall","player_choice":"Change","floor":5.0,"gold_loss":0.0,"damage_taken":0.0,"cards_obtained":["Headbutt"]},{"cards_removed":["Strike_R"],"damage_healed":0.0,"max_hp_gain":0.0,"max_hp_loss":0.0,"gold_gain":0.0,"event_name":"Bonfire Elementals","player_choice":"Offered Basic","floor":10.0,"gold_loss":0.0,"damage_taken":0.0},{"cards_removed":["Strike_R"],"damage_healed":0.0,"max_hp_gain":0.0,"max_hp_loss":0.0,"gold_gain":0.0,"event_name":"Purifier","player_choice":"Purged","floor":12.0,"gold_loss":0.0,"damage_taken":0.0}],"is_beta":false,"boss_relics":[],"items_purged_floors":[],"is_endless":false,"potions_floor_spawned":[2,14],"killed_by":"Slime Boss","ascension_level":18}}