{"host":"pf47v7h0307523iy","time":1607616968,"event":{"mods":["BaseMod","Minty Spire (QoL Compilation)"],"gold_per_floor":[112,112,112,123,136,169,169,503,503,503,503,503],"floor_reached":11,"playtime":671,"items_purged":[],"score":162,"play_id":"b08f4c08-485c-49f9-90e3-ecb3758aa6b7","local_time":"20201210181608","is_ascension_mode":true,"campfire_choices":[{"floor":7,"key":"REST"},{"floor":10,"key":"REST"}],"circlet_count":0,"master_deck":["AscendersBane","Strike_G","Strike_G","Strike_G","Strike_G","Strike_G","Defend_G","Defend_G","Defend_G","Defend_G","Defend_G","Survivor","Neutralize","Infinite Blades","Cloak And Dagger","Quick Slash","Dash","Dagger Spray"],"relics":["Fusion Hammer","Old Coin","Incense Burner"],"acts_visited":["Exordium"],"potions_floor_usage":[6,11],"damage_taken":[{"damage":0,"enemies":"2 Louse","floor":1,"turns":4},{"damage":12,"enemies":"Jaw Worm","floor":4,"turns":4},{"damage":0,"enemies":"Small Slimes","floor":5,"turns":3},{"damage":31,"enemies":"Lagavulin","floor":6,"turns":11},{"damage":30,"enemies":"Gremlin Nob","floor":8,"turns":5},{"damage":36,"enemies":"Lagavulin","floor":11,"turns":8}],"seed_played":"7942694383000513830","potions_obtained":[{"floor":4,"key":"Weak Potion"},{"floor":8,"key":"Explosive Potion"}],"is_trial":false,"path_per_floor":["M","?","?","M","M","E","R","E","T","R","E"],"character_chosen":"THE_SILENT","items_purchased":[],"campfire_rested":2,"item_purchase_floors":[],"current_hp_per_floor":[59,59,64,52,52,21,42,12,12,33,0,0],"gold":503,"neow_bonus":"BOSS_RELIC","is_daily":false,"chose_seed":false,"campfire_upgraded":0,"win_rate":0,"timestamp":1607616968,"path_taken":["M","?","?","M","M","E","R","E","T","R","E"],"build_version":"2020-11-30","purchased_purges":0,"victory":false,"max_hp_per_floor":[66,66,71,71,71,71,71,71,71,71,71,71],"card_choices":[{"not_picked":["Outmaneuver","Dagger Throw"],"picked":"Infinite Blades","floor":1},{"not_picked":["Expertise","Dodge and Roll"],"picked":"Cloak And Dagger","floor":4},{"not_picked":["Dagger Throw","Backflip"],"picked":"Quick Slash","floor":5},{"not_picked":["Deflect","Poisoned Stab"],"picked":"Dash","floor":6},{"not_picked":["Tactician","Deflect"],"picked":"Dagger Spray","floor":8}],"player_experience":1458609,"relics_obtained":[{"floor":8,"key":"Old Coin"},{"floor":9,"key":"Incense Burner"}],"event_choices":[{"damage_healed":0,"gold_gain":0,"player_choice":"Ignored","damage_taken":0,"max_hp_gain":0,"max_hp_loss":0,"event_name":"Liars Game","floor":2,"gold_loss":0},{"damage_healed":0,"gold_gain":0,"player_choice":"Donut","damage_taken":0,"max_hp_gain":5,"max_hp_loss":0,"event_name":"Big Fish","floor":3,"gold_loss":0}],"is_beta":false,"boss_relics":[],"items_purged_floors":[],"is_endless":false,"potions_floor_spawned":[4,8],"killed_by":"Lagavulin","ascension_level":20}}