{"host":"e4hse1vg61zltgzv","time":1607605287,"event":{"gold_per_floor":[156,201,243,279,315,396,486,561,615,717,753,849,1026,1107,1107,1320,1320,1368,656,707,743,723,813,900,996,996,496,571,649,742,838,838,1072,1072,1123,1123,475,550,592,694,248,332,355,445,532,206,287,287,287,287,287,287,287,9,90,90],"floor_reached":57,"playtime":927,"items_purged":[],"score":4814,"play_id":"2b3f58dc-1c24-4bd1-9baa-e9e910c8c142","local_time":"20201210220127","daily_mods":["Flight","DeadlyEvents","Binary","Elite Swarm","Midas"],"is_ascension_mode":true,"campfire_choices":[{"floor":15.0,"key":"RECALL"},{"floor":32.0,"key":"DIG"},{"floor":49.0,"key":"DIG"},{"floor":53.0,"key":"DIG"}],"neow_cost":"","seed_source_timestamp":146416886804600,"circlet_count":0,"master_deck":["Calculated Gamble+1","Reflex+1","Body Slam+1","Entrench+1","Caltrops+1"],"special_seed":0,"relics":["Ring of the Snake","Sundial","Black Star","Shovel","Singing Bowl","TheAbacus","Ice Cream","Frozen Egg 2","Nunchaku","Pear","Smiling Mask","Gambling Chip","Tiny Chest","Matryoshka","Turnip","The Specimen","TungstenRod","War Paint","Sundial","Tingsha","SlaversCollar","TheAbacus","Gremlin Horn","Mercury Hourglass","Bird Faced Urn","Oddly Smooth Stone","Toy Ornithopter","Paper Crane","Torii","Molten Egg 2","MawBank","Pen Nib","Whetstone","Chemical X","Blood Vial","InkBottle","Lantern","Du-Vu Doll","Pocketwatch","Dream Catcher","Anchor","Eternal Feather","Potion Belt","Coffee Dripper","Toxic Egg 2","Shovel","CaptainsWheel","Medical Kit","Ancient Tea Set","Prayer Wheel","FossilizedHelix","Calipers","ClockworkSouvenir","Centennial Puzzle","Happy Flower","Art of War","CeramicFish","Tough Bandages","Incense Burner","Pantograph","StrikeDummy","OrangePellets","Bronze Scales","Orichalcum","The Courier","StoneCalendar","Blue Candle","Membership Card","Lizard Tail","HornCleat","Thread and Needle"],"potions_floor_usage":[56,56,56,56],"damage_taken":[{"damage":0.0,"enemies":"Cultist","floor":1.0,"turns":1.0},{"damage":0.0,"enemies":"2 Louse","floor":2.0,"turns":1.0},{"damage":0.0,"enemies":"Small Slimes","floor":3.0,"turns":1.0},{"damage":0.0,"enemies":"Red Slaver","floor":4.0,"turns":1.0},{"damage":0.0,"enemies":"2 Fungi Beasts","floor":5.0,"turns":1.0},{"damage":0.0,"enemies":"Lagavulin","floor":6.0,"turns":1.0},{"damage":0.0,"enemies":"3 Sentries","floor":7.0,"turns":1.0},{"damage":0.0,"enemies":"Gremlin Nob","floor":8.0,"turns":1.0},{"damage":0.0,"enemies":"3 Sentries","floor":10.0,"turns":1.0},{"damage":0.0,"enemies":"Looter","floor":11.0,"turns":1.0},{"damage":0.0,"enemies":"Gremlin Nob","floor":12.0,"turns":1.0},{"damage":0.0,"enemies":"Gremlin Nob","floor":13.0,"turns":1.0},{"damage":0.0,"enemies":"3 Sentries","floor":14.0,"turns":1.0},{"damage":0.0,"enemies":"The Guardian","floor":16.0,"turns":1.0},{"damage":0.0,"enemies":"Shell Parasite","floor":18.0,"turns":1.0},{"damage":0.0,"enemies":"Chosen","floor":20.0,"turns":1.0},{"damage":0.0,"enemies":"3 Cultists","floor":21.0,"turns":1.0},{"damage":0.0,"enemies":"Gremlin Leader","floor":23.0,"turns":1.0},{"damage":0.0,"enemies":"Slavers","floor":24.0,"turns":1.0},{"damage":0.0,"enemies":"Book of Stabbing","floor":25.0,"turns":1.0},{"damage":0.0,"enemies":"Slavers","floor":28.0,"turns":1.0},{"damage":0.0,"enemies":"Book of Stabbing","floor":29.0,"turns":1.0},{"damage":0.0,"enemies":"Slavers","floor":30.0,"turns":1.0},{"damage":0.0,"enemies":"Gremlin Leader","floor":31.0,"turns":1.0},{"damage":0.0,"enemies":"Collector","floor":33.0,"turns":1.0},{"damage":0.0,"enemies":"3 Shapes","floor":35.0,"turns":1.0},{"damage":0.0,"enemies":"Mind Bloom Boss Battle","floor":38.0,"turns":1.0},{"damage":0.0,"enemies":"3 Darklings","floor":39.0,"turns":1.0},{"damage":0.0,"enemies":"Reptomancer","floor":40.0,"turns":1.0},{"damage":0.0,"enemies":"Nemesis","floor":42.0,"turns":1.0},{"damage":0.0,"enemies":"Giant Head","floor":44.0,"turns":1.0},{"damage":0.0,"enemies":"Nemesis","floor":45.0,"turns":1.0},{"damage":0.0,"enemies":"Giant Head","floor":47.0,"turns":1.0},{"damage":0.0,"enemies":"Time Eater","floor":50.0,"turns":1.0},{"damage":0.0,"enemies":"Donu and Deca","floor":51.0,"turns":1.0},{"damage":0,"enemies":"Shield and Spear","floor":55,"turns":1},{"damage":0,"enemies":"The Heart","floor":56,"turns":5}],"seed_played":"6505921140471674520","potions_obtained":[{"floor":2.0,"key":"SkillPotion"},{"floor":5.0,"key":"PowerPotion"},{"floor":44.0,"key":"FearPotion"},{"floor":45.0,"key":"Ancient Potion"}],"is_trial":true,"path_per_floor":["M","M","M","M","M","E","E","E","T","E","M","E","?","E","R","B",null,"M","$","M","M","?","E","E","E","T","$","E","E","E","E","R","B",null,"M","T","$","?","M","E","$","E","T","E","E","$","E","T","R","B","B",null,"R","$","E","B",null],"character_chosen":"THE_SILENT","items_purchased":["TheAbacus","Gremlin Horn","Mercury Hourglass","Pen Nib","Whetstone","Chemical X","CaptainsWheel","Medical Kit","Ancient Tea Set","Fruit Juice","ClockworkSouvenir","Centennial Puzzle","OrangePellets","Bronze Scales","Membership Card","Caltrops+1","Lizard Tail"],"campfire_rested":0,"item_purchase_floors":[19,19,19,27,27,27,37,37,37,41,41,41,46,46,54,54,54],"current_hp_per_floor":[61,63,65,67,69,71,83,85,85,87,89,91,93,95,95,97,102,104,104,106,108,108,110,112,114,114,114,116,120,122,124,124,126,126,128,128,128,130,134,136,141,143,143,145,147,147,149,149,149,149,149,149,149,149,151,151],"gold":90,"neow_bonus":"","is_prod":false,"is_daily":false,"chose_seed":false,"campfire_upgraded":0,"win_rate":0,"timestamp":1607605287,"path_taken":["M","M","M","M","M","E","E","E","T","E","?","E","?","E","R","BOSS","M","$","M","M","?","E","E","E","T","$","E","E","E","E","R","BOSS","M","?","$","?","?","E","$","E","T","E","E","$","E","?","R","BOSS","BOSS","R","$","E","BOSS"],"build_version":"2020-11-30","purchased_purges":0,"victory":true,"max_hp_per_floor":[68,70,72,74,76,78,90,92,92,94,96,98,100,102,102,104,104,106,106,108,110,110,112,114,116,116,116,118,120,122,124,124,126,126,128,128,128,130,134,136,141,143,143,145,147,147,149,149,149,149,149,149,149,149,151,151],"card_choices":[{"not_picked":["Backflip","Deflect"],"picked":"Singing Bowl","floor":1.0},{"not_picked":["Prepared","Slice"],"picked":"Singing Bowl","floor":2.0},{"not_picked":["Dodge and Roll","Blade Dance"],"picked":"Singing Bowl","floor":3.0},{"not_picked":["PiercingWail","Finisher"],"picked":"Singing Bowl","floor":4.0},{"not_picked":["Doppelganger","Slice"],"picked":"Singing Bowl","floor":5.0},{"not_picked":["Bullet Time","Burst"],"picked":"Singing Bowl","floor":6.0},{"not_picked":["Malaise","Die Die Die"],"picked":"Singing Bowl","floor":7.0},{"not_picked":["Unload","Malaise"],"picked":"Singing Bowl","floor":8.0},{"not_picked":["Burst","Envenom+1"],"picked":"Singing Bowl","floor":10.0},{"not_picked":["Underhanded Strike","Blade Dance"],"picked":"Singing Bowl","floor":11.0},{"not_picked":["Adrenaline","Burst"],"picked":"Singing Bowl","floor":12.0},{"not_picked":["Backflip","Underhanded Strike"],"picked":"Singing Bowl","floor":13.0},{"not_picked":["Grand Finale","Night Terror"],"picked":"Singing Bowl","floor":14.0},{"not_picked":["Doppelganger","Tools of the Trade+1"],"picked":"Singing Bowl","floor":16.0},{"not_picked":["Prepared","Poisoned Stab"],"picked":"Singing Bowl","floor":18.0},{"not_picked":["Bane","Dagger Spray"],"picked":"Singing Bowl","floor":20.0},{"not_picked":["Noxious Fumes+1","Backflip"],"picked":"Singing Bowl","floor":21.0},{"not_picked":["Night Terror","Grand Finale"],"picked":"Singing Bowl","floor":23.0},{"not_picked":["Venomology","Grand Finale"],"picked":"Singing Bowl","floor":24.0},{"not_picked":["A Thousand Cuts+1","Bullet Time"],"picked":"Singing Bowl","floor":25.0},{"not_picked":["Corpse Explosion","Die Die Die+1"],"picked":"Singing Bowl","floor":28.0},{"not_picked":["Wraith Form v2+1","Night Terror"],"picked":"Singing Bowl","floor":29.0},{"not_picked":["Tools of the Trade+1","Adrenaline"],"picked":"Singing Bowl","floor":30.0},{"not_picked":["After Image+1","Doppelganger"],"picked":"Singing Bowl","floor":31.0},{"not_picked":["Phantasmal Killer","Unload+1"],"picked":"Singing Bowl","floor":33.0},{"not_picked":["Backflip","Bouncing Flask"],"picked":"Singing Bowl","floor":35.0},{"not_picked":["Distraction+1","Setup+1"],"picked":"Singing Bowl","floor":38.0},{"not_picked":["Poisoned Stab+1","Deflect+1"],"picked":"Singing Bowl","floor":39.0},{"not_picked":["Expertise+1","Acrobatics+1"],"picked":"Singing Bowl","floor":39.0},{"not_picked":["Bullet Time+1","Burst+1"],"picked":"Singing Bowl","floor":40.0},{"not_picked":["Corpse Explosion+1","Grand Finale+1"],"picked":"Singing Bowl","floor":42.0},{"not_picked":["Doppelganger+1","Adrenaline+1"],"picked":"Singing Bowl","floor":44.0},{"not_picked":["Doppelganger+1","Venomology+1"],"picked":"Singing Bowl","floor":45.0},{"not_picked":["Venomology+1","Storm of Steel+1"],"picked":"Singing Bowl","floor":47.0},{"not_picked":["Night Terror+1","Unload+1"],"picked":"Singing Bowl","floor":55}],"player_experience":719674,"relics_obtained":[{"floor":6.0,"key":"Ice Cream"},{"floor":6.0,"key":"Frozen Egg 2"},{"floor":7.0,"key":"Nunchaku"},{"floor":7.0,"key":"Pear"},{"floor":8.0,"key":"Smiling Mask"},{"floor":8.0,"key":"Gambling Chip"},{"floor":9.0,"key":"Tiny Chest"},{"floor":10.0,"key":"Matryoshka"},{"floor":10.0,"key":"Turnip"},{"floor":12.0,"key":"The Specimen"},{"floor":12.0,"key":"TungstenRod"},{"floor":14.0,"key":"Sundial"},{"floor":14.0,"key":"Tingsha"},{"floor":23.0,"key":"Bird Faced Urn"},{"floor":23.0,"key":"Oddly Smooth Stone"},{"floor":24.0,"key":"Toy Ornithopter"},{"floor":24.0,"key":"Paper Crane"},{"floor":25.0,"key":"Torii"},{"floor":25.0,"key":"Molten Egg 2"},{"floor":26.0,"key":"MawBank"},{"floor":28.0,"key":"Blood Vial"},{"floor":28.0,"key":"InkBottle"},{"floor":29.0,"key":"Lantern"},{"floor":29.0,"key":"Du-Vu Doll"},{"floor":30.0,"key":"Pocketwatch"},{"floor":30.0,"key":"Dream Catcher"},{"floor":31.0,"key":"Anchor"},{"floor":31.0,"key":"Eternal Feather"},{"floor":32.0,"key":"Potion Belt"},{"floor":36.0,"key":"Toxic Egg 2"},{"floor":36.0,"key":"Shovel"},{"floor":38.0,"key":"Prayer Wheel"},{"floor":40.0,"key":"FossilizedHelix"},{"floor":40.0,"key":"Calipers"},{"floor":42.0,"key":"Happy Flower"},{"floor":42.0,"key":"Art of War"},{"floor":43.0,"key":"CeramicFish"},{"floor":44.0,"key":"Tough Bandages"},{"floor":44.0,"key":"Incense Burner"},{"floor":45.0,"key":"Pantograph"},{"floor":45.0,"key":"StrikeDummy"},{"floor":47.0,"key":"Orichalcum"},{"floor":47.0,"key":"The Courier"},{"floor":49.0,"key":"StoneCalendar"},{"floor":53.0,"key":"Blue Candle"},{"floor":55,"key":"HornCleat"},{"floor":55,"key":"Thread and Needle"}],"event_choices":[{"damage_healed":0.0,"max_hp_gain":0.0,"max_hp_loss":0.0,"gold_gain":0.0,"event_name":"Dead Adventurer","player_choice":"Searched \u00272\u0027 times","floor":13.0,"gold_loss":0.0,"damage_taken":0.0,"relics_obtained":["War Paint"]},{"damage_healed":0.0,"max_hp_gain":0.0,"max_hp_loss":0.0,"gold_gain":0.0,"event_name":"The Woman in Blue","player_choice":"Bought 1 Potion","floor":22.0,"gold_loss":0.0,"damage_taken":0.0},{"damage_healed":0.0,"max_hp_gain":0.0,"max_hp_loss":0.0,"gold_gain":0.0,"event_name":"MindBloom","player_choice":"Fight","floor":38.0,"gold_loss":0.0,"damage_taken":0.0}],"is_beta":false,"boss_relics":[{"not_picked":["Snecko Eye","Cursed Key"],"picked":"SlaversCollar"},{"not_picked":["Empty Cage","Pandora\u0027s Box"],"picked":"Coffee Dripper"}],"items_purged_floors":[],"is_endless":false,"potions_floor_spawned":[2,5,7,8,10,11,16,18,20,28,29,38,44,45,47],"ascension_level":20}}