{"host":"gc0o0aftdpafl7it","time":1607573696,"event":{"gold_per_floor":[110,120,131,142,142,175,175,190,214,247,267,267,217,12,12,109,159,175,205,218,317,327,327,657,260,340,370,396,435,447,494,506,518,518],"floor_reached":33,"playtime":1446,"items_purged":["Defend_R"],"score":553,"play_id":"6a508698-7747-47fd-9c0d-e7c7d74cc10c","local_time":"20201210051456","is_ascension_mode":true,"campfire_choices":[{"data":"Bash","floor":7,"key":"SMITH"},{"floor":12,"key":"REST"},{"data":"Demon Form","floor":15,"key":"SMITH"},{"floor":23,"key":"REST"},{"floor":30,"key":"REST"},{"data":"1","floor":32,"key":"LIFT"}],"neow_cost":"NONE","seed_source_timestamp":211444102691900,"circlet_count":0,"master_deck":["AscendersBane","Strike_R","Strike_R","Strike_R","Strike_R","Strike_R","Defend_R+1","Defend_R+1","Bash+1","Thunderclap","Flex","Flame Barrier+1","Pommel Strike","Demon Form+1","Iron Wave","Heavy Blade","Heavy Blade","Spot Weakness","Cleave+1","Battle Trance","Juggernaut+1"],"relics":["Busted Crown","Ancient Tea Set","Ornamental Fan","War Paint","Pear","Sling","Tiny House","Red Mask","Old Coin","Girya","Frozen Egg 2","MawBank","Regal Pillow","Gremlin Horn"],"potions_floor_usage":[6,6,10,16,19,19,19,29,29,33],"damage_taken":[{"damage":0,"enemies":"Cultist","floor":1,"turns":3},{"damage":2,"enemies":"Jaw Worm","floor":2,"turns":3},{"damage":10,"enemies":"Small Slimes","floor":3,"turns":2},{"damage":11,"enemies":"Exordium Wildlife","floor":4,"turns":4},{"damage":16,"enemies":"Lagavulin","floor":6,"turns":5},{"damage":5,"enemies":"Red Slaver","floor":8,"turns":2},{"damage":11,"enemies":"3 Sentries","floor":10,"turns":6},{"damage":0,"enemies":"2 Fungi Beasts","floor":11,"turns":3},{"damage":13,"enemies":"The Guardian","floor":16,"turns":5},{"damage":19,"enemies":"Spheric Guardian","floor":18,"turns":4},{"damage":17,"enemies":"Masked Bandits","floor":19,"turns":4},{"damage":11,"enemies":"Shell Parasite","floor":20,"turns":5},{"damage":13,"enemies":"Snake Plant","floor":22,"turns":3},{"damage":12,"enemies":"Book of Stabbing","floor":24,"turns":3},{"damage":7,"enemies":"Slavers","floor":27,"turns":4},{"damage":8,"enemies":"Cultist and Chosen","floor":28,"turns":4},{"damage":2,"enemies":"Gremlin Leader","floor":29,"turns":8},{"damage":3,"enemies":"Slavers","floor":31,"turns":3},{"damage":63,"enemies":"Automaton","floor":33,"turns":6}],"seed_played":"-2861633988825760463","potions_obtained":[{"floor":1,"key":"EssenceOfSteel"},{"floor":2,"key":"BlessingOfTheForge"},{"floor":6,"key":"Explosive Potion"},{"floor":10,"key":"DistilledChaos"},{"floor":16,"key":"SpeedPotion"},{"floor":17,"key":"ColorlessPotion"},{"floor":18,"key":"EssenceOfSteel"},{"floor":24,"key":"SteroidPotion"},{"floor":27,"key":"EssenceOfSteel"},{"floor":31,"key":"Dexterity Potion"}],"is_trial":false,"path_per_floor":["M","M","M","M","T","E","R","M","T","E","M","R","?","$","R","B",null,"M","?","M","?","M","R","E","$","T","E","M","E","R","E","R","B"],"character_chosen":"IRONCLAD","items_purchased":["Sling","PowerPotion","Girya","Battle Trance"],"campfire_rested":3,"item_purchase_floors":[14,14,25,25],"current_hp_per_floor":[72,70,60,49,49,33,33,28,28,27,27,54,54,54,54,41,83,64,47,36,36,23,51,39,39,39,32,24,22,65,62,62,0,0],"gold":518,"neow_bonus":"BOSS_RELIC","is_prod":false,"is_daily":false,"chose_seed":false,"campfire_upgraded":2,"win_rate":0,"timestamp":1607573696,"path_taken":["M","M","M","M","?","E","R","M","T","E","M","R","?","$","R","BOSS","M","?","M","?","M","R","E","$","T","E","M","E","R","E","R","BOSS"],"build_version":"2020-11-30","purchased_purges":1,"victory":false,"max_hp_per_floor":[80,80,80,80,80,80,80,80,80,90,90,90,90,90,90,90,95,95,95,95,95,95,95,95,95,95,95,95,95,95,95,95,95,95],"relic_stats":{"Regal Pillow":15,"Busted Crown":38,"Gremlin Horn":[0,2],"counters":[19,77],"Ornamental Fan":[92],"War Paint":["Flame Barrier","Defend_R"],"MawBank":72,"obtain_stats":[{"Girya":25,"Regal Pillow":29,"Pear":10,"Tiny House":17,"Gremlin Horn":31,"War Paint":9,"Frozen Egg 2":26,"Ancient Tea Set":5,"Sling":14,"MawBank":27,"Burning Blood":0,"Old Coin":24,"Busted Crown":0,"Ornamental Fan":6,"Red Mask":19},{"Girya":14,"Regal Pillow":17,"Pear":7,"Tiny House":9,"Gremlin Horn":18,"War Paint":6,"Frozen Egg 2":14,"Ancient Tea Set":4,"Sling":8,"MawBank":15,"Burning Blood":0,"Old Coin":14,"Busted Crown":0,"Ornamental Fan":5,"Red Mask":11},{"Girya":52,"Regal Pillow":68,"Pear":25,"Tiny House":33,"Gremlin Horn":71,"War Paint":19,"Frozen Egg 2":52,"Ancient Tea Set":12,"Sling":28,"MawBank":56,"Burning Blood":0,"Old Coin":52,"Busted Crown":0,"Ornamental Fan":17,"Red Mask":41}]},"card_choices":[{"not_picked":[],"picked":"Thunderclap","floor":1},{"not_picked":["Intimidate"],"picked":"SKIP","floor":2},{"not_picked":[],"picked":"Flex","floor":3},{"not_picked":[],"picked":"Flame Barrier","floor":4},{"not_picked":["Feel No Pain"],"picked":"SKIP","floor":6},{"not_picked":[],"picked":"Pommel Strike","floor":8},{"not_picked":[],"picked":"Demon Form","floor":10},{"not_picked":[],"picked":"Iron Wave","floor":11},{"not_picked":[],"picked":"Heavy Blade","floor":17},{"not_picked":[],"picked":"Heavy Blade","floor":18},{"not_picked":[],"picked":"Spot Weakness","floor":20},{"not_picked":[],"picked":"Cleave+1","floor":22},{"not_picked":["Sentinel"],"picked":"SKIP","floor":24},{"not_picked":[],"picked":"Juggernaut+1","floor":27},{"not_picked":["Dropkick"],"picked":"SKIP","floor":28},{"not_picked":["Wild Strike+1"],"picked":"SKIP","floor":29},{"not_picked":["Bloodletting"],"picked":"SKIP","floor":31}],"player_experience":344228,"relics_obtained":[{"floor":5,"key":"Ancient Tea Set"},{"floor":6,"key":"Ornamental Fan"},{"floor":9,"key":"War Paint"},{"floor":10,"key":"Pear"},{"floor":19,"key":"Red Mask"},{"floor":24,"key":"Old Coin"},{"floor":26,"key":"Frozen Egg 2"},{"floor":27,"key":"MawBank"},{"floor":29,"key":"Regal Pillow"},{"floor":31,"key":"Gremlin Horn"}],"event_choices":[{"cards_removed":["Defend_R"],"damage_healed":0,"gold_gain":0,"player_choice":"Card Removal","damage_taken":0,"max_hp_gain":0,"max_hp_loss":0,"event_name":"The Cleric","floor":13,"gold_loss":50},{"damage_healed":0,"gold_gain":0,"player_choice":"Fought Bandits","damage_taken":0,"max_hp_gain":0,"max_hp_loss":0,"event_name":"Masked Bandits","floor":19,"gold_loss":0},{"damage_healed":0,"gold_gain":99,"player_choice":"Stole From Cult","damage_taken":0,"max_hp_gain":0,"max_hp_loss":0,"event_name":"Nest","floor":21,"gold_loss":0}],"is_beta":false,"boss_relics":[{"not_picked":["Ectoplasm","SacredBark"],"picked":"Tiny House"}],"items_purged_floors":[25],"is_endless":false,"potions_floor_spawned":[1,2,6,10,16,18,24,27,31],"killed_by":"Automaton","ascension_level":10}}