{"host":"0tg1gncob7yth7j0","time":1607620783,"event":{"mods":["BaseMod","Best Route Mod","StSLib","Disable Question Mark Monsters","SacredBarkPlus","Block Reminder","Transform Curses","Gold Saver","Minty Spire (QoL Compilation)"],"gold_per_floor":[345,361,361,536,416,444,444,474,499,499,513,151,120,136,136,210,260,276,296,41,41,60,60,60,71,71,71,71,71,71,71,71,143,143,161,161,172,182,196,196,96,96,96,111,111,131,131,131,131,131,131],"floor_reached":50,"playtime":2528,"items_purged":["Doubt","Writhe"],"score":822,"play_id":"ad01b009-8049-424a-828d-27c8654538b1","local_time":"20201210121943","is_ascension_mode":true,"campfire_choices":[{"data":"Vigilance","floor":7.0,"key":"SMITH"},{"data":"Eruption","floor":10.0,"key":"SMITH"},{"data":"SashWhip","floor":15.0,"key":"SMITH"},{"floor":23.0,"key":"REST"},{"data":"Wallop","floor":27.0,"key":"SMITH"},{"data":"Adaptation","floor":29.0,"key":"SMITH"},{"data":"Protect","floor":30.0,"key":"SMITH"},{"data":"Vault","floor":32.0,"key":"SMITH"},{"floor":40.0,"key":"REST"},{"floor":42.0,"key":"REST"},{"floor":45.0,"key":"REST"},{"floor":49,"key":"REST"}],"circlet_count":0,"master_deck":["AscendersBane","Strike_P+1","Strike_P+1","Strike_P+1","Strike_P+1","Defend_P+1","Defend_P+1","Defend_P+1","Defend_P+1","Eruption+1","Vigilance+1","Consecrate","EmptyFist","Wallop+1","Adaptation+1","Vault+1","Protect+1","Brilliance","DevaForm","CarveReality","ClearTheMind","SashWhip+1","Halt","SashWhip+1"],"special_seed":0,"relics":["PureWater","NeowsBlessing","Ancient Tea Set","Sundial","PreservedInsect","Anchor","Pocketwatch","Tiny House","Meat on the Bone","WingedGreaves","Dream Catcher","Fusion Hammer"],"acts_visited":["Exordium","TheCity","TheBeyond"],"potions_floor_usage":[],"damage_taken":[{"damage":0.0,"enemies":"Cultist","floor":1.0,"turns":1.0},{"damage":0.0,"enemies":"2 Louse","floor":2.0,"turns":1.0},{"damage":0.0,"enemies":"Gremlin Nob","floor":6.0,"turns":1.0},{"damage":0.0,"enemies":"Lagavulin","floor":8.0,"turns":3.0},{"damage":0.0,"enemies":"Jaw Worm","floor":11.0,"turns":3.0},{"damage":0.0,"enemies":"3 Louse","floor":14.0,"turns":2.0},{"damage":9.0,"enemies":"Hexaghost","floor":16.0,"turns":9.0},{"damage":24.0,"enemies":"3 Byrds","floor":18.0,"turns":5.0},{"damage":0.0,"enemies":"Chosen","floor":19.0,"turns":4.0},{"damage":0.0,"enemies":"Centurion and Healer","floor":22.0,"turns":4.0},{"damage":5.0,"enemies":"Snake Plant","floor":25.0,"turns":4.0},{"damage":60.0,"enemies":"Collector","floor":33.0,"turns":12.0},{"damage":7.0,"enemies":"3 Darklings","floor":35.0,"turns":5.0},{"damage":0.0,"enemies":"Orb Walker","floor":37.0,"turns":5.0},{"damage":1.0,"enemies":"Maw","floor":38.0,"turns":9.0},{"damage":29.0,"enemies":"3 Darklings","floor":39.0,"turns":5.0},{"damage":52.0,"enemies":"Transient","floor":44.0,"turns":6.0},{"damage":19.0,"enemies":"Jaw Worm Horde","floor":46.0,"turns":5.0},{"damage":108,"enemies":"Time Eater","floor":50,"turns":8}],"seed_played":"4495908981427596366","potions_obtained":[{"floor":1.0,"key":"DistilledChaos"},{"floor":6.0,"key":"FearPotion"},{"floor":11.0,"key":"LiquidMemories"},{"floor":17.0,"key":"FearPotion"},{"floor":25.0,"key":"SpeedPotion"},{"floor":33.0,"key":"Regen Potion"},{"floor":38.0,"key":"Explosive Potion"},{"floor":44.0,"key":"BlessingOfTheForge"},{"floor":46.0,"key":"Block Potion"}],"is_trial":false,"path_per_floor":["M","M","?","?","$","E","R","E","T","R","M","$","?","M","R","B",null,"M","M","$","?","M","R","$","M","T","R","?","R","R","?","R","B",null,"M","?","M","M","M","R","$","R","T","M","R","M","?","?","R","B"],"character_chosen":"WATCHER","items_purchased":["EmptyFist","Adaptation","Pocketwatch","Meat on the Bone"],"campfire_rested":5,"item_purchase_floors":[5,12,12,20],"current_hp_per_floor":[65,65,62,62,62,62,62,62,62,62,62,62,62,62,62,53,72,48,48,48,48,48,71,71,66,66,66,66,66,66,66,66,18,62,55,55,69,68,39,62,62,77,77,37,60,41,41,41,64,0,0],"gold":131,"neow_bonus":"THREE_ENEMY_KILL","is_daily":false,"chose_seed":false,"campfire_upgraded":7,"win_rate":0,"timestamp":1607620783,"path_taken":["M","M","?","?","$","E","R","E","T","R","M","$","?","M","R","BOSS","M","M","$","?","M","R","$","M","T","R","?","R","R","?","R","BOSS","M","?","M","?","?","R","$","R","T","M","R","M","?","?","R","BOSS"],"build_version":"2020-11-30","purchased_purges":2,"victory":false,"max_hp_per_floor":[72,72,72,72,72,72,72,72,72,72,72,72,72,72,72,72,77,77,77,77,77,77,77,77,77,77,77,77,77,77,77,77,77,77,77,77,77,77,77,77,77,77,77,77,77,77,77,77,77,77,77],"card_choices":[{"not_picked":["Study","CutThroughFate"],"picked":"Consecrate","floor":1.0},{"not_picked":["Nirvana","FearNoEvil"],"picked":"SashWhip","floor":2.0},{"not_picked":["FollowUp","BowlingBash","Scrawl"],"picked":"SKIP","floor":6.0},{"not_picked":["Sanctity","ClearTheMind"],"picked":"Wallop","floor":8.0},{"not_picked":["Wireheading","Sanctity","Evaluate"],"picked":"SKIP","floor":11.0},{"not_picked":["FlurryOfBlows","CrushJoints","CutThroughFate"],"picked":"SKIP","floor":14.0},{"not_picked":["SpiritShield","ConjureBlade"],"picked":"Vault","floor":16.0},{"not_picked":["EmptyBody","CutThroughFate"],"picked":"Protect","floor":17.0},{"not_picked":["EmptyBody","Consecrate","BowlingBash"],"picked":"SKIP","floor":18.0},{"not_picked":["Fasting2","WindmillStrike"],"picked":"Brilliance","floor":19.0},{"not_picked":["BowlingBash","WaveOfTheHand","ThirdEye+1"],"picked":"SKIP","floor":22.0},{"not_picked":["CrushJoints","FlurryOfBlows","JustLucky"],"picked":"SKIP","floor":25.0},{"not_picked":["DeusExMachina","Omniscience"],"picked":"DevaForm","floor":33.0},{"not_picked":["WindmillStrike","Pray","EmptyFist"],"picked":"SKIP","floor":35.0},{"not_picked":["Pray+1","Worship"],"picked":"CarveReality","floor":37.0},{"not_picked":["WreathOfFlame","PathToVictory+1","BowlingBash+1"],"picked":"SKIP","floor":38.0},{"not_picked":["BowlingBash","FlurryOfBlows"],"picked":"ClearTheMind","floor":39.0},{"not_picked":["EmptyFist","Blasphemy"],"picked":"SashWhip+1","floor":44.0},{"not_picked":["Protect","Conclude"],"picked":"Halt","floor":46.0},{"not_picked":["CutThroughFate","EmptyFist"],"picked":"SashWhip+1","floor":49}],"player_experience":3591378,"relics_obtained":[{"floor":6.0,"key":"Sundial"},{"floor":8.0,"key":"PreservedInsect"},{"floor":9.0,"key":"Anchor"},{"floor":26.0,"key":"WingedGreaves"}],"event_choices":[{"damage_healed":0.0,"max_hp_gain":0.0,"max_hp_loss":0.0,"gold_gain":0.0,"event_name":"Scrap Ooze","player_choice":"Success","floor":3.0,"gold_loss":0.0,"damage_taken":3.0,"relics_obtained":["Ancient Tea Set"]},{"damage_healed":0.0,"max_hp_gain":0.0,"max_hp_loss":0.0,"gold_gain":175.0,"event_name":"Liars Game","player_choice":"AGREE","floor":4.0,"gold_loss":0.0,"damage_taken":0.0,"cards_obtained":["Doubt"]},{"damage_healed":0.0,"max_hp_gain":0.0,"max_hp_loss":0.0,"gold_gain":0.0,"event_name":"World of Goop","player_choice":"Left Gold","floor":13.0,"gold_loss":31.0,"damage_taken":0.0},{"damage_healed":0.0,"max_hp_gain":0.0,"max_hp_loss":0.0,"gold_gain":0.0,"event_name":"Vampires","player_choice":"Ignored","floor":21.0,"gold_loss":0.0,"damage_taken":0.0},{"damage_healed":0.0,"max_hp_gain":0.0,"max_hp_loss":0.0,"gold_gain":0.0,"event_name":"The Mausoleum","player_choice":"Opened","floor":28.0,"gold_loss":0.0,"damage_taken":0.0,"relics_obtained":["Dream Catcher"],"cards_obtained":["Writhe"]},{"damage_healed":0.0,"max_hp_gain":0.0,"max_hp_loss":0.0,"gold_gain":0.0,"event_name":"Back to Basics","player_choice":"Simplicity","floor":31.0,"gold_loss":0.0,"damage_taken":0.0,"cards_upgraded":["Strike_P","Strike_P","Strike_P","Defend_P","Defend_P","Defend_P","Defend_P"]},{"damage_healed":0.0,"max_hp_gain":0.0,"max_hp_loss":0.0,"gold_gain":0.0,"event_name":"Transmorgrifier","player_choice":"Ignored","floor":36.0,"gold_loss":0.0,"damage_taken":0.0},{"damage_healed":0.0,"max_hp_gain":0.0,"max_hp_loss":0.0,"gold_gain":0.0,"event_name":"Tomb of Lord Red Mask","player_choice":"Ignored","floor":47.0,"gold_loss":0.0,"damage_taken":0.0},{"cards_removed":["SashWhip"],"damage_healed":0,"gold_gain":0,"player_choice":"Removed Attack","damage_taken":0,"max_hp_gain":0,"max_hp_loss":0,"event_name":"Falling","floor":48,"gold_loss":0}],"is_beta":false,"boss_relics":[{"not_picked":["Pandora\u0027s Box","Busted Crown"],"picked":"Tiny House"},{"not_picked":["Coffee Dripper","Astrolabe"],"picked":"Fusion Hammer"}],"items_purged_floors":[5,41],"is_endless":false,"potions_floor_spawned":[1,6,11,25,33,38,44,46],"killed_by":"Time Eater","ascension_level":13}}