{"host":"krw8blyxua7at9ak","time":1607623280,"event":{"mods":["BaseMod","Highlight Path","Minty Spire (QoL Compilation)","ojb\u0027s Info Mod"],"gold_per_floor":[112,128,203,203,203,203,238,238,311,351,371,396,160,185,185,284,284,302,137,162,177,193,234,234,267,267,267,138,138,164,164,164,164,164],"floor_reached":33,"playtime":1885,"items_purged":["Pain"],"score":676,"play_id":"f7107787-ba5d-4fa8-a02c-29cf1f006749","local_time":"20201210190120","is_ascension_mode":true,"campfire_choices":[{"data":"Quick Slash","floor":6.0,"key":"SMITH"},{"floor":8.0,"key":"REST"},{"floor":15.0,"key":"REST"},{"data":"Bullet Time","floor":24,"key":"SMITH"},{"data":"Catalyst","floor":32,"key":"SMITH"}],"circlet_count":0,"master_deck":["AscendersBane","Survivor","Neutralize","Quick Slash+1","Underhanded Strike","Dagger Throw","Deadly Poison","Blade Dance","Escape Plan","Bouncing Flask","Dash","Poisoned Stab","Bullet Time+1","Sucker Punch","Footwork","Adrenaline","Blur","Reflex+1","Escape Plan+1","Escape Plan","Catalyst+1","Footwork","Writhe","Deflect"],"special_seed":0,"relics":["Ring of the Snake","Nunchaku","Bloody Idol","WarpedTongs","StrikeDummy","White Beast Statue","Peace Pipe","MealTicket","Pandora\u0027s Box","Lantern","Prayer Wheel","InkBottle","FossilizedHelix","Shuriken","Potion Belt"],"acts_visited":["Exordium","TheCity"],"potions_floor_usage":[23,23,23,23,25,33,33],"damage_taken":[{"damage":1.0,"enemies":"Small Slimes","floor":1.0,"turns":4.0},{"damage":11.0,"enemies":"Cultist","floor":2.0,"turns":5.0},{"damage":24.0,"enemies":"3 Sentries","floor":7.0,"turns":12.0},{"damage":10.0,"enemies":"Lagavulin","floor":10.0,"turns":5.0},{"damage":1.0,"enemies":"Jaw Worm","floor":11.0,"turns":3.0},{"damage":3.0,"enemies":"Large Slime","floor":12.0,"turns":4.0},{"damage":8.0,"enemies":"3 Louse","floor":14.0,"turns":3.0},{"damage":11.0,"enemies":"The Guardian","floor":16.0,"turns":10.0},{"damage":0.0,"enemies":"Spheric Guardian","floor":18.0,"turns":2.0},{"damage":0.0,"enemies":"3 Byrds","floor":20.0,"turns":5.0},{"damage":10.0,"enemies":"Cultist and Chosen","floor":21.0,"turns":4.0},{"damage":0.0,"enemies":"Shelled Parasite and Fungi","floor":22.0,"turns":3.0},{"damage":0,"enemies":"Book of Stabbing","floor":23,"turns":3},{"damage":14,"enemies":"Slavers","floor":25,"turns":6},{"damage":14,"enemies":"Book of Stabbing","floor":30,"turns":4},{"damage":48,"enemies":"Collector","floor":33,"turns":5}],"seed_played":"-8296934941774172024","potions_obtained":[{"floor":1.0,"key":"ColorlessPotion"},{"floor":10.0,"key":"ColorlessPotion"},{"floor":11.0,"key":"PowerPotion"},{"floor":12.0,"key":"Explosive Potion"},{"floor":14.0,"key":"PowerPotion"},{"floor":16.0,"key":"GamblersBrew"},{"floor":18.0,"key":"EntropicBrew"},{"floor":20.0,"key":"Swift Potion"},{"floor":21.0,"key":"PowerPotion"},{"floor":23,"key":"Swift Potion"},{"floor":25,"key":"FearPotion"},{"floor":30,"key":"SkillPotion"}],"is_trial":false,"path_per_floor":["M","M","?","?","?","R","E","R","T","E","M","M","$","M","R","B",null,"M","$","M","M","M","E","R","E","T","?","$","?","E","?","R","B"],"character_chosen":"THE_SILENT","items_purchased":["MealTicket","Lantern","Catalyst","Footwork"],"campfire_rested":2,"item_purchase_floors":[13,19,28,28],"current_hp_per_floor":[58,47,36,36,36,36,12,30,30,20,19,16,16,8,26,15,49,49,60,60,50,50,50,50,36,36,36,51,51,42,42,42,0,0],"gold":164,"neow_bonus":"RANDOM_COMMON_RELIC","is_daily":false,"chose_seed":false,"campfire_upgraded":3,"win_rate":0,"timestamp":1607623280,"path_taken":["M","M","?","?","?","R","E","R","T","E","M","M","$","M","R","BOSS","M","?","M","M","M","E","R","E","T","?","$","?","E","?","R","BOSS"],"build_version":"2020-11-30","purchased_purges":1,"victory":false,"max_hp_per_floor":[66,66,66,60,60,60,60,60,60,60,60,60,60,60,60,60,60,60,60,60,60,60,60,60,60,60,60,60,60,60,60,60,60,60],"card_choices":[{"not_picked":["Accuracy","Backflip"],"picked":"Quick Slash","floor":1.0},{"not_picked":["Acrobatics","Catalyst","Distraction"],"picked":"SKIP","floor":2.0},{"not_picked":["Masterful Stab","Concentrate"],"picked":"Underhanded Strike","floor":7.0},{"not_picked":["Dodge and Roll","Infinite Blades","Expertise"],"picked":"SKIP","floor":10.0},{"not_picked":["Dagger Spray","Sucker Punch"],"picked":"Dagger Throw","floor":11.0},{"not_picked":["Crippling Poison","Bane","Outmaneuver"],"picked":"SKIP","floor":12.0},{"not_picked":["Setup","Masterful Stab","Dagger Throw"],"picked":"SKIP","floor":14.0},{"not_picked":["Dodge and Roll","Flechettes"],"picked":"Blur","floor":18.0},{"not_picked":["Infinite Blades","Endless Agony","Blade Dance"],"picked":"SKIP","floor":20.0},{"not_picked":["Slice","PiercingWail"],"picked":"Reflex+1","floor":21.0},{"not_picked":["Cloak And Dagger","Flechettes"],"picked":"Escape Plan+1","floor":22.0},{"not_picked":["Storm of Steel","Choke+1"],"picked":"Escape Plan","floor":23},{"not_picked":["Dagger Spray","Prepared","Dagger Throw"],"picked":"SKIP","floor":25},{"not_picked":["PiercingWail","Outmaneuver"],"picked":"Deflect","floor":30}],"player_experience":320660,"relics_obtained":[{"floor":7.0,"key":"StrikeDummy"},{"floor":9.0,"key":"White Beast Statue"},{"floor":10.0,"key":"Peace Pipe"},{"floor":23,"key":"Prayer Wheel"},{"floor":25,"key":"InkBottle"},{"floor":26,"key":"FossilizedHelix"},{"floor":30,"key":"Potion Belt"}],"event_choices":[{"damage_healed":0.0,"max_hp_gain":0.0,"max_hp_loss":0.0,"gold_gain":75.0,"event_name":"World of Goop","player_choice":"Gather Gold","floor":3.0,"gold_loss":0.0,"damage_taken":11.0},{"damage_healed":0.0,"max_hp_gain":0.0,"max_hp_loss":6.0,"gold_gain":0.0,"event_name":"Golden Idol","player_choice":"Lose Max HP","floor":4.0,"gold_loss":0.0,"damage_taken":0.0,"relics_obtained":["Golden Idol"]},{"damage_healed":0.0,"max_hp_gain":0.0,"max_hp_loss":0.0,"gold_gain":0.0,"event_name":"Accursed Blacksmith","player_choice":"Rummage","floor":5.0,"gold_loss":0.0,"damage_taken":0.0,"relics_obtained":["WarpedTongs"],"cards_obtained":["Pain"]},{"damage_healed":0,"gold_gain":0,"player_choice":"Gave Idol","damage_taken":0,"relics_obtained":["Bloody Idol"],"max_hp_gain":0,"max_hp_loss":0,"event_name":"Forgotten Altar","floor":27,"relics_lost":["Golden Idol"],"gold_loss":0},{"damage_healed":0,"gold_gain":0,"player_choice":"Opened","damage_taken":0,"relics_obtained":["Shuriken"],"max_hp_gain":0,"max_hp_loss":0,"event_name":"The Mausoleum","floor":29,"gold_loss":0,"cards_obtained":["Writhe"]},{"damage_healed":0,"gold_gain":0,"player_choice":"Ignored","damage_taken":0,"max_hp_gain":0,"max_hp_loss":0,"event_name":"Vampires","floor":31,"gold_loss":0}],"is_beta":false,"boss_relics":[{"not_picked":["Black Star","Calling Bell"],"picked":"Pandora\u0027s Box"}],"items_purged_floors":[13],"is_endless":false,"potions_floor_spawned":[1,10,11,12,14,16,18,20,21,22,23,25,30],"killed_by":"Collector","ascension_level":20}}