{"host":"x1qj4d8ympd5jdqh","time":1607602083,"event":{"gold_per_floor":[113,124,124,199,25,39,39,66,147,147,180,180,192,192,192,295,295,308,327,426,443,368,400,400,427,427,427,427],"floor_reached":27,"playtime":847,"items_purged":["Strike_MRS"],"score":384,"play_id":"6959cee7-80d3-4cea-94d7-cb1f8ede8a00","local_time":"20201210210803","is_ascension_mode":true,"campfire_choices":[{"floor":10.0,"key":"REST"},{"data":"MasterSpark","floor":12.0,"key":"SMITH"},{"data":"SporeBomb","floor":15.0,"key":"SMITH"},{"floor":24,"key":"REST"}],"neow_cost":"PERCENT_DAMAGE","seed_source_timestamp":5352051916900,"circlet_count":0,"master_deck":["Defend_MRS","Defend_MRS","Defend_MRS","Defend_MRS","MasterSpark+1","UpSweep","MillisecondPulsars","SporeBomb+1","NonDirectionalLaser","AsteroidBelt","ChargingUp","EarthLightRay+1","BlazeAway+1","OortCloud+1","GalacticHalo","Acceleration","PowerUp+1"],"special_seed":0,"relics":["MiniHakkero","Smiling Mask","Singing Bowl","CaptainsWheel","Astrolabe","Juzu Bracelet","Turnip","Du-Vu Doll"],"potions_floor_usage":[23,23],"damage_taken":[{"damage":9.0,"enemies":"Small Slimes","floor":1.0,"turns":5.0},{"damage":0.0,"enemies":"Jaw Worm","floor":2.0,"turns":3.0},{"damage":0.0,"enemies":"2 Louse","floor":6.0,"turns":2.0},{"damage":5.0,"enemies":"Lagavulin","floor":8.0,"turns":7.0},{"damage":22.0,"enemies":"Gremlin Nob","floor":11.0,"turns":4.0},{"damage":11.0,"enemies":"Exordium Thugs","floor":13.0,"turns":5.0},{"damage":0.0,"enemies":"Slime Boss","floor":16.0,"turns":5.0},{"damage":7,"enemies":"Chosen","floor":18,"turns":7},{"damage":3,"enemies":"Shell Parasite","floor":19,"turns":6},{"damage":38,"enemies":"3 Cultists","floor":21,"turns":6},{"damage":29,"enemies":"Slavers","floor":23,"turns":4},{"damage":22,"enemies":"Book of Stabbing","floor":25,"turns":6},{"damage":21,"enemies":"Cultist and Chosen","floor":27,"turns":5}],"seed_played":"-6498117069479564059","potions_obtained":[{"floor":8.0,"key":"SpeedPotion"},{"floor":11.0,"key":"BlessingOfTheForge"},{"floor":13.0,"key":"Weak Potion"},{"floor":18,"key":"FearPotion"},{"floor":21,"key":"Fire Potion"},{"floor":25,"key":"Dexterity Potion"}],"is_trial":false,"path_per_floor":["M","M","?","?","$","M","$","E","T","R","E","R","M","?","R","B",null,"M","M","?","M","?","E","R","E","T","M"],"character_chosen":"MARISA","items_purchased":["AsteroidBelt","SteroidPotion"],"campfire_rested":2,"item_purchase_floors":[5,5],"current_hp_per_floor":[45,45,45,34,34,34,34,29,29,51,31,31,22,22,22,24,81,74,79,79,45,45,22,46,32,32,17,17],"gold":427,"neow_bonus":"THREE_RARE_CARDS","is_prod":false,"is_daily":false,"chose_seed":false,"campfire_upgraded":2,"win_rate":0,"timestamp":1607602083,"path_taken":["M","M","?","?","$","M","?","E","T","R","E","R","M","?","R","BOSS","M","M","?","M","?","E","R","E","T","M"],"build_version":"2020-11-30","purchased_purges":1,"victory":false,"max_hp_per_floor":[75,75,75,75,75,75,75,75,75,75,77,77,79,79,79,81,81,81,83,83,83,83,83,83,85,85,85,85],"card_choices":[{"not_picked":["BlazingStar","CasketOfStar"],"picked":"MillisecondPulsars","floor":0.0},{"not_picked":["Acceleration","6A"],"picked":"SporeBomb","floor":1.0},{"not_picked":["ManaConvection","UnstableBomb"],"picked":"NonDirectionalLaser","floor":2.0},{"not_picked":["ShootingEcho","SporeBomb"],"picked":"WitchLeyline","floor":6.0},{"not_picked":["StarBarrage","6A"],"picked":"ChargingUp","floor":8.0},{"not_picked":["UnstableBomb","SporeBomb","SuperPerseids"],"picked":"Singing Bowl","floor":11.0},{"not_picked":["DarkMatter","MillisecondPulsars","MysteriousBeam"],"picked":"Singing Bowl","floor":13.0},{"not_picked":["BigCrunch","MillisecondPulsars","StarDustReverie"],"picked":"Singing Bowl","floor":16.0},{"not_picked":["StarBarrage","6A+1"],"picked":"GalacticHalo","floor":18},{"not_picked":["StarBarrage","GrandCross+1","ShootingEcho+1"],"picked":"Singing Bowl","floor":19},{"not_picked":["StarBarrage","PowerUp+1"],"picked":"Acceleration","floor":21},{"not_picked":["RefractionSpark","LuminesStrike"],"picked":"PowerUp+1","floor":23},{"not_picked":["MagicAbsorber","ShootTheMoon","DC"],"picked":"Singing Bowl","floor":25}],"player_experience":1297569,"relics_obtained":[{"floor":8.0,"key":"Smiling Mask"},{"floor":9.0,"key":"Singing Bowl"},{"floor":11.0,"key":"CaptainsWheel"},{"floor":23,"key":"Juzu Bracelet"},{"floor":25,"key":"Turnip"},{"floor":26,"key":"Du-Vu Doll"}],"event_choices":[{"cards_removed":["Strike_MRS"],"damage_healed":0.0,"max_hp_gain":0.0,"max_hp_loss":0.0,"gold_gain":0.0,"event_name":"Living Wall","player_choice":"Forget","floor":3.0,"gold_loss":0.0,"damage_taken":0.0},{"damage_healed":0.0,"max_hp_gain":0.0,"max_hp_loss":0.0,"gold_gain":75.0,"event_name":"World of Goop","player_choice":"Gather Gold","floor":4.0,"gold_loss":0.0,"damage_taken":11.0},{"damage_healed":0.0,"max_hp_gain":0.0,"max_hp_loss":0.0,"gold_gain":0.0,"event_name":"Wheel of Change","player_choice":"Cursed","floor":14.0,"gold_loss":0.0,"damage_taken":0.0,"cards_obtained":["Decay"]},{"damage_healed":0,"gold_gain":99,"player_choice":"Stole From Cult","damage_taken":0,"max_hp_gain":0,"max_hp_loss":0,"event_name":"Nest","floor":20,"gold_loss":0},{"cards_removed":["Decay"],"damage_healed":0,"gold_gain":0,"player_choice":"Gave Gold","damage_taken":0,"max_hp_gain":0,"max_hp_loss":0,"event_name":"Beggar","floor":22,"gold_loss":75}],"is_beta":false,"boss_relics":[{"not_picked":["Ectoplasm","Black Star"],"picked":"Astrolabe"}],"items_purged_floors":[5],"is_endless":false,"potions_floor_spawned":[8,11,13,18,21,25],"killed_by":"Cultist and Chosen","ascension_level":3}}