{"host":"pvf7uj918he10jir","time":1607579355,"event":{"gold_per_floor":[210,27,27,27,27,53,53,69,142,67,67,84,97,124,124,223,223,242,70,70,70,70,70,88,99,175,5,5,5],"floor_reached":28,"playtime":1568,"items_purged":["Regret","Strike_R","Shame"],"score":258,"play_id":"92701c7d-b7db-4b98-9e8f-dbbd577836f7","local_time":"20201210004915","is_ascension_mode":true,"campfire_choices":[{"data":"Apotheosis","floor":7.0,"key":"SMITH"},{"floor":11.0,"key":"REST"},{"data":"Bash","floor":15.0,"key":"SMITH"},{"data":"RitualDagger","floor":23.0,"key":"SMITH"}],"neow_cost":"NONE","seed_source_timestamp":379444402989100,"circlet_count":0,"master_deck":["Strike_R","Strike_R+1","Strike_R+1","Strike_R","Defend_R","Defend_R+1","Defend_R","Defend_R","Bash+1","Flame Barrier+1","Apotheosis+1","Whirlwind","Barricade+1","Entrench","RitualDagger+1","Body Slam"],"special_seed":0,"relics":["Burning Blood","Oddly Smooth Stone","Centennial Puzzle","Frozen Egg 2","Letter Opener","Runic Pyramid","Pen Nib","War Paint","Kunai"],"potions_floor_usage":[28,28],"damage_taken":[{"damage":4.0,"enemies":"Jaw Worm","floor":1.0,"turns":4.0},{"damage":43.0,"enemies":"Gremlin Nob","floor":6.0,"turns":5.0},{"damage":4.0,"enemies":"2 Louse","floor":8.0,"turns":2.0},{"damage":6.0,"enemies":"Cultist","floor":12.0,"turns":3.0},{"damage":1.0,"enemies":"Blue Slaver","floor":13.0,"turns":4.0},{"damage":12.0,"enemies":"Lagavulin","floor":14.0,"turns":10.0},{"damage":46.0,"enemies":"Hexaghost","floor":16.0,"turns":15.0},{"damage":26.0,"enemies":"Shell Parasite","floor":18.0,"turns":18.0},{"damage":12.0,"enemies":"3 Byrds","floor":24.0,"turns":4.0},{"damage":25.0,"enemies":"Shelled Parasite and Fungi","floor":25.0,"turns":9.0},{"damage":29,"enemies":"Book of Stabbing","floor":28,"turns":5}],"seed_played":"-5507415815952251537","potions_obtained":[{"floor":6.0,"key":"DuplicationPotion"},{"floor":8.0,"key":"BlessingOfTheForge"},{"floor":13.0,"key":"SkillPotion"},{"floor":25.0,"key":"Explosive Potion"}],"is_trial":false,"path_per_floor":["M","$","?","?","$","E","R","M","T","$","R","M","M","E","R","B",null,"M","$","?","?","?","R","M","M","T","$","E"],"character_chosen":"IRONCLAD","items_purchased":["Apotheosis","Entrench","Body Slam"],"campfire_rested":1,"item_purchase_floors":[2,19,27],"current_hp_per_floor":[80,80,64,64,64,27,27,29,29,29,53,53,58,52,52,12,80,60,60,54,54,54,54,48,29,29,29,0,0],"gold":5,"neow_bonus":"HUNDRED_GOLD","is_prod":false,"is_daily":false,"chose_seed":false,"campfire_upgraded":3,"win_rate":0,"timestamp":1607579355,"path_taken":["M","$","?","?","?","E","R","?","T","$","R","M","M","E","R","BOSS","M","$","?","?","?","R","M","M","T","$","E"],"build_version":"2020-11-30","purchased_purges":3,"victory":false,"max_hp_per_floor":[80,80,80,80,80,80,80,80,80,80,80,80,80,80,80,80,80,80,80,80,80,80,80,80,80,80,80,80,80],"relic_stats":{"Centennial Puzzle":[27],"counters":[11,79],"Pen Nib":[1],"Letter Opener":[10],"Kunai":[2],"War Paint":["Defend_R","Flame Barrier"],"obtain_stats":[{"Centennial Puzzle":6,"Oddly Smooth Stone":4,"Pen Nib":21,"Letter Opener":14,"Kunai":26,"Frozen Egg 2":9,"War Paint":22,"Burning Blood":0,"Runic Pyramid":17},{"Centennial Puzzle":2,"Oddly Smooth Stone":1,"Pen Nib":8,"Letter Opener":6,"Kunai":10,"Frozen Egg 2":3,"War Paint":8,"Burning Blood":0,"Runic Pyramid":7},{"Centennial Puzzle":9,"Oddly Smooth Stone":4,"Pen Nib":61,"Letter Opener":28,"Kunai":74,"Frozen Egg 2":11,"War Paint":61,"Burning Blood":0,"Runic Pyramid":43}],"Burning Blood":58},"card_choices":[{"not_picked":["Thunderclap","Burning Pact"],"picked":"Flame Barrier","floor":1.0},{"not_picked":["Battle Trance","Intimidate"],"picked":"Whirlwind","floor":6.0},{"not_picked":["Blood for Blood","Disarm","Bloodletting"],"picked":"SKIP","floor":8.0},{"not_picked":["Clothesline","Headbutt","Anger"],"picked":"SKIP","floor":12.0},{"not_picked":["Ghostly Armor","Burning Pact","Disarm"],"picked":"SKIP","floor":13.0},{"not_picked":["Ghostly Armor","Burning Pact","Disarm"],"picked":"SKIP","floor":13.0},{"not_picked":["Pommel Strike","Burning Pact","Havoc"],"picked":"SKIP","floor":14.0},{"not_picked":["Exhume","Berserk+1"],"picked":"Barricade+1","floor":16.0},{"not_picked":["Bloodletting+1","Twin Strike","Havoc"],"picked":"SKIP","floor":18.0},{"not_picked":["Uppercut","Rupture+1","Clash"],"picked":"SKIP","floor":24.0},{"not_picked":["Clothesline","Iron Wave","Burning Pact+1"],"picked":"SKIP","floor":25.0}],"player_experience":89397,"relics_obtained":[{"floor":6.0,"key":"Centennial Puzzle"},{"floor":9.0,"key":"Frozen Egg 2"},{"floor":14.0,"key":"Letter Opener"},{"floor":26.0,"key":"Kunai"}],"event_choices":[{"damage_healed":0.0,"max_hp_gain":0.0,"max_hp_loss":0.0,"gold_gain":0.0,"event_name":"Shining Light","player_choice":"Entered Light","floor":3.0,"gold_loss":0.0,"damage_taken":16.0,"cards_upgraded":["Strike_R","Strike_R"]},{"damage_healed":0.0,"max_hp_gain":0.0,"max_hp_loss":0.0,"gold_gain":0.0,"event_name":"Big Fish","player_choice":"Box","floor":4.0,"gold_loss":0.0,"damage_taken":0.0,"relics_obtained":["Oddly Smooth Stone"],"cards_obtained":["Regret"]},{"damage_healed":0.0,"max_hp_gain":0.0,"max_hp_loss":0.0,"gold_gain":0.0,"event_name":"Nest","player_choice":"Joined the Cult","floor":20.0,"gold_loss":0.0,"damage_taken":6.0,"cards_obtained":["RitualDagger"]},{"damage_healed":0.0,"max_hp_gain":0.0,"max_hp_loss":0.0,"gold_gain":0.0,"event_name":"Addict","player_choice":"Stole Relic","floor":21.0,"gold_loss":0.0,"damage_taken":0.0,"relics_obtained":["Pen Nib"],"cards_obtained":["Shame"]},{"damage_healed":0.0,"max_hp_gain":0.0,"max_hp_loss":0.0,"gold_gain":0.0,"event_name":"The Mausoleum","player_choice":"Opened","floor":22.0,"gold_loss":0.0,"damage_taken":0.0,"relics_obtained":["War Paint"]}],"is_beta":false,"boss_relics":[{"not_picked":["Runic Dome","Mark of Pain"],"picked":"Runic Pyramid"}],"items_purged_floors":[10,19,27],"is_endless":false,"potions_floor_spawned":[6,8,13,14,25],"killed_by":"Book of Stabbing","ascension_level":3}}