{"host":"9vk21r6l9dtkpvh9","time":1607577134,"event":{"gold_per_floor":[116,116,127,127,146,146,179,194,194,208,208,3,3,3,3,104,104,115,115,115,115,115],"floor_reached":21,"playtime":795,"items_purged":[],"score":177,"play_id":"3a7314da-1455-4963-8554-d967e3864e62","local_time":"20201210001214","is_ascension_mode":false,"campfire_choices":[{"data":"Fiend:FiendViolentOutburst","floor":6,"key":"SMITH"},{"floor":15,"key":"DIG"}],"neow_cost":"NONE","seed_source_timestamp":189564432424900,"circlet_count":0,"master_deck":["Fiend:FiendDemonSlash","Fiend:FiendDemonSlash","Fiend:FiendDemonSlash","Fiend:FiendDemonSlash","Fiend:FiendFortify","Fiend:FiendFortify","Fiend:FiendFortify","Fiend:FiendFortify","Fiend:FiendConsume","Fiend:FiendExecute","theWildCard:Scathach","Fiend:FiendFlay","Fiend:FiendViolentOutburst+1","Fiend:FiendFiendishCharge","Fiend:FiendBloodlust","Fiend:FiendFiendsGrip","Fiend:FiendMeatMagnet+1"],"relics":["Fiend:FiendTotem","theSenshi:FeatherClipsRelic","infinitespire:FocusingShard","Quantum Egg","Bag of Preparation","Cleaning_Rag","potionbrewer:BhaskarasWheel"],"potions_floor_usage":[],"damage_taken":[{"damage":0,"enemies":"Jaw Worm","floor":1,"turns":3},{"damage":0,"enemies":"Cultist","floor":3,"turns":3},{"damage":0,"enemies":"2 Louse","floor":5,"turns":2},{"damage":12,"enemies":"Gremlin Nob","floor":7,"turns":4},{"damage":4,"enemies":"2 Fungi Beasts","floor":8,"turns":3},{"damage":0,"enemies":"3 Louse","floor":10,"turns":2},{"damage":26,"enemies":"Hexaghost","floor":16,"turns":6},{"damage":17,"enemies":"3 Byrds","floor":18,"turns":4},{"damage":0,"enemies":"conspire:FuzzyDice","floor":21,"turns":1}],"seed_played":"-2679175823940185555","potions_obtained":[{"floor":1,"key":"ColorlessPotion"},{"floor":8,"key":"SpeedPotion"},{"floor":18,"key":"Doom Potion"}],"is_trial":false,"path_per_floor":["M","?","M","?","M","R","E","M","T","M","?","$","?","?","R_BF","B",null,"M","?","?","M"],"character_chosen":"THE_FIEND","items_purchased":["Bag of Preparation","Fiend:FiendBloodlust"],"campfire_rested":0,"item_purchase_floors":[12,12],"current_hp_per_floor":[75,75,75,75,75,75,71,73,73,75,75,75,75,75,75,55,75,69,69,80,80,80],"gold":115,"neow_bonus":"RANDOM_EVENT","is_prod":false,"is_daily":false,"chose_seed":false,"campfire_upgraded":1,"win_rate":0.0,"timestamp":1607577134,"path_taken":["M","?","M","?","M","R","E","M","T","?","?","$","?","?","R_BF","BOSS","M","?","?","M"],"build_version":"2020-11-30","purchased_purges":0,"victory":false,"max_hp_per_floor":[75,75,75,75,75,75,75,75,75,75,75,75,75,75,75,75,75,80,80,80,80,80],"relic_stats":{"counters":[9,28],"Bag of Preparation":[3],"obtain_stats":[{"Quantum Egg":9,"infinitespire:FocusingShard":7,"theSenshi:FeatherClipsRelic":4,"Bag of Preparation":12,"potionbrewer:BhaskarasWheel":17,"Fiend:FiendTotem":0,"Cleaning_Rag":15},{"Quantum Egg":5,"infinitespire:FocusingShard":4,"theSenshi:FeatherClipsRelic":2,"Bag of Preparation":6,"potionbrewer:BhaskarasWheel":7,"Fiend:FiendTotem":0,"Cleaning_Rag":6},{"Quantum Egg":15,"infinitespire:FocusingShard":12,"theSenshi:FeatherClipsRelic":6,"Bag of Preparation":17,"potionbrewer:BhaskarasWheel":23,"Fiend:FiendTotem":0,"Cleaning_Rag":17}]},"card_choices":[{"not_picked":["Fiend:FiendSplat","Fiend:FiendSliceAndDice"],"picked":"Fiend:FiendExecute","floor":1},{"not_picked":["Fiend:FiendFleshWhip","Fiend:FiendRam"],"picked":"Fiend:FiendFlay","floor":3},{"not_picked":["Fiend:FiendDemonicContract","Fiend:FiendBloodPrice"],"picked":"Fiend:FiendViolentOutburst","floor":5},{"not_picked":["Fiend:FiendDemonWhip","Fiend:FiendFleshWhip"],"picked":"Fiend:FiendFiendishCharge","floor":7},{"not_picked":["Fiend:FiendDeepenWound","Fiend:FiendExecute","Fiend:FiendRage"],"picked":"SKIP","floor":8},{"not_picked":["Fiend:FiendFlay","Fiend:FiendFleshWhip"],"picked":"Fiend:FiendViolentOutburst","floor":10},{"not_picked":["Fiend:FiendCurse","Fiend:FiendSoulSwap"],"picked":"Fiend:FiendFiendsGrip","floor":16},{"not_picked":["Fiend:FiendRage+1","Fiend:FiendMeatPaste"],"picked":"Fiend:FiendMeatMagnet+1","floor":18}],"player_experience":550048,"relics_obtained":[{"floor":7,"key":"infinitespire:FocusingShard"},{"floor":9,"key":"Quantum Egg"},{"floor":15,"key":"Cleaning_Rag"}],"event_choices":[{"damage_healed":0,"gold_gain":0,"player_choice":"Donut","damage_taken":0,"max_hp_gain":5,"max_hp_loss":0,"event_name":"Big Fish","floor":0,"gold_loss":0},{"damage_healed":0,"gold_gain":0,"player_choice":"Gave Potion","damage_taken":0,"relics_obtained":["theSenshi:FeatherClipsRelic"],"max_hp_gain":0,"max_hp_loss":0,"event_name":"WeMeetAgain","floor":4,"gold_loss":0},{"damage_healed":0,"gold_gain":0,"player_choice":"Grow","damage_taken":0,"max_hp_gain":0,"max_hp_loss":0,"event_name":"Living Wall","floor":11,"gold_loss":0,"cards_upgraded":["Fiend:FiendViolentOutburst"]},{"damage_healed":0,"gold_gain":0,"player_choice":"Ignored","damage_taken":3,"max_hp_gain":0,"max_hp_loss":0,"event_name":"betterThird:BetterSerpent","floor":13,"gold_loss":0},{"cards_removed":["Fiend:FiendInjection"],"damage_healed":0,"gold_gain":0,"player_choice":"Purged","damage_taken":0,"max_hp_gain":0,"max_hp_loss":0,"event_name":"Purifier","floor":19,"gold_loss":0},{"cards_removed":["Fiend:FiendViolentOutburst"],"damage_healed":11,"gold_gain":0,"player_choice":"Offered Uncommon","damage_taken":0,"max_hp_gain":0,"max_hp_loss":0,"event_name":"Bonfire Elementals","floor":20,"gold_loss":0}],"is_beta":false,"boss_relics":[{"not_picked":["Runesmith:UraniumAnvil","vexMod:TanglingVine"],"picked":"potionbrewer:BhaskarasWheel"}],"items_purged_floors":[],"is_endless":false,"potions_floor_spawned":[1,8,18],"killed_by":"conspire:FuzzyDice","ascension_level":0}}