{"host":"p7j7o00jacnw7qzt","time":1607610445,"event":{"mods":["BaseMod","Minty Spire (QoL Compilation)","Relic Stats","Colored Map","Colored Powertips","DeckTracker","Highlight Path"],"gold_per_floor":[110,125,138,288,49,49,49,62,140,156,173,188,7,35,35,109,109,120,120,132,47,64,64,64,64,64,93,93,104,104,104],"floor_reached":30,"playtime":1719,"items_purged":["Doubt","Strike_R"],"score":554,"play_id":"f1174a94-493a-4eda-a7f6-9c4d84333fbd","local_time":"20201210092725","is_ascension_mode":true,"campfire_choices":[{"data":"Feed","floor":6.0,"key":"SMITH"},{"data":"Barricade","floor":15.0,"key":"SMITH"},{"data":"Body Slam","floor":23.0,"key":"SMITH"},{"data":"Rupture","floor":25.0,"key":"SMITH"},{"data":"Pommel Strike","floor":28,"key":"SMITH"}],"circlet_count":0,"master_deck":["AscendersBane","Strike_R","Defend_R","Defend_R","Defend_R","Defend_R","Bash","Feed+1","Reaper","Shrug It Off","Rupture+1","Fiend Fire","Barricade+1","Exhume","Inflame","Body Slam+1","Pommel Strike+1","Bloodletting","Reaper","Evolve+1"],"special_seed":0,"relics":["Burning Blood","ClockworkSouvenir","Bronze Scales","Sozu","WingedGreaves","Girya","Lantern"],"acts_visited":["TheCity"],"potions_floor_usage":[27],"damage_taken":[{"damage":7.0,"enemies":"Cultist","floor":1.0,"turns":4.0},{"damage":12.0,"enemies":"Small Slimes","floor":2.0,"turns":6.0},{"damage":1.0,"enemies":"2 Louse","floor":3.0,"turns":4.0},{"damage":11.0,"enemies":"Looter","floor":8.0,"turns":3.0},{"damage":10.0,"enemies":"2 Fungi Beasts","floor":10.0,"turns":5.0},{"damage":23.0,"enemies":"Large Slime","floor":11.0,"turns":7.0},{"damage":31.0,"enemies":"Lots of Slimes","floor":12.0,"turns":4.0},{"damage":12.0,"enemies":"Lagavulin","floor":14.0,"turns":12.0},{"damage":18.0,"enemies":"The Guardian","floor":16.0,"turns":26.0},{"damage":16.0,"enemies":"Chosen","floor":18.0,"turns":6.0},{"damage":35.0,"enemies":"Spheric Guardian","floor":20.0,"turns":20.0},{"damage":18.0,"enemies":"Chosen and Byrds","floor":22.0,"turns":8.0},{"damage":51,"enemies":"Gremlin Leader","floor":27,"turns":4},{"damage":36,"enemies":"Snake Plant","floor":29,"turns":5},{"damage":32,"enemies":"Book of Stabbing","floor":30,"turns":3}],"seed_played":"3143553298992923741","potions_obtained":[{"floor":2.0,"key":"SpeedPotion"},{"floor":3.0,"key":"EssenceOfSteel"},{"floor":12.0,"key":"LiquidBronze"},{"floor":14.0,"key":"Swift Potion"}],"is_trial":false,"path_per_floor":["M","M","M","?","$","R","?","M","T","M","M","M","$","E","R","B",null,"M","?","M","?","M","R","?","R","T","E","R","M","E"],"character_chosen":"IRONCLAD","items_purchased":["ClockworkSouvenir","Barricade"],"campfire_rested":0,"item_purchase_floors":[5,13],"current_hp_per_floor":[56,59,71,71,71,71,71,70,70,78,69,64,64,62,62,50,91,91,91,66,66,58,58,58,58,58,43,43,23,0,0],"gold":104,"neow_bonus":"TRANSFORM_TWO_CARDS","is_daily":false,"chose_seed":false,"campfire_upgraded":5,"win_rate":0,"timestamp":1607610445,"path_taken":["M","M","M","?","$","R","?","M","T","M","M","?","$","E","R","BOSS","M","?","M","?","M","R","?","R","T","E","R","M","E"],"build_version":"2020-11-30","purchased_purges":2,"victory":false,"max_hp_per_floor":[78,81,84,84,84,84,84,88,88,92,96,100,100,104,104,104,104,108,108,112,112,116,116,116,116,116,116,116,120,120,120],"relic_stats":{"Sozu":2,"counters":[15,117],"Bronze Scales":[211],"obtain_stats":[{"Sozu":17,"Girya":26,"Lantern":27,"Bronze Scales":14,"WingedGreaves":21,"Burning Blood":0,"ClockworkSouvenir":5},{"Sozu":9,"Girya":12,"Lantern":13,"Bronze Scales":8,"WingedGreaves":11,"Burning Blood":0,"ClockworkSouvenir":3},{"Sozu":71,"Girya":105,"Lantern":109,"Bronze Scales":45,"WingedGreaves":97,"Burning Blood":0,"ClockworkSouvenir":14}],"Burning Blood":84},"card_choices":[{"not_picked":["Flex","Intimidate"],"picked":"Shrug It Off","floor":1.0},{"not_picked":["Thunderclap","Clothesline","Uppercut"],"picked":"SKIP","floor":2.0},{"not_picked":["Rage","Body Slam","Havoc"],"picked":"SKIP","floor":3.0},{"not_picked":["Rage","Body Slam","Havoc"],"picked":"SKIP","floor":3.0},{"not_picked":["Rage","Body Slam","Havoc"],"picked":"SKIP","floor":3.0},{"not_picked":["Heavy Blade","Body Slam"],"picked":"Rupture","floor":8.0},{"not_picked":["Havoc","Ghostly Armor"],"picked":"Fiend Fire","floor":10.0},{"not_picked":["Flex","Anger","Headbutt"],"picked":"SKIP","floor":11.0},{"not_picked":["Headbutt","Warcry","Anger"],"picked":"SKIP","floor":12.0},{"not_picked":["Headbutt","Twin Strike","Berserk"],"picked":"SKIP","floor":14.0},{"not_picked":["Berserk","Barricade"],"picked":"Exhume","floor":16.0},{"not_picked":["Iron Wave","Heavy Blade"],"picked":"Inflame","floor":18.0},{"not_picked":["Inflame","Iron Wave"],"picked":"Body Slam","floor":20.0},{"not_picked":["Wild Strike","Carnage+1"],"picked":"Pommel Strike","floor":22.0},{"not_picked":["Sentinel","Demon Form"],"picked":"Reaper","floor":27},{"not_picked":["Disarm","Combust"],"picked":"Evolve+1","floor":29}],"player_experience":736406,"relics_obtained":[{"floor":14.0,"key":"Bronze Scales"},{"floor":26.0,"key":"Girya"},{"floor":27,"key":"Lantern"}],"event_choices":[{"damage_healed":0.0,"max_hp_gain":0.0,"max_hp_loss":0.0,"gold_gain":150.0,"event_name":"Liars Game","player_choice":"AGREE","floor":4.0,"gold_loss":0.0,"damage_taken":0.0,"cards_obtained":["Doubt"]},{"cards_removed":["Strike_R"],"damage_healed":0.0,"max_hp_gain":0.0,"max_hp_loss":0.0,"gold_gain":0.0,"event_name":"Purifier","player_choice":"Purged","floor":7.0,"gold_loss":0.0,"damage_taken":0.0},{"damage_healed":0.0,"max_hp_gain":0.0,"max_hp_loss":0.0,"gold_gain":0.0,"event_name":"Vampires","player_choice":"Ignored","floor":19.0,"gold_loss":0.0,"damage_taken":0.0},{"damage_healed":0.0,"max_hp_gain":0.0,"max_hp_loss":0.0,"gold_gain":0.0,"event_name":"Addict","player_choice":"Obtained Relic","floor":21.0,"gold_loss":85.0,"damage_taken":0.0,"relics_obtained":["WingedGreaves"]},{"damage_healed":0.0,"max_hp_gain":0.0,"max_hp_loss":0.0,"gold_gain":0.0,"event_name":"The Library","player_choice":"Read","floor":24.0,"gold_loss":0.0,"damage_taken":0.0,"cards_obtained":["Bloodletting"]}],"is_beta":false,"boss_relics":[{"not_picked":["Cursed Key","SacredBark"],"picked":"Sozu"}],"items_purged_floors":[5,13],"is_endless":false,"potions_floor_spawned":[2,3,12,14,22,27],"killed_by":"Book of Stabbing","ascension_level":20}}