{"host":"poop","time":1607635391,"event":{"mods":["BaseMod","Minty Spire (QoL Compilation)","StSLib","Permanent Neow","Shop Mod"],"gold_per_floor":[115,131,151,121,196,196,207,207,232,232,247,259,259,277,277,277,277],"floor_reached":16,"playtime":610,"items_purged":[],"score":141,"play_id":"b0370415-3896-446d-975f-23aab19c8b1e","local_time":"20201210152311","is_ascension_mode":true,"campfire_choices":[{"data":"Flex","floor":6,"key":"SMITH"},{"floor":8,"key":"REST"},{"data":"Bash","floor":10,"key":"SMITH"},{"floor":13,"key":"REST"},{"floor":15,"key":"REST"}],"circlet_count":0,"master_deck":["AscendersBane","Strike_R","Strike_R","Strike_R","Strike_R","Strike_R","Defend_R","Defend_R","Defend_R","Defend_R","Bash+1","Double Tap","Flex+1","Battle Trance","Body Slam"],"relics":["Burning Blood","Art of War"],"acts_visited":["Exordium"],"potions_floor_usage":[7,12,16],"damage_taken":[{"damage":9,"enemies":"Jaw Worm","floor":1,"turns":4},{"damage":14,"enemies":"Small Slimes","floor":2,"turns":4},{"damage":3,"enemies":"2 Louse","floor":3,"turns":2},{"damage":7,"enemies":"Looter","floor":4,"turns":4},{"damage":34,"enemies":"Red Slaver","floor":7,"turns":6},{"damage":15,"enemies":"2 Fungi Beasts","floor":11,"turns":3},{"damage":52,"enemies":"Exordium Thugs","floor":12,"turns":6},{"damage":24,"enemies":"Large Slime","floor":14,"turns":5},{"damage":71,"enemies":"Hexaghost","floor":16,"turns":9}],"seed_played":"-3406543047609909830","potions_obtained":[{"floor":2,"key":"BloodPotion"},{"floor":7,"key":"Regen Potion"},{"floor":11,"key":"BloodPotion"},{"floor":14,"key":"Swift Potion"}],"is_trial":false,"path_per_floor":["M","M","M","M","?","R","M","R","T","R","M","M","R","M","R","B"],"character_chosen":"IRONCLAD","items_purchased":[],"campfire_rested":3,"item_purchase_floors":[],"current_hp_per_floor":[69,61,64,63,52,52,40,64,64,64,55,25,49,31,55,0,0],"gold":277,"neow_bonus":"ONE_RANDOM_RARE_CARD","is_daily":false,"chose_seed":false,"campfire_upgraded":2,"win_rate":0,"timestamp":1607635391,"path_taken":["M","M","M","M","?","R","M","R","T","R","M","M","R","M","R","BOSS"],"build_version":"2020-12-07","purchased_purges":0,"victory":false,"max_hp_per_floor":[80,80,80,80,80,80,80,80,80,80,80,80,80,80,80,80,80],"card_choices":[{"not_picked":["Thunderclap","Pummel"],"picked":"Flex","floor":1},{"not_picked":["Wild Strike","Thunderclap","Warcry"],"picked":"SKIP","floor":2},{"not_picked":["Warcry","Thunderclap","Whirlwind"],"picked":"SKIP","floor":3},{"not_picked":["Anger","Fiend Fire","Rampage"],"picked":"SKIP","floor":4},{"not_picked":["Heavy Blade","Uppercut","Spot Weakness"],"picked":"SKIP","floor":7},{"not_picked":["Warcry","True Grit","Twin Strike"],"picked":"SKIP","floor":11},{"not_picked":["Heavy Blade","Wild Strike"],"picked":"Battle Trance","floor":12},{"not_picked":["Cleave","Bloodletting"],"picked":"Body Slam","floor":14}],"player_experience":506191,"relics_obtained":[{"floor":9,"key":"Art of War"}],"event_choices":[{"damage_healed":0,"gold_gain":75,"player_choice":"Gather Gold","damage_taken":11,"max_hp_gain":0,"max_hp_loss":0,"event_name":"World of Goop","floor":5,"gold_loss":0}],"is_beta":true,"boss_relics":[],"items_purged_floors":[],"is_endless":false,"potions_floor_spawned":[2,7,11,14],"killed_by":"Hexaghost","ascension_level":10}}