{"host":"qtjyrnym4cekytpy","time":1607619306,"event":{"mods":["BaseMod","StSLib","Hermit","Minty Spire (QoL Compilation)","The Cursed","The Servant 0.9.4"],"gold_per_floor":[109,109,82,82,82,82,82,82,82,125,150,150,166,150,150,150,150],"floor_reached":16,"playtime":880,"items_purged":[],"score":98,"play_id":"98eea1ec-b4b2-4682-b06c-e8b5ae6fac56","local_time":"20201210145506","is_ascension_mode":false,"campfire_choices":[{"data":"TheCursedMod:CursedWand","floor":6,"key":"SMITH"},{"data":"TheCursedMod:SurpriseAttack","floor":8,"key":"SMITH"},{"data":"TheCursedMod:AbyssShockwave","floor":12,"key":"SMITH"},{"floor":15,"key":"REST"}],"circlet_count":0,"master_deck":["TheCursedMod:Strike_TheCursed","TheCursedMod:Strike_TheCursed","TheCursedMod:Strike_TheCursed","TheCursedMod:Strike_TheCursed","TheCursedMod:Defend_TheCursed+1","TheCursedMod:Defend_TheCursed","TheCursedMod:Defend_TheCursed","TheCursedMod:Defend_TheCursed","TheCursedMod:CursedWand+1","TheCursedMod:CleanUpWorkshop","TheCursedMod:Dregs","TheCursedMod:WearCloak+1","TheCursedMod:SurpriseAttack+1","Injury","TheCursedMod:CursedAmulet","TheCursedMod:AbyssShockwave+1","TheCursedMod:WearCloak","TheCursedMod:SurpriseAttack"],"relics":["TheCursedMod:BlackMagic101","Golden Idol","Bottled Lightning","Question Card"],"acts_visited":["Exordium"],"potions_floor_usage":[16],"damage_taken":[{"damage":0,"enemies":"Small Slimes","floor":1,"turns":4},{"damage":23,"enemies":"3 Sentries","floor":10,"turns":14},{"damage":0,"enemies":"2 Louse","floor":11,"turns":3},{"damage":0,"enemies":"Jaw Worm","floor":13,"turns":2},{"damage":0,"enemies":"Exordium Thugs","floor":14,"turns":4},{"damage":77,"enemies":"Hexaghost","floor":16,"turns":12}],"seed_played":"-7661348297865517594","potions_obtained":[{"floor":11,"key":"LiquidBronze"}],"is_trial":false,"path_per_floor":["M","?","$","?","$","R","?","R","T","E","M","R","M","M","R","B"],"character_chosen":"THE_CURSED","items_purchased":["TheCursedMod:SurpriseAttack"],"campfire_rested":1,"item_purchase_floors":[3],"current_hp_per_floor":[82,66,66,71,71,71,71,71,71,48,48,48,48,48,74,0,0],"gold":150,"neow_bonus":"TEN_PERCENT_HP_BONUS","is_daily":false,"chose_seed":false,"campfire_upgraded":3,"win_rate":0.0,"timestamp":1607619306,"path_taken":["M","?","$","?","$","R","?","R","T","E","?","R","M","M","R","BOSS"],"build_version":"2020-11-30","purchased_purges":0,"victory":false,"max_hp_per_floor":[82,82,82,87,87,87,87,87,87,87,87,87,87,87,87,87,87],"card_choices":[{"not_picked":["TheCursedMod:CursedShiv","TheCursedMod:CursedBlade"],"picked":"TheCursedMod:WearCloak","floor":1},{"not_picked":["TheCursedMod:CircleOfBlood","TheCursedMod:CircleOfCorruption"],"picked":"TheCursedMod:CursedAmulet","floor":10},{"not_picked":["TheCursedMod:FleshFromBone","TheCursedMod:Evocation","TheCursedMod:Torture"],"picked":"TheCursedMod:AbyssShockwave","floor":11},{"not_picked":["TheCursedMod:CircleOfFlame","TheCursedMod:CursedShiv","TheCursedMod:SoulReap"],"picked":"TheCursedMod:WearCloak","floor":13},{"not_picked":["TheCursedMod:ReleasedKnowledge","TheCursedMod:CircleOfCorruption","TheCursedMod:LuckyCharm"],"picked":"TheCursedMod:SurpriseAttack","floor":14}],"player_experience":164530,"relics_obtained":[{"floor":9,"key":"Bottled Lightning"},{"floor":10,"key":"Question Card"}],"event_choices":[{"damage_healed":0,"gold_gain":0,"player_choice":"Entered Light","damage_taken":16,"max_hp_gain":0,"max_hp_loss":0,"event_name":"Shining Light","floor":2,"gold_loss":0,"cards_upgraded":["TheCursedMod:Defend_TheCursed","TheCursedMod:WearCloak"]},{"damage_healed":0,"gold_gain":0,"player_choice":"Donut","damage_taken":0,"max_hp_gain":5,"max_hp_loss":0,"event_name":"Big Fish","floor":4,"gold_loss":0},{"damage_healed":0,"gold_gain":0,"player_choice":"Take Wound","damage_taken":0,"relics_obtained":["Golden Idol"],"max_hp_gain":0,"max_hp_loss":0,"event_name":"Golden Idol","floor":7,"gold_loss":0,"cards_obtained":["Injury"]}],"is_beta":false,"boss_relics":[],"items_purged_floors":[],"is_endless":false,"potions_floor_spawned":[11],"killed_by":"Hexaghost","ascension_level":0}}