{"host":"o2evyl5sbrgotc3u","time":1607582177,"event":{"gold_per_floor":[363,375,450,75,85,117,129,129,153,153,184,195,206,206,206,335,335,350,341,256,256,37,70,70,106,133,133,158,158,194,217,217,348,348,366,124,138,161,161,161,196,220,297,31,31,0,0,100,100,100],"floor_reached":51,"playtime":2071,"items_purged":["Regret","Strike_B","Strike_B","Defend_B"],"score":892,"play_id":"7a77e02d-d3a0-402d-90e5-287ca8dc89e5","local_time":"20201210153617","is_ascension_mode":true,"campfire_choices":[{"floor":8.0,"key":"REST"},{"floor":15.0,"key":"REST"},{"floor":24.0,"key":"REST"},{"data":"Capacitor","floor":27.0,"key":"SMITH"},{"floor":32.0,"key":"DIG"},{"data":"Heatsinks","floor":40.0,"key":"SMITH"},{"floor":45.0,"key":"DIG"},{"floor":47.0,"key":"DIG"},{"floor":49.0,"key":"DIG"}],"neow_cost":"CURSE","seed_source_timestamp":558853890926399,"circlet_count":0,"master_deck":["Strike_B+1","Strike_B","Defend_B","Defend_B","Defend_B","Zap","Dualcast","Sweeping Beam","Streamline","Capacitor+1","Genetic Algorithm","FTL+1","Hologram","Compile Driver","Turbo","Glacier","Echo Form","Glacier","Necronomicurse","Barrage","Cold Snap+1","Coolheaded","Reinforced Body+1","Creative AI","Heatsinks+1","Blizzard+1","Apotheosis"],"special_seed":0,"relics":["Cracked Core","Chemical X","Bag of Preparation","Whetstone","Regal Pillow","Golden Idol","Snecko Eye","The Courier","Necronomicon","DataDisk","Centennial Puzzle","Shovel","Blood Vial","Thread and Needle","Bottled Lightning","Emotion Chip","Coffee Dripper","ClockworkSouvenir","Vajra","Molten Egg 2","Kunai","Red Mask","Ice Cream","PreservedInsect"],"potions_floor_usage":[50],"damage_taken":[{"damage":4.0,"enemies":"Jaw Worm","floor":1.0,"turns":3.0},{"damage":4.0,"enemies":"Cultist","floor":2.0,"turns":3.0},{"damage":6.0,"enemies":"2 Louse","floor":5.0,"turns":4.0},{"damage":30.0,"enemies":"3 Sentries","floor":6.0,"turns":6.0},{"damage":2.0,"enemies":"Large Slime","floor":7.0,"turns":4.0},{"damage":14.0,"enemies":"Gremlin Nob","floor":11.0,"turns":3.0},{"damage":17.0,"enemies":"Exordium Thugs","floor":12.0,"turns":3.0},{"damage":1.0,"enemies":"Exordium Wildlife","floor":13.0,"turns":2.0},{"damage":42.0,"enemies":"Hexaghost","floor":16.0,"turns":12.0},{"damage":25.0,"enemies":"Shell Parasite","floor":18.0,"turns":6.0},{"damage":17.0,"enemies":"2 Thieves","floor":19.0,"turns":4.0},{"damage":6.0,"enemies":"Gremlin Leader","floor":23.0,"turns":8.0},{"damage":10.0,"enemies":"Slavers","floor":25.0,"turns":5.0},{"damage":15.0,"enemies":"Snake Plant","floor":28.0,"turns":4.0},{"damage":0.0,"enemies":"Book of Stabbing","floor":30.0,"turns":6.0},{"damage":0.0,"enemies":"Cultist and Chosen","floor":31.0,"turns":8.0},{"damage":2.0,"enemies":"Champ","floor":33.0,"turns":13.0},{"damage":0.0,"enemies":"3 Darklings","floor":35.0,"turns":8.0},{"damage":0.0,"enemies":"3 Shapes","floor":37.0,"turns":4.0},{"damage":0.0,"enemies":"3 Darklings","floor":38.0,"turns":4.0},{"damage":0.0,"enemies":"Reptomancer","floor":41.0,"turns":8.0},{"damage":0.0,"enemies":"Sphere and 2 Shapes","floor":42.0,"turns":5.0},{"damage":22,"enemies":"Time Eater","floor":50,"turns":10}],"seed_played":"-5971735118016867696","potions_obtained":[{"floor":2.0,"key":"EntropicBrew"},{"floor":7.0,"key":"SteroidPotion"},{"floor":10.0,"key":"Fire Potion"},{"floor":12.0,"key":"Explosive Potion"},{"floor":13.0,"key":"Ancient Potion"},{"floor":18.0,"key":"Block Potion"},{"floor":31.0,"key":"Strength Potion"},{"floor":35.0,"key":"FairyPotion"}],"is_trial":false,"path_per_floor":["M","M","?","$","M","E","M","R","T","?","E","M","M","?","R","B",null,"M","M","?","?","$","E","R","E","T","R","M","T","E","M","R","B",null,"M","$","M","M","?","R","E","M","T","$","R","?","R","?","R","B",null],"character_chosen":"DEFECT","items_purchased":["Capacitor","Genetic Algorithm","Chemical X","DataDisk","Barrage","ClockworkSouvenir","Heatsinks","Apotheosis"],"campfire_rested":3,"item_purchase_floors":[4,4,4,22,22,36,36,44],"current_hp_per_floor":[71,67,56,56,50,20,18,40,40,40,26,9,8,8,43,1,69,44,27,27,11,11,5,40,30,30,30,17,17,19,21,21,21,69,69,69,69,69,66,66,66,66,66,66,66,66,66,66,66,44],"gold":100,"neow_bonus":"TWO_FIFTY_GOLD","is_prod":false,"is_daily":false,"chose_seed":false,"campfire_upgraded":2,"win_rate":0,"timestamp":1607582177,"path_taken":["M","M","?","$","M","E","M","R","T","?","E","M","?","?","R","BOSS","M","M","?","?","$","E","R","E","T","R","M","?","E","M","R","BOSS","M","$","M","M","?","R","E","M","T","$","R","?","R","?","R","BOSS"],"build_version":"2020-11-30","purchased_purges":4,"victory":true,"max_hp_per_floor":[75,75,75,75,75,75,75,75,75,75,75,75,75,69,69,69,69,69,69,69,69,69,69,69,69,69,69,69,69,69,69,69,69,69,69,69,69,69,66,66,66,66,66,66,66,66,66,66,66,66],"relic_stats":{"Regal Pillow":30,"counters":[23,133],"Golden Idol":147,"PreservedInsect":0,"Bag of Preparation":[38],"Whetstone":["Strike_B","FTL"],"Blood Vial":8,"Centennial Puzzle":[12],"Emotion Chip":[16,4,12,0,0],"Shovel":4,"Snecko Eye":[202,186,187,184],"Necronomicon":[34],"Chemical X":[9],"Kunai":[4],"obtain_stats":[{"Ice Cream":47,"Regal Pillow":11,"Golden Idol":14,"Vajra":41,"Thread and Needle":29,"The Courier":20,"PreservedInsect":49,"Bag of Preparation":6,"Whetstone":9,"ClockworkSouvenir":36,"Blood Vial":26,"DataDisk":22,"Centennial Puzzle":23,"Emotion Chip":32,"Shovel":25,"Snecko Eye":17,"Molten Egg 2":43,"Necronomicon":21,"Coffee Dripper":34,"Red Mask":46,"Chemical X":4,"Bottled Lightning":30,"Kunai":45,"Cracked Core":0},{"Ice Cream":22,"Regal Pillow":6,"Golden Idol":8,"Vajra":21,"Thread and Needle":14,"The Courier":11,"PreservedInsect":22,"Bag of Preparation":4,"Whetstone":5,"ClockworkSouvenir":18,"Blood Vial":13,"DataDisk":11,"Centennial Puzzle":12,"Emotion Chip":16,"Shovel":13,"Snecko Eye":9,"Molten Egg 2":22,"Necronomicon":11,"Coffee Dripper":17,"Red Mask":22,"Chemical X":2,"Bottled Lightning":15,"Kunai":22,"Cracked Core":0},{"Ice Cream":123,"Regal Pillow":23,"Golden Idol":28,"Vajra":118,"Thread and Needle":67,"The Courier":50,"PreservedInsect":123,"Bag of Preparation":16,"Whetstone":20,"ClockworkSouvenir":102,"Blood Vial":63,"DataDisk":50,"Centennial Puzzle":58,"Emotion Chip":81,"Shovel":63,"Snecko Eye":40,"Molten Egg 2":123,"Necronomicon":50,"Coffee Dripper":94,"Red Mask":123,"Chemical X":6,"Bottled Lightning":73,"Kunai":123,"Cracked Core":0}]},"card_choices":[{"not_picked":["Rip and Tear","Melter"],"picked":"Sweeping Beam","floor":1.0},{"not_picked":["Hologram","Hello World"],"picked":"Streamline","floor":2.0},{"not_picked":["Reprogram","Coolheaded"],"picked":"FTL","floor":5.0},{"not_picked":["Streamline","Meteor Strike"],"picked":"Hologram","floor":6.0},{"not_picked":["Doom and Gloom","Gash","Capacitor"],"picked":"SKIP","floor":7.0},{"not_picked":["Fusion","Gash"],"picked":"Compile Driver","floor":11.0},{"not_picked":["Leap","Go for the Eyes"],"picked":"Turbo","floor":12.0},{"not_picked":["Consume","Thunder Strike"],"picked":"Glacier","floor":13.0},{"not_picked":["Core Surge","All For One"],"picked":"Echo Form","floor":16.0},{"not_picked":["Storm","Hologram","Beam Cell"],"picked":"SKIP","floor":18.0},{"not_picked":["Compile Driver","Redo+1"],"picked":"Glacier","floor":19.0},{"not_picked":["FTL","Beam Cell"],"picked":"Cold Snap+1","floor":23.0},{"not_picked":["Hologram","Leap","Sweeping Beam"],"picked":"SKIP","floor":25.0},{"not_picked":["Sweeping Beam","Heatsinks+1"],"picked":"Coolheaded","floor":28.0},{"not_picked":["Multi-Cast","Reinforced Body+1","Melter"],"picked":"SKIP","floor":30.0},{"not_picked":["Multi-Cast","Melter"],"picked":"Reinforced Body+1","floor":30.0},{"not_picked":["Stack","Coolheaded","Rebound"],"picked":"SKIP","floor":31.0},{"not_picked":["Machine Learning","Rainbow"],"picked":"Creative AI","floor":33.0},{"not_picked":["Genetic Algorithm+1","Double Energy","Cold Snap"],"picked":"SKIP","floor":35.0},{"not_picked":["Go for the Eyes+1","Steam+1"],"picked":"Blizzard+1","floor":37.0},{"not_picked":["Steam+1","Stack","Streamline"],"picked":"SKIP","floor":38.0},{"not_picked":["Genetic Algorithm+1","Reprogram+1","Lockon+1"],"picked":"SKIP","floor":41.0},{"not_picked":["Heatsinks","Rebound+1","Conserve Battery"],"picked":"SKIP","floor":42.0}],"player_experience":270690,"relics_obtained":[{"floor":6.0,"key":"Bag of Preparation"},{"floor":9.0,"key":"Whetstone"},{"floor":11.0,"key":"Regal Pillow"},{"floor":21.0,"key":"Necronomicon"},{"floor":23.0,"key":"Centennial Puzzle"},{"floor":25.0,"key":"Shovel"},{"floor":26.0,"key":"Blood Vial"},{"floor":29.0,"key":"Thread and Needle"},{"floor":30.0,"key":"Bottled Lightning"},{"floor":32.0,"key":"Emotion Chip"},{"floor":41.0,"key":"Vajra"},{"floor":43.0,"key":"Molten Egg 2"},{"floor":45.0,"key":"Kunai"},{"floor":47.0,"key":"Ice Cream"},{"floor":49.0,"key":"PreservedInsect"}],"event_choices":[{"damage_healed":0.0,"max_hp_gain":0.0,"max_hp_loss":0.0,"gold_gain":75.0,"event_name":"World of Goop","player_choice":"Gather Gold","floor":3.0,"gold_loss":0.0,"damage_taken":11.0},{"damage_healed":0.0,"max_hp_gain":0.0,"max_hp_loss":0.0,"gold_gain":0.0,"event_name":"Lab","player_choice":"Got Potions","floor":10.0,"gold_loss":0.0,"damage_taken":0.0},{"damage_healed":0.0,"max_hp_gain":0.0,"max_hp_loss":6.0,"gold_gain":0.0,"event_name":"Golden Idol","player_choice":"Lose Max HP","floor":14.0,"gold_loss":0.0,"damage_taken":0.0,"relics_obtained":["Golden Idol"]},{"damage_healed":0.0,"max_hp_gain":0.0,"max_hp_loss":0.0,"gold_gain":0.0,"event_name":"Addict","player_choice":"Obtained Relic","floor":20.0,"gold_loss":85.0,"damage_taken":0.0,"relics_obtained":["The Courier"]},{"damage_healed":0.0,"max_hp_gain":0.0,"max_hp_loss":0.0,"gold_gain":0.0,"event_name":"Cursed Tome","player_choice":"Obtained Book","floor":21.0,"gold_loss":0.0,"damage_taken":16.0},{"damage_healed":0.0,"max_hp_gain":0.0,"max_hp_loss":3.0,"gold_gain":0.0,"event_name":"Winding Halls","player_choice":"Max HP","floor":39.0,"gold_loss":0.0,"damage_taken":0.0},{"damage_healed":0.0,"max_hp_gain":0.0,"max_hp_loss":0.0,"gold_gain":0.0,"event_name":"Tomb of Lord Red Mask","player_choice":"Paid","floor":46.0,"gold_loss":31.0,"damage_taken":0.0,"relics_obtained":["Red Mask"]},{"damage_healed":0.0,"max_hp_gain":0.0,"max_hp_loss":0.0,"gold_gain":100.0,"event_name":"Golden Shrine","player_choice":"Pray","floor":48.0,"gold_loss":0.0,"damage_taken":0.0}],"is_beta":false,"boss_relics":[{"not_picked":["Nuclear Battery","Black Star"],"picked":"Snecko Eye"},{"not_picked":["SacredBark","Sozu"],"picked":"Coffee Dripper"}],"items_purged_floors":[4,22,36,44],"is_endless":false,"potions_floor_spawned":[2,7,12,13,18,23,31,33,35],"ascension_level":2}}