{"host":"4l4up8qkf0zotv7o","time":1607568799,"event":{"gold_per_floor":[114,114,130,150,250,250,266,266,266,11,31,41,41,41,41,140,190,217,56,56,0,0,0,45,45,98,115,115,115],"floor_reached":28,"playtime":3764,"items_purged":["Strike_MRS"],"score":226,"play_id":"57e84b5f-2846-448a-be7d-d2d25a408cdf","local_time":"20201209215319","is_ascension_mode":false,"campfire_choices":[{"data":"MilkyWay","floor":6,"key":"SMITH"},{"data":"Singularity","floor":8,"key":"SMITH"},{"floor":15,"key":"REST"},{"floor":23,"key":"REST"},{"data":"UpSweep","floor":25,"key":"SMITH"}],"neow_cost":"NONE","seed_source_timestamp":8242791545300,"circlet_count":0,"master_deck":["Strike_MRS","Strike_MRS","Strike_MRS","Defend_MRS+1","Defend_MRS+1","Defend_MRS+1","Defend_MRS+1","MasterSpark","UpSweep+1","OrrerysSun","SprinkleStarSeal+1","MilkyWay+1","Singularity+1","UltimateShortwave","WitchOfGreed","UnstableBomb+1","Singularity","IllusionStar","EnergyFlow"],"relics":["MiniHakkero","NeowsBlessing","War Paint","Matryoshka","Tiny House","Nilry\u0027s Codex","Bottled Lightning","Blood Vial","MealTicket"],"potions_floor_usage":[16,18],"damage_taken":[{"damage":0,"enemies":"Cultist","floor":1,"turns":1},{"damage":0,"enemies":"2 Louse","floor":3,"turns":1},{"damage":0,"enemies":"Small Slimes","floor":4,"turns":2},{"damage":0,"enemies":"3 Louse","floor":7,"turns":3},{"damage":0,"enemies":"Looter","floor":11,"turns":3},{"damage":9,"enemies":"Blue Slaver","floor":12,"turns":4},{"damage":20,"enemies":"Hexaghost","floor":16,"turns":11},{"damage":4,"enemies":"3 Byrds","floor":18,"turns":8},{"damage":5,"enemies":"HollowMod:Nosk","floor":24,"turns":7},{"damage":43,"enemies":"Cultist and Chosen","floor":27,"turns":10},{"damage":37,"enemies":"3 Cultists","floor":28,"turns":5}],"seed_played":"9122899050363491637","potions_obtained":[{"floor":1,"key":"FearPotion"},{"floor":4,"key":"FearPotion"},{"floor":7,"key":"SteroidPotion"},{"floor":17,"key":"DuplicationPotion"},{"floor":18,"key":"CultistPotion"},{"floor":24,"key":"DuplicationPotion"}],"is_trial":false,"path_per_floor":["M","?","M","M","?","R","M","R","T","$","M","M","$","?","R","B",null,"M","$","?","?","?","R","E","R","T","M","M"],"character_chosen":"MARISA","items_purchased":["Matryoshka","Singularity","IllusionStar"],"campfire_rested":2,"item_purchase_floors":[10,19,19],"current_hp_per_floor":[75,60,60,60,60,60,60,60,60,60,60,51,51,51,73,53,80,76,76,76,76,60,80,75,75,75,34,0,0],"gold":115,"neow_bonus":"THREE_ENEMY_KILL","is_prod":false,"is_daily":false,"chose_seed":false,"campfire_upgraded":3,"win_rate":0.0,"timestamp":1607568799,"path_taken":["M","?","M","M","?","R","M","R","T","$","?","M","$","?","R","BOSS","M","$","?","?","?","R","E","R","T","M","M"],"build_version":"2020-11-30","purchased_purges":1,"victory":false,"max_hp_per_floor":[75,75,75,75,75,75,75,75,75,75,75,75,75,75,75,75,80,80,80,80,80,80,80,80,80,80,80,80,80],"card_choices":[{"not_picked":["UnstableBomb","MeteoricShower"],"picked":"OrrerysSun","floor":1},{"not_picked":["OrrerysSun","PropBag"],"picked":"SprinkleStarSeal","floor":3},{"not_picked":["GalacticHalo","MysteriousBeam"],"picked":"MilkyWay","floor":4},{"not_picked":["SuperNova","SuperPerseids"],"picked":"Singularity","floor":7},{"not_picked":["PowerUp","IllusionStar","OpenUniverse"],"picked":"SKIP","floor":11},{"not_picked":["GalacticHalo","MaximisePower","NonDirectionalLaser"],"picked":"SKIP","floor":12},{"not_picked":["SatelliteIllusion","BigCrunch"],"picked":"UltimateShortwave","floor":16},{"not_picked":["PowerUp","DoubleSpark"],"picked":"WitchOfGreed","floor":17},{"not_picked":["ShootingEcho+1","SuperPerseids"],"picked":"UnstableBomb+1","floor":18},{"not_picked":["SporeBomb","EarthLightRay","MilkyWay"],"picked":"SKIP","floor":24},{"not_picked":["ShootingEcho","MysteriousBeam"],"picked":"EnergyFlow","floor":27}],"player_experience":0,"relics_obtained":[{"floor":9,"key":"War Paint"},{"floor":22,"key":"Nilry\u0027s Codex"},{"floor":24,"key":"Bottled Lightning"},{"floor":26,"key":"Blood Vial"},{"floor":26,"key":"MealTicket"}],"event_choices":[{"damage_healed":0,"gold_gain":0,"player_choice":"Entered Light","damage_taken":15,"max_hp_gain":0,"max_hp_loss":0,"event_name":"Shining Light","floor":2,"gold_loss":0,"cards_upgraded":["Defend_MRS","Defend_MRS"]},{"damage_healed":0,"gold_gain":100,"player_choice":"Pray","damage_taken":0,"max_hp_gain":0,"max_hp_loss":0,"event_name":"Golden Shrine","floor":5,"gold_loss":0},{"damage_healed":0,"gold_gain":0,"player_choice":"Ignored","damage_taken":0,"max_hp_gain":0,"max_hp_loss":0,"event_name":"Golden Idol","floor":14,"gold_loss":0},{"damage_healed":0,"gold_gain":0,"player_choice":"Paid Fearfully","damage_taken":0,"max_hp_gain":0,"max_hp_loss":0,"event_name":"Masked Bandits","floor":21,"gold_loss":56},{"damage_healed":0,"gold_gain":0,"player_choice":"Obtained Book","damage_taken":16,"max_hp_gain":0,"max_hp_loss":0,"event_name":"Cursed Tome","floor":22,"gold_loss":0}],"is_beta":false,"boss_relics":[{"not_picked":["BewitchedHakkero","Cursed Key"],"picked":"Tiny House"}],"items_purged_floors":[19],"is_endless":false,"potions_floor_spawned":[1,4,7,12,18,24],"killed_by":"3 Cultists","ascension_level":0}}