{"host":"p7j7o00jacnw7qzt","time":1607590391,"event":{"gold_per_floor":[110,125,140,140,152,177,193,193,193,227,227,261,277,305,305,379,379,397,416,331,11,11,36,36,63,63,93,107,117,117,137,137,208,208,220,268,268,293,304,335,355,87,87,87,120,135,135,164,164,164,164,164,164,39,68,68],"floor_reached":57,"playtime":2651,"items_purged":["Strike_R","Strike_R","Strike_R"],"score":3010,"play_id":"0766ae64-cd44-4a73-ab98-a345eca225d9","local_time":"20201210035311","is_ascension_mode":true,"campfire_choices":[{"floor":11.0,"key":"RECALL"},{"data":"Inflame","floor":15.0,"key":"SMITH"},{"floor":24.0,"key":"REST"},{"data":"Feel No Pain","floor":32.0,"key":"SMITH"},{"data":"Demon Form","floor":47.0,"key":"SMITH"},{"data":"Pommel Strike","floor":49.0,"key":"SMITH"},{"data":"Corruption","floor":53.0,"key":"SMITH"}],"neow_cost":"PERCENT_DAMAGE","seed_source_timestamp":2176148822409700,"circlet_count":0,"master_deck":["AscendersBane","Strike_R","Strike_R","Defend_R","Defend_R","Defend_R","Bash","Apotheosis+1","Perfected Strike","Pommel Strike+1","Shrug It Off","Whirlwind+1","Inflame+1","Pummel+1","True Grit","Impervious","Pommel Strike+1","Bloodletting","Feel No Pain+1","Impervious","Demon Form+1","Heavy Blade+1","Shrug It Off","Corruption+1","Dark Embrace+1"],"special_seed":0,"relics":["Burning Blood","InkBottle","Blue Candle","Molten Egg 2","Torii","Omamori","Self Forming Clay","Cursed Key","Nunchaku","Bag of Marbles","Necronomicon","FossilizedHelix","Toy Ornithopter","Paper Frog","Velvet Choker","Pocketwatch","CaptainsWheel","Vajra","Lantern","Bird Faced Urn","Ice Cream","Ornamental Fan"],"potions_floor_usage":[56,56],"damage_taken":[{"damage":3.0,"enemies":"Cultist","floor":1.0,"turns":4.0},{"damage":2.0,"enemies":"2 Louse","floor":2.0,"turns":3.0},{"damage":8.0,"enemies":"Jaw Worm","floor":3.0,"turns":4.0},{"damage":0.0,"enemies":"2 Fungi Beasts","floor":5.0,"turns":2.0},{"damage":8.0,"enemies":"Gremlin Nob","floor":6.0,"turns":3.0},{"damage":0.0,"enemies":"Blue Slaver","floor":7.0,"turns":5.0},{"damage":40.0,"enemies":"Lagavulin","floor":10.0,"turns":5.0},{"damage":12.0,"enemies":"3 Sentries","floor":12.0,"turns":5.0},{"damage":8.0,"enemies":"Exordium Wildlife","floor":13.0,"turns":2.0},{"damage":11.0,"enemies":"Gremlin Nob","floor":14.0,"turns":3.0},{"damage":10.0,"enemies":"The Guardian","floor":16.0,"turns":10.0},{"damage":14.0,"enemies":"Shell Parasite","floor":18.0,"turns":3.0},{"damage":12.0,"enemies":"2 Thieves","floor":19.0,"turns":3.0},{"damage":10.0,"enemies":"Slavers","floor":23.0,"turns":3.0},{"damage":0.0,"enemies":"Gremlin Leader","floor":25.0,"turns":5.0},{"damage":33.0,"enemies":"Slavers","floor":27.0,"turns":3.0},{"damage":0.0,"enemies":"Centurion and Healer","floor":28.0,"turns":3.0},{"damage":0.0,"enemies":"Snake Plant","floor":29.0,"turns":4.0},{"damage":0.0,"enemies":"Snecko","floor":31.0,"turns":4.0},{"damage":17.0,"enemies":"Collector","floor":33.0,"turns":5.0},{"damage":0.0,"enemies":"3 Darklings","floor":35.0,"turns":1.0},{"damage":21.0,"enemies":"2 Orb Walkers","floor":36.0,"turns":3.0},{"damage":0.0,"enemies":"Mind Bloom Boss Battle","floor":38.0,"turns":5.0},{"damage":0.0,"enemies":"3 Shapes","floor":39.0,"turns":2.0},{"damage":0.0,"enemies":"Giant Head","floor":40.0,"turns":4.0},{"damage":1.0,"enemies":"Writhing Mass","floor":41.0,"turns":5.0},{"damage":3.0,"enemies":"Reptomancer","floor":45.0,"turns":4.0},{"damage":0.0,"enemies":"4 Shapes","floor":46.0,"turns":5.0},{"damage":15.0,"enemies":"Nemesis","floor":48.0,"turns":3.0},{"damage":26.0,"enemies":"Awakened One","floor":50.0,"turns":5.0},{"damage":9.0,"enemies":"Time Eater","floor":51.0,"turns":6.0},{"damage":12.0,"enemies":"Shield and Spear","floor":55.0,"turns":2.0},{"damage":14,"enemies":"The Heart","floor":56,"turns":7}],"seed_played":"1648912959543175253","potions_obtained":[{"floor":1.0,"key":"GamblersBrew"},{"floor":6.0,"key":"Regen Potion"},{"floor":10.0,"key":"CultistPotion"},{"floor":14.0,"key":"DuplicationPotion"},{"floor":18.0,"key":"PowerPotion"},{"floor":25.0,"key":"Energy Potion"},{"floor":29.0,"key":"Dexterity Potion"},{"floor":38.0,"key":"Weak Potion"},{"floor":41.0,"key":"FearPotion"},{"floor":46.0,"key":"PowerPotion"}],"is_trial":false,"path_per_floor":["M","M","M","?","M","E","M","?","T","E","R","E","M","E","R","B",null,"M","M","?","$","?","E","R","E","T","E","M","M","T","M","R","B",null,"M","?","?","?","M","E","M","$","T","?","E","M","R","E","R","B","B",null,"R","$","E","B",null],"character_chosen":"IRONCLAD","items_purchased":["Bag of Marbles","Bloodletting","Lantern"],"campfire_rested":1,"item_purchase_floors":[21,21,42],"current_hp_per_floor":[53,57,55,55,61,59,65,54,54,34,34,28,26,21,21,17,61,53,47,47,47,26,22,44,50,50,23,29,35,35,41,41,30,64,70,55,55,61,67,73,75,75,75,75,75,75,75,68,68,56,59,71,71,71,67,67],"gold":68,"neow_bonus":"RANDOM_COLORLESS_2","is_prod":false,"is_daily":false,"chose_seed":false,"campfire_upgraded":5,"win_rate":0,"timestamp":1607590391,"path_taken":["M","?","?","?","?","E","M","?","T","E","R","E","M","E","R","BOSS","M","M","?","$","?","E","R","E","T","E","M","?","?","M","R","BOSS","M","?","?","?","M","E","M","?","T","?","E","M","R","E","R","BOSS","BOSS","R","$","E","BOSS"],"build_version":"2020-11-30","purchased_purges":3,"victory":true,"max_hp_per_floor":[75,75,75,75,75,75,75,75,75,75,75,75,75,75,75,75,75,75,75,75,75,75,75,75,75,75,75,75,75,75,75,75,75,75,75,75,75,75,75,75,75,75,75,75,75,75,75,75,75,75,75,75,75,75,75,75],"relic_stats":{"Torii":44,"counters":[33,131],"Self Forming Clay":[108],"Blue Candle":[0],"Cursed Key":1,"Burning Blood":186,"Nunchaku":[15],"Ornamental Fan":[8],"Bird Faced Urn":[21],"Necronomicon":[46],"obtain_stats":[{"Ice Cream":48,"Lantern":42,"Torii":10,"Self Forming Clay":14,"Blue Candle":8,"Velvet Choker":34,"Vajra":40,"Omamori":12,"Cursed Key":17,"Burning Blood":0,"Nunchaku":20,"CaptainsWheel":38,"Ornamental Fan":55,"Bird Faced Urn":45,"Molten Egg 2":9,"Bag of Marbles":21,"Necronomicon":22,"InkBottle":6,"FossilizedHelix":23,"Toy Ornithopter":25,"Paper Frog":27,"Pocketwatch":36},{"Ice Cream":29,"Lantern":26,"Torii":7,"Self Forming Clay":10,"Blue Candle":6,"Velvet Choker":20,"Vajra":25,"Omamori":8,"Cursed Key":11,"Burning Blood":0,"Nunchaku":13,"CaptainsWheel":23,"Ornamental Fan":32,"Bird Faced Urn":27,"Molten Egg 2":6,"Bag of Marbles":13,"Necronomicon":13,"InkBottle":5,"FossilizedHelix":14,"Toy Ornithopter":15,"Paper Frog":16,"Pocketwatch":22},{"Ice Cream":111,"Lantern":99,"Torii":26,"Self Forming Clay":36,"Blue Candle":21,"Velvet Choker":79,"Vajra":94,"Omamori":31,"Cursed Key":46,"Burning Blood":0,"Nunchaku":52,"CaptainsWheel":88,"Ornamental Fan":124,"Bird Faced Urn":103,"Molten Egg 2":21,"Bag of Marbles":52,"Necronomicon":52,"InkBottle":16,"FossilizedHelix":55,"Toy Ornithopter":60,"Paper Frog":63,"Pocketwatch":83}],"InkBottle":[33],"Toy Ornithopter":5,"Pocketwatch":[54]},"card_choices":[{"not_picked":["Secret Technique","Violence"],"picked":"Apotheosis","floor":0.0},{"not_picked":["Infernal Blade","Iron Wave","Cleave"],"picked":"SKIP","floor":1.0},{"not_picked":["Combust","Anger"],"picked":"Perfected Strike","floor":2.0},{"not_picked":["Power Through","Cleave"],"picked":"Pommel Strike","floor":3.0},{"not_picked":["Headbutt","Cleave"],"picked":"Shrug It Off","floor":5.0},{"not_picked":["Heavy Blade","Clash","Sword Boomerang"],"picked":"SKIP","floor":6.0},{"not_picked":["Twin Strike","Cleave","Demon Form"],"picked":"SKIP","floor":7.0},{"not_picked":["Thunderclap+1","True Grit"],"picked":"Whirlwind+1","floor":10.0},{"not_picked":["Sword Boomerang+1","Headbutt+1"],"picked":"Inflame","floor":12.0},{"not_picked":["Perfected Strike+1","Clothesline+1"],"picked":"Pummel+1","floor":13.0},{"not_picked":["Rupture","Sever Soul+1"],"picked":"True Grit","floor":14.0},{"not_picked":["Juggernaut","Feed+1"],"picked":"Impervious","floor":16.0},{"not_picked":["True Grit","Armaments","Sever Soul+1"],"picked":"SKIP","floor":18.0},{"not_picked":["Rupture","Iron Wave+1"],"picked":"Pommel Strike+1","floor":19.0},{"not_picked":["Warcry","Exhume"],"picked":"Feel No Pain","floor":23.0},{"not_picked":["Dropkick+1","Evolve"],"picked":"Impervious","floor":25.0},{"not_picked":["Perfected Strike+1","Anger+1","Havoc"],"picked":"SKIP","floor":27.0},{"not_picked":["Pommel Strike+1","Feel No Pain","Flex"],"picked":"SKIP","floor":28.0},{"not_picked":["Pommel Strike+1","Pummel+1","Anger+1"],"picked":"SKIP","floor":29.0},{"not_picked":["Infernal Blade+1","True Grit","Clash+1"],"picked":"SKIP","floor":31.0},{"not_picked":["Barricade","Offering"],"picked":"Demon Form","floor":33.0},{"not_picked":["True Grit","Thunderclap+1"],"picked":"Heavy Blade+1","floor":35.0},{"not_picked":["Feel No Pain","Body Slam+1"],"picked":"Shrug It Off","floor":36.0},{"not_picked":["Cleave+1","Pummel+1","Clothesline+1"],"picked":"SKIP","floor":39.0},{"not_picked":["Warcry","Clash+1","Flame Barrier+1"],"picked":"SKIP","floor":40.0},{"not_picked":["Cleave+1","Havoc","Power Through"],"picked":"SKIP","floor":41.0},{"not_picked":["Clash+1","Pummel+1","Ghostly Armor"],"picked":"SKIP","floor":45.0},{"not_picked":["Headbutt+1","Infernal Blade"],"picked":"Corruption","floor":46.0},{"not_picked":["Headbutt+1","Evolve","Cleave+1"],"picked":"SKIP","floor":48.0},{"not_picked":["Hemokinesis+1","Bloodletting"],"picked":"Dark Embrace+1","floor":55.0}],"player_experience":733755,"relics_obtained":[{"floor":6.0,"key":"InkBottle"},{"floor":9.0,"key":"Molten Egg 2"},{"floor":10.0,"key":"Torii"},{"floor":12.0,"key":"Omamori"},{"floor":14.0,"key":"Self Forming Clay"},{"floor":22.0,"key":"Necronomicon"},{"floor":23.0,"key":"FossilizedHelix"},{"floor":25.0,"key":"Toy Ornithopter"},{"floor":27.0,"key":"Paper Frog"},{"floor":36.0,"key":"Pocketwatch"},{"floor":38.0,"key":"CaptainsWheel"},{"floor":40.0,"key":"Vajra"},{"floor":45.0,"key":"Bird Faced Urn"},{"floor":48.0,"key":"Ice Cream"},{"floor":55.0,"key":"Ornamental Fan"}],"event_choices":[{"damage_healed":0.0,"max_hp_gain":0.0,"max_hp_loss":0.0,"gold_gain":0.0,"event_name":"Upgrade Shrine","player_choice":"Upgraded","floor":4.0,"gold_loss":0.0,"damage_taken":0.0,"cards_upgraded":["Apotheosis"]},{"damage_healed":0.0,"max_hp_gain":0.0,"max_hp_loss":0.0,"gold_gain":0.0,"event_name":"Scrap Ooze","player_choice":"Success","floor":8.0,"gold_loss":0.0,"damage_taken":11.0,"relics_obtained":["Blue Candle"]},{"damage_healed":0.0,"max_hp_gain":0.0,"max_hp_loss":0.0,"gold_gain":0.0,"event_name":"Addict","player_choice":"Obtained Relic","floor":20.0,"gold_loss":85.0,"damage_taken":0.0,"relics_obtained":["Nunchaku"]},{"damage_healed":0.0,"max_hp_gain":0.0,"max_hp_loss":0.0,"gold_gain":0.0,"event_name":"Cursed Tome","player_choice":"Obtained Book","floor":22.0,"gold_loss":0.0,"damage_taken":21.0},{"damage_healed":0.0,"max_hp_gain":0.0,"max_hp_loss":0.0,"gold_gain":0.0,"event_name":"Mysterious Sphere","player_choice":"Fight","floor":36.0,"gold_loss":0.0,"damage_taken":0.0},{"damage_healed":0.0,"max_hp_gain":0.0,"max_hp_loss":0.0,"gold_gain":0.0,"event_name":"Tomb of Lord Red Mask","player_choice":"Ignored","floor":37.0,"gold_loss":0.0,"damage_taken":0.0},{"damage_healed":0.0,"max_hp_gain":0.0,"max_hp_loss":0.0,"gold_gain":0.0,"event_name":"MindBloom","player_choice":"Fight","floor":38.0,"gold_loss":0.0,"damage_taken":0.0},{"cards_removed":["Defend_R"],"damage_healed":0.0,"max_hp_gain":0.0,"max_hp_loss":0.0,"gold_gain":0.0,"event_name":"Falling","player_choice":"Removed Skill","floor":44.0,"gold_loss":0.0,"damage_taken":0.0}],"is_beta":false,"boss_relics":[{"not_picked":["Black Star","SacredBark"],"picked":"Cursed Key"},{"not_picked":["Snecko Eye","Pandora\u0027s Box"],"picked":"Velvet Choker"}],"items_purged_floors":[21,42,54],"is_endless":false,"potions_floor_spawned":[1,6,10,14,18,25,29,31,38,39,41,46],"ascension_level":20}}