{"host":"usewcu4ohw2wtmxk","time":1607593851,"event":{"gold_per_floor":[110,35,35,45,57,57,85,85,85,101,101,101,117,136,136,213,213,153,153],"floor_reached":18,"playtime":1725,"items_purged":[],"score":474,"play_id":"7623c529-01fc-41be-85de-c607a4aa6119","local_time":"20201210175051","is_ascension_mode":true,"campfire_choices":[{"data":"Armaments","floor":6.0,"key":"SMITH"},{"data":"Barricade","floor":8.0,"key":"SMITH"},{"data":"Body Slam","floor":11.0,"key":"SMITH"},{"floor":15.0,"key":"RECALL"}],"neow_cost":"PERCENT_DAMAGE","seed_source_timestamp":917032015000,"circlet_count":0,"master_deck":["AscendersBane","Strike_R","Strike_R","Strike_R","Defend_R","Defend_R","Defend_R","Defend_R","Bash","Shrug It Off","Body Slam+1","Armaments+1","Barricade+1","Juggernaut","CurseOfTheBell"],"special_seed":0,"relics":["Burning Blood","FossilizedHelix","Regal Pillow","Kunai","Calling Bell","Smiling Mask","Pear","Peace Pipe"],"potions_floor_usage":[],"damage_taken":[{"damage":3.0,"enemies":"2 Louse","floor":1.0,"turns":3.0},{"damage":0.0,"enemies":"Cultist","floor":4.0,"turns":5.0},{"damage":7.0,"enemies":"Small Slimes","floor":5.0,"turns":7.0},{"damage":0.0,"enemies":"Lagavulin","floor":7.0,"turns":6.0},{"damage":38.0,"enemies":"Gremlin Gang","floor":10.0,"turns":7.0},{"damage":0.0,"enemies":"Exordium Wildlife","floor":13.0,"turns":4.0},{"damage":8.0,"enemies":"Blue Slaver","floor":14.0,"turns":5.0},{"damage":0.0,"enemies":"Hexaghost","floor":16.0,"turns":9.0},{"damage":11,"enemies":"2 Thieves","floor":18,"turns":2}],"seed_played":"-3970337350814645485","potions_obtained":[{"floor":4.0,"key":"PowerPotion"},{"floor":7.0,"key":"SpeedPotion"},{"floor":12.0,"key":"Weak Potion"},{"floor":12.0,"key":"EntropicBrew"}],"is_trial":false,"path_per_floor":["M","?","?","M","M","R","E","R","T","M","R","?","M","M","R","B",null,"M"],"character_chosen":"IRONCLAD","items_purchased":[],"campfire_rested":0,"item_purchase_floors":[],"current_hp_per_floor":[53,53,53,59,58,58,64,64,64,32,32,32,38,36,36,42,77,66,66],"gold":153,"neow_bonus":"ONE_RARE_RELIC","is_prod":false,"is_daily":false,"chose_seed":false,"campfire_upgraded":3,"win_rate":0,"timestamp":1607593851,"path_taken":["M","?","?","M","?","R","E","R","T","M","R","?","M","M","R","BOSS","M"],"build_version":"2020-11-30","purchased_purges":0,"victory":false,"max_hp_per_floor":[75,75,75,75,75,75,75,75,75,75,75,75,75,75,75,75,85,85,85],"relic_stats":{"Peace Pipe":0,"Regal Pillow":0,"counters":[9,48],"Kunai":[1],"Smiling Mask":0,"obtain_stats":[{"Calling Bell":17,"Peace Pipe":17,"Regal Pillow":7,"Pear":17,"Kunai":9,"Smiling Mask":17,"Burning Blood":0,"FossilizedHelix":0},{"Calling Bell":8,"Peace Pipe":8,"Regal Pillow":4,"Pear":8,"Kunai":4,"Smiling Mask":8,"Burning Blood":0,"FossilizedHelix":0},{"Calling Bell":46,"Peace Pipe":46,"Regal Pillow":21,"Pear":46,"Kunai":21,"Smiling Mask":46,"Burning Blood":0,"FossilizedHelix":0}],"Burning Blood":48},"card_choices":[{"not_picked":["Anger","Thunderclap"],"picked":"Shrug It Off","floor":1.0},{"not_picked":["Feel No Pain","Ghostly Armor"],"picked":"Body Slam","floor":4.0},{"not_picked":["Thunderclap","Hemokinesis"],"picked":"Armaments","floor":5.0},{"not_picked":["Rage","Seeing Red"],"picked":"Barricade","floor":7.0},{"not_picked":["Anger","Body Slam","Twin Strike"],"picked":"SKIP","floor":10.0},{"not_picked":["Rage","Clothesline","Warcry"],"picked":"SKIP","floor":13.0},{"not_picked":["Flex","Sword Boomerang","Clothesline"],"picked":"SKIP","floor":14.0},{"not_picked":["Bludgeon","Reaper"],"picked":"Juggernaut","floor":16.0}],"player_experience":228440,"relics_obtained":[{"floor":7.0,"key":"Regal Pillow"},{"floor":9.0,"key":"Kunai"},{"floor":17,"key":"Smiling Mask"},{"floor":17,"key":"Pear"},{"floor":17,"key":"Peace Pipe"}],"event_choices":[{"cards_removed":["Strike_R"],"damage_healed":0.0,"max_hp_gain":0.0,"max_hp_loss":0.0,"gold_gain":0.0,"event_name":"The Cleric","player_choice":"Card Removal","floor":2.0,"gold_loss":75.0,"damage_taken":0.0},{"cards_removed":["Strike_R"],"damage_healed":0.0,"max_hp_gain":0.0,"max_hp_loss":0.0,"gold_gain":0.0,"event_name":"Purifier","player_choice":"Purged","floor":3.0,"gold_loss":0.0,"damage_taken":0.0},{"damage_healed":0.0,"max_hp_gain":0.0,"max_hp_loss":0.0,"gold_gain":0.0,"event_name":"Lab","player_choice":"Got Potions","floor":12.0,"gold_loss":0.0,"damage_taken":0.0}],"is_beta":false,"boss_relics":[{"not_picked":["Astrolabe","Busted Crown"],"picked":"Calling Bell"}],"items_purged_floors":[],"is_endless":false,"potions_floor_spawned":[4,7,13],"killed_by":"2 Thieves","ascension_level":20}}