{"host":"p7j7o00jacnw7qzt","time":1607586977,"event":{"gold_per_floor":[360,83,158,158,178,178,178,191,191,191,217,88,106,126,126,201,201,216,91,0,0,0,0,0],"floor_reached":23,"playtime":820,"items_purged":["Doubt","Strike_R","Strike_R"],"score":399,"play_id":"3337bc73-e8f5-44e8-b5dd-b50fd2f3050c","local_time":"20201210025617","is_ascension_mode":true,"campfire_choices":[{"data":"Apotheosis","floor":6.0,"key":"SMITH"},{"floor":15.0,"key":"RECALL"}],"neow_cost":"CURSE","seed_source_timestamp":2175164967720900,"circlet_count":0,"master_deck":["AscendersBane","Strike_R","Defend_R","Defend_R","Defend_R","Defend_R","Bash","Body Slam","Apotheosis+1","Feed","Feel No Pain","Pommel Strike","Barricade"],"special_seed":0,"relics":["Burning Blood","Self Forming Clay","Pantograph","Sozu"],"potions_floor_usage":[],"damage_taken":[{"damage":3.0,"enemies":"2 Louse","floor":1.0,"turns":4.0},{"damage":4.0,"enemies":"Small Slimes","floor":5.0,"turns":3.0},{"damage":11.0,"enemies":"Jaw Worm","floor":8.0,"turns":4.0},{"damage":26.0,"enemies":"3 Sentries","floor":11.0,"turns":8.0},{"damage":3.0,"enemies":"Looter","floor":13.0,"turns":4.0},{"damage":14.0,"enemies":"3 Louse","floor":14.0,"turns":4.0},{"damage":35.0,"enemies":"The Guardian","floor":16.0,"turns":13.0},{"damage":13.0,"enemies":"2 Thieves","floor":18.0,"turns":4.0},{"damage":2,"enemies":"3 Byrds","floor":23,"turns":1}],"seed_played":"9046653385342151550","potions_obtained":[{"floor":8.0,"key":"Strength Potion"},{"floor":11.0,"key":"EssenceOfSteel"},{"floor":14.0,"key":"SkillPotion"}],"is_trial":false,"path_per_floor":["M","$","?","?","M","R","?","M","T","?","E","$","M","M","R","B",null,"M","$","?","?","$","M"],"character_chosen":"IRONCLAD","items_purchased":["Apotheosis","Pommel Strike"],"campfire_rested":0,"item_purchase_floors":[2,12],"current_hp_per_floor":[71,71,60,60,66,66,66,65,65,58,42,42,49,45,45,41,82,78,78,78,49,49,47,47],"gold":0,"neow_bonus":"TWO_FIFTY_GOLD","is_prod":false,"is_daily":false,"chose_seed":false,"campfire_upgraded":1,"win_rate":0,"timestamp":1607586977,"path_taken":["M","$","?","?","M","R","?","M","T","?","E","?","M","M","R","BOSS","M","$","?","?","$","M"],"build_version":"2020-11-30","purchased_purges":3,"victory":false,"max_hp_per_floor":[75,75,75,75,79,79,79,83,83,83,87,87,91,95,95,95,95,98,98,98,103,103,103,103],"relic_stats":{"Sozu":0,"counters":[9,45],"Self Forming Clay":[42],"Pantograph":25,"obtain_stats":[{"Sozu":17,"Self Forming Clay":9,"Pantograph":11,"Burning Blood":0},{"Sozu":7,"Self Forming Clay":3,"Pantograph":4,"Burning Blood":0},{"Sozu":40,"Self Forming Clay":11,"Pantograph":19,"Burning Blood":0}],"Burning Blood":48},"card_choices":[{"not_picked":["Rage","Warcry"],"picked":"Body Slam","floor":1.0},{"not_picked":["Havoc","Dropkick","Sword Boomerang"],"picked":"SKIP","floor":5.0},{"not_picked":["Combust","Headbutt","True Grit"],"picked":"SKIP","floor":8.0},{"not_picked":["Iron Wave","Anger"],"picked":"Feel No Pain","floor":11.0},{"not_picked":["True Grit","Reckless Charge","Wild Strike"],"picked":"SKIP","floor":13.0},{"not_picked":["Clothesline","Body Slam","Brutality"],"picked":"SKIP","floor":14.0},{"not_picked":["Impervious","Immolate"],"picked":"Barricade","floor":16.0},{"not_picked":["Armaments","Body Slam","Headbutt"],"picked":"SKIP","floor":18.0}],"player_experience":732935,"relics_obtained":[{"floor":9.0,"key":"Self Forming Clay"},{"floor":11.0,"key":"Pantograph"}],"event_choices":[{"damage_healed":0.0,"max_hp_gain":0.0,"max_hp_loss":0.0,"gold_gain":75.0,"event_name":"World of Goop","player_choice":"Gather Gold","floor":3.0,"gold_loss":0.0,"damage_taken":11.0},{"damage_healed":0.0,"max_hp_gain":0.0,"max_hp_loss":0.0,"gold_gain":0.0,"cards_transformed":["Strike_R"],"event_name":"Living Wall","player_choice":"Change","floor":4.0,"gold_loss":0.0,"damage_taken":0.0,"cards_obtained":["Feed"]},{"damage_healed":0.0,"max_hp_gain":0.0,"max_hp_loss":0.0,"gold_gain":0.0,"event_name":"Shining Light","player_choice":"Ignored","floor":7.0,"gold_loss":0.0,"damage_taken":0.0},{"cards_removed":["Strike_R"],"damage_healed":0.0,"max_hp_gain":0.0,"max_hp_loss":0.0,"gold_gain":0.0,"event_name":"Golden Wing","player_choice":"Card Removal","floor":10.0,"gold_loss":0.0,"damage_taken":7.0},{"damage_healed":0,"gold_gain":0,"player_choice":"Paid Fearfully","damage_taken":0,"max_hp_gain":0,"max_hp_loss":0,"event_name":"Masked Bandits","floor":20,"gold_loss":91},{"damage_healed":0,"gold_gain":0,"player_choice":"Shed Blood","damage_taken":34,"max_hp_gain":5,"max_hp_loss":0,"event_name":"Forgotten Altar","floor":21,"gold_loss":0}],"is_beta":false,"boss_relics":[{"not_picked":["Runic Pyramid","Pandora\u0027s Box"],"picked":"Sozu"}],"items_purged_floors":[2,12,19],"is_endless":false,"potions_floor_spawned":[8,11,14],"killed_by":"3 Byrds","ascension_level":20}}