{"host":"okbt03weh3qrqoj9","time":1607633929,"event":{"mods":["BaseMod","StSLib","Chen","AchievementEnabler","Defuse TimeMaze Blight","Energized Spire","Minty Spire (QoL Compilation)","The Wild Card","Koishi","Act Like it!","Pale of the Ancients","Gensokyo","KinomotoSakuraMod(????)","Lobotomy","The Jungle","Trackpad","Treasure Hunter","Wandering Minibosses","Colored Powertips","Marisa????????","Reimu??????","The Bladedancer","The Bug Knight","The Showman","TheBandit","Abigail Mod","GungeonMod","SCP261 Mod","Prisma Mod","Slumbering Mod","The Hayseed","CapriCore","Dio Mod","Hermit","LobotomyExtend","The Immortal","Better Altar","Better Skull","Better Third Choice","Ekko","Mari\u0027s V1 Patch","Mari Mod (Legacy)","Dota2Spire","MostiFishMod","The Fake Hero","???????????mod"],"gold_per_floor":[515,527,85,95,85,85,85],"floor_reached":6,"playtime":2611,"items_purged":["luka_mod:Surrender"],"score":38,"play_id":"58f5816a-43de-4d93-aecc-432158e917eb","local_time":"20201210155849","is_ascension_mode":false,"campfire_choices":[],"circlet_count":0,"master_deck":["luka_mod:StrikeLukaOne","luka_mod:StrikeLukaTwo","luka_mod:StrikeLukaThree","luka_mod:StrikeLukaFour","luka_mod:StrikeLukaFive","luka_mod:StrikeLukaSix","luka_mod:Salt","luka_mod:Guard","luka_mod:Wait","luka_mod:Edging","luka_mod:FlailWildly","luka_mod:Meditation","luka_mod:AlmaElma","luka_mod:DemonSkullBeheading","luka_mod:DemonSkullBeheading","luka_mod:Determination","MariMod:Mari_Collect_Thoughts","Choke"],"relics":["luka_mod:KeepsakeRing","DaveBox","Question Card","PrismaticShard","LetterFromLob","DemoMod:WhiteGuonStone","trackpad:PocketGalaxy"],"acts_visited":["Exordium"],"potions_floor_usage":[6,6],"damage_taken":[{"damage":4,"enemies":"theSlumbering:NewCultist","floor":1,"turns":4},{"damage":12,"enemies":"2 Louse","floor":2,"turns":3},{"damage":10,"enemies":"Jaw Worm","floor":4,"turns":4},{"damage":20,"enemies":"Large Slime","floor":5,"turns":6},{"damage":87,"enemies":"Gremlin Nob","floor":6,"turns":9}],"seed_played":"4204155370937379507","potions_obtained":[{"floor":4,"key":"Block Potion"}],"is_trial":false,"path_per_floor":["M","M","$","M","M","E"],"character_chosen":"LUKA_CLASS","items_purchased":["luka_mod:Determination","DemoMod:WhiteGuonStone","trackpad:PocketGalaxy"],"campfire_rested":0,"item_purchase_floors":[3,3,3],"current_hp_per_floor":[38,26,26,36,16,0,0],"gold":85,"neow_bonus":"ONE_RANDOM_RARE_CARD","is_daily":false,"chose_seed":false,"campfire_upgraded":0,"win_rate":0.0,"timestamp":1607633929,"path_taken":["M","M","$","M","M","E"],"build_version":"2020-11-30","purchased_purges":1,"victory":false,"max_hp_per_floor":[40,40,40,40,40,40,40],"card_choices":[{"not_picked":["luka_mod:Calm","luka_mod:HeroicStrike"],"picked":"luka_mod:DemonSkullBeheading","floor":1},{"not_picked":["TheSimpletonMod:FlashPasteurize","Deflect","Chen:Instinct"],"picked":"luka_mod:DemonSkullBeheading","floor":2},{"not_picked":["blademaster:Stability","DemoMod:FastSwitch","MostiFishMod:ButterFly"],"picked":"MariMod:Mari_Collect_Thoughts","floor":4},{"not_picked":["UniversalSpiritual:ReiMu","MokouMod:Geothermal","luka_mod:FlashKill"],"picked":"Choke","floor":5}],"player_experience":389960,"relics_obtained":[{"floor":1,"key":"Question Card"},{"floor":1,"key":"PrismaticShard"},{"floor":1,"key":"LetterFromLob"}],"event_choices":[],"is_beta":false,"boss_relics":[],"items_purged_floors":[3],"is_endless":false,"potions_floor_spawned":[4],"killed_by":"Gremlin Nob","ascension_level":0}}