{"host":"4nqeo0vu1vuav7gg","time":1607626828,"event":{"mods":["BaseMod","AchievementEnabler","Block Reminder","Colored Map","Colored Powertips","Highlight Path","Minty Spire (QoL Compilation)","Quick Restart","Rare Cards Sparkle","Relic Relevance Reorder","StSLib"],"gold_per_floor":[113,288,288,288,34,59,69,69,119,119,134,134,148,182,182,282,282,299,318,318,329,329,354,372,372,372],"floor_reached":25,"playtime":1391,"items_purged":["Strike_G"],"score":289,"play_id":"6c4145e7-08d9-40d4-8c6a-f31e13c7118f","local_time":"20201210200028","is_ascension_mode":true,"campfire_choices":[{"floor":10.0,"key":"REST"},{"data":"Noxious Fumes","floor":12.0,"key":"SMITH"},{"floor":15.0,"key":"REST"}],"circlet_count":0,"master_deck":["Strike_G","Strike_G","Strike_G","Strike_G","Defend_G","Defend_G","Defend_G","Defend_G","Neutralize","Backflip","Cloak And Dagger","Expertise","Flying Knee","Noxious Fumes+1","Poisoned Stab","After Image","After Image","Bane","Acrobatics","Predator+1","Accuracy"],"special_seed":0,"relics":["Ring of the Snake","Shuriken","Nunchaku","Snake Skull","Happy Flower","Oddly Smooth Stone","Philosopher\u0027s Stone","Ancient Tea Set"],"acts_visited":["Exordium","TheCity"],"potions_floor_usage":[],"damage_taken":[{"damage":12.0,"enemies":"Jaw Worm","floor":1.0,"turns":3.0},{"damage":20.0,"enemies":"Lagavulin","floor":6.0,"turns":10.0},{"damage":10.0,"enemies":"Small Slimes","floor":7.0,"turns":5.0},{"damage":0.0,"enemies":"Cultist","floor":11.0,"turns":3.0},{"damage":3.0,"enemies":"Exordium Thugs","floor":13.0,"turns":4.0},{"damage":20.0,"enemies":"3 Sentries","floor":14.0,"turns":5.0},{"damage":5.0,"enemies":"The Guardian","floor":16.0,"turns":10.0},{"damage":3.0,"enemies":"Shell Parasite","floor":18.0,"turns":6.0},{"damage":14.0,"enemies":"3 Byrds","floor":19.0,"turns":4.0},{"damage":15.0,"enemies":"Centurion and Healer","floor":21.0,"turns":5.0},{"damage":44.0,"enemies":"Slavers","floor":23.0,"turns":6.0},{"damage":4.0,"enemies":"Cultist and Chosen","floor":24.0,"turns":5.0},{"damage":16,"enemies":"Book of Stabbing","floor":25,"turns":3}],"seed_played":"-6734901793012256930","potions_obtained":[{"floor":1.0,"key":"EntropicBrew"},{"floor":7.0,"key":"SkillPotion"},{"floor":16.0,"key":"BlessingOfTheForge"},{"floor":19.0,"key":"SpeedPotion"},{"floor":24.0,"key":"Ancient Potion"}],"is_trial":false,"path_per_floor":["M","?","?","?","$","E","M","T","T","R","M","R","M","E","R","B",null,"M","M","?","M","?","E","M","E"],"character_chosen":"THE_SILENT","items_purchased":["Snake Skull","Cloak And Dagger"],"campfire_rested":2,"item_purchase_floors":[5,5],"current_hp_per_floor":[58,58,58,58,58,38,28,28,28,49,49,49,46,26,47,42,63,60,46,46,31,31,19,15,0,0],"gold":372,"neow_bonus":"REMOVE_CARD","is_daily":false,"chose_seed":false,"campfire_upgraded":1,"win_rate":0,"timestamp":1607626828,"path_taken":["M","?","?","?","$","E","?","?","T","R","M","R","M","E","R","BOSS","M","M","?","M","?","E","M","E"],"build_version":"2020-11-30","purchased_purges":1,"victory":false,"max_hp_per_floor":[70,70,70,70,70,70,70,70,70,70,70,70,70,70,70,70,70,70,70,70,70,70,70,70,70,70],"card_choices":[{"not_picked":["Crippling Poison","Quick Slash"],"picked":"Backflip","floor":1.0},{"not_picked":["Grand Finale","Outmaneuver"],"picked":"Expertise","floor":6.0},{"not_picked":["Heel Hook","Blade Dance"],"picked":"Flying Knee","floor":7.0},{"not_picked":["Deadly Poison","Leg Sweep"],"picked":"Noxious Fumes","floor":11.0},{"not_picked":["Dagger Spray","Skewer"],"picked":"Poisoned Stab","floor":13.0},{"not_picked":["Tactician","Quick Slash"],"picked":"After Image","floor":14.0},{"not_picked":["Glass Knife","Malaise"],"picked":"After Image","floor":16.0},{"not_picked":["Dagger Throw","Choke"],"picked":"Bane","floor":18.0},{"not_picked":["Quick Slash","Outmaneuver","Underhanded Strike"],"picked":"SKIP","floor":19.0},{"not_picked":["Slice","Tactician"],"picked":"Acrobatics","floor":21.0},{"not_picked":["Infinite Blades","Backflip"],"picked":"Predator+1","floor":23.0},{"not_picked":["Backstab+1","Acrobatics"],"picked":"Accuracy","floor":24.0}],"player_experience":869556,"relics_obtained":[{"floor":6.0,"key":"Nunchaku"},{"floor":9.0,"key":"Ancient Tea Set"},{"floor":14.0,"key":"Oddly Smooth Stone"},{"floor":23.0,"key":"Happy Flower"}],"event_choices":[{"damage_healed":0.0,"max_hp_gain":0.0,"max_hp_loss":0.0,"gold_gain":175.0,"event_name":"Liars Game","player_choice":"AGREE","floor":2.0,"gold_loss":0.0,"damage_taken":0.0,"cards_obtained":["Doubt"]},{"damage_healed":0.0,"max_hp_gain":0.0,"max_hp_loss":0.0,"gold_gain":0.0,"event_name":"Big Fish","player_choice":"Box","floor":3.0,"gold_loss":0.0,"damage_taken":0.0,"relics_obtained":["Shuriken"],"cards_obtained":["Regret"]},{"cards_removed":["Regret","Doubt"],"damage_healed":0.0,"max_hp_gain":0.0,"max_hp_loss":0.0,"gold_gain":0.0,"event_name":"Fountain of Cleansing","player_choice":"Removed Curses","floor":4.0,"gold_loss":0.0,"damage_taken":0.0},{"cards_removed":["Defend_G"],"damage_healed":0.0,"max_hp_gain":0.0,"max_hp_loss":0.0,"gold_gain":0.0,"event_name":"Back to Basics","player_choice":"Elegance","floor":20.0,"gold_loss":0.0,"damage_taken":0.0},{"damage_healed":0.0,"max_hp_gain":0.0,"max_hp_loss":0.0,"gold_gain":0.0,"event_name":"Ghosts","player_choice":"Ignored","floor":22.0,"gold_loss":0.0,"damage_taken":0.0}],"is_beta":false,"boss_relics":[{"not_picked":["Fusion Hammer","Velvet Choker"],"picked":"Philosopher\u0027s Stone"}],"items_purged_floors":[5],"is_endless":false,"potions_floor_spawned":[1,7,16,19,24],"killed_by":"Book of Stabbing","ascension_level":5}}