{"host":"y56d1fjpgcjsodvy","time":1607591222,"event":{"gold_per_floor":[119,194,344,356,356,356,381,31,31,65,65,92,121,149,149,234,234,262,312,338,356,356,356,54,54,54,82,100,100,100,100],"floor_reached":30,"playtime":909,"items_purged":["Strike_B","Strike_B"],"score":630,"play_id":"b05d4678-cbb8-44b5-aab8-ca014be737db","local_time":"20201210180702","is_ascension_mode":true,"campfire_choices":[{"data":"Dualcast","floor":6.0,"key":"SMITH"},{"data":"Chrysalis","floor":11.0,"key":"SMITH"},{"data":"Zap","floor":15.0,"key":"SMITH"},{"data":"Scrape","floor":29.0,"key":"SMITH"}],"neow_cost":"NONE","seed_source_timestamp":0,"circlet_count":0,"master_deck":["AscendersBane","Strike_B","Strike_B","Defend_B","Defend_B","Defend_B","Defend_B","Zap+1","Dualcast+1","Gash","Ball Lightning","Scrape+1","Chrysalis+1","Conserve Battery","Steam","Buffer+1","Skim","Echo Form+1","Coolheaded+1","Gash","Impatience+1","Self Repair+1"],"special_seed":0,"relics":["Cracked Core","NeowsBlessing","CeramicFish","Frozen Egg 2","Pen Nib","Nuclear Battery","Calipers"],"potions_floor_usage":[],"damage_taken":[{"damage":0.0,"enemies":"Small Slimes","floor":1.0,"turns":1.0},{"damage":0.0,"enemies":"Jaw Worm","floor":4.0,"turns":1.0},{"damage":0.0,"enemies":"3 Sentries","floor":7.0,"turns":1.0},{"damage":27.0,"enemies":"Lagavulin","floor":10.0,"turns":8.0},{"damage":0.0,"enemies":"Cultist","floor":12.0,"turns":3.0},{"damage":10.0,"enemies":"Gremlin Gang","floor":13.0,"turns":4.0},{"damage":10.0,"enemies":"Exordium Wildlife","floor":14.0,"turns":5.0},{"damage":0.0,"enemies":"The Guardian","floor":16.0,"turns":10.0},{"damage":16.0,"enemies":"3 Byrds","floor":18.0,"turns":5.0},{"damage":18.0,"enemies":"Chosen","floor":20.0,"turns":6.0},{"damage":0.0,"enemies":"Sentry and Sphere","floor":21.0,"turns":7.0},{"damage":8.0,"enemies":"Snake Plant","floor":27.0,"turns":4.0},{"damage":31.0,"enemies":"Shelled Parasite and Fungi","floor":28.0,"turns":5.0},{"damage":50,"enemies":"Cultist and Chosen","floor":30,"turns":7}],"seed_played":"559204901536152626","potions_obtained":[{"floor":10.0,"key":"SteroidPotion"},{"floor":12.0,"key":"Strength Potion"},{"floor":14.0,"key":"Weak Potion"},{"floor":20.0,"key":"GamblersBrew"},{"floor":27.0,"key":"FairyPotion"}],"is_trial":false,"path_per_floor":["M","?","?","M","?","R","E","$","T","E","R","M","M","M","R","B",null,"M","?","M","M","?","?","$","?","T","M","M","R","M"],"character_chosen":"DEFECT","items_purchased":["Scrape","Chrysalis","Conserve Battery","Impatience","FairyPotion"],"campfire_rested":0,"item_purchase_floors":[8,8,8,24,24],"current_hp_per_floor":[64,53,53,53,53,53,53,53,53,26,26,26,16,6,6,6,55,39,39,21,21,21,21,21,21,21,13,21,21,0,0],"gold":100,"neow_bonus":"THREE_ENEMY_KILL","is_prod":false,"is_daily":false,"chose_seed":false,"campfire_upgraded":4,"win_rate":0,"timestamp":1607591222,"path_taken":["M","?","?","?","?","R","E","$","T","E","R","M","M","M","R","BOSS","M","?","?","M","?","?","$","?","T","?","M","R","M"],"build_version":"2020-11-30","purchased_purges":2,"victory":false,"max_hp_per_floor":[71,71,71,71,71,71,71,71,71,71,71,71,71,71,71,71,71,71,71,71,71,71,71,71,71,71,71,71,71,71,71],"card_choices":[{"not_picked":["Turbo","Beam Cell"],"picked":"Gash","floor":1.0},{"not_picked":["Reinforced Body","Auto Shields"],"picked":"Ball Lightning","floor":4.0},{"not_picked":["Streamline","Sweeping Beam","Steam Power"],"picked":"SKIP","floor":7.0},{"not_picked":["Consume","Undo","Lockon"],"picked":"SKIP","floor":10.0},{"not_picked":["Leap","Redo"],"picked":"Steam","floor":12.0},{"not_picked":["Chaos","Sweeping Beam"],"picked":"Buffer+1","floor":13.0},{"not_picked":["Steam","Genetic Algorithm"],"picked":"Skim","floor":14.0},{"not_picked":["Biased Cognition+1","Creative AI+1"],"picked":"Echo Form+1","floor":16.0},{"not_picked":["Turbo","Sweeping Beam"],"picked":"Coolheaded+1","floor":18.0},{"not_picked":["BootSequence","Tempest"],"picked":"Gash","floor":20.0},{"not_picked":["Blizzard","Undo","Sweeping Beam+1"],"picked":"SKIP","floor":21.0},{"not_picked":["Doom and Gloom","Redo"],"picked":"Self Repair+1","floor":27.0},{"not_picked":["Leap","Rebound","Doom and Gloom"],"picked":"SKIP","floor":28.0}],"player_experience":1153001,"relics_obtained":[{"floor":7.0,"key":"CeramicFish"},{"floor":9.0,"key":"Frozen Egg 2"},{"floor":10.0,"key":"Pen Nib"},{"floor":26.0,"key":"Calipers"}],"event_choices":[{"damage_healed":0.0,"max_hp_gain":0.0,"max_hp_loss":0.0,"gold_gain":75.0,"event_name":"World of Goop","player_choice":"Gather Gold","floor":2.0,"gold_loss":0.0,"damage_taken":11.0},{"damage_healed":0.0,"max_hp_gain":0.0,"max_hp_loss":0.0,"gold_gain":150.0,"event_name":"Liars Game","player_choice":"AGREE","floor":3.0,"gold_loss":0.0,"damage_taken":0.0,"cards_obtained":["Doubt"]},{"cards_removed":["Doubt"],"damage_healed":0.0,"max_hp_gain":0.0,"max_hp_loss":0.0,"gold_gain":0.0,"event_name":"Fountain of Cleansing","player_choice":"Removed Curses","floor":5.0,"gold_loss":0.0,"damage_taken":0.0},{"damage_healed":0.0,"max_hp_gain":0.0,"max_hp_loss":0.0,"gold_gain":50.0,"event_name":"Golden Shrine","player_choice":"Pray","floor":19.0,"gold_loss":0.0,"damage_taken":0.0},{"damage_healed":0.0,"max_hp_gain":0.0,"max_hp_loss":0.0,"gold_gain":0.0,"event_name":"Ghosts","player_choice":"Ignored","floor":22.0,"gold_loss":0.0,"damage_taken":0.0},{"damage_healed":0.0,"max_hp_gain":0.0,"max_hp_loss":0.0,"gold_gain":0.0,"event_name":"The Mausoleum","player_choice":"Ignored","floor":23.0,"gold_loss":0.0,"damage_taken":0.0},{"damage_healed":0.0,"max_hp_gain":0.0,"max_hp_loss":0.0,"gold_gain":0.0,"event_name":"Accursed Blacksmith","player_choice":"Forge","floor":25.0,"gold_loss":0.0,"damage_taken":0.0,"cards_upgraded":["Impatience"]}],"is_beta":false,"boss_relics":[{"not_picked":["Tiny House","Coffee Dripper"],"picked":"Nuclear Battery"}],"items_purged_floors":[8,24],"is_endless":false,"potions_floor_spawned":[10,12,14,20,27],"killed_by":"Cultist and Chosen","ascension_level":20}}