{"host":"a484oiac96svwyi6","time":1607625476,"event":{"mods":["2.2 Compatiblity","BaseMod","AchievementEnabler","Act Like it!","StSLib","Astrologer","Better Altar","Better Match","Better Sensory Stone","Better Skull","Better Third Choice","Better-Laid Plans","BetterRewards","Block Reminder","Clawfect","Colored Map","Colored Powertips","Conjunction","Conspire","Custom Start","Dio Mod","Displayed Cursed Tome","Duelist Mod","GifTheSpireLib","Gold Saver","Googly Eyes","Hallownest","Hubris","Infinite Spire","Ironclad Rager","Jorbs\u0027s Wanderer Trilogy","Melee Mod","Menagerie","Minty Spire (QoL Compilation)","Quick Restart","RNG Fix","Random Character Button","Relic Filter","Relic Sorter","Relic Stats","Replay The Spire","Retaliation","Shop Mod","Small Relic Pack","Spikes Relics","Stuff the Spire","SuperFastMode","The Fake Hero","The Necromancer","The Poker Player","TheHero","Uncapped","Virulent Crown","[JumpMod]????","everything is the same but u backflip on backflip","vexMod","Spire Birthday Party","Transform Curses"],"gold_per_floor":[1249,1261,1261,1261,954,954,981,981,981,992,1002,1002,1034,1068,1068,1165,1165,1185,1185,1205,1205,1205,1232,1249,1249,1272,1272,1187,1187,1199,1199,1199,1300,1300,1311,1311,1311,1329,1348,1389,1389,1410,1434,1457,1477,1513,1513,1872,1872,1872],"floor_reached":51,"playtime":2839,"items_purged":[],"score":1511,"play_id":"d594bbb8-bad6-4de3-8b05-0dc4630ced5a","local_time":"20201210133756","is_ascension_mode":true,"campfire_choices":[{"data":"dioMod:GoodbyeJojo","floor":6,"key":"SMITH"},{"data":"Madness","floor":8,"key":"SMITH"},{"floor":15,"key":"REST"},{"floor":27,"key":"REST"},{"floor":32,"key":"DIG"},{"data":"dioMod:MudaMudaMuda","floor":41,"key":"SMITH"},{"floor":49,"key":"REST"}],"circlet_count":0,"master_deck":["Bite","Madness+1","dioMod:Donut","dioMod:Hiss","dioMod:BloodShield","dioMod:SecretPlan","dioMod:GoodbyeJojo+1","dioMod:Refresh+1","dioMod:DaggerSpree","dioMod:DaggerSpree","dioMod:BloodShield","dioMod:TheWalk","dioMod:DaggerToss","dioMod:ComboFever","dioMod:SevenPageMuda","dioMod:BloodSplash+1","Pain","dioMod:SecretPlan","StuffTheSpire:BrainWave","dioMod:ZaWarudo","dioMod:Muda","dioMod:Freeze+1","StuffTheSpire:BrainWave","BlessedFruit","BlessedFruit","dioMod:PathToHeaven","dioMod:UltimateSacrifice","dioMod:Freeze","dioMod:BloodTransfusion","dioMod:TheWalk","dioMod:BlendIn","dioMod:WRYYY","dioMod:Diversion","dioMod:SecretPlan","dioMod:Muda","dioMod:TripleThreat","Parasite","dioMod:Hiss+1","dioMod:MudaMudaMuda+1","dioMod:DaggerToss+1","dioMod:Hiss+1","dioMod:MudaMudaMuda","dioMod:DominatingPresence+1","dioMod:Muda+1"],"relics":["dioMod:JoestarBlood","HowToJump","Matryoshka","BargainBundle","hubris:AstralHammer","Juzu Bracelet","Sundial","LugNut","StuffTheSpire:OldFever","Quantum Egg","StuffTheSpire:Rhapsscallions","Vajra","Regal Pillow","WarpedTongs","Shovel","StuffTheSpire:Gunfinga","Philosopher\u0027s Stone","StuffTheSpire:HeavyRock","Nunchaku","hubris:Towel","HeavenlyBonsai","Pandora\u0027s Box","Replay:Mystery Machine","relicPack:AllForOne","CeramicFish","Potion Belt","conspire:BottledYoYo","Old Coin"],"acts_visited":["Exordium","TheCity","TheBeyond"],"potions_floor_usage":[48],"damage_taken":[{"damage":10,"enemies":"Jaw Worm","floor":1,"turns":5},{"damage":0,"enemies":"2 Louse","floor":2,"turns":3},{"damage":36,"enemies":"3 Sentries","floor":7,"turns":6},{"damage":0,"enemies":"Cultist","floor":10,"turns":2},{"damage":12,"enemies":"Exordium Wildlife","floor":11,"turns":3},{"damage":2,"enemies":"Gremlin Nob","floor":13,"turns":3},{"damage":0,"enemies":"conspire:MimicChest","floor":14,"turns":3},{"damage":21,"enemies":"Slime Boss","floor":16,"turns":6},{"damage":16,"enemies":"Shell Parasite","floor":18,"turns":3},{"damage":23,"enemies":"2 Thieves","floor":20,"turns":3},{"damage":0,"enemies":"Gremlin Leader","floor":23,"turns":2},{"damage":10,"enemies":"Snake Plant","floor":24,"turns":4},{"damage":0,"enemies":"Snecko","floor":30,"turns":2},{"damage":16,"enemies":"hubris:MusketHawk","floor":33,"turns":7},{"damage":10,"enemies":"3 Shapes","floor":35,"turns":2},{"damage":8,"enemies":"3 Darklings","floor":38,"turns":1},{"damage":6,"enemies":"Writhing Mass","floor":39,"turns":3},{"damage":21,"enemies":"R_Hoarder","floor":40,"turns":4},{"damage":21,"enemies":"Transient","floor":42,"turns":6},{"damage":8,"enemies":"Jaw Worm Horde","floor":44,"turns":2},{"damage":13,"enemies":"4 Shapes","floor":45,"turns":5},{"damage":6,"enemies":"Nemesis","floor":46,"turns":4},{"damage":8,"enemies":"Mind Bloom Boss Battle","floor":48,"turns":2},{"damage":11,"enemies":"hubris:GrandSnecko","floor":50,"turns":3}],"seed_played":"-1844219779017874056","potions_obtained":[{"floor":48,"key":"Fruit Juice"}],"is_trial":false,"path_per_floor":["M","M","T","?","$","R","E","R","T","M","M","?","E","?","R","B",null,"M","?","M","?","?","E","M","AVR","T","R","?","?","M","?","R","B",null,"M","AVR","?","M","M","E","R","M","T","M","M","E","?","?","R","B",null],"character_chosen":"THE_DEFAULT","items_purchased":["Matryoshka","BargainBundle","infinitespire:Beetle Shell","Madness","dioMod:BloodSuck","dioMod:Donut","dioMod:Hiss","dioMod:WRYYY","dioMod:CutDeep","Fire Potion","Adrenaline Potion","SteroidPotion","LugNut","dioMod:DaggerSpree"],"campfire_rested":3,"item_purchase_floors":[0,0,0,0,0,0,0,0,0,0,0,0,5,5],"current_hp_per_floor":[65,73,73,73,73,73,46,46,49,52,48,48,55,58,78,70,76,60,60,39,39,39,41,33,33,33,71,71,71,71,71,71,60,75,65,65,65,57,67,70,70,68,68,74,65,62,62,57,96,87],"gold":1872,"neow_bonus":"","is_daily":false,"chose_seed":false,"campfire_upgraded":3,"win_rate":0,"timestamp":1607625476,"path_taken":["M","M","?","?","$","R","E","R","T","M","M","?","E","?","R","BOSS","M","?","M","?","?","E","M","AVR","T","R","?","?","M","?","R","BOSS","M","AVR","?","M","M","E","R","M","T","M","M","E","?","?","R","BOSS"],"build_version":"2020-11-30","purchased_purges":0,"victory":true,"max_hp_per_floor":[75,75,75,75,75,75,75,75,78,78,78,78,78,78,78,78,78,78,78,78,78,78,78,78,78,78,78,78,78,78,78,78,80,80,80,80,80,80,82,84,84,86,86,90,92,95,95,96,96,96],"relic_stats":{"Regal Pillow":26,"Nunchaku":[7],"Shovel":1,"counters":[163,591],"Sundial":[2],"CeramicFish":54,"Pandora\u0027s Box":["dioMod:UltimateSacrifice","dioMod:Freeze","dioMod:BloodTransfusion","dioMod:TheWalk","dioMod:BlendIn","dioMod:WRYYY","dioMod:Diversion","dioMod:SecretPlan"],"Juzu Bracelet":2,"obtain_stats":[{"infinitespire:BottledMercury":28,"StuffTheSpire:Barrel":11,"vexMod:MemoryStick":26,"StuffTheSpire:Rhapsscallions":38,"Whetstone":8,"Ginger":9,"Boot":0,"Sling":5,"Old Coin":23,"Replay:Wanted Poster":17,"Blood Vial":19,"vexMod:InvisibilityCloak":24,"hubris:AstralHammer":0,"Sundial":3,"infinitespire:Golems Mask":24,"Kunai":10,"relicPack:AllForOne":37,"Replay:Bottled Steam":7,"MerchantsRug":0,"Counterbalance":7,"Pen Nib":45,"Akabeko":0,"relicPack:EdsArm":5,"SlaversCollar":34,"dioMod:VampireBlood":0,"Pandora\u0027s Box":34,"conspire:BottledYoYo":46,"vexMod:ImprovementManual":28,"vexMod:BigBerry":34,"Lantern":0,"Regal Pillow":14,"Rawhide":11,"Replay:Multitool":40,"Bag of Preparation":27,"StuffTheSpire:GrapeVine":0,"HeavenlyBonsai":32,"Smiling Mask":11,"Pet Ghost":2,"Replay:Rubber Ducky":9,"StuffTheSpire:RunicConfusion":17,"StuffTheSpire:Gunfinga":43,"Shovel":30,"Matryoshka":0,"Toolbox":0,"hubris:FunFungus":9,"Replay:Lucky Slots":28,"Potion Belt":17,"Golden Idol":5,"StuffTheSpire:Expresso":11,"conspire:RunicOctahedron":34,"Omamori":31,"infinitespire:CheckeredPen":0,"hubris:Towel":29,"MawBank":13,"Busted Crown":17,"StuffTheSpire:Mouthbags":43,"Ornamental Fan":13,"betterThird:SlimedRelic":3,"Bloody Idol":19,"dioMod:JoestarBlood":17,"Turnip":0,"SpikesRelics:DaevaFist":0,"ReplayTheSpireMod:Lightbulb":8,"Ice Cream":0,"Gremlin Horn":46,"CeramicFish":40,"Vajra":13,"DollysMirror":10,"Strawberry":26,"Philosopher\u0027s Stone":25,"LugNut":5,"conspire:Dentures":27,"Girya":20,"Happy Flower":6,"vexMod:ScavengeHelm":10,"Replay:Grab Bag":17,"Oddly Smooth Stone":0,"infinitespire:Beetle Shell":0,"Letter Opener":26,"BlackRope":0,"War Paint":4,"Question Card":24,"WarpedTongs":19,"Bottled Flame":45,"Replay:Baseball":50,"relicPack:KazumaCape":34,"Shuriken":8,"StuffTheSpire:DarkSteelAnvil":41,"Simple Rune":42,"Molten Egg 2":0,"ReplayTheSpireMod:TigerMarble":28,"infinitespire:EmpoweringShard":23,"ReplayTheSpireMod:DimensionalGlitch":38,"StuffTheSpire:OldFever":7,"Pocketwatch":40,"ReplayFunnel":0,"SnailShell":38,"SacredBark":17,"RetroEgg":30,"conspire:SpecialSausage":17,"BrokenLever":0,"hubris:SlimyHat":0,"Juzu Bracelet":26,"Replay:Mystery Machine":6,"Empty Cage":17,"vexMod:Spyglass":0,"ReplayTheSpireMod:EnergyBall":36,"Frozen Eye":14,"Nunchaku":44,"Replay:Bandana":0,"hubris:Icosahedron":19,"StuffTheSpire:HeavyRock":6,"MiniBlackHole":26,"Gremlin Food":10,"BargainBundle":0,"HowToJump":0,"Quantum Egg":9,"vexMod:Dragonfruit":43,"Calling Bell":17,"Pondfish Scales":26,"CaptainsWheel":9,"vexMod:BarristanHead":9,"StuffTheSpire:CocoNut":44,"Snack Pack":8,"FossilizedHelix":42},{"infinitespire:BottledMercury":83,"StuffTheSpire:Barrel":72,"vexMod:MemoryStick":127,"StuffTheSpire:Rhapsscallions":108,"Whetstone":4,"Ginger":28,"Boot":25,"Sling":96,"Old Coin":81,"Replay:Wanted Poster":8,"Blood Vial":47,"vexMod:InvisibilityCloak":11,"hubris:AstralHammer":139,"Sundial":141,"infinitespire:Golems Mask":104,"Kunai":99,"relicPack:AllForOne":154,"Replay:Bottled Steam":43,"MerchantsRug":66,"Counterbalance":97,"Pen Nib":62,"Akabeko":39,"relicPack:EdsArm":26,"SlaversCollar":55,"dioMod:VampireBlood":0,"Pandora\u0027s Box":153,"conspire:BottledYoYo":161,"vexMod:ImprovementManual":13,"vexMod:BigBerry":131,"Lantern":66,"Regal Pillow":146,"Rawhide":28,"Replay:Multitool":19,"Bag of Preparation":105,"StuffTheSpire:GrapeVine":115,"HeavenlyBonsai":152,"Smiling Mask":5,"Pet Ghost":116,"Replay:Rubber Ducky":4,"StuffTheSpire:RunicConfusion":8,"StuffTheSpire:Gunfinga":135,"Shovel":53,"Matryoshka":139,"Toolbox":25,"hubris:FunFungus":43,"Replay:Lucky Slots":105,"Potion Belt":122,"Golden Idol":117,"StuffTheSpire:Expresso":28,"conspire:RunicOctahedron":107,"Omamori":106,"infinitespire:CheckeredPen":115,"hubris:Towel":151,"MawBank":45,"Busted Crown":76,"StuffTheSpire:Mouthbags":20,"Ornamental Fan":74,"betterThird:SlimedRelic":1,"Bloody Idol":47,"dioMod:JoestarBlood":147,"Turnip":25,"SpikesRelics:DaevaFist":94,"ReplayTheSpireMod:Lightbulb":43,"Ice Cream":115,"Gremlin Horn":63,"CeramicFish":157,"Vajra":145,"DollysMirror":43,"Strawberry":82,"Philosopher\u0027s Stone":151,"LugNut":141,"conspire:Dentures":36,"Girya":9,"Happy Flower":97,"vexMod:ScavengeHelm":120,"Replay:Grab Bag":8,"Oddly Smooth Stone":25,"infinitespire:Beetle Shell":139,"Letter Opener":12,"BlackRope":66,"War Paint":41,"Question Card":35,"WarpedTongs":148,"Bottled Flame":21,"Replay:Baseball":65,"relicPack:KazumaCape":16,"Shuriken":71,"StuffTheSpire:DarkSteelAnvil":91,"Simple Rune":91,"Molten Egg 2":94,"ReplayTheSpireMod:TigerMarble":13,"infinitespire:EmpoweringShard":50,"ReplayTheSpireMod:DimensionalGlitch":18,"StuffTheSpire:OldFever":142,"Pocketwatch":110,"ReplayFunnel":94,"SnailShell":18,"SacredBark":8,"RetroEgg":14,"conspire:SpecialSausage":31,"BrokenLever":94,"hubris:SlimyHat":66,"Juzu Bracelet":104,"Replay:Mystery Machine":118,"Empty Cage":8,"vexMod:Spyglass":66,"ReplayTheSpireMod:EnergyBall":88,"Frozen Eye":45,"Nunchaku":21,"Replay:Bandana":25,"hubris:Icosahedron":9,"StuffTheSpire:HeavyRock":3,"MiniBlackHole":35,"Gremlin Food":43,"BargainBundle":139,"HowToJump":0,"Quantum Egg":142,"vexMod:Dragonfruit":91,"Calling Bell":122,"Pondfish Scales":51,"CaptainsWheel":71,"vexMod:BarristanHead":119,"StuffTheSpire:CocoNut":62,"Snack Pack":98,"FossilizedHelix":60},{"infinitespire:BottledMercury":314,"StuffTheSpire:Barrel":284,"vexMod:MemoryStick":464,"StuffTheSpire:Rhapsscallions":395,"Whetstone":21,"Ginger":96,"Boot":81,"Sling":356,"Old Coin":309,"Replay:Wanted Poster":32,"Blood Vial":191,"vexMod:InvisibilityCloak":40,"hubris:AstralHammer":507,"Sundial":515,"infinitespire:Golems Mask":379,"Kunai":364,"relicPack:AllForOne":561,"Replay:Bottled Steam":169,"MerchantsRug":269,"Counterbalance":359,"Pen Nib":254,"Akabeko":154,"relicPack:EdsArm":84,"SlaversCollar":227,"dioMod:VampireBlood":0,"Pandora\u0027s Box":559,"conspire:BottledYoYo":586,"vexMod:ImprovementManual":43,"vexMod:BigBerry":478,"Lantern":269,"Regal Pillow":532,"Rawhide":96,"Replay:Multitool":57,"Bag of Preparation":383,"StuffTheSpire:GrapeVine":415,"HeavenlyBonsai":552,"Smiling Mask":24,"Pet Ghost":418,"Replay:Rubber Ducky":21,"StuffTheSpire:RunicConfusion":32,"StuffTheSpire:Gunfinga":490,"Shovel":214,"Matryoshka":507,"Toolbox":81,"hubris:FunFungus":169,"Replay:Lucky Slots":383,"Potion Belt":440,"Golden Idol":421,"StuffTheSpire:Expresso":96,"conspire:RunicOctahedron":392,"Omamori":385,"infinitespire:CheckeredPen":415,"hubris:Towel":550,"MawBank":176,"Busted Crown":296,"StuffTheSpire:Mouthbags":61,"Ornamental Fan":291,"betterThird:SlimedRelic":3,"Bloody Idol":191,"dioMod:JoestarBlood":538,"Turnip":81,"SpikesRelics:DaevaFist":351,"ReplayTheSpireMod:Lightbulb":169,"Ice Cream":415,"Gremlin Horn":257,"CeramicFish":569,"Vajra":529,"DollysMirror":169,"Strawberry":312,"Philosopher\u0027s Stone":550,"LugNut":515,"conspire:Dentures":140,"Girya":35,"Happy Flower":359,"vexMod:ScavengeHelm":430,"Replay:Grab Bag":32,"Oddly Smooth Stone":81,"infinitespire:Beetle Shell":507,"Letter Opener":42,"BlackRope":269,"War Paint":160,"Question Card":137,"WarpedTongs":541,"Bottled Flame":66,"Replay:Baseball":263,"relicPack:KazumaCape":51,"Shuriken":281,"StuffTheSpire:DarkSteelAnvil":341,"Simple Rune":341,"Molten Egg 2":351,"ReplayTheSpireMod:TigerMarble":43,"infinitespire:EmpoweringShard":204,"ReplayTheSpireMod:DimensionalGlitch":53,"StuffTheSpire:OldFever":521,"Pocketwatch":400,"ReplayFunnel":351,"SnailShell":53,"SacredBark":32,"RetroEgg":45,"conspire:SpecialSausage":114,"BrokenLever":351,"hubris:SlimyHat":269,"Juzu Bracelet":379,"Replay:Mystery Machine":424,"Empty Cage":32,"vexMod:Spyglass":269,"ReplayTheSpireMod:EnergyBall":331,"Frozen Eye":176,"Nunchaku":66,"Replay:Bandana":81,"hubris:Icosahedron":35,"StuffTheSpire:HeavyRock":14,"MiniBlackHole":137,"Gremlin Food":169,"BargainBundle":507,"HowToJump":0,"Quantum Egg":521,"vexMod:Dragonfruit":341,"Calling Bell":440,"Pondfish Scales":207,"CaptainsWheel":281,"vexMod:BarristanHead":426,"StuffTheSpire:CocoNut":254,"Snack Pack":362,"FossilizedHelix":249}],"WarpedTongs":[50]},"card_choices":[{"not_picked":["dioMod:Hiss","dioMod:Diversion"],"picked":"dioMod:SecretPlan","floor":1},{"not_picked":["dioMod:CautiousMuda","dioMod:BloodShield"],"picked":"dioMod:GoodbyeJojo","floor":2},{"not_picked":["dioMod:BloodSuck","dioMod:WRYYY"],"picked":"dioMod:BloodShield","floor":7},{"not_picked":["dioMod:CutDeep","dioMod:Roundabout"],"picked":"dioMod:TheWalk","floor":10},{"not_picked":["dioMod:Freeze","dioMod:CutDeep"],"picked":"dioMod:DaggerToss","floor":11},{"not_picked":["dioMod:DarkRebirth","dioMod:DisarmingVoice"],"picked":"dioMod:ComboFever","floor":13},{"not_picked":["dioMod:Regeneration","dioMod:Pluck"],"picked":"dioMod:SevenPageMuda","floor":16},{"not_picked":["dioMod:CoffinBath+1","dioMod:ComposedMuda"],"picked":"dioMod:BloodSplash+1","floor":18},{"not_picked":["dioMod:Diversion","dioMod:Donut"],"picked":"dioMod:SecretPlan","floor":20},{"not_picked":["StuffTheSpire:Vigor","StuffTheSpire:Brawn"],"picked":"StuffTheSpire:BrainWave","floor":22},{"not_picked":["dioMod:CoffinBath","dioMod:Diversion"],"picked":"dioMod:ZaWarudo","floor":23},{"not_picked":["dioMod:Freeze","dioMod:CautiousMuda"],"picked":"dioMod:Muda","floor":24},{"not_picked":["dioMod:GoodbyeJojo","dioMod:DisarmingVoice"],"picked":"dioMod:Freeze+1","floor":30},{"not_picked":["dioMod:PhantomBlood","dioMod:RoadRoller"],"picked":"dioMod:PathToHeaven","floor":33},{"not_picked":["dioMod:BlendIn","dioMod:SecretPlan"],"picked":"dioMod:Muda","floor":35},{"not_picked":["dioMod:Diversion+1","dioMod:DaggerSpree"],"picked":"dioMod:TripleThreat","floor":38},{"not_picked":["dioMod:SlashThroughTime","dioMod:FlyAway"],"picked":"dioMod:Hiss+1","floor":39},{"not_picked":["dioMod:ComposedMuda+1","dioMod:BloodSuck"],"picked":"dioMod:MudaMudaMuda","floor":40},{"not_picked":["dioMod:StreetSign+1","dioMod:BloodSplash"],"picked":"dioMod:DaggerToss+1","floor":42},{"not_picked":["dioMod:WRYYY","dioMod:GoodbyeJojo+1"],"picked":"dioMod:Hiss+1","floor":44},{"not_picked":["dioMod:ComboFever+1","dioMod:WRYYY"],"picked":"dioMod:MudaMudaMuda","floor":45},{"not_picked":["dioMod:TripleThreat+1","dioMod:VengefulMuda"],"picked":"dioMod:DominatingPresence+1","floor":46},{"not_picked":["dioMod:KonoDioDa","dioMod:Hiss+1"],"picked":"dioMod:Muda+1","floor":48}],"player_experience":285891,"relics_obtained":[{"floor":3,"key":"Juzu Bracelet"},{"floor":3,"key":"Sundial"},{"floor":7,"key":"StuffTheSpire:OldFever"},{"floor":9,"key":"Quantum Egg"},{"floor":9,"key":"StuffTheSpire:Rhapsscallions"},{"floor":13,"key":"Vajra"},{"floor":14,"key":"Regal Pillow"},{"floor":23,"key":"Shovel"},{"floor":26,"key":"StuffTheSpire:HeavyRock"},{"floor":32,"key":"HeavenlyBonsai"},{"floor":40,"key":"CeramicFish"},{"floor":43,"key":"Potion Belt"},{"floor":46,"key":"conspire:BottledYoYo"},{"floor":48,"key":"Old Coin"}],"event_choices":[{"damage_healed":0,"gold_gain":0,"player_choice":"Ignored","damage_taken":1002,"max_hp_gain":0,"max_hp_loss":0,"event_name":"betterThird:BetterSerpent","floor":12,"gold_loss":0},{"damage_healed":0,"gold_gain":0,"player_choice":"Rummage","damage_taken":0,"relics_obtained":["WarpedTongs"],"max_hp_gain":0,"max_hp_loss":0,"event_name":"Accursed Blacksmith","floor":19,"gold_loss":0,"cards_obtained":["Pain"]},{"damage_healed":0,"gold_gain":0,"player_choice":"Simplicity","damage_taken":0,"max_hp_gain":0,"max_hp_loss":8,"event_name":"betterThird:BetterWriting","floor":21,"gold_loss":0},{"damage_healed":0,"gold_gain":0,"player_choice":"Obtained Relic","damage_taken":0,"relics_obtained":["Nunchaku"],"max_hp_gain":0,"max_hp_loss":0,"event_name":"Addict","floor":28,"gold_loss":85},{"damage_healed":0,"gold_gain":0,"player_choice":"Copied","damage_taken":0,"max_hp_gain":0,"max_hp_loss":0,"event_name":"Duplicator","floor":31,"gold_loss":0,"cards_obtained":["StuffTheSpire:BrainWave"]},{"damage_healed":0,"gold_gain":0,"player_choice":"Fight","damage_taken":0,"max_hp_gain":0,"max_hp_loss":0,"event_name":"MindBloom","floor":48,"gold_loss":0}],"is_beta":false,"boss_relics":[{"not_picked":["conspire:SeveredTorchhead","Fusion Hammer"],"picked":"dioMod:JoestarBlood"},{"not_picked":["StuffTheSpire:RunicHypercube","vexMod:EndlessSickness"],"picked":"Pandora\u0027s Box"}],"items_purged_floors":[],"is_endless":false,"potions_floor_spawned":[2,7,10,16,18,30,35,42,44,48],"ascension_level":7}}