{"host":"f1yp41yk4w46r4xn","time":1607630343,"event":{"mods":["BaseMod","StSLib","Downfall","BetterRewards","Hubris","Infinite Spire","Replay The Spire","AchievementEnabler","Block Reminder","Highlight Path","Minty Spire (QoL Compilation)","Act Like it!","Pale of the Ancients","Conspire","GifTheSpireLib","Jedi Mod","Stuff the Spire"],"gold_per_floor":[109,109,124,124,141,141,178,178,178,178,178,178,194,220,220,318,368,385,396,396,414,24,54,4,52,100,100,25,58,158,173,18,137,137,152,152,152,180,194,221,221,232,255,255,279,279,279,312,312,349],"floor_reached":51,"playtime":4000,"items_purged":[],"score":1013,"play_id":"bdfed6ab-b4c5-42d0-878b-2086441d35e3","local_time":"20201210175903","is_ascension_mode":true,"campfire_choices":[{"data":"ReplayTheSpireMod:Brewmster","floor":6.0,"key":"SMITH"},{"data":"ReplayTheSpireMod:Brewmster","floor":8.0,"key":"SMITH"},{"floor":15.0,"key":"REST"},{"floor":41,"key":"RECALL"},{"floor":44,"key":"REST"},{"floor":49,"key":"REST"}],"circlet_count":0,"master_deck":["Strike_P","Strike_P","Strike_P","Strike_P","Defend_P","Defend_P","Defend_P","Defend_P","Eruption","ReplayTheSpireMod:Brewmster+1","Replay:SS_hec_2","ReplayTheSpireMod:Brewmster+1","LikeWater","FlyingSleeves+1","TalkToTheHand","Bash","WheelKick","StuffTheSpire:Innocence","Replay:DivineShield","MasterReality","LikeWater","LikeWater","DevaForm","conspire:SpireCoStock","Study","WaveOfTheHand+1","Replay:DivineShield","Wallop+1","Ragnarok","Strike_P","Strike_P","Strike_P","Strike_P","Defend_P","Defend_P","Defend_P","Defend_P","Eruption","ReplayTheSpireMod:Brewmster+1","Replay:SS_hec_2","ReplayTheSpireMod:Brewmster+1","LikeWater","FlyingSleeves+1","TalkToTheHand","Bash","WheelKick","StuffTheSpire:Innocence","Replay:DivineShield","MasterReality","LikeWater","LikeWater","DevaForm","conspire:SpireCoStock","Study","WaveOfTheHand+1","Replay:DivineShield","Wallop+1","Ragnarok","StuffTheSpire:BrainWave"],"special_seed":0,"relics":["jedi:crownofsimplicity","Juzu Bracelet","Omamori","Replay:M_SmolderingBlood","Nunchaku","Tiny House","Nloth\u0027s Gift","StuffTheSpire:HeavyRock","Blue Candle","Boot","Mango","Replay:Baseball","Orrery","StuffTheSpire:Kangaroo","hubris:Towel","Smiling Mask","Kunai","Replay:Wax Seal"],"acts_visited":["TheCity","TheBeyond"],"potions_floor_usage":[16,16,16,16,16,16,18,18,18,18,18,19,19,19,19,21,21,21,21,21,21,21,23,23,23,23,23,23,23,23,23,23,23,25,25,25,25,25,25,25,25,29,29,29,29,29,29,29,29,29,29,29,29,29,31,31,31,31,31,33,33,33,33,33,33,33,33,35,35,35,35,35,35,35,35,38,38,38,38,38,38,39,39,39,39,39,39,39,39,40,40,40,40,40,40,42,42,42,42,42,42,45,45,45,45,45,45,45,45,45,45,48,48,48,48,48,48,48,48,50,50,50,50,50,50,50,50,50,50,50,50,50,50,50,50,50,50],"damage_taken":[{"damage":11.0,"enemies":"Jaw Worm","floor":1.0,"turns":5.0},{"damage":0.0,"enemies":"Small Slimes","floor":3.0,"turns":2.0},{"damage":0.0,"enemies":"Cultist","floor":5.0,"turns":2.0},{"damage":11.0,"enemies":"Lagavulin","floor":7.0,"turns":7.0},{"damage":0.0,"enemies":"3 Louse","floor":13.0,"turns":3.0},{"damage":9.0,"enemies":"3 Sentries","floor":14.0,"turns":8.0},{"damage":0,"enemies":"The Guardian","floor":16,"turns":8},{"damage":18,"enemies":"Shell Parasite","floor":18,"turns":6},{"damage":0,"enemies":"Chosen","floor":19,"turns":5},{"damage":0,"enemies":"Centurion and Healer","floor":21,"turns":12},{"damage":0,"enemies":"conspire:Head Lice","floor":23,"turns":8},{"damage":1,"enemies":"conspire:SneckoGhost","floor":25,"turns":9},{"damage":2,"enemies":"conspire:HollyBat","floor":29,"turns":8},{"damage":9,"enemies":"Shelled Parasite and Fungi","floor":31,"turns":7},{"damage":27,"enemies":"hubris:MusketHawk","floor":33,"turns":7},{"damage":0,"enemies":"Orb Walker","floor":35,"turns":6},{"damage":14,"enemies":"conspire:MimicChest","floor":38,"turns":6},{"damage":31,"enemies":"3 Darklings","floor":39,"turns":6},{"damage":0,"enemies":"R_Hoarder","floor":40,"turns":4},{"damage":14,"enemies":"Sphere and 2 Shapes","floor":42,"turns":6},{"damage":38,"enemies":"4 Shapes","floor":45,"turns":6},{"damage":7,"enemies":"Spire Growth","floor":48,"turns":7},{"damage":44,"enemies":"infinitespire:MassOfShapes","floor":50,"turns":11}],"seed_played":"-1411858214238143674","potions_obtained":[{"floor":1.0,"key":"AttackPotion"},{"floor":3.0,"key":"EssenceOfSteel"},{"floor":4.0,"key":"EssenceOfSteel"},{"floor":4.0,"key":"AttackPotion"},{"floor":17,"key":"PowerPotion"},{"floor":21,"key":"DistilledChaos"},{"floor":25,"key":"SkillPotion"},{"floor":29,"key":"FearPotion"},{"floor":35,"key":"Ancient Potion"},{"floor":38,"key":"AttackPotion"},{"floor":40,"key":"EntropicBrew"}],"is_trial":false,"path_per_floor":["M","?","M","?","M","R","E","R","T","?","?","?","M","E","R","B",null,"M","M","?","M","$","E","?","E","T","?","?","M","?","M","$","B",null,"M","?","?","?","M","E","R","M","T","R","M","?","?","M","R","B",null],"character_chosen":"WATCHER","items_purchased":["ReplayTheSpireMod:Brewmster","Replay:SS_hec_2","jedi:crownofsimplicity","Juzu Bracelet","ReplayTheSpireMod:Brewmster","LikeWater","StuffTheSpire:HeavyRock","Blue Candle","Orrery"],"campfire_rested":3,"item_purchase_floors":[0,0,0,0,0,0,22,22,32],"current_hp_per_floor":[29,29,29,29,29,29,18,18,18,18,18,11,11,2,23,23,77,59,59,59,71,71,71,71,91,91,73,73,71,71,62,62,50,96,96,96,96,82,51,51,51,37,37,65,42,42,42,35,61,33],"gold":349,"neow_bonus":"","is_daily":false,"chose_seed":false,"campfire_upgraded":2,"win_rate":0,"timestamp":1607630343,"path_taken":["M","?","M","?","M","R","E","R","T","?","?","?","M","E","R","BOSS","M","M","?","M","$","E","?","E","T","?","?","M","?","M","?","BOSS","M","?","?","?","M","E","R","M","T","R","M","?","?","M","R","BOSS"],"build_version":"2020-11-30","purchased_purges":0,"victory":true,"max_hp_per_floor":[72,72,72,72,72,72,72,72,72,72,72,72,72,72,72,72,77,77,77,77,77,77,77,77,91,91,96,96,96,96,96,96,96,96,96,96,96,96,96,96,96,96,96,96,96,96,87,87,87,87],"card_choices":[{"not_picked":["Meditate","EmptyMind"],"picked":"FlyingSleeves","floor":1.0},{"not_picked":["SashWhip","Replay:Cycle"],"picked":"WaveOfTheHand","floor":3.0},{"not_picked":["Consecrate","FlyingSleeves"],"picked":"TalkToTheHand","floor":5.0},{"not_picked":["Swivel","Halt","PathToVictory"],"picked":"SKIP","floor":7.0},{"not_picked":["Adaptation","Study"],"picked":"Replay:AtTheReady","floor":13.0},{"not_picked":["SignatureMove","Weave"],"picked":"Replay:DivineShield","floor":14.0},{"not_picked":["Judgement","Omniscience"],"picked":"MasterReality","floor":16},{"not_picked":["FlyingSleeves","Protect"],"picked":"LikeWater","floor":17},{"not_picked":["CrushJoints","Replay:Cycle","ThirdEye"],"picked":"SKIP","floor":18},{"not_picked":["EmptyBody","FollowUp"],"picked":"LikeWater","floor":19},{"not_picked":["ConjureBlade","JustLucky","Halt"],"picked":"SKIP","floor":21},{"not_picked":["Replay:BluntJabs","jedi:nirvanicrebirth"],"picked":"DevaForm","floor":23},{"not_picked":["Halt","JustLucky","CrushJoints+1"],"picked":"SKIP","floor":25},{"not_picked":["Evaluate+1","FlurryOfBlows+1"],"picked":"Study","floor":29},{"not_picked":["EmptyFist","Sanctity+1"],"picked":"WaveOfTheHand+1","floor":31},{"not_picked":["Crescendo","Adaptation"],"picked":"Replay:DivineShield","floor":32},{"not_picked":["PathToVictory","DeceiveReality+1","EmptyFist"],"picked":"SKIP","floor":35},{"not_picked":["Replay:DivineShield","Prostrate","CutThroughFate+1"],"picked":"SKIP","floor":39},{"not_picked":["FollowUp+1","SpiritShield"],"picked":"Wallop+1","floor":40},{"not_picked":["FlyingSleeves","SandsOfTime","FollowUp+1"],"picked":"SKIP","floor":42},{"not_picked":["SashWhip+1","ThirdEye"],"picked":"Ragnarok","floor":45},{"not_picked":["EmptyBody+1","Protect+1","BowlingBash"],"picked":"SKIP","floor":48}],"player_experience":191676,"relics_obtained":[{"floor":7.0,"key":"Omamori"},{"floor":9.0,"key":"ReplayTheSpireMod:Ninjato"},{"floor":14.0,"key":"Nunchaku"},{"floor":23,"key":"Boot"},{"floor":25,"key":"Mango"},{"floor":26,"key":"Replay:Baseball"},{"floor":38,"key":"Smiling Mask"},{"floor":40,"key":"Kunai"},{"floor":43,"key":"Replay:Wax Seal"}],"event_choices":[{"damage_healed":0.0,"max_hp_gain":0.0,"max_hp_loss":0.0,"gold_gain":0.0,"event_name":"Liars Game","player_choice":"Ignored","floor":2.0,"gold_loss":0.0,"damage_taken":0.0},{"damage_healed":0.0,"max_hp_gain":0.0,"max_hp_loss":0.0,"gold_gain":0.0,"event_name":"Lab","player_choice":"Got Potions","floor":4.0,"gold_loss":0.0,"damage_taken":0.0},{"damage_healed":0.0,"max_hp_gain":0.0,"max_hp_loss":0.0,"gold_gain":0.0,"cards_transformed":["WaveOfTheHand"],"event_name":"Transmorgrifier","player_choice":"Transformed","floor":11.0,"gold_loss":0.0,"damage_taken":0.0,"cards_obtained":["WheelKick"]},{"damage_healed":0,"gold_gain":0,"player_choice":"Traded Relic","damage_taken":0,"relics_obtained":["Nloth\u0027s Gift"],"max_hp_gain":0,"max_hp_loss":0,"event_name":"N\u0027loth","floor":20,"relics_lost":["ReplayTheSpireMod:Ninjato"],"gold_loss":0},{"damage_healed":0,"gold_gain":0,"player_choice":"Invest 1","damage_taken":0,"max_hp_gain":0,"max_hp_loss":0,"event_name":"conspire:Investor","floor":24,"gold_loss":0},{"damage_healed":0,"gold_gain":0,"player_choice":"Shed Blood","damage_taken":23,"max_hp_gain":5,"max_hp_loss":0,"event_name":"Forgotten Altar","floor":27,"gold_loss":0},{"cards_removed":["Replay:AtTheReady"],"damage_healed":0,"gold_gain":0,"player_choice":"Gave Gold","damage_taken":0,"max_hp_gain":0,"max_hp_loss":0,"event_name":"Beggar","floor":28,"gold_loss":75},{"damage_healed":0,"gold_gain":100,"player_choice":"Pray","damage_taken":0,"max_hp_gain":0,"max_hp_loss":0,"event_name":"Golden Shrine","floor":30,"gold_loss":0},{"damage_healed":0,"gold_gain":0,"player_choice":"Bought 0 Potions","damage_taken":0,"max_hp_gain":0,"max_hp_loss":0,"event_name":"The Woman in Blue","floor":36,"gold_loss":0}],"is_beta":false,"boss_relics":[{"not_picked":["Empty Cage","Pandora\u0027s Box"],"picked":"Tiny House"},{"not_picked":["Snecko Eye","Replay:Wanted Poster"],"picked":"StuffTheSpire:Kangaroo"}],"items_purged_floors":[],"is_endless":false,"potions_floor_spawned":[1,3,16,21,25,29,35,38,40,42],"ascension_level":1}}