{"host":"vq9qltvb257pqxes","time":1607628664,"event":{"mods":["BaseMod","AchievementEnabler","Colored Map","Colored Powertips","Highlight Path","Mimic Mod","Minty Spire (QoL Compilation)","Quick Restart","Rare Cards Sparkle","SuperFastMode"],"gold_per_floor":[112,129,166,180,190,190,265,265,345,357,357,386,420,433,433,534,534,545,1,1,18,18,18,18,18],"floor_reached":24,"playtime":1341,"items_purged":[],"score":186,"play_id":"12ca297b-b7c5-474e-90c9-a1e91b294e1c","local_time":"20201210113104","is_ascension_mode":false,"campfire_choices":[{"floor":6,"key":"REST"},{"floor":8,"key":"REST"},{"floor":11,"key":"REST"},{"floor":15,"key":"REST"},{"floor":23,"key":"REST"}],"circlet_count":0,"master_deck":["Strike_G+1","Strike_G+1","Strike_G+1","Strike_G+1","Strike_G+1","Defend_G+1","Defend_G+1","Defend_G+1","Defend_G+1","Defend_G+1","Survivor","Neutralize","Backflip","Concentrate","Outmaneuver","Dagger Spray","Footwork","Bouncing Flask","Catalyst","Burst","Corpse Explosion","Backflip","Metamorphosis","Leg Sweep","Flying Knee","Dagger Throw","Blade Dance+1","Decay"],"relics":["Ring of the Snake","NeowsBlessing","Tiny Chest","Singing Bowl","Odd Mushroom","Bag of Marbles","Busted Crown","Potion Belt"],"acts_visited":["Exordium","TheCity"],"potions_floor_usage":[10,13,14,16,21,24],"damage_taken":[{"damage":0,"enemies":"Cultist","floor":1,"turns":1},{"damage":0,"enemies":"Small Slimes","floor":2,"turns":1},{"damage":0,"enemies":"Jaw Worm","floor":3,"turns":2},{"damage":14,"enemies":"Jaw Worm","floor":4,"turns":5},{"damage":8,"enemies":"3 Louse","floor":5,"turns":5},{"damage":12,"enemies":"Blue Slaver","floor":10,"turns":8},{"damage":32,"enemies":"The Mushroom Lair","floor":12,"turns":6},{"damage":4,"enemies":"2 Fungi Beasts","floor":13,"turns":4},{"damage":6,"enemies":"2 Fungi Beasts","floor":14,"turns":5},{"damage":44,"enemies":"Hexaghost","floor":16,"turns":10},{"damage":15,"enemies":"Spheric Guardian","floor":18,"turns":5},{"damage":35,"enemies":"2 Thieves","floor":21,"turns":4},{"damage":57,"enemies":"Gremlin Leader","floor":24,"turns":8}],"seed_played":"-2165516704974812645","potions_obtained":[{"floor":2,"key":"PowerPotion"},{"floor":4,"key":"BlessingOfTheForge"},{"floor":5,"key":"SpeedPotion"},{"floor":12,"key":"Strength Potion"},{"floor":18,"key":"Dexterity Potion"},{"floor":21,"key":"BlessingOfTheForge"}],"is_trial":false,"path_per_floor":["M","M","MIM","M","M","R","?","R","T","M","R","?","MIM","M","R","B",null,"M","$","?","M","?","R","E"],"character_chosen":"THE_SILENT","items_purchased":["Backflip","Metamorphosis","Potion Belt","Leg Sweep","Flying Knee","Dagger Throw"],"campfire_rested":5,"item_purchase_floors":[19,19,19,19,19,19],"current_hp_per_floor":[70,70,70,56,48,69,58,70,70,58,70,38,34,30,51,7,72,59,59,59,24,24,46,0,0],"gold":18,"neow_bonus":"THREE_ENEMY_KILL","is_daily":false,"chose_seed":false,"campfire_upgraded":0,"win_rate":0,"timestamp":1607628664,"path_taken":["M","M","?","?","M","R","?","R","T","M","R","?","?","M","R","BOSS","M","$","?","M","?","R","E"],"build_version":"2020-11-30","purchased_purges":0,"victory":false,"max_hp_per_floor":[70,70,70,70,70,70,70,70,70,70,70,70,70,72,72,72,72,74,74,74,74,74,74,74,74],"card_choices":[{"not_picked":["Bane","Sucker Punch"],"picked":"Backflip","floor":1},{"not_picked":["Masterful Stab","Dodge and Roll"],"picked":"Concentrate","floor":2},{"not_picked":["Blade Dance","Riddle With Holes"],"picked":"Outmaneuver","floor":3},{"not_picked":["Finisher","Dagger Throw"],"picked":"Dagger Spray","floor":4},{"not_picked":["Predator","Accuracy"],"picked":"Footwork","floor":5},{"not_picked":["Quick Slash","All Out Attack"],"picked":"Bouncing Flask","floor":10},{"not_picked":["Outmaneuver","Dagger Throw"],"picked":"Catalyst","floor":12},{"not_picked":["Backflip","Eviscerate"],"picked":"Burst","floor":13},{"not_picked":["Prepared","Acrobatics","Outmaneuver"],"picked":"Singing Bowl","floor":14},{"not_picked":["Storm of Steel","Malaise"],"picked":"Corpse Explosion","floor":16},{"not_picked":["Predator"],"picked":"Singing Bowl","floor":18},{"not_picked":[],"picked":"Blade Dance+1","floor":21}],"player_experience":99189,"relics_obtained":[{"floor":3,"key":"Tiny Chest"},{"floor":9,"key":"Singing Bowl"},{"floor":12,"key":"Odd Mushroom"},{"floor":13,"key":"Bag of Marbles"}],"event_choices":[{"damage_healed":0,"gold_gain":75,"player_choice":"Gather Gold","damage_taken":11,"max_hp_gain":0,"max_hp_loss":0,"event_name":"World of Goop","floor":7,"gold_loss":0},{"damage_healed":0,"gold_gain":0,"player_choice":"Fought Mushrooms","damage_taken":0,"max_hp_gain":0,"max_hp_loss":0,"event_name":"Mushrooms","floor":12,"gold_loss":0},{"damage_healed":0,"gold_gain":0,"player_choice":"Simplicity","damage_taken":0,"max_hp_gain":0,"max_hp_loss":0,"event_name":"Back to Basics","floor":20,"gold_loss":0,"cards_upgraded":["Strike_G","Strike_G","Strike_G","Strike_G","Strike_G","Defend_G","Defend_G","Defend_G","Defend_G","Defend_G"]},{"damage_healed":0,"gold_gain":0,"player_choice":"Smashed Altar","damage_taken":0,"max_hp_gain":0,"max_hp_loss":0,"event_name":"Forgotten Altar","floor":22,"gold_loss":0,"cards_obtained":["Decay"]}],"is_beta":false,"boss_relics":[{"not_picked":["Empty Cage","SacredBark"],"picked":"Busted Crown"}],"items_purged_floors":[],"is_endless":false,"potions_floor_spawned":[2,4,5,12,18,21],"killed_by":"Gremlin Leader","ascension_level":0}}