{"host":"bnbc66jny2i0hx0x","time":1607573043,"event":{"gold_per_floor":[115,115,127,127,139,139,169,169,196,227,239,258,288,299,299,376,376,386,399,399,77,96,122,139,170,197,231,231,249,278,288,288,367,367,384,384,403,417,742,774,774,806,858,858,858,297,297,316,316,316,316],"floor_reached":50,"playtime":6784,"items_purged":["Strike_G","Strike_G"],"score":1235,"play_id":"991b37ae-e074-4c52-99a4-8ff2de379254","local_time":"20201209200403","is_ascension_mode":true,"campfire_choices":[{"data":"All Out Attack","floor":6.0,"key":"SMITH"},{"floor":8.0,"key":"REST"},{"floor":15.0,"key":"REST"},{"floor":28,"key":"REST"},{"data":"Footwork","floor":32,"key":"SMITH"},{"floor":45,"key":"REST"},{"data":"Footwork","floor":47,"key":"SMITH"},{"data":"Adrenaline","floor":49,"key":"SMITH"}],"neow_cost":"NONE","seed_source_timestamp":180514684216600,"circlet_count":0,"master_deck":["AscendersBane","Strike_G+1","Strike_G","Defend_G+1","Defend_G+1","Defend_G","Defend_G","Defend_G","Survivor","Neutralize","Slice+1","Dagger Throw","All Out Attack+1","Dash","Terror","Tactician","PiercingWail","Die Die Die","Adrenaline+1","Blade Dance","Dagger Throw","RitualDagger+1","Footwork+1","Backflip+1","Blur+1","Cloak And Dagger+1","Die Die Die+1","Adrenaline+1","CurseOfTheBell","Dodge and Roll+1","Acrobatics+1","Calculated Gamble+1","Reflex+1","Good Instincts+1","Footwork+1","Expertise+1","Concentrate+1"],"special_seed":0,"relics":["Ring of the Snake","Bag of Marbles","Oddly Smooth Stone","TungstenRod","War Paint","HoveringKite","Ornamental Fan","Toxic Egg 2","White Beast Statue","Snake Skull","Akabeko","Vajra","Calling Bell","Centennial Puzzle","StrikeDummy","Ice Cream","Old Coin","Regal Pillow","Whetstone","Anchor","Potion Belt"],"potions_floor_usage":[33,33,50,50,50,50,50,50,50],"damage_taken":[{"damage":4.0,"enemies":"Cultist","floor":1.0,"turns":5.0},{"damage":0.0,"enemies":"Small Slimes","floor":3.0,"turns":4.0},{"damage":1.0,"enemies":"Jaw Worm","floor":5.0,"turns":5.0},{"damage":17.0,"enemies":"Lagavulin","floor":7.0,"turns":6.0},{"damage":5.0,"enemies":"3 Sentries","floor":10.0,"turns":5.0},{"damage":0.0,"enemies":"2 Fungi Beasts","floor":11.0,"turns":2.0},{"damage":1.0,"enemies":"Looter","floor":12.0,"turns":3.0},{"damage":13.0,"enemies":"Lagavulin","floor":13.0,"turns":5.0},{"damage":0.0,"enemies":"Blue Slaver","floor":14.0,"turns":1.0},{"damage":13.0,"enemies":"The Guardian","floor":16.0,"turns":10.0},{"damage":1.0,"enemies":"2 Thieves","floor":18.0,"turns":3.0},{"damage":2.0,"enemies":"Shell Parasite","floor":19.0,"turns":3.0},{"damage":0.0,"enemies":"3 Cultists","floor":22.0,"turns":4.0},{"damage":22.0,"enemies":"Gremlin Leader","floor":23.0,"turns":6.0},{"damage":0.0,"enemies":"Chosen and Byrds","floor":24.0,"turns":4.0},{"damage":0.0,"enemies":"Slavers","floor":25.0,"turns":4.0},{"damage":0,"enemies":"Gremlin Leader","floor":27,"turns":5},{"damage":0,"enemies":"Centurion and Healer","floor":29,"turns":4},{"damage":9,"enemies":"Slavers","floor":30,"turns":5},{"damage":0,"enemies":"Snecko","floor":31,"turns":1},{"damage":48,"enemies":"Champ","floor":33,"turns":18},{"damage":0,"enemies":"Orb Walker","floor":35,"turns":1},{"damage":0,"enemies":"3 Darklings","floor":37,"turns":5},{"damage":0,"enemies":"4 Shapes","floor":38,"turns":3},{"damage":8,"enemies":"Mind Bloom Boss Battle","floor":39,"turns":9},{"damage":18,"enemies":"Reptomancer","floor":40,"turns":8},{"damage":0,"enemies":"Giant Head","floor":42,"turns":6},{"damage":9,"enemies":"Maw","floor":48,"turns":6},{"damage":66,"enemies":"Time Eater","floor":50,"turns":16}],"seed_played":"-1962942442811341851","potions_obtained":[{"floor":5.0,"key":"Strength Potion"},{"floor":7.0,"key":"Fruit Juice"},{"floor":12.0,"key":"FearPotion"},{"floor":13.0,"key":"BlessingOfTheForge"},{"floor":16.0,"key":"FearPotion"},{"floor":19.0,"key":"Fire Potion"},{"floor":25.0,"key":"Block Potion"},{"floor":33,"key":"Fire Potion"},{"floor":35,"key":"SpeedPotion"}],"is_trial":false,"path_per_floor":["M","?","M","?","M","R","E","R","T","E","M","M","E","M","R","B",null,"M","M","?","$","M","E","M","E","T","E","R","M","E","M","R","B",null,"M","?","M","M","?","E","?","E","T","?","R","$","R","M","R","B"],"character_chosen":"THE_SILENT","items_purchased":["Ornamental Fan","Potion Belt","Footwork","EntropicBrew","Expertise+1","Swift Potion"],"campfire_rested":4,"item_purchase_floors":[21,46,46,46,46,46],"current_hp_per_floor":[61,39,39,39,38,38,26,49,49,44,44,43,30,30,53,40,68,67,65,60,60,60,38,38,38,38,38,61,61,52,52,52,4,59,59,59,59,59,51,33,33,33,33,33,71,71,71,62,62,0,0],"gold":316,"neow_bonus":"TEN_PERCENT_HP_BONUS","is_prod":false,"is_daily":false,"chose_seed":false,"campfire_upgraded":4,"win_rate":0,"timestamp":1607573043,"path_taken":["M","?","M","?","M","R","E","R","T","E","M","M","E","M","R","BOSS","M","M","?","$","M","E","M","E","T","E","R","M","E","M","R","BOSS","M","?","M","M","?","E","?","E","T","?","R","$","R","M","R","BOSS"],"build_version":"2020-11-30","purchased_purges":2,"victory":false,"max_hp_per_floor":[72,72,72,72,72,72,77,77,77,77,77,77,77,77,77,77,77,77,77,77,77,77,77,77,77,77,77,77,77,77,77,77,77,77,77,77,77,77,77,77,77,77,77,77,77,77,77,77,77,77,77],"card_choices":[{"not_picked":["Deadly Poison","Endless Agony"],"picked":"Slice","floor":1.0},{"not_picked":["Skewer","Dodge and Roll"],"picked":"Dagger Throw","floor":3.0},{"not_picked":["Concentrate","Deadly Poison"],"picked":"All Out Attack","floor":5.0},{"not_picked":["Bane","Backstab"],"picked":"Dash","floor":7.0},{"not_picked":["Predator","Deflect"],"picked":"Terror","floor":10.0},{"not_picked":["Deadly Poison","Backflip"],"picked":"Tactician","floor":11.0},{"not_picked":["Dagger Spray","Sucker Punch"],"picked":"PiercingWail","floor":12.0},{"not_picked":["Quick Slash","Dodge and Roll"],"picked":"Die Die Die","floor":13.0},{"not_picked":["Outmaneuver","Noxious Fumes","Skewer"],"picked":"SKIP","floor":14.0},{"not_picked":["Die Die Die","Venomology"],"picked":"Adrenaline","floor":16.0},{"not_picked":["Distraction","Riddle With Holes+1"],"picked":"Blade Dance","floor":18.0},{"not_picked":["Flying Knee","Poisoned Stab"],"picked":"Dagger Throw","floor":19.0},{"not_picked":["PiercingWail","Choke"],"picked":"Footwork","floor":22.0},{"not_picked":["Infinite Blades","Quick Slash"],"picked":"Backflip+1","floor":23.0},{"not_picked":["Crippling Poison+1","Choke"],"picked":"Blur+1","floor":24.0},{"not_picked":["Bullet Time+1","Slice"],"picked":"Cloak And Dagger+1","floor":25.0},{"not_picked":["Underhanded Strike","Flying Knee","Slice"],"picked":"SKIP","floor":27},{"not_picked":["Flying Knee","Underhanded Strike","Cloak And Dagger+1"],"picked":"SKIP","floor":29},{"not_picked":["Underhanded Strike","Quick Slash"],"picked":"Die Die Die","floor":30},{"not_picked":["Dagger Spray","Crippling Poison+1","Masterful Stab"],"picked":"SKIP","floor":31},{"not_picked":["After Image","Venomology+1"],"picked":"Adrenaline+1","floor":33},{"not_picked":["Quick Slash+1","Dash"],"picked":"Dodge and Roll+1","floor":35},{"not_picked":["Outmaneuver+1","Deadly Poison+1"],"picked":"Acrobatics+1","floor":37},{"not_picked":["Backflip+1","Blade Dance+1"],"picked":"Calculated Gamble+1","floor":38},{"not_picked":["Outmaneuver+1","Quick Slash+1"],"picked":"Reflex+1","floor":40},{"not_picked":["Slice","Caltrops","Phantasmal Killer+1"],"picked":"SKIP","floor":42},{"not_picked":["HandOfGreed","Dramatic Entrance"],"picked":"Good Instincts+1","floor":44},{"not_picked":["Outmaneuver+1","Deadly Poison+1"],"picked":"Concentrate+1","floor":48}],"player_experience":1228144,"relics_obtained":[{"floor":7.0,"key":"Bag of Marbles"},{"floor":9.0,"key":"Oddly Smooth Stone"},{"floor":10.0,"key":"TungstenRod"},{"floor":13.0,"key":"War Paint"},{"floor":23.0,"key":"Toxic Egg 2"},{"floor":25.0,"key":"White Beast Statue"},{"floor":26.0,"key":"Snake Skull"},{"floor":27,"key":"Akabeko"},{"floor":30,"key":"Vajra"},{"floor":34,"key":"Centennial Puzzle"},{"floor":34,"key":"StrikeDummy"},{"floor":34,"key":"Ice Cream"},{"floor":39,"key":"Old Coin"},{"floor":40,"key":"Regal Pillow"},{"floor":42,"key":"Whetstone"},{"floor":43,"key":"Anchor"}],"event_choices":[{"damage_healed":0.0,"max_hp_gain":0.0,"max_hp_loss":0.0,"gold_gain":0.0,"event_name":"Shining Light","player_choice":"Entered Light","floor":2.0,"gold_loss":0.0,"damage_taken":22.0,"cards_upgraded":["Strike_G","Strike_G"]},{"damage_healed":0.0,"max_hp_gain":0.0,"max_hp_loss":0.0,"gold_gain":0.0,"event_name":"Living Wall","player_choice":"Grow","floor":4.0,"gold_loss":0.0,"damage_taken":0.0,"cards_upgraded":["Slice"]},{"damage_healed":0.0,"max_hp_gain":0.0,"max_hp_loss":0.0,"gold_gain":0.0,"event_name":"Nest","player_choice":"Joined the Cult","floor":20.0,"gold_loss":0.0,"damage_taken":6.0,"cards_obtained":["RitualDagger"]},{"cards_removed":["Strike_G"],"damage_healed":0,"gold_gain":0,"player_choice":"Removed Attack","damage_taken":0,"max_hp_gain":0,"max_hp_loss":0,"event_name":"Falling","floor":36,"gold_loss":0},{"damage_healed":0,"gold_gain":0,"player_choice":"Fight","damage_taken":0,"max_hp_gain":0,"max_hp_loss":0,"event_name":"MindBloom","floor":39,"gold_loss":0},{"damage_healed":0,"gold_gain":0,"player_choice":"Ignored","damage_taken":0,"max_hp_gain":0,"max_hp_loss":0,"event_name":"The Moai Head","floor":41,"gold_loss":0},{"damage_healed":0,"gold_gain":0,"player_choice":"Memory 1","damage_taken":0,"max_hp_gain":0,"max_hp_loss":0,"event_name":"SensoryStone","floor":44,"gold_loss":0}],"is_beta":false,"boss_relics":[{"not_picked":["Coffee Dripper","Snecko Eye"],"picked":"HoveringKite"},{"not_picked":["Empty Cage","SlaversCollar"],"picked":"Calling Bell"}],"items_purged_floors":[21,46],"is_endless":false,"potions_floor_spawned":[5,7,12,13,16,18,19,25,27,29,30,31,33,35,37,38,39,40,42,48],"killed_by":"Time Eater","ascension_level":15}}