{"host":"3y2rtlgteqp2nuo3","time":1607597230,"event":{"gold_per_floor":[119,130,305,76,95,95,122,122,122,142,173,173,191,266,266,370,370,389,402,402,414,414,414,159,173,173,29,42,62,62,88,88,88,88],"floor_reached":33,"playtime":955,"items_purged":["Doubt","Strike_B"],"score":468,"play_id":"20649be8-1a9b-4186-9719-be92b796f791","local_time":"20201210194710","is_ascension_mode":true,"campfire_choices":[{"data":"Hologram","floor":6.0,"key":"SMITH"},{"data":"Electrodynamics","floor":8.0,"key":"SMITH"},{"data":"Skim","floor":15.0,"key":"SMITH"},{"data":"Ghostly","floor":23,"key":"SMITH"},{"data":"Defragment","floor":30,"key":"SMITH"},{"data":"Zap","floor":32,"key":"SMITH"}],"neow_cost":"NONE","seed_source_timestamp":0,"circlet_count":0,"master_deck":["AscendersBane","Strike_B","Strike_B","Strike_B","Defend_B","Defend_B","Defend_B","Defend_B","Zap+1","Dualcast","Electrodynamics+1","Turbo","Hologram+1","Ball Lightning","Chill","Skim+1","Sweeping Beam","Biased Cognition","Rebound","Ghostly+1","Ghostly","Ghostly","Ghostly","Ghostly","Steam Power","Defragment+1","Shame","BootSequence","Genetic Algorithm"],"special_seed":0,"relics":["Cracked Core","Strawberry","Thread and Needle","Mango","Turnip","Cursed Key","Strange Spoon","Pantograph","Lee\u0027s Waffle","Omamori"],"potions_floor_usage":[16,18,33],"damage_taken":[{"damage":2.0,"enemies":"Jaw Worm","floor":1.0,"turns":3.0},{"damage":0.0,"enemies":"Small Slimes","floor":2.0,"turns":2.0},{"damage":4.0,"enemies":"2 Louse","floor":5.0,"turns":3.0},{"damage":30.0,"enemies":"Lagavulin","floor":7.0,"turns":5.0},{"damage":0.0,"enemies":"Exordium Wildlife","floor":10.0,"turns":2.0},{"damage":31.0,"enemies":"Gremlin Nob","floor":11.0,"turns":4.0},{"damage":4.0,"enemies":"Blue Slaver","floor":13.0,"turns":3.0},{"damage":14,"enemies":"The Guardian","floor":16,"turns":10},{"damage":6,"enemies":"2 Thieves","floor":18,"turns":3},{"damage":0,"enemies":"Chosen","floor":19,"turns":4},{"damage":0,"enemies":"Centurion and Healer","floor":21,"turns":6},{"damage":0,"enemies":"Chosen and Byrds","floor":25,"turns":6},{"damage":0,"enemies":"3 Cultists","floor":28,"turns":2},{"damage":0,"enemies":"Snecko","floor":29,"turns":6},{"damage":15,"enemies":"Slavers","floor":31,"turns":2},{"damage":96,"enemies":"Automaton","floor":33,"turns":12}],"seed_played":"-3375389578612627634","potions_obtained":[{"floor":1.0,"key":"Ancient Potion"},{"floor":11.0,"key":"PotionOfCapacity"},{"floor":16,"key":"SpeedPotion"},{"floor":19,"key":"FearPotion"},{"floor":31,"key":"Regen Potion"}],"is_trial":false,"path_per_floor":["M","M","?","$","M","R","E","R","T","M","E","?","M","?","R","B",null,"M","M","?","M","?","R","$","M","T","$","M","M","R","E","R","B"],"character_chosen":"DEFECT","items_purchased":["Strawberry","Strange Spoon","Lee\u0027s Waffle"],"campfire_rested":0,"item_purchase_floors":[4,24,27],"current_hp_per_floor":[66,66,66,73,69,69,39,39,53,53,22,54,50,39,39,25,78,72,72,48,48,48,48,48,48,48,55,55,55,55,40,40,0,0],"gold":88,"neow_bonus":"ONE_RANDOM_RARE_CARD","is_prod":false,"is_daily":false,"chose_seed":false,"campfire_upgraded":6,"win_rate":0,"timestamp":1607597230,"path_taken":["M","M","?","$","M","R","E","R","T","M","E","?","M","?","R","BOSS","M","M","?","M","?","R","$","M","T","$","M","M","R","E","R","BOSS"],"build_version":"2020-11-30","purchased_purges":2,"victory":false,"max_hp_per_floor":[75,75,75,82,82,82,82,82,96,96,96,96,96,96,96,96,96,96,96,48,48,48,48,48,48,48,55,55,55,55,55,55,55,55],"card_choices":[{"not_picked":["Darkness","Conserve Battery"],"picked":"Turbo","floor":1.0},{"not_picked":["Conserve Battery","Cold Snap"],"picked":"Hologram","floor":2.0},{"not_picked":["Barrage","Streamline"],"picked":"Ball Lightning","floor":5.0},{"not_picked":["Loop","Gash"],"picked":"Chill","floor":7.0},{"not_picked":["Ball Lightning","Barrage"],"picked":"Skim","floor":10.0},{"not_picked":["Beam Cell","Ball Lightning","Hello World"],"picked":"SKIP","floor":11.0},{"not_picked":["Genetic Algorithm","Steam"],"picked":"Sweeping Beam","floor":13.0},{"not_picked":["All For One","Machine Learning"],"picked":"Biased Cognition","floor":16},{"not_picked":["Ball Lightning+1","Redo","Hologram"],"picked":"SKIP","floor":18},{"not_picked":["Cold Snap","Tempest"],"picked":"Rebound","floor":19},{"not_picked":["Cold Snap","Fusion"],"picked":"Steam Power","floor":21},{"not_picked":["Undo","Barrage"],"picked":"Defragment","floor":25},{"not_picked":["Glacier","Cold Snap"],"picked":"BootSequence","floor":28},{"not_picked":["Go for the Eyes","Streamline","Conserve Battery"],"picked":"SKIP","floor":29},{"not_picked":["Heatsinks","Double Energy"],"picked":"Genetic Algorithm","floor":31}],"player_experience":852329,"relics_obtained":[{"floor":7.0,"key":"Thread and Needle"},{"floor":9.0,"key":"Mango"},{"floor":11.0,"key":"Turnip"},{"floor":26,"key":"Pantograph"},{"floor":31,"key":"Omamori"}],"event_choices":[{"damage_healed":0.0,"max_hp_gain":0.0,"max_hp_loss":0.0,"gold_gain":175.0,"event_name":"Liars Game","player_choice":"AGREE","floor":3.0,"gold_loss":0.0,"damage_taken":0.0,"cards_obtained":["Doubt"]},{"damage_healed":32.0,"max_hp_gain":0.0,"max_hp_loss":0.0,"gold_gain":0.0,"event_name":"Big Fish","player_choice":"Banana","floor":12.0,"gold_loss":0.0,"damage_taken":0.0},{"damage_healed":0.0,"max_hp_gain":0.0,"max_hp_loss":0.0,"gold_gain":75.0,"event_name":"World of Goop","player_choice":"Gather Gold","floor":14.0,"gold_loss":0.0,"damage_taken":11.0},{"damage_healed":0,"gold_gain":0,"player_choice":"Became a Ghost","damage_taken":0,"max_hp_gain":0,"max_hp_loss":48,"event_name":"Ghosts","floor":20,"gold_loss":0,"cards_obtained":["Ghostly","Ghostly","Ghostly","Ghostly","Ghostly"]},{"damage_healed":0,"gold_gain":0,"player_choice":"Ignored","damage_taken":0,"max_hp_gain":0,"max_hp_loss":0,"event_name":"Vampires","floor":22,"gold_loss":0}],"is_beta":false,"boss_relics":[{"not_picked":["Nuclear Battery","Velvet Choker"],"picked":"Cursed Key"}],"items_purged_floors":[4,24],"is_endless":false,"potions_floor_spawned":[1,11,16,19,28,31],"killed_by":"Automaton","ascension_level":12}}