{"host":"mtzcgy6hqz1ze1d8","time":1607644231,"event":{"mods":["AchievementEnabler","BaseMod","Colored Map","DeckTracker","Keyboard Shortcuts","Minty Spire (QoL Compilation)","Permanent Neow","StSLib","SuperFastMode"],"gold_per_floor":[116,131,150,165,240,240,266,285,285,285,285,314,314,314,314,391,391,406,331,331,331,345,345,345],"floor_reached":23,"playtime":659,"items_purged":["Defend_R"],"score":423,"play_id":"cb6db4a3-ff45-4892-91f6-d9aeda268573","local_time":"20201211085031","is_ascension_mode":true,"campfire_choices":[{"data":"Uppercut","floor":6.0,"key":"SMITH"},{"data":"Perfected Strike","floor":10.0,"key":"SMITH"},{"data":"Shrug It Off","floor":15.0,"key":"SMITH"}],"circlet_count":0,"master_deck":["AscendersBane","Strike_R","Strike_R","Strike_R","Strike_R","Strike_R","Defend_R","Defend_R","Defend_R","Wild Strike","Cleave","Uppercut+1","Perfected Strike+1","Perfected Strike+1","Shrug It Off+1","Barricade","Shrug It Off"],"relics":["Burning Blood","Vajra","Anchor","Matryoshka","Mango","Pear","Busted Crown"],"acts_visited":["Exordium","TheCity"],"potions_floor_usage":[],"damage_taken":[{"damage":2.0,"enemies":"2 Louse","floor":1.0,"turns":4.0},{"damage":7.0,"enemies":"Jaw Worm","floor":2.0,"turns":3.0},{"damage":0.0,"enemies":"Small Slimes","floor":3.0,"turns":4.0},{"damage":13.0,"enemies":"Red Slaver","floor":4.0,"turns":4.0},{"damage":25.0,"enemies":"Lagavulin","floor":7.0,"turns":6.0},{"damage":0.0,"enemies":"2 Fungi Beasts","floor":8.0,"turns":2.0},{"damage":10.0,"enemies":"3 Sentries","floor":12.0,"turns":4.0},{"damage":36.0,"enemies":"The Guardian","floor":16.0,"turns":11.0},{"damage":1.0,"enemies":"2 Thieves","floor":18.0,"turns":3.0},{"damage":0,"enemies":"Chosen","floor":22,"turns":2},{"damage":0,"enemies":"Gremlin Leader","floor":23,"turns":2}],"seed_played":"6195351722083591770","potions_obtained":[{"floor":2.0,"key":"Energy Potion"},{"floor":4.0,"key":"LiquidMemories"},{"floor":12.0,"key":"BlessingOfTheForge"},{"floor":18.0,"key":"BloodPotion"}],"is_trial":false,"path_per_floor":["M","M","M","M","?","R","E","M","T","R","?","E","?","?","R","B",null,"M","$","$","?","M","E"],"character_chosen":"IRONCLAD","items_purchased":[],"campfire_rested":0,"item_purchase_floors":[],"current_hp_per_floor":[72,71,75,68,57,57,38,44,44,44,44,54,59,59,59,29,82,87,87,87,87,93,93,93],"gold":345,"neow_bonus":"RANDOM_COMMON_RELIC","is_daily":false,"chose_seed":false,"campfire_upgraded":3,"win_rate":0.0,"timestamp":1607644231,"path_taken":["M","M","M","M","?","R","E","M","T","R","?","E","?","?","R","BOSS","M","$","?","?","M","E"],"items_purchased_type":[],"build_version":"2020-11-30","purchased_purges":1,"victory":false,"max_hp_per_floor":[75,75,75,75,75,75,75,75,75,75,75,89,99,99,99,99,99,99,99,99,99,99,99,99],"card_choices":[{"not_picked":["Warcry","Shockwave"],"picked":"Wild Strike","floor":1.0},{"not_picked":["Flex","Reckless Charge"],"picked":"Cleave","floor":2.0},{"not_picked":["Headbutt","Body Slam","Spot Weakness"],"picked":"SKIP","floor":3.0},{"not_picked":["Battle Trance","Thunderclap"],"picked":"Uppercut","floor":4.0},{"not_picked":["Heavy Blade","Double Tap"],"picked":"Perfected Strike","floor":7.0},{"not_picked":["Flame Barrier","Anger"],"picked":"Perfected Strike","floor":8.0},{"not_picked":["Whirlwind","Iron Wave"],"picked":"Shrug It Off","floor":12.0},{"not_picked":["Reaper","Impervious"],"picked":"Barricade","floor":16.0},{"not_picked":[],"picked":"Shrug It Off","floor":18.0},{"not_picked":["True Grit"],"picked":"SKIP","floor":22}],"player_experience":307165,"relics_obtained":[{"floor":7.0,"key":"Anchor"},{"floor":9.0,"key":"Matryoshka"},{"floor":12.0,"key":"Mango"}],"event_choices":[{"damage_healed":0.0,"max_hp_gain":0.0,"max_hp_loss":0.0,"gold_gain":75.0,"event_name":"World of Goop","player_choice":"Gather Gold","floor":5.0,"gold_loss":0.0,"damage_taken":11.0},{"cards_removed":["Bash"],"damage_healed":0.0,"max_hp_gain":0.0,"max_hp_loss":0.0,"gold_gain":0.0,"event_name":"Living Wall","player_choice":"Forget","floor":11.0,"gold_loss":0.0,"damage_taken":0.0},{"damage_healed":0.0,"max_hp_gain":0.0,"max_hp_loss":0.0,"gold_gain":0.0,"event_name":"Scrap Ooze","player_choice":"Success","floor":13.0,"gold_loss":0.0,"damage_taken":5.0,"relics_obtained":["Pear"]},{"damage_healed":0.0,"max_hp_gain":0.0,"max_hp_loss":0.0,"gold_gain":0.0,"event_name":"Accursed Blacksmith","player_choice":"Forge","floor":14.0,"gold_loss":0.0,"damage_taken":0.0,"cards_upgraded":["Perfected Strike"]},{"damage_healed":0,"gold_gain":0,"player_choice":"Ignored","damage_taken":0,"max_hp_gain":0,"max_hp_loss":0,"event_name":"The Mausoleum","floor":21,"gold_loss":0}],"is_beta":false,"boss_relics":[{"not_picked":["Astrolabe","Runic Dome","Mark of Pain"]}],"items_purged_floors":[19],"is_endless":false,"potions_floor_spawned":[2,4,12,16,18,22],"killed_by":"Gremlin Leader","ascension_level":20}}