{"host":"f5n4tidiz2n5sooh","time":1607570313,"event":{"gold_per_floor":[115,115,115,115,140,181,181,224,248,248,173,173,196,237,237,237,237],"floor_reached":16,"playtime":280,"items_purged":[],"score":328,"play_id":"83b3b001-8bd0-462b-8898-1eef8ff0f14a","local_time":"20201209211833","is_ascension_mode":true,"campfire_choices":[{"data":"Deadly Poison","floor":7,"key":"SMITH"},{"data":"Neutralize","floor":12,"key":"SMITH"},{"data":"Footwork","floor":15,"key":"SMITH"}],"neow_cost":"NONE","seed_source_timestamp":2792922796000,"circlet_count":0,"master_deck":["AscendersBane","Strike_G","Strike_G","Strike_G","Strike_G","Defend_G","Defend_G","Defend_G","Defend_G+1","Defend_G","Survivor","Neutralize+1","Poisoned Stab+1","Deadly Poison+1","Bane","Footwork+1"],"relics":["Ring of the Snake","NeowsBlessing","Golden Idol","Mummified Hand","Omamori","Dream Catcher","Juzu Bracelet","Bronze Scales","CaptainsWheel"],"potions_floor_usage":[14,16],"damage_taken":[{"damage":0,"enemies":"Jaw Worm","floor":1,"turns":1},{"damage":0,"enemies":"Gremlin Nob","floor":6,"turns":1},{"damage":0,"enemies":"3 Sentries","floor":8,"turns":1},{"damage":1,"enemies":"Small Slimes","floor":13,"turns":3},{"damage":5,"enemies":"Lagavulin","floor":14,"turns":6},{"damage":35,"enemies":"Slime Boss","floor":16,"turns":8}],"seed_played":"2822290140463459330","potions_obtained":[{"floor":1,"key":"Strength Potion"},{"floor":13,"key":"Strength Potion"},{"floor":14,"key":"Poison Potion"}],"is_trial":false,"path_per_floor":["M","?","?","?","T","E","R","E","T","?","?","R","M","E","R","B"],"character_chosen":"THE_SILENT","items_purchased":[],"campfire_rested":0,"item_purchase_floors":[],"current_hp_per_floor":[59,59,54,36,36,36,36,36,36,41,41,41,40,35,35,0,0],"gold":237,"neow_bonus":"THREE_ENEMY_KILL","is_prod":false,"is_daily":false,"chose_seed":false,"campfire_upgraded":3,"win_rate":0,"timestamp":1607570313,"path_taken":["M","?","?","?","?","E","R","E","T","?","?","R","M","E","R","BOSS"],"build_version":"2020-11-30","purchased_purges":0,"victory":false,"max_hp_per_floor":[66,60,60,60,60,60,60,60,60,65,65,65,65,65,65,65,65],"relic_stats":{"Dream Catcher":0,"counters":[6,20],"Golden Idol":30,"Mummified Hand":[1],"Bronze Scales":[27],"Juzu Bracelet":1,"obtain_stats":[{"Dream Catcher":6,"CaptainsWheel":14,"NeowsBlessing":0,"Golden Idol":2,"Mummified Hand":3,"Bronze Scales":9,"Omamori":5,"Juzu Bracelet":8,"Ring of the Snake":0},{"Dream Catcher":2,"CaptainsWheel":5,"NeowsBlessing":0,"Golden Idol":1,"Mummified Hand":1,"Bronze Scales":3,"Omamori":1,"Juzu Bracelet":3,"Ring of the Snake":0},{"Dream Catcher":2,"CaptainsWheel":12,"NeowsBlessing":0,"Golden Idol":1,"Mummified Hand":1,"Bronze Scales":3,"Omamori":1,"Juzu Bracelet":3,"Ring of the Snake":0}],"Ring of the Snake":[12]},"card_choices":[{"not_picked":["Setup","Outmaneuver"],"picked":"Poisoned Stab","floor":1},{"not_picked":["Outmaneuver","Cloak And Dagger"],"picked":"Deadly Poison","floor":6},{"not_picked":["Underhanded Strike","Poisoned Stab","Bane"],"picked":"SKIP","floor":8},{"not_picked":["Dodge and Roll","Outmaneuver"],"picked":"Bane","floor":13},{"not_picked":["Distraction","Concentrate"],"picked":"Footwork","floor":14}],"player_experience":1865937,"relics_obtained":[{"floor":5,"key":"Omamori"},{"floor":6,"key":"Dream Catcher"},{"floor":8,"key":"Juzu Bracelet"},{"floor":9,"key":"Bronze Scales"},{"floor":14,"key":"CaptainsWheel"}],"event_choices":[{"damage_healed":0,"gold_gain":0,"player_choice":"Lose Max HP","damage_taken":0,"relics_obtained":["Golden Idol"],"max_hp_gain":0,"max_hp_loss":6,"event_name":"Golden Idol","floor":2,"gold_loss":0},{"damage_healed":0,"gold_gain":0,"player_choice":"Success","damage_taken":5,"relics_obtained":["Mummified Hand"],"max_hp_gain":0,"max_hp_loss":0,"event_name":"Scrap Ooze","floor":3,"gold_loss":0},{"damage_healed":0,"gold_gain":0,"player_choice":"Entered Light","damage_taken":18,"max_hp_gain":0,"max_hp_loss":0,"event_name":"Shining Light","floor":4,"gold_loss":0,"cards_upgraded":["Defend_G","Poisoned Stab"]},{"damage_healed":0,"gold_gain":0,"player_choice":"Donut","damage_taken":0,"max_hp_gain":5,"max_hp_loss":0,"event_name":"Big Fish","floor":10,"gold_loss":0},{"cards_removed":["Strike_G"],"damage_healed":0,"gold_gain":0,"player_choice":"Card Removal","damage_taken":0,"max_hp_gain":0,"max_hp_loss":0,"event_name":"The Cleric","floor":11,"gold_loss":75}],"is_beta":false,"boss_relics":[],"items_purged_floors":[],"is_endless":false,"potions_floor_spawned":[1,13,14],"killed_by":"Slime Boss","ascension_level":20}}