{"host":"yfjdi361m7pxsbqz","time":1607589522,"event":{"gold_per_floor":[118,136,136,136,20,20,54,54,100,69,88,126,126,152,152,227,227,246,264,291,311,81,81,81,81],"floor_reached":24,"playtime":652,"items_purged":["Regret","Strike_R"],"score":453,"play_id":"8a8c86ce-1c40-485e-a829-218d9489dd5c","local_time":"20201210173842","is_ascension_mode":true,"campfire_choices":[{"data":"Whirlwind","floor":6.0,"key":"SMITH"},{"floor":8.0,"key":"REST"},{"floor":15.0,"key":"REST"},{"data":"Evolve","floor":23,"key":"SMITH"}],"neow_cost":"PERCENT_DAMAGE","seed_source_timestamp":325895292186400,"circlet_count":0,"master_deck":["AscendersBane","Strike_R","Strike_R","Strike_R+1","Defend_R","Defend_R","Defend_R","Defend_R+1","Bash","Whirlwind+1","Battle Trance","Fire Breathing","Offering","Reckless Charge","Evolve+1","Wild Strike","Immolate","Burning Pact+1","Havoc+1","Bloodletting","Double Tap"],"special_seed":0,"relics":["Burning Blood","Juzu Bracelet","Pear","CeramicFish","Matryoshka","Orichalcum","Black Star","Orrery"],"potions_floor_usage":[24,24,24],"damage_taken":[{"damage":4.0,"enemies":"2 Louse","floor":1.0,"turns":5.0},{"damage":6.0,"enemies":"Jaw Worm","floor":2.0,"turns":6.0},{"damage":17.0,"enemies":"3 Sentries","floor":7.0,"turns":3.0},{"damage":1.0,"enemies":"Cultist","floor":11.0,"turns":3.0},{"damage":48.0,"enemies":"Lagavulin","floor":12.0,"turns":8.0},{"damage":17.0,"enemies":"Gremlin Nob","floor":14.0,"turns":3.0},{"damage":30.0,"enemies":"The Guardian","floor":16.0,"turns":7.0},{"damage":16.0,"enemies":"2 Thieves","floor":18.0,"turns":3.0},{"damage":19,"enemies":"3 Byrds","floor":19,"turns":4},{"damage":12,"enemies":"3 Cultists","floor":20,"turns":4},{"damage":29,"enemies":"Chosen and Byrds","floor":21,"turns":5},{"damage":26,"enemies":"Book of Stabbing","floor":24,"turns":4}],"seed_played":"2581039592707069390","potions_obtained":[{"floor":7.0,"key":"PowerPotion"},{"floor":11.0,"key":"SmokeBomb"},{"floor":12.0,"key":"Block Potion"},{"floor":16.0,"key":"Explosive Potion"},{"floor":21,"key":"EntropicBrew"}],"is_trial":false,"path_per_floor":["M","M","?","?","$","R","E","R","T","$","M","E","?","E","R","B",null,"M","M","M","M","$","R","E"],"character_chosen":"IRONCLAD","items_purchased":["Fire Breathing","Reckless Charge","Orrery"],"campfire_rested":2,"item_purchase_floors":[5,10,22],"current_hp_per_floor":[66,66,66,39,39,39,38,67,67,67,72,30,23,12,41,17,79,69,56,50,27,27,27,1,1],"gold":81,"neow_bonus":"TWENTY_PERCENT_HP_BONUS","is_prod":false,"is_daily":false,"chose_seed":false,"campfire_upgraded":2,"win_rate":0,"timestamp":1607589522,"path_taken":["M","M","?","?","$","R","E","R","T","$","M","E","?","E","R","BOSS","M","M","M","M","$","R","E"],"build_version":"2020-11-30","purchased_purges":2,"victory":false,"max_hp_per_floor":[89,89,89,89,89,89,99,99,99,99,99,99,99,99,99,99,99,99,99,99,99,99,99,99,99],"card_choices":[{"not_picked":["Body Slam","Sword Boomerang"],"picked":"Whirlwind","floor":1.0},{"not_picked":["Armaments","Warcry"],"picked":"Battle Trance","floor":2.0},{"not_picked":["Headbutt","Clothesline"],"picked":"Offering","floor":7.0},{"not_picked":["Rage","Warcry"],"picked":"Evolve","floor":11.0},{"not_picked":["Heavy Blade","Infernal Blade"],"picked":"Wild Strike","floor":12.0},{"not_picked":["Flex","Thunderclap","Wild Strike"],"picked":"SKIP","floor":14.0},{"not_picked":["Warcry","Wild Strike","Iron Wave"],"picked":"SKIP","floor":18.0},{"not_picked":["Pommel Strike","Clothesline","Clash"],"picked":"SKIP","floor":19},{"not_picked":["Shrug It Off","Anger+1"],"picked":"Immolate","floor":20},{"not_picked":["Disarm","Whirlwind"],"picked":"Burning Pact+1","floor":21},{"not_picked":["Clothesline","Bloodletting"],"picked":"Havoc+1","floor":22},{"not_picked":["Havoc","Clash"],"picked":"Bloodletting","floor":22},{"not_picked":["Inflame","Infernal Blade"],"picked":"Double Tap","floor":22}],"player_experience":1119670,"relics_obtained":[{"floor":7.0,"key":"Pear"},{"floor":9.0,"key":"CeramicFish"},{"floor":12.0,"key":"Matryoshka"},{"floor":14.0,"key":"Orichalcum"}],"event_choices":[{"damage_healed":0.0,"max_hp_gain":0.0,"max_hp_loss":0.0,"gold_gain":0.0,"event_name":"Big Fish","player_choice":"Box","floor":3.0,"gold_loss":0.0,"damage_taken":0.0,"relics_obtained":["Juzu Bracelet"],"cards_obtained":["Regret"]},{"damage_healed":0.0,"max_hp_gain":0.0,"max_hp_loss":0.0,"gold_gain":0.0,"event_name":"Shining Light","player_choice":"Entered Light","floor":4.0,"gold_loss":0.0,"damage_taken":27.0,"cards_upgraded":["Strike_R","Defend_R"]},{"cards_removed":["Strike_R"],"damage_healed":0.0,"max_hp_gain":0.0,"max_hp_loss":0.0,"gold_gain":0.0,"event_name":"Golden Wing","player_choice":"Card Removal","floor":13.0,"gold_loss":0.0,"damage_taken":7.0}],"is_beta":false,"boss_relics":[{"not_picked":["Astrolabe","Busted Crown"],"picked":"Black Star"}],"items_purged_floors":[5,22],"is_endless":false,"potions_floor_spawned":[7,11,12,16,21],"killed_by":"Book of Stabbing","ascension_level":20}}