{"host":"plluk4al3qmxlp2w","time":1607587164,"event":{"gold_per_floor":[114,114,127,26,26,53,53,65,65,65,80,3,32,43,43,143,143,63,75,174,174,174,174,187,187,187],"floor_reached":25,"playtime":34053,"items_purged":["Defend_G"],"score":243,"play_id":"3e054a82-ffbc-4836-98c5-c92601f4713a","local_time":"20201209235924","is_ascension_mode":true,"campfire_choices":[{"floor":7,"key":"RECALL"},{"data":"Underhanded Strike","floor":10,"key":"SMITH"},{"floor":15,"key":"REST"},{"data":"Burst","floor":23,"key":"SMITH"}],"neow_cost":"NONE","seed_source_timestamp":857480841296600,"circlet_count":0,"master_deck":["Strike_G","Survivor","Neutralize","Acrobatics","Underhanded Strike+1","Acrobatics","Leg Sweep","Prepared","Grand Finale","Outmaneuver","Dagger Throw","Backstab","Dagger Throw","Burst+1","Amnesia","Prepared","After Image","Venomology","Acrobatics+1"],"relics":["Ring of the Snake","ReplayTheSpireMod:Lightbulb","Matryoshka","Blood Vial","Tough Bandages","Kintsugi"],"potions_floor_usage":[6,11,11,13,25,25],"damage_taken":[{"damage":0,"enemies":"Jaw Worm","floor":1,"turns":5},{"damage":3,"enemies":"Cultist","floor":3,"turns":5},{"damage":26,"enemies":"3 Sentries","floor":6,"turns":9},{"damage":0,"enemies":"Small Slimes","floor":8,"turns":3},{"damage":15,"enemies":"Gremlin Gang","floor":11,"turns":7},{"damage":20,"enemies":"Gremlin Nob","floor":13,"turns":5},{"damage":0,"enemies":"Blue Slaver","floor":14,"turns":2},{"damage":36,"enemies":"Fading Forest","floor":16,"turns":11},{"damage":1,"enemies":"3 Byrds","floor":18,"turns":2},{"damage":5,"enemies":"2 Thieves","floor":19,"turns":3},{"damage":22,"enemies":"Snake Plant","floor":24,"turns":4},{"damage":57,"enemies":"Slavers","floor":25,"turns":6}],"seed_played":"2666237034299433366","potions_obtained":[{"floor":3,"key":"Toxic Potion"},{"floor":5,"key":"GhostInAJar"},{"floor":5,"key":"Strength Potion"},{"floor":5,"key":"FearPotion"},{"floor":6,"key":"CultistPotion"}],"is_trial":false,"path_per_floor":["M","?","M","$","?","E","R","M","T","R","M","$","E","M","R","B",null,"M","M","?","?","?","R","M","E"],"character_chosen":"THE_SILENT","items_purchased":["Acrobatics","Outmaneuver","Dagger Throw"],"campfire_rested":1,"item_purchase_floors":[4,12,12],"current_hp_per_floor":[70,70,67,67,67,41,41,41,41,41,28,28,10,12,33,19,70,69,65,65,65,65,65,45,0,0],"gold":187,"neow_bonus":"RANDOM_COMMON_RELIC","is_prod":false,"is_daily":false,"chose_seed":false,"campfire_upgraded":2,"win_rate":0,"timestamp":1607587164,"path_taken":["M","?","M","?","?","E","R","M","T","R","?","$","E","M","R","BOSS","M","M","?","?","?","R","M","E"],"build_version":"2020-11-30","purchased_purges":1,"victory":false,"max_hp_per_floor":[70,70,70,70,70,70,70,70,70,70,70,70,70,70,70,70,70,70,70,70,70,70,70,70,70,70],"card_choices":[{"not_picked":["Deflect","Underhanded Strike"],"picked":"Acrobatics","floor":1},{"not_picked":["Choke","Accuracy"],"picked":"Underhanded Strike","floor":3},{"not_picked":["Reflex","Blur"],"picked":"Leg Sweep","floor":6},{"not_picked":["Bouncing Flask","Poisoned Stab"],"picked":"Prepared","floor":8},{"not_picked":["PiercingWail","Prepared"],"picked":"Grand Finale","floor":11},{"not_picked":["Dagger Spray","Slice"],"picked":"Backstab","floor":13},{"not_picked":["Toxin Wave","Choke"],"picked":"Dagger Throw","floor":14},{"not_picked":["Replay:Bag of Tricks","Storm of Steel"],"picked":"Burst","floor":16},{"not_picked":["Sneak Up+1","Concentrate"],"picked":"Prepared","floor":18},{"not_picked":["Replay:Poison Smokescreen","Poisoned Stab","Deflect"],"picked":"SKIP","floor":19},{"not_picked":["Slice","Caltrops"],"picked":"Acrobatics+1","floor":24}],"player_experience":266859,"relics_obtained":[{"floor":6,"key":"Matryoshka"},{"floor":9,"key":"Blood Vial"},{"floor":13,"key":"Tough Bandages"}],"event_choices":[{"cards_removed":["Strike_G"],"damage_healed":0,"gold_gain":0,"player_choice":"Purged","damage_taken":0,"max_hp_gain":0,"max_hp_loss":0,"event_name":"Purifier","floor":2,"gold_loss":0},{"damage_healed":0,"gold_gain":0,"player_choice":"Got Potions","damage_taken":0,"max_hp_gain":0,"max_hp_loss":0,"event_name":"Lab","floor":5,"gold_loss":0},{"damage_healed":0,"gold_gain":99,"player_choice":"Stole From Cult","damage_taken":0,"max_hp_gain":0,"max_hp_loss":0,"event_name":"Nest","floor":20,"gold_loss":0},{"damage_healed":0,"gold_gain":0,"cards_transformed":["Strike_G","Defend_G"],"player_choice":"Became Test Subject","damage_taken":0,"max_hp_gain":0,"max_hp_loss":0,"event_name":"Drug Dealer","floor":21,"gold_loss":0,"cards_obtained":["After Image","Venomology"]},{"damage_healed":0,"gold_gain":0,"player_choice":"Ignored","damage_taken":0,"max_hp_gain":0,"max_hp_loss":0,"event_name":"Ghosts","floor":22,"gold_loss":0}],"is_beta":false,"boss_relics":[{"not_picked":["ReplayTheSpireMod:DimensionalGlitch","Pandora\u0027s Box"],"picked":"Kintsugi"}],"items_purged_floors":[4],"is_endless":false,"potions_floor_spawned":[3,6],"killed_by":"Slavers","ascension_level":3}}