{"host":"fqid566djxhwi0rl","time":1607634987,"event":{"mods":["BaseMod","AchievementEnabler","GifTheSpireLib","StSLib","Aspiration","Downfall","Energized Spire","Faster Ascension Climbing","Minty Spire (QoL Compilation)","The Blackbeard","Trackpad","Yuri Mod","Replay The Spire","2.2 Compatiblity","The Gatherer","Robot Space Explorer"],"gold_per_floor":[118,118,43,57,67,92,92,126,178,178,191,223,223,240,240,344,344,359,379,392,392,6,6,26,72,72,98,114,114,140,160,160,255,255,270,270,132,132,150,150,175,175,175,0,0,20,20,20,20,20],"floor_reached":51,"playtime":2549,"items_purged":["Gatherer:Strike_Gatherer","Gatherer:Strike_Gatherer"],"score":1077,"play_id":"b9dfa96b-bbf0-46d3-9a5a-0d3b50352765","local_time":"20201210231627","is_ascension_mode":true,"metric_token":1041,"campfire_choices":[{"data":"Gatherer:MiningStrike","floor":7,"key":"SMITH"},{"floor":15,"key":"REST"},{"data":"Gatherer:ScrollOfPurity","floor":23,"key":"SMITH"},{"data":"Gatherer:AlchemyTrial","floor":29,"key":"SMITH"},{"data":"expansioncontent:DefensiveStance","floor":32,"key":"SMITH"},{"floor":40,"key":"REST"},{"data":"Gatherer:FlowerShield+1","floor":42,"key":"SMITH"},{"data":"Gatherer:FlowerShield+2","floor":47,"key":"SMITH"},{"floor":49,"key":"REST"}],"circlet_count":0,"master_deck":["Gatherer:Defend_Gatherer","Gatherer:Centralize+1","Gatherer:BlackTea","Gatherer:VenomBarrier","Gatherer:MiningStrike+1","Gatherer:Snatch","Gatherer:ScherryThrow","Gatherer:ScrollOfPurity+1","Gatherer:Snatch","Gatherer:FlowerFalling","expansioncontent:DefensiveStance+1","Gatherer:RecoveryHerb","Gatherer:FinishingStrike","Gatherer:SmartManeuver+1","Gatherer:Snatch+1","Gatherer:FlowerShield+3","Gatherer:TreeGrowth+1","Gatherer:TacticalStrike","Gatherer:QuickSynthesis+1","Gatherer:FinishingStrike+1","Gatherer:AlchemyTrial+1","Gatherer:WoolGloves+1","Gatherer:PoisonMastery+1","Gatherer:Liquidism+1","Panache+1","expansioncontent:QuickStudy+1","Gatherer:UpgradeBag+1","Madness","Madness","Gatherer:QuickSynthesis+1","Gatherer:AcidicSpray+1","Blade Dance","Dodge and Roll","Phantasmal Killer+1"],"relics":["Gatherer:AlchemyBag","Shuriken","Garlic","trackpad:WritersBlock","Pen Nib","Astrolabe","MutagenicStrength","Golden Egg","ReplayTheSpireMod:Lightbulb","Gatherer:MistGenerator","aspiration:ChemicalBlood","hexamod:BolsterEngine","SacredBark","Replay:Baseball","Replay:Mystery Machine","Red Mask"],"acts_visited":["Exordium","TheCity","TheBeyond"],"potions_floor_usage":[1,6,12,20,27,27,27,30,33,35,41,41,50],"damage_taken":[{"damage":0,"enemies":"Small Slimes","floor":1,"turns":2},{"damage":0,"enemies":"Cultist","floor":4,"turns":2},{"damage":0,"enemies":"Jaw Worm","floor":5,"turns":4},{"damage":10,"enemies":"Lagavulin","floor":6,"turns":4},{"damage":19,"enemies":"Gremlin Nob","floor":8,"turns":4},{"damage":0,"enemies":"Large Slime","floor":11,"turns":4},{"damage":4,"enemies":"3 Sentries","floor":12,"turns":6},{"damage":0,"enemies":"Looter","floor":14,"turns":3},{"damage":36,"enemies":"The Guardian","floor":16,"turns":6},{"damage":6,"enemies":"Shell Parasite","floor":18,"turns":5},{"damage":0,"enemies":"Chosen","floor":19,"turns":4},{"damage":18,"enemies":"Sentry and Sphere","floor":20,"turns":4},{"damage":0,"enemies":"3 Cultists","floor":24,"turns":3},{"damage":3,"enemies":"Slavers","floor":27,"turns":4},{"damage":0,"enemies":"Centurion and Healer","floor":28,"turns":4},{"damage":0,"enemies":"Gremlin Leader","floor":30,"turns":3},{"damage":6,"enemies":"Shelled Parasite and Fungi","floor":31,"turns":5},{"damage":49,"enemies":"Collector","floor":33,"turns":12},{"damage":3,"enemies":"3 Darklings","floor":35,"turns":5},{"damage":0,"enemies":"Orb Walker","floor":39,"turns":3},{"damage":24,"enemies":"Giant Head","floor":41,"turns":7},{"damage":0,"enemies":"3 Darklings","floor":46,"turns":3},{"damage":3,"enemies":"Time Eater","floor":50,"turns":7}],"seed_played":"5736961253644128603","potions_obtained":[{"floor":1,"key":"Fruit Juice"},{"floor":5,"key":"FearPotion"},{"floor":6,"key":"Elixir"},{"floor":14,"key":"SpeedPotion"},{"floor":18,"key":"PowerPotion"},{"floor":20,"key":"Slimebound:ThreeZeroPotion"},{"floor":24,"key":"BottledMiracle"},{"floor":28,"key":"ColorlessPotion"},{"floor":33,"key":"Swift Potion"},{"floor":35,"key":"SmokeBomb"},{"floor":39,"key":"Fire Potion"}],"is_trial":false,"path_per_floor":["M","?","$","M","M","E","R","E","T","?","M","E","?","M","R","B",null,"M","M","M","?","$","R","M","T","T","E","M","R","E","M","R","B",null,"M","?","$","?","M","R","E","R","T","?","?","M","R","?","R","B",null],"character_chosen":"THE_GATHERER","items_purchased":["Golden Egg","Gatherer:FinishingStrike","Gatherer:UpgradeBag"],"campfire_rested":3,"item_purchase_floors":[22,22,37],"current_hp_per_floor":[52,52,52,52,52,42,42,23,23,23,23,19,19,19,42,12,61,57,59,45,45,45,45,49,49,49,46,50,50,53,47,47,5,59,60,50,50,40,48,71,49,49,49,49,49,55,55,55,77,75],"gold":20,"neow_bonus":"THREE_RARE_CARDS","is_daily":false,"chose_seed":false,"campfire_upgraded":6,"win_rate":0,"timestamp":1607634987,"path_taken":["M","?","?","M","M","E","R","E","T","?","M","E","?","M","R","BOSS","M","?","M","?","$","R","M","?","T","E","M","R","E","M","R","BOSS","M","?","$","?","M","R","E","R","T","?","?","?","R","?","R","BOSS"],"build_version":"2020-11-30","purchased_purges":2,"victory":true,"max_hp_per_floor":[77,77,77,77,77,77,77,77,77,77,77,77,77,77,77,77,77,77,77,77,77,77,77,77,77,77,77,77,77,77,77,77,77,77,77,77,77,77,77,77,77,77,77,77,77,77,77,77,77,77],"card_choices":[{"not_picked":["Gatherer:StoneFence","Gatherer:PoisonMastery"],"picked":"Gatherer:BlackTea","floor":0},{"not_picked":["Gatherer:WoolGloves","Gatherer:SaveValuables"],"picked":"Gatherer:VenomBarrier","floor":1},{"not_picked":["Gatherer:AromaProtection","Gatherer:Duplicator"],"picked":"Gatherer:MiningStrike","floor":4},{"not_picked":["Gatherer:FlowerShield","Gatherer:Frenzy"],"picked":"Gatherer:Snatch","floor":5},{"not_picked":["Gatherer:Frenzy","Gatherer:Snatch"],"picked":"Gatherer:ScherryThrow","floor":6},{"not_picked":["Gatherer:TreeGrowth","Gatherer:FlamingBottle"],"picked":"Gatherer:ScrollOfPurity","floor":8},{"not_picked":["Gatherer:Pollute","Gatherer:Duplicator"],"picked":"Gatherer:Snatch","floor":11},{"not_picked":["Gatherer:PotentialSlash","Gatherer:SealedBomb"],"picked":"Gatherer:FlowerFalling","floor":12},{"not_picked":["Gatherer:Polymorphism","Gatherer:SealedBomb"],"picked":"Gatherer:RecoveryHerb","floor":14},{"not_picked":["Gatherer:HeartToFruit","Gatherer:CursedBlade"],"picked":"Gatherer:FinishingStrike","floor":16},{"not_picked":["Gatherer:CarefulStrike","Gatherer:EnergyBasket"],"picked":"Gatherer:TreeGrowth+1","floor":18},{"not_picked":["Gatherer:AcidicSpray","Gatherer:SmartManeuver"],"picked":"Gatherer:TacticalStrike","floor":19},{"not_picked":["Gatherer:EnergyBasket","Gatherer:TreeGrowth"],"picked":"Gatherer:QuickSynthesis+1","floor":20},{"not_picked":["Gatherer:AromaProtection","Gatherer:QuickSynthesis"],"picked":"Gatherer:AlchemyTrial","floor":24},{"not_picked":["Gatherer:ScrollOfWall","Gatherer:UpgradeBag","Gatherer:Enchant"],"picked":"SKIP","floor":27},{"not_picked":["Gatherer:ScherryThrow","Gatherer:PotentialSlash","Gatherer:Solidify"],"picked":"SKIP","floor":28},{"not_picked":["Gatherer:RottenStipe","Gatherer:PotentialSlash+1"],"picked":"Gatherer:WoolGloves+1","floor":30},{"not_picked":["Gatherer:FlowerShield","Gatherer:MiningStrike","Gatherer:Frenzy"],"picked":"SKIP","floor":31},{"not_picked":["Gatherer:HeartToFruit","Gatherer:CursedBlade"],"picked":"Gatherer:PoisonMastery","floor":33},{"not_picked":["Gatherer:Duality+1","Gatherer:TacticalStrike+1"],"picked":"Gatherer:Liquidism+1","floor":35},{"not_picked":["expansioncontent:GoopSpray","Magnetism"],"picked":"Panache","floor":36},{"not_picked":["Enlightenment","Trip"],"picked":"expansioncontent:QuickStudy","floor":36},{"not_picked":["Gatherer:Enchant+1","Gatherer:BambuSword+1"],"picked":"Gatherer:QuickSynthesis+1","floor":39},{"not_picked":["Gatherer:EnergyBasket","Gatherer:SealedBomb+1","Gatherer:BomberForm"],"picked":"SKIP","floor":41},{"not_picked":["Gatherer:WoolGloves","Gatherer:FlowerFalling"],"picked":"Gatherer:AcidicSpray+1","floor":46}],"player_experience":643590,"relics_obtained":[{"floor":6,"key":"Shuriken"},{"floor":8,"key":"Garlic"},{"floor":9,"key":"trackpad:WritersBlock"},{"floor":12,"key":"Pen Nib"},{"floor":25,"key":"ReplayTheSpireMod:Lightbulb"},{"floor":26,"key":"Gatherer:MistGenerator"},{"floor":27,"key":"aspiration:ChemicalBlood"},{"floor":30,"key":"hexamod:BolsterEngine"},{"floor":41,"key":"Replay:Baseball"},{"floor":43,"key":"Replay:Mystery Machine"}],"event_choices":[{"damage_healed":0,"gold_gain":0,"player_choice":"Upgraded","damage_taken":0,"max_hp_gain":0,"max_hp_loss":0,"event_name":"Upgrade Shrine","floor":2,"gold_loss":0,"cards_upgraded":["Gatherer:Centralize"]},{"damage_healed":0,"gold_gain":0,"player_choice":"1 cards matched","damage_taken":0,"max_hp_gain":0,"max_hp_loss":0,"event_name":"Match and Keep!","floor":13,"gold_loss":0,"cards_obtained":["expansioncontent:DefensiveStance"]},{"damage_healed":0,"gold_gain":0,"player_choice":"Inject Mutagens","damage_taken":0,"relics_obtained":["MutagenicStrength"],"max_hp_gain":0,"max_hp_loss":0,"event_name":"Drug Dealer","floor":21,"gold_loss":0},{"damage_healed":0,"gold_gain":0,"player_choice":"Memory 3","damage_taken":10,"max_hp_gain":0,"max_hp_loss":0,"event_name":"SensoryStone","floor":36,"gold_loss":0},{"damage_healed":0,"gold_gain":0,"player_choice":"Embrace Madness","damage_taken":10,"max_hp_gain":0,"max_hp_loss":0,"event_name":"Winding Halls","floor":38,"gold_loss":0,"cards_obtained":["Madness","Madness"]},{"damage_healed":0,"gold_gain":0,"player_choice":"Paid","damage_taken":0,"relics_obtained":["Red Mask"],"max_hp_gain":0,"max_hp_loss":0,"event_name":"Tomb of Lord Red Mask","floor":44,"gold_loss":175},{"cards_removed":["Gatherer:FlowerWhip"],"damage_healed":0,"gold_gain":0,"player_choice":"Removed Attack","damage_taken":0,"max_hp_gain":0,"max_hp_loss":0,"event_name":"Falling","floor":45,"gold_loss":0}],"is_beta":false,"boss_relics":[{"not_picked":["trackpad:Coffee","Coffee Dripper"],"picked":"Astrolabe"},{"not_picked":["Runic Pyramid","Runic Dome"],"picked":"SacredBark"}],"items_purged_floors":[3,37],"is_endless":false,"potions_floor_spawned":[1,5,6,14,18,20,24,28,33,35],"ascension_level":9}}