{"host":"nuu0xlk1bpqu5s2n","time":1607597260,"event":{"gold_per_floor":[115,134,59,74,224,124,124,154,154,154,173,173,206,49,49,123,123,138,152,152,152,152,152,187,206,206,206,224,237,270,282,282,354,354,369,1368,1368,999,1014,1014,1014,1014],"floor_reached":41,"playtime":2161,"items_purged":["Strike_G","Doubt","Normality"],"score":930,"play_id":"65e85417-3716-488b-9bf0-896157234e42","local_time":"20201210124740","is_ascension_mode":true,"campfire_choices":[{"data":"Crippling Poison","floor":7.0,"key":"SMITH"},{"floor":12.0,"key":"REST"},{"data":"Noxious Fumes","floor":15.0,"key":"SMITH"},{"data":"Envenom","floor":23.0,"key":"SMITH"},{"data":"Catalyst","floor":27.0,"key":"SMITH"},{"floor":32.0,"key":"REST"},{"data":"1","floor":40,"key":"LIFT"}],"neow_cost":"TEN_PERCENT_HP_LOSS","seed_source_timestamp":0,"circlet_count":0,"master_deck":["AscendersBane","Strike_G","Strike_G","Defend_G","Defend_G","Defend_G","Defend_G","Defend_G","Survivor","Neutralize","Dagger Spray","Backflip","Crippling Poison+1","Noxious Fumes+1","Quick Slash","Envenom+1","Adrenaline","CurseOfTheBell","Deflect","Endless Agony","Backstab","Catalyst+1","Dagger Throw+1","PiercingWail","Blade Dance","Tools of the Trade","Cloak And Dagger","Corpse Explosion","Cloak And Dagger","Escape Plan","Normality","Writhe","Caltrops","Acrobatics"],"special_seed":0,"relics":["Ring of the Snake","Lizard Tail","Kunai","Bronze Scales","Lee\u0027s Waffle","Calling Bell","Lantern","Paper Crane","TungstenRod","Ninja Scroll","Shuriken","Prayer Wheel","Girya","Sozu","Oddly Smooth Stone"],"potions_floor_usage":[41],"damage_taken":[{"damage":14.0,"enemies":"Cultist","floor":1.0,"turns":6.0},{"damage":0.0,"enemies":"2 Louse","floor":2.0,"turns":2.0},{"damage":1.0,"enemies":"Jaw Worm","floor":4.0,"turns":4.0},{"damage":45.0,"enemies":"Gremlin Nob","floor":8.0,"turns":6.0},{"damage":9.0,"enemies":"Exordium Wildlife","floor":11.0,"turns":4.0},{"damage":24.0,"enemies":"Lagavulin","floor":13.0,"turns":7.0},{"damage":17.0,"enemies":"Hexaghost","floor":16.0,"turns":8.0},{"damage":10.0,"enemies":"Chosen","floor":18.0,"turns":6.0},{"damage":0.0,"enemies":"3 Byrds","floor":19.0,"turns":2.0},{"damage":17.0,"enemies":"Slavers","floor":24.0,"turns":4.0},{"damage":11.0,"enemies":"Sentry and Sphere","floor":25.0,"turns":6.0},{"damage":0.0,"enemies":"3 Cultists","floor":28.0,"turns":4.0},{"damage":8.0,"enemies":"Shelled Parasite and Fungi","floor":29.0,"turns":3.0},{"damage":3.0,"enemies":"Book of Stabbing","floor":30.0,"turns":4.0},{"damage":0.0,"enemies":"Snake Plant","floor":31.0,"turns":4.0},{"damage":28.0,"enemies":"Collector","floor":33.0,"turns":6.0},{"damage":0,"enemies":"3 Shapes","floor":35,"turns":4},{"damage":13,"enemies":"Orb Walker","floor":39,"turns":4},{"damage":68,"enemies":"Giant Head","floor":41,"turns":7}],"seed_played":"-5701809616137092398","potions_obtained":[{"floor":8.0,"key":"Regen Potion"},{"floor":13.0,"key":"Poison Potion"},{"floor":24.0,"key":"FearPotion"},{"floor":25.0,"key":"SpeedPotion"},{"floor":30.0,"key":"Swift Potion"}],"is_trial":false,"path_per_floor":["M","M","$","M","?","$","R","E","T","?","M","R","E","$","R","B",null,"M","M","T","?","?","R","E","M","T","R","M","M","E","M","R","B",null,"M","?","?","$","M","R","E"],"character_chosen":"THE_SILENT","items_purchased":["Lee\u0027s Waffle","Oddly Smooth Stone","Caltrops"],"campfire_rested":2,"item_purchase_floors":[14,38,38],"current_hp_per_floor":[45,45,45,44,44,44,44,30,30,30,21,39,15,67,67,50,63,53,53,53,53,53,53,50,39,39,39,39,31,28,28,48,20,55,55,55,67,67,54,54,0,0],"gold":1014,"neow_bonus":"ONE_RARE_RELIC","is_prod":false,"is_daily":false,"chose_seed":false,"campfire_upgraded":4,"win_rate":0,"timestamp":1607597260,"path_taken":["M","M","?","M","?","$","R","E","T","?","?","R","E","$","R","BOSS","M","M","?","?","?","R","E","M","T","R","?","M","E","M","R","BOSS","M","?","?","$","M","R","E"],"build_version":"2020-11-30","purchased_purges":3,"victory":false,"max_hp_per_floor":[60,60,60,60,60,60,60,60,60,60,60,60,60,67,67,67,67,67,67,67,67,67,67,67,67,67,67,67,67,67,67,67,67,67,67,67,67,67,67,67,67,67],"card_choices":[{"not_picked":["Underhanded Strike","Dodge and Roll"],"picked":"Dagger Spray","floor":1.0},{"not_picked":["Quick Slash","Bane"],"picked":"Backflip","floor":2.0},{"not_picked":["Dagger Spray","Prepared"],"picked":"Crippling Poison","floor":4.0},{"not_picked":["Infinite Blades","Deadly Poison"],"picked":"Noxious Fumes","floor":8.0},{"not_picked":["Sucker Punch","Eviscerate","Prepared"],"picked":"SKIP","floor":11.0},{"not_picked":["Bane","Tactician"],"picked":"Envenom","floor":13.0},{"not_picked":["Storm of Steel","Tools of the Trade"],"picked":"Adrenaline","floor":16.0},{"not_picked":["Skewer","Blur"],"picked":"Deflect","floor":18.0},{"not_picked":["Expertise","Quick Slash","Accuracy"],"picked":"SKIP","floor":19.0},{"not_picked":["Outmaneuver","Cloak And Dagger"],"picked":"Backstab","floor":24.0},{"not_picked":["Cloak And Dagger","Blade Dance"],"picked":"Catalyst","floor":25.0},{"not_picked":["Tactician","Quick Slash"],"picked":"Dagger Throw+1","floor":28.0},{"not_picked":["Leg Sweep","Deflect+1"],"picked":"PiercingWail","floor":28.0},{"not_picked":["Accuracy","Riddle With Holes"],"picked":"Blade Dance","floor":29.0},{"not_picked":["Dagger Spray","Quick Slash","Finisher"],"picked":"SKIP","floor":29.0},{"not_picked":["Prepared","Blur"],"picked":"Tools of the Trade","floor":30.0},{"not_picked":["Bouncing Flask","Caltrops"],"picked":"Cloak And Dagger","floor":31.0},{"not_picked":["Dagger Throw","Choke","Outmaneuver"],"picked":"SKIP","floor":31.0},{"not_picked":["A Thousand Cuts","Burst"],"picked":"Corpse Explosion","floor":33.0},{"not_picked":["Flying Knee","Sucker Punch"],"picked":"Cloak And Dagger","floor":35},{"not_picked":["Sucker Punch","Acrobatics"],"picked":"Escape Plan","floor":35},{"not_picked":["Deflect","Underhanded Strike"],"picked":"Acrobatics","floor":39},{"not_picked":["Calculated Gamble","Deflect","Storm of Steel"],"picked":"SKIP","floor":39}],"player_experience":535348,"relics_obtained":[{"floor":8.0,"key":"Kunai"},{"floor":13.0,"key":"Bronze Scales"},{"floor":17.0,"key":"Lantern"},{"floor":17.0,"key":"Paper Crane"},{"floor":17.0,"key":"TungstenRod"},{"floor":20.0,"key":"Ninja Scroll"},{"floor":24.0,"key":"Shuriken"},{"floor":26.0,"key":"Prayer Wheel"},{"floor":30.0,"key":"Girya"}],"event_choices":[{"damage_healed":0.0,"max_hp_gain":0.0,"max_hp_loss":0.0,"gold_gain":150.0,"event_name":"Liars Game","player_choice":"AGREE","floor":5.0,"gold_loss":0.0,"damage_taken":0.0,"cards_obtained":["Doubt"]},{"damage_healed":0.0,"max_hp_gain":0.0,"max_hp_loss":0.0,"gold_gain":0.0,"cards_transformed":["Strike_G"],"event_name":"Living Wall","player_choice":"Change","floor":10.0,"gold_loss":0.0,"damage_taken":0.0,"cards_obtained":["Quick Slash"]},{"damage_healed":0.0,"max_hp_gain":0.0,"max_hp_loss":0.0,"gold_gain":0.0,"event_name":"Ghosts","player_choice":"Ignored","floor":21.0,"gold_loss":0.0,"damage_taken":0.0},{"damage_healed":0.0,"max_hp_gain":0.0,"max_hp_loss":0.0,"gold_gain":0.0,"cards_transformed":["Strike_G"],"event_name":"Transmorgrifier","player_choice":"Transformed","floor":22.0,"gold_loss":0.0,"damage_taken":0.0,"cards_obtained":["Endless Agony"]},{"damage_healed":0,"gold_gain":999,"player_choice":"Gold","damage_taken":0,"max_hp_gain":0,"max_hp_loss":0,"event_name":"MindBloom","floor":36,"gold_loss":0,"cards_obtained":["Normality","Normality"]},{"damage_healed":13,"gold_gain":0,"player_choice":"Writhe","damage_taken":0,"max_hp_gain":0,"max_hp_loss":0,"event_name":"Winding Halls","floor":37,"gold_loss":0,"cards_obtained":["Writhe"]}],"is_beta":false,"boss_relics":[{"not_picked":["Snecko Eye","SacredBark"],"picked":"Calling Bell"},{"not_picked":["Black Star","Velvet Choker"],"picked":"Sozu"}],"items_purged_floors":[3,6,38],"is_endless":false,"potions_floor_spawned":[8,13,24,25,30,35],"killed_by":"Giant Head","ascension_level":19}}