{"host":"9sljmwdfk42tzqyu","time":1607562203,"event":{"gold_per_floor":[15,15,25,25,43,43,73,73,125,152,152,77,77,102,102,198,198,210,61,61,78,98,98,131,131,131,55,55,66,116,133,133,228,228,241,255,269,18,36,36,36,53,79,116,180,0,32,54,54,54,54],"floor_reached":50,"playtime":3249,"items_purged":["Strike_G","Regret"],"score":676,"play_id":"c1210d5b-e181-428e-aa06-b338fbd90f2d","local_time":"20201209200323","is_ascension_mode":true,"campfire_choices":[{"data":"Master of Strategy","floor":6.0,"key":"SMITH"},{"data":"Survivor","floor":8.0,"key":"SMITH"},{"data":"A Thousand Cuts","floor":13,"key":"SMITH"},{"data":"Blade Dance","floor":23,"key":"SMITH"},{"data":"Neutralize","floor":25,"key":"SMITH"},{"data":"Infinite Blades","floor":28,"key":"SMITH"},{"floor":32,"key":"REST"},{"data":"Limit Break","floor":40,"key":"SMITH"},{"floor":49,"key":"RECALL"}],"neow_cost":"NO_GOLD","seed_source_timestamp":9955743249900,"circlet_count":0,"master_deck":["Strike_G","Strike_G","Strike_G","Defend_G","Defend_G+1","Defend_G","Defend_G","Defend_G+1","Survivor+1","Neutralize+1","Master of Strategy+1","Blade Dance+1","Quick Slash","PiercingWail","A Thousand Cuts+1","Dagger Spray+1","Adrenaline","Quick Slash+1","hubris:Sniper+1","Cloak And Dagger","Infinite Blades+1","Backflip","Limit Break+1","Replay:Undeath\u0027s Touch","Writhe","Sword Boomerang","hubris:Greed","hubris:Sloth","Blade Dance+1","Storm of Steel","Pummel"],"special_seed":0,"relics":["Ring of the Snake","GremlinMask","Bronze Scales","hubris:TenFootPole","Nunchaku","Cursed Key","Vajra","Shuriken","ReplayFunnel","hubris:DisguiseKit","Toy Ornithopter","Replay:Baseball","Unceasing Top","Simple Rune","Red Mask","hubris:MysteriousPyramids"],"potions_floor_usage":[14,33,39,39,48,50,50,50],"damage_taken":[{"damage":0.0,"enemies":"Jaw Worm","floor":1.0,"turns":5.0},{"damage":0.0,"enemies":"Cultist","floor":3.0,"turns":5.0},{"damage":0.0,"enemies":"Small Slimes","floor":5.0,"turns":3.0},{"damage":26.0,"enemies":"3 Sentries","floor":7.0,"turns":14.0},{"damage":14.0,"enemies":"Lagavulin","floor":10.0,"turns":5.0},{"damage":11,"enemies":"Gremlin Nob","floor":14,"turns":4},{"damage":33,"enemies":"Hexaghost","floor":16,"turns":10},{"damage":8,"enemies":"Spheric Guardian","floor":18,"turns":4},{"damage":9,"enemies":"2 Thieves","floor":21,"turns":2},{"damage":0,"enemies":"Chosen and Byrds","floor":22,"turns":2},{"damage":0,"enemies":"Gremlin Leader","floor":24,"turns":3},{"damage":16,"enemies":"Snake Plant","floor":29,"turns":4},{"damage":5,"enemies":"3 Cultists","floor":31,"turns":4},{"damage":16,"enemies":"Champ","floor":33,"turns":7},{"damage":21,"enemies":"3 Darklings","floor":35,"turns":3},{"damage":0,"enemies":"Orb Walker","floor":36,"turns":4},{"damage":8,"enemies":"Spire Growth","floor":37,"turns":4},{"damage":2,"enemies":"Writhing Mass","floor":39,"turns":5},{"damage":14,"enemies":"3 Darklings","floor":42,"turns":4},{"damage":8,"enemies":"R_Hoarder","floor":44,"turns":7},{"damage":16,"enemies":"Giant Head","floor":47,"turns":6},{"damage":39,"enemies":"Spire Growth","floor":48,"turns":4},{"damage":48,"enemies":"Time Eater","floor":50,"turns":5}],"seed_played":"-7339514898018228061","potions_obtained":[{"floor":1.0,"key":"SteroidPotion"},{"floor":7.0,"key":"DistilledChaos"},{"floor":18,"key":"Explosive Potion"},{"floor":29,"key":"Doom Potion"},{"floor":31,"key":"Dexterity Potion"},{"floor":35,"key":"Flashbang"},{"floor":37,"key":"Explosive Potion"},{"floor":44,"key":"Explosive Potion"},{"floor":45,"key":"Regen Potion"},{"floor":48,"key":"Adrenaline Potion"}],"is_trial":false,"path_per_floor":["M","?","M","?","M","R","E","R","T","E","?","$","R","E","R","B",null,"M","$","?","M","M","R","E","R","T","$","R","M","?","M","R","B",null,"M","M","M","$","M","R","?","M","T","E","?","?","E","M","R","B"],"character_chosen":"THE_SILENT","items_purchased":["Vajra","Infinite Blades","Toy Ornithopter"],"campfire_rested":1,"item_purchase_floors":[19,27,38],"current_hp_per_floor":[70,70,70,70,70,70,44,44,44,30,30,30,30,19,40,7,70,62,62,62,53,53,53,53,53,53,53,53,37,37,32,53,37,70,49,49,41,41,49,49,67,53,53,45,45,45,29,4,4,0,0],"gold":54,"neow_bonus":"RANDOM_COLORLESS_2","is_prod":false,"is_daily":false,"chose_seed":false,"campfire_upgraded":7,"win_rate":0,"timestamp":1607562203,"path_taken":["M","?","?","?","M","R","E","R","T","E","?","$","R","E","R","BOSS","M","$","?","M","M","R","E","R","T","$","R","?","?","M","R","BOSS","M","M","M","$","M","R","?","M","T","E","?","?","E","?","R","BOSS"],"build_version":"2020-11-30","purchased_purges":2,"victory":false,"max_hp_per_floor":[70,70,70,70,70,70,70,70,70,70,70,70,70,70,70,70,70,70,70,70,70,70,70,70,70,70,70,70,70,70,70,70,70,70,70,70,70,70,70,70,70,70,70,70,70,70,70,70,70,70,70],"card_choices":[{"not_picked":["Apotheosis","Midas Touch"],"picked":"Master of Strategy","floor":0.0},{"not_picked":["Distraction","Quick Slash"],"picked":"Blade Dance","floor":1.0},{"not_picked":["Dodge and Roll","Underhanded Strike"],"picked":"Quick Slash","floor":3.0},{"not_picked":["Outmaneuver","Deadly Poison","Sucker Punch"],"picked":"SKIP","floor":5.0},{"not_picked":["Flying Knee","Acrobatics","Skewer"],"picked":"SKIP","floor":7.0},{"not_picked":["Acrobatics","Flying Knee"],"picked":"PiercingWail","floor":10.0},{"not_picked":["Fluid Movement","Sneak Up"],"picked":"Dagger Spray","floor":14},{"not_picked":["ReplayTheSpireMod:Necrosis","Phantasmal Killer"],"picked":"Adrenaline","floor":16},{"not_picked":["Poisoned Stab","Noxious Fumes"],"picked":"Quick Slash+1","floor":18},{"not_picked":["hubris:TrickCloak+1","Leg Sweep"],"picked":"hubris:Sniper+1","floor":21},{"not_picked":["Calculated Gamble+1","Dodge and Roll","Prepared"],"picked":"SKIP","floor":22},{"not_picked":["Quick Slash+1","Endless Agony"],"picked":"Cloak And Dagger","floor":24},{"not_picked":["Cloak And Dagger","Terror","Quick Slash","Clash"],"picked":"SKIP","floor":29},{"not_picked":["hubris:SlightOfHand","Bane+1","Spot Weakness"],"picked":"Backflip","floor":31},{"not_picked":["Glass Knife","After Image","Grand Finale"],"picked":"Limit Break","floor":33},{"not_picked":["Cloak And Dagger+1","hubris:SlightOfHand","ReplayTheSpireMod:Speed Training","Shrug It Off"],"picked":"SKIP","floor":35},{"not_picked":["Dagger Throw","PiercingWail+1","Expertise","Iron Wave"],"picked":"SKIP","floor":36},{"not_picked":["Poisoned Stab","Escape Plan+1","Dagger Spray"],"picked":"Replay:Undeath\u0027s Touch","floor":37},{"not_picked":["Night Terror","Toxin Wave+1","Deflect+1","Headbutt"],"picked":"SKIP","floor":39},{"not_picked":["Acrobatics+1","Bouncing Flask+1","Sucker Punch+1"],"picked":"Sword Boomerang","floor":42},{"not_picked":["Sucker Punch","Cloak And Dagger+1","PiercingWail","Havoc"],"picked":"SKIP","floor":44},{"not_picked":["Poisoned Stab","Backflip","Hemokinesis"],"picked":"Blade Dance+1","floor":45},{"not_picked":["Blade Dance","Dagger Throw","True Grit"],"picked":"Storm of Steel","floor":47},{"not_picked":["Replay:Poison Smokescreen","Footwork+1","Deflect+1"],"picked":"Pummel","floor":48}],"player_experience":281769,"relics_obtained":[{"floor":7.0,"key":"Bronze Scales"},{"floor":10.0,"key":"hubris:TenFootPole"},{"floor":14,"key":"Nunchaku"},{"floor":24,"key":"ReplayFunnel"},{"floor":26,"key":"hubris:DisguiseKit"},{"floor":43,"key":"Replay:Baseball"},{"floor":44,"key":"Unceasing Top"},{"floor":45,"key":"Simple Rune"},{"floor":47,"key":"hubris:MysteriousPyramids"}],"event_choices":[{"damage_healed":0.0,"max_hp_gain":0.0,"max_hp_loss":0.0,"gold_gain":0.0,"event_name":"FaceTrader","player_choice":"Trade","floor":2.0,"gold_loss":0.0,"damage_taken":0.0,"relics_obtained":["GremlinMask"]},{"cards_removed":["Strike_G"],"damage_healed":0.0,"max_hp_gain":0.0,"max_hp_loss":0.0,"gold_gain":0.0,"event_name":"Living Wall","player_choice":"Forget","floor":4.0,"gold_loss":0.0,"damage_taken":0.0},{"damage_healed":0,"gold_gain":100,"player_choice":"Bet on Murderer","damage_taken":0,"max_hp_gain":0,"max_hp_loss":0,"event_name":"The Joust","floor":30,"gold_loss":50},{"damage_healed":18,"gold_gain":0,"player_choice":"Writhe","damage_taken":0,"max_hp_gain":0,"max_hp_loss":0,"event_name":"Winding Halls","floor":41,"gold_loss":0,"cards_obtained":["Writhe"]},{"damage_healed":0,"gold_gain":0,"player_choice":"Paid","damage_taken":0,"relics_obtained":["Red Mask"],"max_hp_gain":0,"max_hp_loss":0,"event_name":"Tomb of Lord Red Mask","floor":46,"gold_loss":180}],"is_beta":false,"boss_relics":[{"not_picked":["SlaversCollar","Black Star"],"picked":"Cursed Key"},{"not_picked":["Replay:Wanted Poster","ChewingGum","hubris:RunicObelisk"]}],"items_purged_floors":[12,38],"is_endless":false,"potions_floor_spawned":[1,7,18,29,31,35,37,44,47,48],"killed_by":"Time Eater","ascension_level":4}}