{"host":"d1za9dvx43o9v494","time":1607634549,"event":{"mods":["BaseMod","StSLib","Colored Map","Permanent Neow","Better-Laid Plans","Emptier Cage","Minty Spire (QoL Compilation)","Downfall","2.2 Compatiblity"],"gold_per_floor":[99,99,199,219,144,177,256,288,305,330,343,363,538,20,36,133,133,58,69,100,25,45,77,77,77,77,77,295,295,315,332,351,452,452,452,481,508,524,537,572,596,622,547,581,581,681,693,712,727,727,727,755,422,422,422],"floor_reached":56,"playtime":5616,"items_purged":["Doubt","champ:Strike"],"score":1819,"play_id":"53751de6-d80c-48fd-b0a6-e6bb086eea65","local_time":"20201211000909","is_ascension_mode":true,"campfire_choices":[{"floor":1.0,"key":"RECALL"},{"data":"champ:VampiricStrike","floor":5.0,"key":"SMITH"},{"data":"champ:EndlessRage","floor":18.0,"key":"SMITH"},{"data":"champ:StanceDance","floor":27.0,"key":"SMITH"},{"data":"champ:AdrenalArmor","floor":35,"key":"SMITH"},{"data":"champ:PerfectForm","floor":43,"key":"SMITH"},{"data":"Panache","floor":54,"key":"SMITH"}],"circlet_count":0,"master_deck":["champ:Strike","champ:Strike","champ:Strike+1","champ:Defend+1","champ:Defend+1","champ:Defend+1","champ:Defend","champ:Execute+1","champ:Taunt+1","champ:VampiricStrike+1","champ:RisingSlash","champ:EndlessRage+1","champ:PerfectedStrike+1","champ:DeathBlow+1","champ:PerfectedStrike+1","champ:Encircle+1","champ:Devastate+1","champ:RageSigil+1","champ:Encircle+1","champ:Control+1","champ:CalledShot","champ:StanceDance+1","champ:AdrenalArmor+1","champ:DeathBlow+1","champ:RageSigil","champ:BerserkerStyle+1","champ:GutPunch+1","champ:AdrenalArmor+1","champ:CheapShot+1","champ:PerfectForm+1","champ:FaceSlap+1","Panache+1"],"special_seed":0,"relics":["champ:ChampionCrown","downfall:HeartBlessingRed","The Courier","Letter Opener","Molten Egg 2","Singing Bowl","champ:Barbells","sneckomod:BlankCard","Mummified Hand","sneckomod:SneckoTalon","downfall:HeartBlessingGreen","Prayer Wheel","War Paint","downfall:RedIOU","Enchiridion","Coffee Dripper","Kunai","StoneCalendar","Bag of Marbles","champ:SpectersHand","downfall:HeartBlessingBlue","Happy Flower","downfall:GremlinWheel","PreservedInsect","Guardian:BottledAnomaly","StrikeDummy"],"acts_visited":["Exordium","TheCity","TheBeyond","TheEnding"],"potions_floor_usage":[55,55,55,55,55,55],"damage_taken":[{"damage":9.0,"enemies":"Jaw Worm","floor":4.0,"turns":4.0},{"damage":46.0,"enemies":"Lagavulin","floor":6.0,"turns":9.0},{"damage":55.0,"enemies":"3 Sentries","floor":8.0,"turns":10.0},{"damage":2.0,"enemies":"2 Louse","floor":9.0,"turns":3.0},{"damage":10.0,"enemies":"Gremlin Nob","floor":10.0,"turns":3.0},{"damage":1.0,"enemies":"Cultist","floor":11.0,"turns":3.0},{"damage":8.0,"enemies":"2 Fungi Beasts","floor":12.0,"turns":3.0},{"damage":3.0,"enemies":"downfall:FleeingMerchant","floor":14.0,"turns":4.0},{"damage":0.0,"enemies":"3 Louse","floor":15.0,"turns":2.0},{"damage":61.0,"enemies":"downfall:Watcher","floor":16.0,"turns":8.0},{"damage":15.0,"enemies":"Spheric Guardian","floor":19.0,"turns":4.0},{"damage":30.0,"enemies":"Gremlin Leader","floor":20.0,"turns":7.0},{"damage":9.0,"enemies":"downfall:FleeingMerchant","floor":21.0,"turns":4.0},{"damage":26.0,"enemies":"3 Byrds","floor":22.0,"turns":3.0},{"damage":59.0,"enemies":"Slavers","floor":23.0,"turns":4.0},{"damage":33,"enemies":"Centurion and Healer","floor":30,"turns":4},{"damage":6,"enemies":"Snecko","floor":31,"turns":3},{"damage":26,"enemies":"Snake Plant","floor":32,"turns":3},{"damage":66,"enemies":"downfall:Defect","floor":33,"turns":5},{"damage":69,"enemies":"Giant Head","floor":36,"turns":6},{"damage":5,"enemies":"3 Shapes","floor":38,"turns":2},{"damage":17,"enemies":"3 Darklings","floor":39,"turns":3},{"damage":58,"enemies":"Reptomancer","floor":40,"turns":4},{"damage":83,"enemies":"Nemesis","floor":42,"turns":5},{"damage":42,"enemies":"Reptomancer","floor":44,"turns":2},{"damage":20,"enemies":"Reptomancer","floor":46,"turns":2},{"damage":25,"enemies":"Jaw Worm Horde","floor":47,"turns":3},{"damage":62,"enemies":"Spire Growth","floor":48,"turns":2},{"damage":78,"enemies":"Transient","floor":49,"turns":5},{"damage":43,"enemies":"downfall:Ironclad","floor":50,"turns":4},{"damage":104,"enemies":"downfall:CharBossMerchant","floor":52,"turns":6},{"damage":166,"enemies":"downfall:NeowBoss","floor":55,"turns":12}],"seed_played":"8047783993565815864","potions_obtained":[{"floor":6.0,"key":"Ancient Potion"},{"floor":8.0,"key":"ColorlessPotion"},{"floor":9.0,"key":"EssenceOfSteel"},{"floor":11.0,"key":"PowerPotion"},{"floor":31,"key":"SteroidPotion"},{"floor":47,"key":"EntropicBrew"}],"is_trial":false,"path_per_floor":["R","?","?","M","R","E","T","E","M","E","M","M","?","$","M","B",null,"R","M","E","$","M","E","T","?","?","R","$","?","M","M","M","B",null,"R","E","?","M","M","E","T","E","R","E","?","?","M","M","M","B",null,"E","$","R","B",null],"character_chosen":"THE_CHAMP","items_purchased":["champ:Barbells","sneckomod:BlankCard","Mummified Hand","champ:CalledShot","champ:DeathBlow+1","StrikeDummy","Panache"],"campfire_rested":0,"item_purchase_floors":[14,14,14,21,28,53,53],"current_hp_per_floor":[90,95,95,95,95,76,76,54,64,81,94,88,88,89,97,84,97,97,87,97,97,97,78,78,78,58,58,58,42,78,93,102,110,110,110,112,112,116,105,120,120,102,112,134,134,134,118,140,144,144,144,146,146,146,146],"gold":422,"neow_bonus":"ONE_RANDOM_RARE_CARD","is_daily":false,"chose_seed":false,"campfire_upgraded":6,"win_rate":0,"timestamp":1607634549,"path_taken":["R","?","?","M","R","E","T","E","M","E","?","M","?","$","M","BOSS","R","M","E","$","M","E","T","?","?","R","$","?","M","?","M","BOSS","R","E","?","M","M","E","T","E","R","E","?","?","?","M","M","BOSS","E","$","R","BOSS"],"build_version":"2020-11-30","purchased_purges":2,"victory":true,"max_hp_per_floor":[90,95,95,95,95,95,95,95,95,95,95,97,97,97,97,97,97,97,97,97,97,99,101,101,101,106,106,106,106,108,108,110,110,110,110,112,112,116,118,120,120,122,132,134,134,134,138,140,144,144,144,146,146,146,146],"card_choices":[{"not_picked":["champ:ShieldSigil","champ:BringItOn"],"picked":"champ:RisingSlash","floor":4.0},{"not_picked":["champ:BerserkersShout","champ:Duel"],"picked":"champ:EndlessRage","floor":6.0},{"not_picked":["champ:EnchantShield","champ:CrookedStrike+1"],"picked":"champ:PerfectedStrike+1","floor":8.0},{"not_picked":["champ:StanceDance","champ:FalseCounter","champ:DefensiveShout"],"picked":"SKIP","floor":9.0},{"not_picked":["champ:FaceSlap+1","champ:EnGarde"],"picked":"champ:DeathBlow+1","floor":10.0},{"not_picked":["champ:StanceDance","champ:BringItOn"],"picked":"champ:PerfectedStrike+1","floor":11.0},{"not_picked":["champ:ViciousMockery","champ:HeavySlash+1","champ:Control"],"picked":"Singing Bowl","floor":12.0},{"not_picked":["champ:GladiatorStyle","champ:SwordSigil"],"picked":"champ:Encircle+1","floor":14.0},{"not_picked":["champ:BladeFlurry+1","champ:FocusedGladiator"],"picked":"champ:EndlessRage","floor":15.0},{"not_picked":["champ:Improvising","champ:ShieldThrow+1"],"picked":"champ:Devastate+1","floor":16.0},{"not_picked":["champ:BladeFlurry+1","champ:EndlessRage"],"picked":"champ:RageSigil","floor":19.0},{"not_picked":["champ:BladeFlurry+1","champ:FlashCut+1"],"picked":"champ:Encircle+1","floor":20.0},{"not_picked":["champ:ShieldSigil","champ:GladiatorStyle+1"],"picked":"champ:Control","floor":21.0},{"not_picked":["champ:CalledShot","champ:DefensiveShout"],"picked":"champ:StanceDance","floor":22.0},{"not_picked":["champ:Aggression","champ:FanOfKnives+1","champ:FocusedDefense"],"picked":"Singing Bowl","floor":22.0},{"not_picked":["champ:ShieldThrow+1","champ:Haymaker+1","champ:FanOfKnives+1"],"picked":"Singing Bowl","floor":23.0},{"not_picked":["champ:Backstep+1","champ:CrookedStrike+1"],"picked":"champ:AdrenalArmor","floor":28},{"not_picked":["champ:GladiatorsShout","champ:FanOfKnives+1","champ:PerfectedStrike+1"],"picked":"Singing Bowl","floor":30},{"not_picked":["champ:RageSigil","champ:Circumvent","champ:HeartStrike+1"],"picked":"SKIP","floor":30},{"not_picked":["champ:Circumvent","champ:HeartStrike+1"],"picked":"champ:RageSigil","floor":30},{"not_picked":["champ:EndlessRage","champ:FanOfKnives+1"],"picked":"champ:BerserkerStyle+1","floor":31},{"not_picked":["champ:CalledShot+1","champ:BladeFlurry+1"],"picked":"champ:GutPunch+1","floor":31},{"not_picked":["champ:BerserkersShout+1","champ:ShieldSigil"],"picked":"champ:AdrenalArmor+1","floor":32},{"not_picked":["champ:BerserkersShout","champ:Aggression","champ:DeathBlow+1"],"picked":"Singing Bowl","floor":32},{"not_picked":["champ:HeavySlash+1","champ:EnchantCrown"],"picked":"champ:CheapShot+1","floor":33},{"not_picked":["champ:Encircle+1","champ:DefensiveShout","champ:CalledShot+1"],"picked":"Singing Bowl","floor":36},{"not_picked":["champ:ViciousMockery+1","champ:DefensiveShout","champ:TornadoPunch+1"],"picked":"Singing Bowl","floor":38},{"not_picked":["champ:FanOfKnives+1","champ:Encircle+1","champ:GladiatorsShout+1"],"picked":"Singing Bowl","floor":38},{"not_picked":["champ:HeartStrike+1","champ:RecklessLeap+1"],"picked":"champ:PerfectForm","floor":39},{"not_picked":["champ:AdrenalArmor+1","champ:RageSigil+1","champ:Shatter+1"],"picked":"Singing Bowl","floor":39},{"not_picked":["champ:TornadoPunch+1","champ:EndlessRage+1","champ:SwordSigil+1"],"picked":"Singing Bowl","floor":40},{"not_picked":["champ:DefensiveShout+1","champ:Encircle+1","champ:BringItOn+1"],"picked":"Singing Bowl","floor":42},{"not_picked":["champ:ShieldThrow+1","champ:CrookedStrike+1","champ:PerfectedStrike+1"],"picked":"Singing Bowl","floor":44},{"not_picked":["champ:SwordSigil+1","champ:Duel+1","champ:GutPunch+1"],"picked":"Singing Bowl","floor":47},{"not_picked":["champ:Encircle+1","champ:PerfectedStrike+1","champ:GladiatorsShout"],"picked":"Singing Bowl","floor":47},{"not_picked":["champ:BerserkersShout+1","champ:StanceDance+1","champ:ViciousMockery"],"picked":"Singing Bowl","floor":48},{"not_picked":["champ:CrookedStrike+1","champ:FanOfKnives+1"],"picked":"champ:FaceSlap+1","floor":48},{"not_picked":["champ:EndlessRage","champ:Encircle+1","champ:HeartStrike+1"],"picked":"Singing Bowl","floor":49},{"not_picked":["champ:FaceSlap+1","champ:ShieldSigil","champ:Haymaker+1"],"picked":"Singing Bowl","floor":49},{"not_picked":["champ:FlashCut+1","champ:Aggression+1","champ:ViciousMockery"],"picked":"Singing Bowl","floor":52}],"player_experience":545452,"relics_obtained":[{"floor":6.0,"key":"The Courier"},{"floor":7.0,"key":"Letter Opener"},{"floor":8.0,"key":"Molten Egg 2"},{"floor":10.0,"key":"Singing Bowl"},{"floor":20.0,"key":"Prayer Wheel"},{"floor":23.0,"key":"Toy Ornithopter"},{"floor":24.0,"key":"War Paint"},{"floor":29,"key":"Enchiridion"},{"floor":36,"key":"Kunai"},{"floor":40,"key":"StoneCalendar"},{"floor":41,"key":"Bag of Marbles"},{"floor":42,"key":"champ:SpectersHand"},{"floor":44,"key":"Happy Flower"},{"floor":46,"key":"downfall:GremlinWheel"},{"floor":52,"key":"PreservedInsect"},{"floor":52,"key":"Guardian:BottledAnomaly"}],"event_choices":[{"damage_healed":0.0,"max_hp_gain":5.0,"max_hp_loss":0.0,"gold_gain":0.0,"event_name":"Big Fish","player_choice":"Donut","floor":2.0,"gold_loss":0.0,"damage_taken":0.0},{"cards_removed":["champ:EndlessRage"],"damage_healed":0,"gold_gain":0,"player_choice":"Removed Power","damage_taken":0,"max_hp_gain":0,"max_hp_loss":0,"event_name":"Falling","floor":45,"gold_loss":0}],"is_beta":false,"boss_relics":[{"not_picked":["champ:ChampionCrownUpgraded","Pandora\u0027s Box"],"picked":"sneckomod:SneckoTalon"},{"not_picked":["Runic Pyramid","SlaversCollar"],"picked":"Coffee Dripper"}],"items_purged_floors":[14,28],"is_endless":false,"potions_floor_spawned":[6,8,9,11,16,20,31,33,36,40,42,46,47,48],"ascension_level":1}}