{"host":"u5hfrceatticevdm","time":1607629928,"event":{"mods":["BaseMod","StSLib","Conspire","Hubris","Minty Spire (QoL Compilation)","Act Like it!","Halation","Useless Jewels Mod","Aspiration","Energized Spire","vexMod","GifTheSpireLib","HexUI Lib","Replay The Spire","Stuff the Spire","Unceasing Turn Reminder","2.2 Compatiblity","Better Synergies","Magineer Mod","Spikes Relics","Waifu the Spire","Alarm Clock","Downfall","Spicy Shops","Humility","Small Relic Pack","Hyrulean Relics","The Construct","Friendly Minions"],"gold_per_floor":[111,111,111,386,104,133,133,93,93],"floor_reached":8,"playtime":422,"items_purged":["Regret"],"score":52,"play_id":"17e4bf1f-a46a-4893-8f83-78d3642e2172","local_time":"20201210145208","is_ascension_mode":false,"campfire_choices":[{"floor":7,"key":"REST"}],"circlet_count":0,"master_deck":["Strike_B","Strike_B","Strike_B","Strike_B","Defend_B","Defend_B","Defend_B","Defend_B","Zap","Dualcast","Coolheaded","Normality","Glacier"],"special_seed":0,"relics":["Cracked Core","Vajra","Anchor","StuffTheSpire:HeavyRock"],"acts_visited":["Exordium"],"potions_floor_usage":[6],"damage_taken":[{"damage":10.0,"enemies":"Small Slimes","floor":1.0,"turns":3.0},{"damage":61,"enemies":"3 Sentries","floor":6,"turns":14},{"damage":58,"enemies":"Gremlin Nob","floor":8,"turns":3}],"seed_played":"9045812905821101987","potions_obtained":[{"floor":1.0,"key":"DistilledChaos"},{"floor":2,"key":"Death Potion"}],"is_trial":false,"path_per_floor":["M","?","?","?","$","E","R","E"],"character_chosen":"DEFECT","items_purchased":["Vajra","Anchor"],"campfire_rested":1,"item_purchase_floors":[5,5],"current_hp_per_floor":[72,72,72,72,72,11,35,0,0],"gold":93,"neow_bonus":"TEN_PERCENT_HP_BONUS","is_daily":false,"chose_seed":false,"campfire_upgraded":0,"win_rate":0,"timestamp":1607629928,"path_taken":["M","?","?","?","$","E","R","E"],"build_version":"2020-11-30","purchased_purges":1,"victory":false,"max_hp_per_floor":[82,82,82,82,82,82,82,82,82],"card_choices":[{"not_picked":["Turbo","StuffTheSpire:Rend"],"picked":"Coolheaded","floor":1.0},{"not_picked":["Redo","Rip and Tear"],"picked":"Glacier","floor":6}],"player_experience":752747,"relics_obtained":[{"floor":6,"key":"StuffTheSpire:HeavyRock"}],"event_choices":[{"damage_healed":0,"gold_gain":0,"player_choice":"Ignored","damage_taken":0,"max_hp_gain":0,"max_hp_loss":0,"event_name":"Liars Game","floor":3,"gold_loss":0},{"damage_healed":0,"gold_gain":275,"player_choice":"Desecrate","damage_taken":0,"max_hp_gain":0,"max_hp_loss":0,"event_name":"Golden Shrine","floor":4,"gold_loss":0,"cards_obtained":["Regret"]}],"is_beta":false,"boss_relics":[],"items_purged_floors":[5],"is_endless":false,"potions_floor_spawned":[1],"killed_by":"Gremlin Nob","ascension_level":0}}