{"host":"j0a1jfichhxu8b8p","time":1607604303,"event":{"gold_per_floor":[116,116,128,146,146,146,159,174,474,498,531,531,531,565,565,565,565],"floor_reached":16,"playtime":559,"items_purged":[],"score":196,"play_id":"4ac10e88-80f8-4bf1-9a3e-56ca0018128d","local_time":"20201210214503","is_ascension_mode":true,"campfire_choices":[{"data":"Armaments","floor":6.0,"key":"SMITH"},{"data":"Uppercut","floor":12,"key":"SMITH"},{"data":"Dark Embrace","floor":15,"key":"SMITH"}],"neow_cost":"NONE","seed_source_timestamp":51407898872000,"circlet_count":0,"master_deck":["AscendersBane","Strike_R","Strike_R","Strike_R","Strike_R","Defend_R","Defend_R","Defend_R","Defend_R","Bash","Ghostly Armor","Shockwave","Armaments+1","Dark Embrace+1","Uppercut+1","Ghostly Armor"],"special_seed":0,"relics":["Burning Blood","Golden Idol","Old Coin","Calipers","Du-Vu Doll"],"potions_floor_usage":[11],"damage_taken":[{"damage":3.0,"enemies":"2 Louse","floor":1.0,"turns":4.0},{"damage":2.0,"enemies":"Small Slimes","floor":3.0,"turns":6.0},{"damage":4.0,"enemies":"Jaw Worm","floor":4.0,"turns":5.0},{"damage":3.0,"enemies":"Looter","floor":7.0,"turns":4.0},{"damage":9.0,"enemies":"Blue Slaver","floor":8.0,"turns":6.0},{"damage":1.0,"enemies":"2 Fungi Beasts","floor":10.0,"turns":5.0},{"damage":20,"enemies":"Lagavulin","floor":11,"turns":10},{"damage":27,"enemies":"Gremlin Nob","floor":14,"turns":5},{"damage":0,"enemies":"Hexaghost","floor":16,"turns":2}],"seed_played":"-8294464473199505128","potions_obtained":[{"floor":1.0,"key":"Strength Potion"},{"floor":14,"key":"BloodPotion"}],"is_trial":false,"path_per_floor":["M","?","M","M","?","R","M","M","T","M","E","R","?","E","R","B"],"character_chosen":"IRONCLAD","items_purchased":[],"campfire_rested":0,"item_purchase_floors":[],"current_hp_per_floor":[71,71,75,75,49,49,52,49,49,54,40,40,45,24,24,24,24],"gold":565,"neow_bonus":"TRANSFORM_CARD","is_prod":false,"is_daily":false,"chose_seed":false,"campfire_upgraded":3,"win_rate":0,"timestamp":1607604303,"path_taken":["M","?","M","M","?","R","M","M","T","M","E","R","?","E","R","BOSS"],"build_version":"2020-11-30","purchased_purges":0,"victory":false,"max_hp_per_floor":[75,75,75,75,75,75,75,75,75,75,75,75,80,80,80,80,80],"card_choices":[{"not_picked":["Havoc","True Grit"],"picked":"Shockwave","floor":1.0},{"not_picked":["Sword Boomerang","Reckless Charge"],"picked":"Armaments","floor":3.0},{"not_picked":["Anger","Flex","Clash"],"picked":"SKIP","floor":4.0},{"not_picked":["Inflame","Heavy Blade","Clothesline"],"picked":"SKIP","floor":7.0},{"not_picked":["Warcry","Iron Wave"],"picked":"Dark Embrace","floor":8.0},{"not_picked":["Flex","Anger","Iron Wave"],"picked":"SKIP","floor":10.0},{"not_picked":["Havoc","Hemokinesis"],"picked":"Uppercut","floor":11},{"not_picked":["Metallicize","Havoc"],"picked":"Ghostly Armor","floor":14}],"player_experience":270340,"relics_obtained":[{"floor":9.0,"key":"Old Coin"},{"floor":11,"key":"Calipers"},{"floor":14,"key":"Du-Vu Doll"}],"event_choices":[{"damage_healed":0.0,"max_hp_gain":0.0,"max_hp_loss":0.0,"gold_gain":0.0,"event_name":"Liars Game","player_choice":"Ignored","floor":2.0,"gold_loss":0.0,"damage_taken":0.0},{"damage_healed":0.0,"max_hp_gain":0.0,"max_hp_loss":0.0,"gold_gain":0.0,"event_name":"Golden Idol","player_choice":"Take Damage","floor":5.0,"gold_loss":0.0,"damage_taken":26.0,"relics_obtained":["Golden Idol"]},{"damage_healed":0,"gold_gain":0,"player_choice":"Donut","damage_taken":0,"max_hp_gain":5,"max_hp_loss":0,"event_name":"Big Fish","floor":13,"gold_loss":0}],"is_beta":false,"boss_relics":[],"items_purged_floors":[],"is_endless":false,"potions_floor_spawned":[1,14],"killed_by":"Hexaghost","ascension_level":15}}