{"host":"lstuuc6roym1046h","time":1607606832,"event":{"gold_per_floor":[117,137,137,0,0,30,45,45,68,78,112,172,188,201,201,201,201],"floor_reached":16,"playtime":1047,"items_purged":[],"score":224,"play_id":"4d405f8b-2d3e-445f-b5b4-d37f89dcd524","local_time":"20201210132712","is_ascension_mode":true,"campfire_choices":[{"floor":8,"key":"REST"},{"floor":15,"key":"REST"}],"neow_cost":"NONE","seed_source_timestamp":5148244616900,"circlet_count":0,"master_deck":["AscendersBane","Strike_G","Strike_G","Strike_G","Strike_G","Strike_G","Defend_G","Defend_G","Defend_G","Defend_G","Defend_G","Survivor","Neutralize+1","Poisoned Stab","Dagger Spray","Noxious Fumes","Deadly Poison","Footwork","Leg Sweep","Cloak And Dagger+1","Backflip+1","Calculated Gamble+1"],"special_seed":0,"relics":["Ring of the Snake","Nunchaku","Anchor","Akabeko","Toxic Egg 2","Centennial Puzzle"],"potions_floor_usage":[6,11,16,16],"damage_taken":[{"damage":14.0,"enemies":"Jaw Worm","floor":1.0,"turns":9.0},{"damage":0.0,"enemies":"Cultist","floor":2.0,"turns":4.0},{"damage":41,"enemies":"Lagavulin","floor":6,"turns":8},{"damage":0,"enemies":"2 Louse","floor":7,"turns":2},{"damage":0,"enemies":"2 Fungi Beasts","floor":10,"turns":3},{"damage":1,"enemies":"3 Sentries","floor":11,"turns":8},{"damage":14,"enemies":"3 Sentries","floor":12,"turns":8},{"damage":0,"enemies":"Blue Slaver","floor":13,"turns":3},{"damage":0,"enemies":"Gremlin Gang","floor":14,"turns":3},{"damage":37,"enemies":"Hexaghost","floor":16,"turns":11}],"seed_played":"-2362102574710005438","potions_obtained":[{"floor":7,"key":"Weak Potion"},{"floor":10,"key":"EssenceOfSteel"},{"floor":11,"key":"FearPotion"}],"is_trial":false,"path_per_floor":["M","M","?","$","?","E","M","R","T","M","E","?","M","M","R","B"],"character_chosen":"THE_SILENT","items_purchased":["Noxious Fumes","Block Potion"],"campfire_rested":2,"item_purchase_floors":[4,4],"current_hp_per_floor":[51,51,51,51,51,10,10,31,31,31,30,16,16,16,37,0,0],"gold":201,"neow_bonus":"TEN_PERCENT_HP_BONUS","is_prod":false,"is_daily":false,"chose_seed":false,"campfire_upgraded":0,"win_rate":0,"timestamp":1607606832,"path_taken":["M","M","?","?","?","E","M","R","T","M","E","?","?","M","R","BOSS"],"build_version":"2020-11-30","purchased_purges":0,"victory":false,"max_hp_per_floor":[72,72,72,72,72,72,72,72,72,72,72,72,72,72,72,72,72],"relic_stats":{"Nunchaku":[6],"Centennial Puzzle":[6],"counters":[10,59],"obtain_stats":[{"Nunchaku":3,"Anchor":6,"Centennial Puzzle":12,"Toxic Egg 2":11,"Akabeko":9,"Ring of the Snake":0},{"Nunchaku":2,"Anchor":3,"Centennial Puzzle":6,"Toxic Egg 2":6,"Akabeko":4,"Ring of the Snake":0},{"Nunchaku":13,"Anchor":21,"Centennial Puzzle":34,"Toxic Egg 2":34,"Akabeko":23,"Ring of the Snake":0}],"Ring of the Snake":[20]},"card_choices":[{"not_picked":["Dagger Throw","Blade Dance"],"picked":"Poisoned Stab","floor":1.0},{"not_picked":["Tactician","Prepared"],"picked":"Dagger Spray","floor":2.0},{"not_picked":["Deflect","Masterful Stab"],"picked":"Deadly Poison","floor":6},{"not_picked":["A Thousand Cuts","Concentrate"],"picked":"Footwork","floor":7},{"not_picked":["Blur","Dodge and Roll"],"picked":"Leg Sweep","floor":10},{"not_picked":["Flying Knee","Prepared+1"],"picked":"Cloak And Dagger+1","floor":11},{"not_picked":["Poisoned Stab","All Out Attack"],"picked":"Backflip+1","floor":12},{"not_picked":["Unload","Distraction+1","Dagger Spray"],"picked":"SKIP","floor":13},{"not_picked":["Quick Slash","Dash"],"picked":"Calculated Gamble+1","floor":14}],"player_experience":801769,"relics_obtained":[{"floor":3.0,"key":"Nunchaku"},{"floor":6,"key":"Anchor"},{"floor":9,"key":"Akabeko"},{"floor":11,"key":"Toxic Egg 2"}],"event_choices":[{"damage_healed":0.0,"max_hp_gain":0.0,"max_hp_loss":0.0,"gold_gain":0.0,"event_name":"Wheel of Change","player_choice":"Relic","floor":3.0,"gold_loss":0.0,"damage_taken":0.0},{"damage_healed":0.0,"max_hp_gain":0.0,"max_hp_loss":0.0,"gold_gain":0.0,"event_name":"Living Wall","player_choice":"Grow","floor":5.0,"gold_loss":0.0,"damage_taken":0.0,"cards_upgraded":["Neutralize"]},{"damage_healed":0,"gold_gain":0,"player_choice":"Searched \u00272\u0027 times","damage_taken":0,"relics_obtained":["Centennial Puzzle"],"max_hp_gain":0,"max_hp_loss":0,"event_name":"Dead Adventurer","floor":12,"gold_loss":0}],"is_beta":false,"boss_relics":[],"items_purged_floors":[],"is_endless":false,"potions_floor_spawned":[7,10,11,13,14],"killed_by":"Hexaghost","ascension_level":20}}