{"host":"ry6l6fs2ordh092u","time":1607586258,"event":{"gold_per_floor":[997,1047,553,573,585,611,630,647,647,647,657,51,76,76,76,153,153,153],"floor_reached":17,"playtime":295,"items_purged":["Strike_R"],"score":559,"play_id":"7fc8c967-5225-498b-bde4-68f6dda12924","local_time":"20201210164418","is_ascension_mode":true,"campfire_choices":[{"data":"Bloodletting","floor":10.0,"key":"SMITH"},{"data":"Carnage","floor":15,"key":"SMITH"}],"neow_cost":"","seed_source_timestamp":977546173004466,"circlet_count":0,"master_deck":["AscendersBane","Strike_R","Strike_R","Strike_R","Strike_R","Defend_R","Defend_R","Defend_R","Defend_R","Bash","Twin Strike","Shockwave","Shrug It Off","Cleave","Twin Strike","Carnage+1","Bloodletting+1","Offering"],"special_seed":0,"relics":["Burning Blood","Lee\u0027s Waffle","Akabeko","Centennial Puzzle","Toy Ornithopter","Sundial","Gambling Chip","Gremlin Horn","Charon\u0027s Ashes","Mango","Champion Belt","Cursed Key"],"potions_floor_usage":[],"damage_taken":[{"damage":7.0,"enemies":"Small Slimes","floor":1.0,"turns":4.0},{"damage":0.0,"enemies":"Cultist","floor":4.0,"turns":3.0},{"damage":3.0,"enemies":"2 Louse","floor":5.0,"turns":2.0},{"damage":25.0,"enemies":"3 Sentries","floor":6.0,"turns":6.0},{"damage":26.0,"enemies":"Gremlin Gang","floor":7.0,"turns":3.0},{"damage":4.0,"enemies":"2 Fungi Beasts","floor":8.0,"turns":2.0},{"damage":3.0,"enemies":"Looter","floor":11.0,"turns":1.0},{"damage":21,"enemies":"Lagavulin","floor":13,"turns":4},{"damage":44,"enemies":"The Guardian","floor":16,"turns":7}],"seed_played":"3503864725603712620","potions_obtained":[{"floor":1.0,"key":"Ancient Potion"},{"floor":5.0,"key":"CultistPotion"},{"floor":7.0,"key":"LiquidMemories"},{"floor":16,"key":"SteroidPotion"}],"is_trial":false,"path_per_floor":["M","?","$","M","M","E","M","M","T","R","M","$","E","?","R","B",null],"character_chosen":"IRONCLAD","items_purchased":["Lee\u0027s Waffle","Akabeko","Shockwave","Centennial Puzzle","Toy Ornithopter","Gremlin Horn","Charon\u0027s Ashes"],"campfire_rested":0,"item_purchase_floors":[0,0,3,3,3,12,12],"current_hp_per_floor":[81,73,73,79,82,63,43,45,45,45,48,48,47,47,47,9,74,74],"gold":153,"neow_bonus":"","is_prod":false,"is_daily":false,"chose_seed":false,"campfire_upgraded":2,"win_rate":0,"timestamp":1607586258,"path_taken":["M","?","$","M","?","E","M","M","T","R","M","$","E","?","R","BOSS"],"build_version":"2020-11-30","purchased_purges":1,"victory":false,"max_hp_per_floor":[82,82,82,82,82,82,82,82,82,82,82,82,96,96,96,96,96,96],"card_choices":[{"not_picked":["Disarm","Wild Strike"],"picked":"Twin Strike","floor":1.0},{"not_picked":["Battle Trance","Perfected Strike"],"picked":"Shrug It Off","floor":4.0},{"not_picked":["Body Slam","Flex"],"picked":"Cleave","floor":5.0},{"not_picked":["Clash","Armaments"],"picked":"Twin Strike","floor":6.0},{"not_picked":["Evolve","Corruption"],"picked":"Carnage","floor":7.0},{"not_picked":["Thunderclap","Pommel Strike"],"picked":"Bloodletting","floor":8.0},{"not_picked":["Flex","Cleave","Rupture"],"picked":"SKIP","floor":11.0},{"not_picked":["Iron Wave","Headbutt","Sentinel"],"picked":"SKIP","floor":13},{"not_picked":["Corruption","Limit Break"],"picked":"Offering","floor":16}],"player_experience":426126,"relics_obtained":[{"floor":6.0,"key":"Sundial"},{"floor":9.0,"key":"Gambling Chip"},{"floor":13,"key":"Mango"}],"event_choices":[{"damage_healed":0.0,"max_hp_gain":0.0,"max_hp_loss":0.0,"gold_gain":50.0,"event_name":"FaceTrader","player_choice":"Touch","floor":2.0,"gold_loss":0.0,"damage_taken":8.0},{"damage_healed":0,"gold_gain":0,"player_choice":"Gave Potion","damage_taken":0,"relics_obtained":["Champion Belt"],"max_hp_gain":0,"max_hp_loss":0,"event_name":"WeMeetAgain","floor":14,"gold_loss":0}],"is_beta":false,"boss_relics":[{"not_picked":["Empty Cage","Astrolabe"],"picked":"Cursed Key"}],"items_purged_floors":[3],"is_endless":false,"potions_floor_spawned":[1,5,7,16],"ascension_level":20}}