{"host":"csp9nt53rootlkah","time":1607606230,"event":{"gold_per_floor":[115,40,40,40,64,103,103,144,144,167,185,185,185],"floor_reached":12,"playtime":2064,"items_purged":["TheCursedMod:Strike_TheCursed"],"score":119,"play_id":"c1e0e086-9ed5-4e81-b624-a122d43a5d49","local_time":"20201210211710","is_ascension_mode":true,"campfire_choices":[{"data":"TheCursedMod:CircleOfWindfury","floor":7,"key":"SMITH"}],"neow_cost":"NONE","seed_source_timestamp":261744005459300,"circlet_count":0,"master_deck":["TheCursedMod:Strike_TheCursed","TheCursedMod:Strike_TheCursed","TheCursedMod:Strike_TheCursed","TheCursedMod:Defend_TheCursed+1","TheCursedMod:Defend_TheCursed","TheCursedMod:Defend_TheCursed","TheCursedMod:CursedWand","TheCursedMod:CleanUpWorkshop","TheCursedMod:Dregs","TheCursedMod:CircleOfWindfury+1","TheCursedMod:SpreadPlague+1","Injury","TheCursedMod:ReleasedKnowledge","TheCursedMod:Stretching"],"relics":["TheCursedMod:BlackMagic101","testmod-TestBox","NeowsBlessing","testmod-AssaultLearning","Golden Idol","Pantograph","War Paint","Nunchaku"],"potions_floor_usage":[8],"damage_taken":[{"damage":0,"enemies":"Jaw Worm","floor":1,"turns":1},{"damage":0,"enemies":"Small Slimes","floor":5,"turns":1},{"damage":0,"enemies":"Lagavulin","floor":6,"turns":1},{"damage":23,"enemies":"Gremlin Nob","floor":8,"turns":5},{"damage":1,"enemies":"Cultist","floor":10,"turns":4},{"damage":11,"enemies":"Exordium Wildlife","floor":11,"turns":4},{"damage":33,"enemies":"3 Sentries","floor":12,"turns":7}],"seed_played":"6590082421281422882","potions_obtained":[{"floor":5,"key":"Fire Potion"},{"floor":11,"key":"CultistPotion"}],"is_trial":false,"path_per_floor":["M","$","?","?","M","E","R","E","T","M","M","E"],"character_chosen":"THE_CURSED","items_purchased":[],"campfire_rested":0,"item_purchase_floors":[],"current_hp_per_floor":[75,75,75,75,75,75,75,52,52,51,40,7,7],"gold":185,"neow_bonus":"THREE_ENEMY_KILL","is_prod":false,"is_daily":false,"chose_seed":false,"campfire_upgraded":1,"win_rate":0,"timestamp":1607606230,"path_taken":["M","$","?","?","M","E","R","E","T","M","M","E"],"build_version":"2020-11-30","purchased_purges":1,"victory":false,"max_hp_per_floor":[75,75,75,75,75,75,75,75,75,75,75,75,75],"card_choices":[{"not_picked":["TheCursedMod:RavingStaff","TheCursedMod:TacticalStrike"],"picked":"TheCursedMod:CircleOfWindfury","floor":1},{"not_picked":["TheCursedMod:Mangle","TheCursedMod:CircleOfFlame"],"picked":"TheCursedMod:ReleasedKnowledge","floor":5},{"not_picked":["TheCursedMod:CursedShiv","TheCursedMod:HellsGateOpen"],"picked":"TheCursedMod:Stretching","floor":6},{"not_picked":["TheCursedMod:SurpriseAttack","TheCursedMod:VitalStrike","TheCursedMod:StingEye"],"picked":"SKIP","floor":8},{"not_picked":["TheCursedMod:TacticalStrike","TheCursedMod:CursedShiv","TheCursedMod:CursedBlade"],"picked":"SKIP","floor":10},{"not_picked":["TheCursedMod:FleshFromBone","TheCursedMod:Mangle","TheCursedMod:VitalStrike"],"picked":"SKIP","floor":11}],"player_experience":123651,"relics_obtained":[{"floor":6,"key":"Pantograph"},{"floor":8,"key":"War Paint"},{"floor":9,"key":"Nunchaku"}],"event_choices":[{"damage_healed":0,"gold_gain":0,"cards_transformed":["TheCursedMod:Defend_TheCursed"],"player_choice":"Change","damage_taken":0,"max_hp_gain":0,"max_hp_loss":0,"event_name":"Living Wall","floor":3,"gold_loss":0,"cards_obtained":["TheCursedMod:SpreadPlague"]},{"damage_healed":0,"gold_gain":0,"player_choice":"Take Wound","damage_taken":0,"relics_obtained":["Golden Idol"],"max_hp_gain":0,"max_hp_loss":0,"event_name":"Golden Idol","floor":4,"gold_loss":0,"cards_obtained":["Injury"]}],"is_beta":false,"boss_relics":[],"items_purged_floors":[2],"is_endless":false,"potions_floor_spawned":[5,11],"killed_by":"3 Sentries","ascension_level":1}}