{"host":"3y2rtlgteqp2nuo3","time":1607599159,"event":{"gold_per_floor":[359,370,381,12,23,23,33,33,82,92,126,126,160,178,178,178,178],"floor_reached":16,"playtime":308,"items_purged":["Strike_B"],"score":222,"play_id":"73e474b3-08fe-40aa-9430-ff032ab8919c","local_time":"20201210201919","is_ascension_mode":true,"campfire_choices":[{"data":"Zap","floor":6.0,"key":"SMITH"},{"data":"Creative AI","floor":12.0,"key":"SMITH"},{"data":"Thunder Strike","floor":15,"key":"SMITH"}],"neow_cost":"PERCENT_DAMAGE","seed_source_timestamp":1423025060293400,"circlet_count":0,"master_deck":["AscendersBane","Strike_B","Strike_B","Strike_B","Defend_B","Defend_B","Defend_B","Defend_B","Zap+1","Dualcast","Doom and Gloom","Thunder Strike+1","Hologram","Genetic Algorithm","Creative AI+1","Fission+1","Chaos+1","Turbo+1"],"special_seed":0,"relics":["Cracked Core","ClockworkSouvenir","Blood Vial","Anchor","Toxic Egg 2","Potion Belt"],"potions_floor_usage":[],"damage_taken":[{"damage":0.0,"enemies":"Small Slimes","floor":1.0,"turns":3.0},{"damage":9.0,"enemies":"2 Louse","floor":2.0,"turns":2.0},{"damage":2.0,"enemies":"Jaw Worm","floor":3.0,"turns":3.0},{"damage":8.0,"enemies":"3 Louse","floor":5.0,"turns":2.0},{"damage":8.0,"enemies":"Exordium Wildlife","floor":7.0,"turns":3.0},{"damage":0.0,"enemies":"Looter","floor":10.0,"turns":4.0},{"damage":0.0,"enemies":"3 Sentries","floor":11.0,"turns":4.0},{"damage":14,"enemies":"Gremlin Nob","floor":13,"turns":4},{"damage":0,"enemies":"3 Louse","floor":14,"turns":2},{"damage":26,"enemies":"The Guardian","floor":16,"turns":2}],"seed_played":"4173077701802260540","potions_obtained":[{"floor":1.0,"key":"Explosive Potion"},{"floor":2.0,"key":"AttackPotion"},{"floor":7.0,"key":"EssenceOfSteel"},{"floor":10.0,"key":"Energy Potion"}],"is_trial":false,"path_per_floor":["M","M","M","$","M","R","M","$","T","M","E","R","E","M","R","B"],"character_chosen":"DEFECT","items_purchased":["ClockworkSouvenir","Blood Vial"],"campfire_rested":0,"item_purchase_floors":[4,4],"current_hp_per_floor":[50,41,39,39,33,33,27,27,27,29,31,31,19,21,21,0,0],"gold":178,"neow_bonus":"TWO_FIFTY_GOLD","is_prod":false,"is_daily":false,"chose_seed":false,"campfire_upgraded":3,"win_rate":0,"timestamp":1607599159,"path_taken":["M","M","M","$","M","R","M","$","T","M","E","R","E","M","R","BOSS"],"build_version":"2020-11-30","purchased_purges":1,"victory":false,"max_hp_per_floor":[75,75,75,75,75,75,75,75,75,75,75,75,75,75,75,75,75],"card_choices":[{"not_picked":["Rebound","Coolheaded"],"picked":"Doom and Gloom","floor":1.0},{"not_picked":["Rebound","Steam"],"picked":"Thunder Strike","floor":2.0},{"not_picked":["Cold Snap","Stack"],"picked":"Hologram","floor":3.0},{"not_picked":["Hologram","Stack"],"picked":"Genetic Algorithm","floor":5.0},{"not_picked":["Reprogram","Beam Cell","Conserve Battery"],"picked":"SKIP","floor":7.0},{"not_picked":["FTL","Cold Snap"],"picked":"Creative AI","floor":10.0},{"not_picked":["Heatsinks","Rebound"],"picked":"Fission+1","floor":11.0},{"not_picked":["Sunder","Force Field+1"],"picked":"Chaos+1","floor":13},{"not_picked":["Steam+1","Heatsinks"],"picked":"Turbo+1","floor":14}],"player_experience":853580,"relics_obtained":[{"floor":9.0,"key":"Anchor"},{"floor":11.0,"key":"Toxic Egg 2"},{"floor":13,"key":"Potion Belt"}],"event_choices":[],"is_beta":false,"boss_relics":[],"items_purged_floors":[4],"is_endless":false,"potions_floor_spawned":[1,2,7,10],"killed_by":"The Guardian","ascension_level":12}}