{"host":"gc6vr5n3q8f0hswe","time":1607608083,"event":{"gold_per_floor":[112,149,169,169,16,16,43,43,43,70,87,104,129,141,141,141,141],"floor_reached":16,"playtime":966,"items_purged":[],"score":180,"play_id":"aee04013-735e-42ed-a5e1-e3d90fd2742d","local_time":"20201210134803","is_ascension_mode":true,"campfire_choices":[{"data":"OortCloud","floor":6,"key":"SMITH"},{"data":"MasterSpark","floor":8,"key":"SMITH"},{"data":"GalacticHalo","floor":15,"key":"SMITH"}],"neow_cost":"NONE","seed_source_timestamp":126500292753100,"circlet_count":0,"master_deck":["Strike_MRS","Strike_MRS","Strike_MRS","Defend_MRS","Defend_MRS","Defend_MRS","Defend_MRS","MasterSpark+1","SprinkleStarSeal","OortCloud+1","CollectingQuirk","GalacticHalo+1","MagicAbsorber"],"relics":["MiniHakkero","Gensokyo:Mercy","LetterFromLob","conspire:DecoderRing","HollowMod:PaleOreRelic","Bronze Scales","hubris:64BitClover","AmplifyWand","Peace Pipe"],"potions_floor_usage":[7,7,13,14,16],"damage_taken":[{"damage":0,"enemies":"Gensokyo:Python","floor":1,"turns":3},{"damage":3,"enemies":"conspire:MimicChest","floor":2,"turns":9},{"damage":2,"enemies":"Gensokyo:Gryphon","floor":3,"turns":5},{"damage":3,"enemies":"Gensokyo:Cirno","floor":7,"turns":11},{"damage":0,"enemies":"Gensokyo:Mamizou","floor":10,"turns":9},{"damage":0,"enemies":"Gensokyo:2_Kodama","floor":11,"turns":4},{"damage":0,"enemies":"Gensokyo:Gryphon_and_Rabbit","floor":12,"turns":4},{"damage":14,"enemies":"Gensokyo:Cirno","floor":13,"turns":7},{"damage":0,"enemies":"Gensokyo:VengefulSpirit","floor":14,"turns":6},{"damage":54,"enemies":"Gensokyo:Yukari","floor":16,"turns":11}],"seed_played":"1667607002835024057","potions_obtained":[{"floor":1,"key":"BottledSpark"},{"floor":3,"key":"EssenceOfSteel"},{"floor":11,"key":"BottledSpark"},{"floor":12,"key":"Energy Potion"},{"floor":13,"key":"Elixir"}],"is_trial":false,"path_per_floor":["M","?","M","?","$","R","E","R","T","E","M","M","E","M","R","B"],"character_chosen":"MARISA","items_purchased":["HollowMod:PaleOreRelic"],"campfire_rested":0,"item_purchase_floors":[5],"current_hp_per_floor":[68,65,63,63,63,63,60,60,60,60,60,60,46,46,46,0,0],"gold":141,"neow_bonus":"RANDOM_EVENT","is_prod":false,"is_daily":false,"chose_seed":false,"campfire_upgraded":3,"win_rate":0,"timestamp":1607608083,"path_taken":["M","?","M","?","$","R","E","R","T","E","?","M","E","M","R","BOSS"],"build_version":"2020-11-30","purchased_purges":0,"victory":false,"max_hp_per_floor":[75,75,75,75,75,75,75,75,75,75,75,75,75,75,75,75,75],"relic_stats":{"Peace Pipe":1,"counters":[10,69],"Bronze Scales":[128],"obtain_stats":[{"AmplifyWand":10,"Peace Pipe":13,"Gensokyo:Mercy":0,"hubris:64BitClover":9,"conspire:DecoderRing":2,"Bronze Scales":7,"LetterFromLob":1,"MiniHakkero":0,"HollowMod:PaleOreRelic":5},{"AmplifyWand":5,"Peace Pipe":8,"Gensokyo:Mercy":0,"hubris:64BitClover":4,"conspire:DecoderRing":2,"Bronze Scales":4,"LetterFromLob":1,"MiniHakkero":0,"HollowMod:PaleOreRelic":3},{"AmplifyWand":37,"Peace Pipe":52,"Gensokyo:Mercy":0,"hubris:64BitClover":28,"conspire:DecoderRing":12,"Bronze Scales":28,"LetterFromLob":3,"MiniHakkero":0,"HollowMod:PaleOreRelic":17}]},"card_choices":[{"not_picked":["EventHorizon","RefractionSpark"],"picked":"SprinkleStarSeal","floor":1},{"not_picked":["SporeBomb","PowerUp"],"picked":"OortCloud","floor":2},{"not_picked":["GravityBeat","IllusionStar","CasketOfStar"],"picked":"SKIP","floor":3},{"not_picked":["AsteroidBelt","LuminesStrike","DC"],"picked":"SKIP","floor":7},{"not_picked":["GravityBeat","WitchOfGreed","6A"],"picked":"SKIP","floor":10},{"not_picked":["NonDirectionalLaser","DC","LuminesStrike"],"picked":"SKIP","floor":11},{"not_picked":["StarlightTyphoon","DarkMatter"],"picked":"GalacticHalo","floor":12},{"not_picked":["IllusionStar","MilkyWay","DoubleSpark"],"picked":"SKIP","floor":13},{"not_picked":["DoubleSpark","IllusionStar"],"picked":"MagicAbsorber","floor":14}],"player_experience":451000,"relics_obtained":[{"floor":1,"key":"LetterFromLob"},{"floor":2,"key":"conspire:DecoderRing"},{"floor":7,"key":"Bronze Scales"},{"floor":9,"key":"hubris:64BitClover"},{"floor":10,"key":"AmplifyWand"},{"floor":13,"key":"Peace Pipe"}],"event_choices":[],"is_beta":false,"boss_relics":[],"items_purged_floors":[],"is_endless":false,"potions_floor_spawned":[1,3,11,12,13],"killed_by":"Gensokyo:Yukari","ascension_level":6}}