{"host":"ocllwaoi18j60ltd","time":1607620235,"event":{"mods":["BaseMod","Quick Restart","StSLib","SuperFastMode","DeckTracker","Permanent Neow","Minty Spire (QoL Compilation)"],"gold_per_floor":[117,128,143,162,61,95,95,113,413,353,363,383,383,410,410,410,410],"floor_reached":16,"playtime":506,"items_purged":["Strike_B"],"score":228,"play_id":"429b7ffd-435e-4cb0-8cb6-4893051b8610","local_time":"20201211021035","is_ascension_mode":true,"campfire_choices":[{"data":"Redo","floor":7.0,"key":"SMITH"},{"data":"Darkness","floor":13,"key":"SMITH"},{"floor":15,"key":"REST"}],"circlet_count":0,"master_deck":["AscendersBane","Strike_B","Defend_B","Defend_B","Defend_B","Defend_B","Zap","Dualcast","Rainbow","White Noise","Glacier","Coolheaded","Darkness+1","Genetic Algorithm","Compile Driver","Redo+1","Loop","Creative AI"],"special_seed":0,"relics":["Cracked Core","Bag of Marbles","Old Coin","Symbiotic Virus"],"acts_visited":["Exordium"],"potions_floor_usage":[11,12,14],"damage_taken":[{"damage":12.0,"enemies":"Jaw Worm","floor":1.0,"turns":4.0},{"damage":0.0,"enemies":"Small Slimes","floor":2.0,"turns":3.0},{"damage":0.0,"enemies":"Cultist","floor":3.0,"turns":4.0},{"damage":2.0,"enemies":"Exordium Wildlife","floor":4.0,"turns":6.0},{"damage":34.0,"enemies":"Lagavulin","floor":6.0,"turns":7.0},{"damage":3,"enemies":"Blue Slaver","floor":8,"turns":6},{"damage":16,"enemies":"2 Fungi Beasts","floor":11,"turns":4},{"damage":0,"enemies":"Large Slime","floor":12,"turns":3},{"damage":14,"enemies":"3 Sentries","floor":14,"turns":8},{"damage":27,"enemies":"Hexaghost","floor":16,"turns":9}],"seed_played":"34563104958191263","potions_obtained":[{"floor":3.0,"key":"FairyPotion"},{"floor":6.0,"key":"AttackPotion"},{"floor":11,"key":"AttackPotion"},{"floor":12,"key":"SkillPotion"}],"is_trial":false,"path_per_floor":["M","M","M","M","$","E","R","M","T","?","M","M","R","E","R","B"],"character_chosen":"DEFECT","items_purchased":["Compile Driver"],"campfire_rested":1,"item_purchase_floors":[5],"current_hp_per_floor":[52,52,52,50,50,16,16,13,13,13,19,19,19,5,24,0,0],"gold":410,"neow_bonus":"TRANSFORM_TWO_CARDS","is_daily":false,"chose_seed":false,"campfire_upgraded":2,"win_rate":0,"timestamp":1607620235,"path_taken":["M","M","M","M","$","E","R","M","T","?","M","M","R","E","R","BOSS"],"build_version":"2020-11-30","purchased_purges":1,"victory":false,"max_hp_per_floor":[64,64,64,64,64,64,64,64,64,64,64,64,64,64,64,64,64],"card_choices":[{"not_picked":["Turbo","Stack"],"picked":"Glacier","floor":1.0},{"not_picked":["Loop","Barrage"],"picked":"Coolheaded","floor":2.0},{"not_picked":["Undo","FTL"],"picked":"Darkness","floor":3.0},{"not_picked":["Gash","Leap"],"picked":"Genetic Algorithm","floor":4.0},{"not_picked":["Fission","Barrage"],"picked":"Redo","floor":6.0},{"not_picked":["Beam Cell","Gash","Fusion"],"picked":"SKIP","floor":8},{"not_picked":["Gash","Stack","Steam"],"picked":"SKIP","floor":11},{"not_picked":["Streamline","Turbo"],"picked":"Loop","floor":12},{"not_picked":["Redo","Double Energy"],"picked":"Creative AI","floor":14}],"player_experience":823936,"relics_obtained":[{"floor":6.0,"key":"Bag of Marbles"},{"floor":9,"key":"Old Coin"},{"floor":14,"key":"Symbiotic Virus"}],"event_choices":[{"damage_healed":0,"gold_gain":0,"player_choice":"Left Gold","damage_taken":0,"max_hp_gain":0,"max_hp_loss":0,"event_name":"World of Goop","floor":10,"gold_loss":60}],"is_beta":false,"boss_relics":[],"items_purged_floors":[5],"is_endless":false,"potions_floor_spawned":[3,6,11,12],"killed_by":"Hexaghost","ascension_level":20}}