{"host":"cglr1m0d8tytrlaz","time":1607594910,"event":{"gold_per_floor":[359,374,374,384,107,124,155,155,223,250,261,261,293,319,319,429,429,467,138,180,198,198,198,232,258,258,258,258,357,357,396,396,575,575,612,612,649,252,302,302,302,371,398,410,455,499,511,530,530],"floor_reached":48,"playtime":5457,"items_purged":["hermit:Strike_Hermit","hermit:Strike_Hermit","hermit:Defend_Hermit"],"score":594,"play_id":"ab0ab618-9d87-447f-a037-f5a436fe1f94","local_time":"20201210040830","is_ascension_mode":true,"campfire_choices":[{"data":"hermit:Strike_Hermit","floor":8,"key":"PURGE"},{"floor":12,"key":"REST"},{"data":"hermit:Scavenge","floor":15,"key":"SMITH"},{"data":"hermit:ShadowCloak","floor":23,"key":"SMITH"},{"data":"hermit:Glare","floor":27,"key":"SMITH"},{"floor":30,"key":"REST"},{"data":"hermit:Covet","floor":32,"key":"SMITH"},{"floor":40,"key":"REST"},{"floor":44,"key":"RECALL"}],"neow_cost":"PERCENT_DAMAGE","seed_source_timestamp":14776088417100,"circlet_count":0,"master_deck":["hermit:Defend_Hermit","hermit:Defend_Hermit","hermit:Snapshot","hermit:Covet+1","hermit:Brawl","hermit:WideOpen+1","hermit:Desperado","hermit:Deadeye","hermit:Misfire","hermit:HoleUp","hermit:Ricochet+1","hermit:Deadeye","hermit:Enervate","hermit:DeadOrAlive","hermit:Scavenge+1","hermit:Dissolve","hermit:ShadowCloak+1","hermit:Headshot","hermit:Cheat","hermit:GhostlyPresence","hermit:FatalDesire","hermit:Glare+1","hermit:ItchyTrigger","hermit:LoneWolf","hermit:Manifest","hermit:DeadOrAlive+1","hermit:Dive+1","hermit:CalledShot+1","hermit:Determination","hermit:Grudge+1","Apotheosis","Writhe","hermit:Brawl"],"relics":["hermit:Momento","Peace Pipe","HornCleat","Odd Mushroom","Nunchaku","Sozu","Chemical X","hermit:Spyglass","Question Card","Cursed Key","Membership Card","Lantern","Whetstone","Smiling Mask","MawBank"],"potions_floor_usage":[7,16],"damage_taken":[{"damage":1,"enemies":"Jaw Worm","floor":1,"turns":4},{"damage":0,"enemies":"Small Slimes","floor":2,"turns":3},{"damage":0,"enemies":"Cultist","floor":4,"turns":3},{"damage":6,"enemies":"Gremlin Gang","floor":6,"turns":4},{"damage":0,"enemies":"Gremlin Nob","floor":7,"turns":2},{"damage":9,"enemies":"The Mushroom Lair","floor":10,"turns":3},{"damage":0,"enemies":"Large Slime","floor":11,"turns":4},{"damage":8,"enemies":"3 Sentries","floor":13,"turns":5},{"damage":4,"enemies":"3 Louse","floor":14,"turns":4},{"damage":2,"enemies":"The Guardian","floor":16,"turns":10},{"damage":11,"enemies":"3 Byrds","floor":18,"turns":5},{"damage":12,"enemies":"Spheric Guardian","floor":20,"turns":4},{"damage":7,"enemies":"Cultist and Chosen","floor":21,"turns":8},{"damage":23,"enemies":"Book of Stabbing","floor":24,"turns":6},{"damage":0,"enemies":"Snecko","floor":25,"turns":3},{"damage":5,"enemies":"Chosen and Byrds","floor":31,"turns":5},{"damage":24,"enemies":"Automaton","floor":33,"turns":14},{"damage":25,"enemies":"3 Darklings","floor":35,"turns":6},{"damage":0,"enemies":"Orb Walker","floor":37,"turns":5},{"damage":32,"enemies":"Jaw Worm Horde","floor":39,"turns":5},{"damage":0,"enemies":"Giant Head","floor":42,"turns":7},{"damage":0,"enemies":"Maw","floor":45,"turns":9},{"damage":16,"enemies":"Writhing Mass","floor":46,"turns":10},{"damage":66,"enemies":"Reptomancer","floor":48,"turns":5}],"seed_played":"-4472820615457806197","potions_obtained":[{"floor":6,"key":"EssenceOfSteel"},{"floor":11,"key":"hermit:Eclipse"},{"floor":13,"key":"Dexterity Potion"},{"floor":14,"key":"LiquidMemories"}],"is_trial":false,"path_per_floor":["M","M","?","M","$","M","E","R","T","?","M","R","E","M","R","B",null,"M","$","M","M","?","R","E","M","T","R","?","?","R","M","R","B",null,"M","?","M","$","M","R","?","E","T","R","M","M","?","E"],"character_chosen":"HERMIT","items_purchased":["hermit:Deadeye","hermit:Misfire","DistilledChaos","Chemical X","hermit:ShadowCloak","Membership Card","hermit:Determination","Lantern","Whetstone"],"campfire_rested":3,"item_purchase_floors":[5,5,5,19,19,38,38,38,38],"current_hp_per_floor":[53,53,53,53,53,47,47,47,47,38,38,60,52,48,48,46,75,64,64,52,45,45,45,22,22,22,22,22,22,44,39,39,15,75,50,50,50,50,18,40,40,40,40,40,40,24,66,0,0],"gold":530,"neow_bonus":"TWO_FIFTY_GOLD","is_prod":false,"is_daily":false,"chose_seed":false,"campfire_upgraded":4,"win_rate":0,"timestamp":1607594910,"path_taken":["M","M","?","M","$","M","E","R","T","?","M","R","E","M","R","BOSS","M","$","M","M","?","R","E","M","T","R","?","?","R","?","R","BOSS","M","?","M","$","?","R","?","E","T","R","M","M","?","E"],"build_version":"2020-11-30","purchased_purges":3,"victory":false,"max_hp_per_floor":[75,75,75,75,75,75,75,75,75,75,75,75,75,75,75,75,75,75,75,75,75,75,75,75,75,75,75,75,75,75,75,75,75,75,75,75,75,75,75,75,75,75,75,75,75,75,66,66,66],"relic_stats":{"Peace Pipe":1,"Sozu":7,"Nunchaku":[19],"counters":[24,134],"Chemical X":[15],"Whetstone":["hermit:DeadOrAlive","hermit:Ricochet"],"Question Card":18,"Cursed Key":1,"Smiling Mask":0,"MawBank":60,"obtain_stats":[{"Lantern":38,"Whetstone":38,"Odd Mushroom":10,"Question Card":26,"Cursed Key":34,"Smiling Mask":42,"MawBank":43,"Peace Pipe":7,"Sozu":17,"Nunchaku":13,"HornCleat":9,"Chemical X":19,"Membership Card":38,"hermit:Momento":0,"hermit:Spyglass":24},{"Lantern":19,"Whetstone":19,"Odd Mushroom":6,"Question Card":15,"Cursed Key":17,"Smiling Mask":21,"MawBank":21,"Peace Pipe":5,"Sozu":10,"Nunchaku":8,"HornCleat":5,"Chemical X":11,"Membership Card":19,"hermit:Momento":0,"hermit:Spyglass":14},{"Lantern":98,"Whetstone":98,"Odd Mushroom":19,"Question Card":68,"Cursed Key":87,"Smiling Mask":110,"MawBank":110,"Peace Pipe":16,"Sozu":42,"Nunchaku":28,"HornCleat":16,"Chemical X":47,"Membership Card":98,"hermit:Momento":0,"hermit:Spyglass":65}]},"card_choices":[{"not_picked":["hermit:BodyArmor","hermit:Ricochet"],"picked":"hermit:Brawl","floor":1},{"not_picked":["hermit:Grudge","hermit:Spite"],"picked":"hermit:WideOpen","floor":2},{"not_picked":["hermit:TrackingShot","hermit:WideOpen"],"picked":"hermit:Desperado","floor":4},{"not_picked":["hermit:Ricochet","hermit:Malice"],"picked":"hermit:HoleUp","floor":6},{"not_picked":["hermit:OverwhelmingPower","hermit:Gestalt"],"picked":"hermit:Ricochet","floor":7},{"not_picked":["hermit:Vantage","hermit:Misfire"],"picked":"hermit:Deadeye","floor":10},{"not_picked":["hermit:BodyArmor","hermit:Showdown"],"picked":"hermit:Enervate","floor":11},{"not_picked":["hermit:Headshot","hermit:LuckOfTheDraw"],"picked":"hermit:DeadOrAlive","floor":13},{"not_picked":["hermit:Combo","hermit:PistolWhip"],"picked":"hermit:Scavenge","floor":14},{"not_picked":["hermit:Purgatory","hermit:HeroicBravado"],"picked":"hermit:Dissolve","floor":16},{"not_picked":["hermit:BodyArmor","hermit:Roulette","hermit:PistolWhip"],"picked":"SKIP","floor":18},{"not_picked":["hermit:WideOpen+1","hermit:Coalescence"],"picked":"hermit:Headshot","floor":20},{"not_picked":["hermit:CalledShot","hermit:Misfire"],"picked":"hermit:Cheat","floor":21},{"not_picked":["hermit:BodyArmor","hermit:Roulette+1"],"picked":"hermit:FatalDesire","floor":24},{"not_picked":["hermit:Quickdraw","hermit:Snipe"],"picked":"hermit:Glare","floor":25},{"not_picked":["hermit:Quickdraw","hermit:BigShot","hermit:Snipe"],"picked":"hermit:Manifest","floor":31},{"not_picked":["hermit:OverwhelmingPower","hermit:FromBeyond","hermit:Magnum"],"picked":"hermit:DeadOrAlive","floor":33},{"not_picked":["hermit:Grudge","hermit:Manifest","hermit:ShadowCloak+1"],"picked":"hermit:Dive+1","floor":35},{"not_picked":["hermit:PistolWhip+1","hermit:SprayPray","hermit:Maintenance+1"],"picked":"hermit:CalledShot+1","floor":37},{"not_picked":["hermit:WideOpen","hermit:Shortfuse+1","hermit:Feint+1"],"picked":"hermit:Grudge+1","floor":39},{"not_picked":["Magnetism","The Bomb","Flash of Steel"],"picked":"Apotheosis","floor":41},{"not_picked":["hermit:Determination","hermit:Deadeye+1","hermit:TrackingShot+1","hermit:Maintenance+1"],"picked":"SKIP","floor":42},{"not_picked":["hermit:HighCaliber+1","hermit:CalledShot+1","hermit:Glare"],"picked":"hermit:Brawl","floor":45},{"not_picked":["hermit:HighNoon","hermit:TrackingShot","hermit:Coalescence","hermit:HoleUp+1"],"picked":"SKIP","floor":46}],"player_experience":1181850,"relics_obtained":[{"floor":7,"key":"Peace Pipe"},{"floor":9,"key":"HornCleat"},{"floor":10,"key":"Odd Mushroom"},{"floor":13,"key":"Nunchaku"},{"floor":24,"key":"hermit:Spyglass"},{"floor":26,"key":"Question Card"},{"floor":42,"key":"Smiling Mask"},{"floor":43,"key":"MawBank"}],"event_choices":[{"damage_healed":0,"gold_gain":0,"player_choice":"Grow","damage_taken":0,"max_hp_gain":0,"max_hp_loss":0,"event_name":"Living Wall","floor":3,"gold_loss":0,"cards_upgraded":["hermit:WideOpen"]},{"damage_healed":0,"gold_gain":0,"player_choice":"Fought Mushrooms","damage_taken":0,"max_hp_gain":0,"max_hp_loss":0,"event_name":"Mushrooms","floor":10,"gold_loss":0},{"damage_healed":0,"gold_gain":0,"player_choice":"Read","damage_taken":0,"max_hp_gain":0,"max_hp_loss":0,"event_name":"The Library","floor":22,"gold_loss":0,"cards_obtained":["hermit:GhostlyPresence"]},{"damage_healed":0,"gold_gain":0,"cards_transformed":["hermit:Strike_Hermit","hermit:Defend_Hermit"],"player_choice":"Became Test Subject","damage_taken":0,"max_hp_gain":0,"max_hp_loss":0,"event_name":"Drug Dealer","floor":28,"gold_loss":0,"cards_obtained":["hermit:ItchyTrigger","hermit:LoneWolf"]},{"damage_healed":0,"gold_gain":99,"player_choice":"Stole From Cult","damage_taken":0,"max_hp_gain":0,"max_hp_loss":0,"event_name":"Nest","floor":29,"gold_loss":0},{"damage_healed":0,"gold_gain":0,"player_choice":"Got Potions","damage_taken":0,"max_hp_gain":0,"max_hp_loss":0,"event_name":"Lab","floor":36,"gold_loss":0},{"damage_healed":0,"gold_gain":0,"player_choice":"Memory 1","damage_taken":0,"max_hp_gain":0,"max_hp_loss":0,"event_name":"SensoryStone","floor":41,"gold_loss":0},{"damage_healed":66,"gold_gain":0,"player_choice":"Heal","damage_taken":0,"max_hp_gain":0,"max_hp_loss":9,"event_name":"The Moai Head","floor":47,"gold_loss":0}],"is_beta":false,"boss_relics":[{"not_picked":["Ectoplasm","Pandora\u0027s Box"],"picked":"Sozu"},{"not_picked":["hermit:BartenderGlass","Runic Dome"],"picked":"Cursed Key"}],"items_purged_floors":[5,19,38],"is_endless":false,"potions_floor_spawned":[6,11,13,14,24,31,45,46],"killed_by":"Reptomancer","ascension_level":1}}