{"host":"78hrz0ylpj9lzvi8","time":1607639355,"event":{"mods":["BaseMod","Bestiary","Minty Spire (QoL Compilation)","StSLib","Quick Restart","Random Character Button","Relic Stats"],"gold_per_floor":[118,118,130,130,148,148,181,181,256,288,305,332,332,348,348,424,424,435,435,451,6,24,49,49,83,134,134,167,182,182,210,210,287,287,301,201,201,214,10,35,35,63,75,87,110,153,165,177,189,201,213],"floor_reached":52,"playtime":2059,"items_purged":["Strike_P+1","Strike_P+1","Strike_P+1"],"score":2328,"play_id":"44e8c4af-cfcd-4163-8e78-f40345525a09","local_time":"20201210192915","is_ascension_mode":true,"campfire_choices":[{"floor":6.0,"key":"REST"},{"floor":8.0,"key":"REST"},{"data":"Ragnarok","floor":15.0,"key":"SMITH"},{"data":"Vigilance","floor":24.0,"key":"SMITH"},{"data":"Crescendo","floor":27.0,"key":"SMITH"},{"data":"Adaptation","floor":30.0,"key":"SMITH"},{"data":"MentalFortress","floor":32.0,"key":"SMITH"},{"data":"Protect","floor":41.0,"key":"SMITH"},{"data":"Swivel","floor":44.0,"key":"SMITH"},{"data":"CutThroughFate","floor":47.0,"key":"SMITH"},{"data":"DevaForm","floor":49.0,"key":"SMITH"}],"circlet_count":0,"master_deck":["AscendersBane","Strike_P+1","Defend_P+1","Defend_P+1","Defend_P+1","Eruption+1","Vigilance+1","Ragnarok+1","FlurryOfBlows","CutThroughFate+1","BowlingBash","Swivel+1","ReachHeaven+1","Wallop+1","DevaForm+1","WheelKick+1","Ragnarok+1","FlurryOfBlows+1","Crescendo+1","Protect+1","FlyingSleeves+1","FlurryOfBlows+1","CutThroughFate+1","Adaptation+1","MentalFortress+1","Wallop+1","Vault","ReachHeaven+1"],"special_seed":0,"relics":["PureWater","Bronze Scales","Molten Egg 2","Shuriken","TeardropLocket","Black Star","Pantograph","Pen Nib","Happy Flower","Sundial","Bottled Flame","Bag of Marbles","Red Mask","Orichalcum","StrikeDummy","Snecko Eye","Ancient Tea Set","Kunai","Darkstone Periapt","MawBank","Nunchaku","Unceasing Top"],"acts_visited":["Exordium","TheCity","TheBeyond"],"potions_floor_usage":[51],"damage_taken":[{"damage":9.0,"enemies":"Jaw Worm","floor":1.0,"turns":3.0},{"damage":1.0,"enemies":"Cultist","floor":3.0,"turns":3.0},{"damage":11.0,"enemies":"2 Louse","floor":5.0,"turns":2.0},{"damage":0.0,"enemies":"Gremlin Nob","floor":7.0,"turns":2.0},{"damage":22.0,"enemies":"3 Sentries","floor":10.0,"turns":5.0},{"damage":6.0,"enemies":"Looter","floor":11.0,"turns":3.0},{"damage":0.0,"enemies":"Gremlin Nob","floor":12.0,"turns":2.0},{"damage":1.0,"enemies":"Large Slime","floor":14.0,"turns":3.0},{"damage":8.0,"enemies":"Hexaghost","floor":16.0,"turns":4.0},{"damage":6.0,"enemies":"3 Byrds","floor":18.0,"turns":2.0},{"damage":0.0,"enemies":"Chosen","floor":20.0,"turns":3.0},{"damage":0.0,"enemies":"Snecko","floor":22.0,"turns":1.0},{"damage":0.0,"enemies":"Slavers","floor":23.0,"turns":2.0},{"damage":13.0,"enemies":"Book of Stabbing","floor":25.0,"turns":3.0},{"damage":4.0,"enemies":"Masked Bandits","floor":28.0,"turns":3.0},{"damage":8.0,"enemies":"Centurion and Healer","floor":29.0,"turns":3.0},{"damage":0.0,"enemies":"Gremlin Leader","floor":31.0,"turns":4.0},{"damage":22.0,"enemies":"Automaton","floor":33.0,"turns":5.0},{"damage":0.0,"enemies":"3 Shapes","floor":35.0,"turns":3.0},{"damage":0.0,"enemies":"Orb Walker","floor":38.0,"turns":1.0},{"damage":0.0,"enemies":"Giant Head","floor":40.0,"turns":6.0},{"damage":0.0,"enemies":"Nemesis","floor":42.0,"turns":6.0},{"damage":0.0,"enemies":"Jaw Worm Horde","floor":45.0,"turns":2.0},{"damage":0.0,"enemies":"Giant Head","floor":46.0,"turns":5.0},{"damage":64.0,"enemies":"Time Eater","floor":50.0,"turns":8.0},{"damage":11,"enemies":"Awakened One","floor":51,"turns":7}],"seed_played":"-1296866457340306888","potions_obtained":[{"floor":1.0,"key":"Strength Potion"},{"floor":11.0,"key":"AttackPotion"},{"floor":12.0,"key":"FearPotion"},{"floor":18.0,"key":"Dexterity Potion"},{"floor":23.0,"key":"SkillPotion"},{"floor":25.0,"key":"StancePotion"}],"is_trial":false,"path_per_floor":["M","?","M","?","M","R","E","R","T","E","M","E","?","M","R","B",null,"M","?","M","$","M","E","R","E","T","R","?","M","R","E","R","B",null,"M","$","?","M","$","E","R","E","T","R","M","E","R","?","R","B","B",null],"character_chosen":"WATCHER","items_purchased":["Pantograph","Protect","PowerPotion","ReachHeaven+1"],"campfire_rested":2,"item_purchase_floors":[21,21,21,39],"current_hp_per_floor":[34,34,33,13,2,22,22,42,42,20,14,14,14,13,13,5,52,46,46,46,46,46,46,46,33,33,33,29,21,21,21,21,24,57,57,57,57,57,57,57,57,57,57,57,57,57,57,57,57,1,15],"gold":225,"neow_bonus":"THREE_RARE_CARDS","is_daily":false,"chose_seed":false,"campfire_upgraded":9,"win_rate":0,"timestamp":1607639355,"path_taken":["M","?","?","?","M","R","E","R","T","E","M","E","?","M","R","BOSS","M","?","M","$","M","E","R","E","T","R","?","M","R","E","R","BOSS","M","$","?","M","$","E","R","E","T","R","M","E","R","?","R","BOSS","BOSS"],"build_version":"2020-11-30","purchased_purges":3,"victory":true,"max_hp_per_floor":[68,68,68,68,68,68,68,68,68,68,68,68,68,68,68,68,68,68,68,68,68,68,68,68,68,68,68,68,68,68,68,68,68,68,68,68,65,65,65,65,65,65,65,65,65,65,65,65,65,65,65],"relic_stats":{"Darkstone Periapt":0,"Happy Flower":[18],"counters":[26,91],"Pen Nib":[16],"Orichalcum":[72],"MawBank":120,"Nunchaku":[4],"Shuriken":[43],"Sundial":[6],"Bronze Scales":[204],"Pantograph":58,"Snecko Eye":[76,74,66,78],"Black Star":6,"Kunai":[17],"obtain_stats":[{"Darkstone Periapt":42,"Happy Flower":23,"Pen Nib":23,"TeardropLocket":12,"Orichalcum":31,"Ancient Tea Set":40,"MawBank":42,"Bottled Flame":25,"Nunchaku":46,"Shuriken":10,"Sundial":25,"Bronze Scales":7,"Pantograph":21,"Snecko Eye":34,"Molten Egg 2":9,"Black Star":17,"Bag of Marbles":26,"Red Mask":28,"Kunai":40,"PureWater":0,"StrikeDummy":31,"Unceasing Top":46},{"Darkstone Periapt":22,"Happy Flower":13,"Pen Nib":13,"TeardropLocket":7,"Orichalcum":17,"Ancient Tea Set":21,"MawBank":22,"Bottled Flame":14,"Nunchaku":24,"Shuriken":5,"Sundial":14,"Bronze Scales":4,"Pantograph":11,"Snecko Eye":18,"Molten Egg 2":4,"Black Star":9,"Bag of Marbles":14,"Red Mask":15,"Kunai":21,"PureWater":0,"StrikeDummy":17,"Unceasing Top":24},{"Darkstone Periapt":69,"Happy Flower":35,"Pen Nib":35,"TeardropLocket":20,"Orichalcum":48,"Ancient Tea Set":63,"MawBank":69,"Bottled Flame":38,"Nunchaku":76,"Shuriken":15,"Sundial":38,"Bronze Scales":10,"Pantograph":32,"Snecko Eye":53,"Molten Egg 2":10,"Black Star":27,"Bag of Marbles":38,"Red Mask":41,"Kunai":63,"PureWater":0,"StrikeDummy":48,"Unceasing Top":76}],"Unceasing Top":[0]},"card_choices":[{"not_picked":["SpiritShield","DeusExMachina"],"picked":"Ragnarok","floor":0.0},{"not_picked":["WaveOfTheHand","Crescendo"],"picked":"FlurryOfBlows","floor":1.0},{"not_picked":["WreathOfFlame","Protect"],"picked":"CutThroughFate","floor":3.0},{"not_picked":["Evaluate","Protect"],"picked":"BowlingBash","floor":5.0},{"not_picked":["Sanctity","Study"],"picked":"Swivel","floor":7.0},{"not_picked":["Prostrate","FlyingSleeves+1"],"picked":"ReachHeaven+1","floor":10.0},{"not_picked":["SashWhip+1","Consecrate+1"],"picked":"Wallop+1","floor":11.0},{"not_picked":["CrushJoints+1","Wallop+1"],"picked":"DevaForm","floor":12.0},{"not_picked":["JustLucky+1","ForeignInfluence"],"picked":"WheelKick+1","floor":14.0},{"not_picked":["Devotion","Brilliance+1"],"picked":"Ragnarok+1","floor":16.0},{"not_picked":["ThirdEye","Nirvana"],"picked":"FlurryOfBlows+1","floor":18.0},{"not_picked":["Collect","FollowUp+1"],"picked":"Crescendo","floor":20.0},{"not_picked":["Consecrate+1","Protect"],"picked":"FlyingSleeves+1","floor":22.0},{"not_picked":["Prostrate","Devotion"],"picked":"FlurryOfBlows+1","floor":23.0},{"not_picked":["Conclude+1","FlyingSleeves+1"],"picked":"CutThroughFate+1","floor":25.0},{"not_picked":["ReachHeaven+1","CutThroughFate+1"],"picked":"Adaptation","floor":28.0},{"not_picked":["JustLucky+1","Collect"],"picked":"MentalFortress","floor":29.0},{"not_picked":["CrushJoints+1","Alpha"],"picked":"Wallop+1","floor":31.0},{"not_picked":["Brilliance+1","LessonLearned+1"],"picked":"Vault","floor":33.0},{"not_picked":["Prostrate+1","CutThroughFate+1","BowlingBash+1"],"picked":"SKIP","floor":35.0},{"not_picked":["FlyingSleeves+1","JustLucky+1","MentalFortress"],"picked":"SKIP","floor":38.0},{"not_picked":["EmptyFist+1","ConjureBlade","WreathOfFlame"],"picked":"SKIP","floor":40.0},{"not_picked":["FlurryOfBlows+1","SashWhip+1","ThirdEye+1"],"picked":"SKIP","floor":42.0},{"not_picked":["WindmillStrike+1","CarveReality+1","Crescendo"],"picked":"SKIP","floor":45.0},{"not_picked":["Pray","CutThroughFate+1","CrushJoints+1"],"picked":"SKIP","floor":46.0}],"player_experience":910930,"relics_obtained":[{"floor":7.0,"key":"Bronze Scales"},{"floor":9.0,"key":"Molten Egg 2"},{"floor":10.0,"key":"Shuriken"},{"floor":12.0,"key":"TeardropLocket"},{"floor":23.0,"key":"Pen Nib"},{"floor":23.0,"key":"Happy Flower"},{"floor":25.0,"key":"Sundial"},{"floor":25.0,"key":"Bottled Flame"},{"floor":26.0,"key":"Bag of Marbles"},{"floor":28.0,"key":"Red Mask"},{"floor":31.0,"key":"Orichalcum"},{"floor":31.0,"key":"StrikeDummy"},{"floor":40.0,"key":"Ancient Tea Set"},{"floor":40.0,"key":"Kunai"},{"floor":42.0,"key":"Darkstone Periapt"},{"floor":42.0,"key":"MawBank"},{"floor":46.0,"key":"Nunchaku"},{"floor":46.0,"key":"Unceasing Top"}],"event_choices":[{"cards_removed":["Defend_P"],"damage_healed":0.0,"max_hp_gain":0.0,"max_hp_loss":0.0,"gold_gain":0.0,"event_name":"Bonfire Elementals","player_choice":"Offered Basic","floor":2.0,"gold_loss":0.0,"damage_taken":0.0},{"damage_healed":0.0,"max_hp_gain":0.0,"max_hp_loss":0.0,"gold_gain":0.0,"event_name":"Shining Light","player_choice":"Entered Light","floor":4.0,"gold_loss":0.0,"damage_taken":20.0,"cards_upgraded":["Strike_P","Eruption"]},{"damage_healed":0.0,"max_hp_gain":0.0,"max_hp_loss":0.0,"gold_gain":0.0,"event_name":"Scrap Ooze","player_choice":"Fled","floor":13.0,"gold_loss":0.0,"damage_taken":0.0},{"damage_healed":0.0,"max_hp_gain":0.0,"max_hp_loss":0.0,"gold_gain":0.0,"event_name":"Back to Basics","player_choice":"Simplicity","floor":19.0,"gold_loss":0.0,"damage_taken":0.0,"cards_upgraded":["Strike_P","Strike_P","Strike_P","Defend_P","Defend_P","Defend_P"]},{"damage_healed":0.0,"max_hp_gain":0.0,"max_hp_loss":0.0,"gold_gain":0.0,"event_name":"Masked Bandits","player_choice":"Fought Bandits","floor":28.0,"gold_loss":0.0,"damage_taken":0.0},{"damage_healed":0.0,"max_hp_gain":0.0,"max_hp_loss":3.0,"gold_gain":0.0,"event_name":"Winding Halls","player_choice":"Max HP","floor":37.0,"gold_loss":0.0,"damage_taken":0.0},{"damage_healed":0.0,"max_hp_gain":0.0,"max_hp_loss":0.0,"gold_gain":0.0,"event_name":"Tomb of Lord Red Mask","player_choice":"Ignored","floor":48.0,"gold_loss":0.0,"damage_taken":0.0}],"is_beta":false,"boss_relics":[{"not_picked":["SacredBark","SlaversCollar"],"picked":"Black Star"},{"not_picked":["Calling Bell","Fusion Hammer"],"picked":"Snecko Eye"}],"items_purged_floors":[21,36,39],"is_endless":false,"potions_floor_spawned":[1,11,12,18,23,25,31,33,35,40],"ascension_level":20}}