{"host":"irbs4k8g1zbsytxn","time":1607636071,"event":{"mods":["BaseMod","StSLib","Colored Map","Downfall","Hubris","Marisa????????","Replay The Spire","The Bug Knight","The Cursed","The Jungle","The Necromancer","The Servant 0.9.4","Hermit","Highlight Path","Koishi","Minty Spire (QoL Compilation)","Yuyuko","Better Third Choice","Robot Space Explorer","Shade Mod","The Hierophant","The Runesmith"],"gold_per_floor":[115,127,144,20,35,35,65,65,65,65,81,0,14,20,20,4,4],"floor_reached":16,"playtime":1685,"items_purged":[],"score":104,"play_id":"37d67f3d-1e21-4b3f-8662-31034768f4f5","local_time":"20201211053431","is_ascension_mode":false,"campfire_choices":[{"data":"hierophant:ChurchCoffers","floor":6,"key":"SMITH"},{"data":"hierophant:DisplayOfPower","floor":8,"key":"SMITH"},{"data":"hierophant:Punish","floor":10,"key":"SMITH"},{"data":"hierophant:SealAway","floor":15,"key":"SMITH"}],"circlet_count":0,"master_deck":["hierophant:Strike_Hierophant","hierophant:Strike_Hierophant","hierophant:Strike_Hierophant","hierophant:Strike_Hierophant","hierophant:Punish+1","hierophant:Defend_Hierophant","hierophant:Defend_Hierophant","hierophant:Defend_Hierophant","hierophant:Defend_Hierophant","hierophant:ChurchCoffers+1","hierophant:SealAway+1","hierophant:PassingBell","hierophant:MirrorShield","hierophant:DisplayOfPower+1","hierophant:ArchangelShield","hierophant:Doubloon","hierophant:Charity","hierophant:Encroach","hierophant:Martyrdom","hierophant:Patience","hierophant:Shelter","hierophant:Cornucopia"],"relics":["hierophant:PropheticMaskRelic","Replay:Mystery Machine","Replay:Bottled Flurry"],"acts_visited":["Exordium"],"potions_floor_usage":[7,11,16],"damage_taken":[{"damage":0,"enemies":"Cultist","floor":1,"turns":4},{"damage":9,"enemies":"2 Louse","floor":2,"turns":2},{"damage":11,"enemies":"Jaw Worm","floor":3,"turns":2},{"damage":0,"enemies":"Looter","floor":5,"turns":4},{"damage":18,"enemies":"3 Sentries","floor":7,"turns":7},{"damage":9,"enemies":"Exordium Thugs","floor":11,"turns":5},{"damage":11,"enemies":"Large Slime","floor":13,"turns":6},{"damage":2,"enemies":"2 Fungi Beasts","floor":14,"turns":3},{"damage":25,"enemies":"The Guardian","floor":16,"turns":2}],"seed_played":"7707604569890341163","potions_obtained":[{"floor":1,"key":"ColorlessPotion"},{"floor":7,"key":"BlessingOfTheForge"},{"floor":13,"key":"sneckomod:MuddlingPotion"}],"is_trial":false,"path_per_floor":["M","M","M","$","M","R","E","R","T","R","M","$","M","M","R","B"],"character_chosen":"HIEROPHANT","items_purchased":["hierophant:DisplayOfPower","hierophant:ArchangelShield","hierophant:Patience"],"campfire_rested":0,"item_purchase_floors":[4,4,12],"current_hp_per_floor":[82,73,62,62,62,62,44,44,44,44,35,35,24,22,22,0,0],"gold":4,"neow_bonus":"TEN_PERCENT_HP_BONUS","is_daily":false,"chose_seed":false,"campfire_upgraded":4,"win_rate":0.0,"timestamp":1607636071,"path_taken":["M","M","M","$","M","R","E","R","T","R","M","?","M","M","R","BOSS"],"build_version":"2020-11-30","purchased_purges":0,"victory":false,"max_hp_per_floor":[82,82,82,82,82,82,82,82,82,82,82,82,82,82,82,82,82],"card_choices":[{"not_picked":["hierophant:Doomsaying","hierophant:ThreeLashes"],"picked":"hierophant:SealAway","floor":1},{"not_picked":["hierophant:Patience","hierophant:AuricShield"],"picked":"hierophant:PassingBell","floor":2},{"not_picked":["hierophant:HammerAndAnvil","hierophant:SealAway"],"picked":"hierophant:MirrorShield","floor":3},{"not_picked":["hierophant:Dazzle","hierophant:AuricBeam"],"picked":"hierophant:Charity","floor":5},{"not_picked":["hierophant:Invocation","hierophant:RepressedViolence"],"picked":"hierophant:Encroach","floor":7},{"not_picked":["hierophant:AuricBeam","hierophant:Shelter"],"picked":"hierophant:Martyrdom","floor":11},{"not_picked":["hierophant:CursedGold","hierophant:HammerAndAnvil"],"picked":"hierophant:Shelter","floor":13},{"not_picked":["hierophant:FieryStrike","hierophant:HolyVerse"],"picked":"hierophant:Cornucopia","floor":14}],"player_experience":239656,"relics_obtained":[{"floor":7,"key":"Replay:Mystery Machine"},{"floor":9,"key":"Replay:Bottled Flurry"}],"event_choices":[],"is_beta":false,"boss_relics":[],"items_purged_floors":[],"is_endless":false,"potions_floor_spawned":[1,7,13],"killed_by":"The Guardian","ascension_level":0}}