{"host":"56xwnffi6e9z5l58","time":1607577460,"event":{"gold_per_floor":[109,109,123,52,52,79,99,227,276,276,276],"floor_reached":10,"playtime":179,"items_purged":[],"score":162,"play_id":"72136ec6-7c72-4919-a344-a219f4c6b787","local_time":"20201210131740","is_ascension_mode":true,"campfire_choices":[],"neow_cost":"NONE","seed_source_timestamp":12310990434000,"circlet_count":0,"master_deck":["AscendersBane","Strike_B","Strike_B","Strike_B","Strike_B","Defend_B","Defend_B","Defend_B","Defend_B","Zap","Dualcast","White Noise","Hologram","hubris:PowerSurge","Biased Cognition","Rebound","Crystallizer"],"special_seed":0,"relics":["Cracked Core","NeowsBlessing","hubris:Icosahedron","StuffTheSpire:TintedRock","hubris:Metronome","aspiration:EnhancedActuators"],"potions_floor_usage":[],"damage_taken":[{"damage":0,"enemies":"2 Louse","floor":1,"turns":1},{"damage":0,"enemies":"Small Slimes","floor":3,"turns":1},{"damage":0,"enemies":"3 Sentries","floor":6,"turns":1},{"damage":1,"enemies":"Cultist","floor":7,"turns":3},{"damage":40,"enemies":"Lagavulin","floor":8,"turns":6},{"damage":35,"enemies":"3 Sentries","floor":10,"turns":4}],"seed_played":"4486031962718949092","potions_obtained":[{"floor":1,"key":"Milkshake"},{"floor":3,"key":"Death Potion"},{"floor":8,"key":"Energy Potion"}],"is_trial":false,"path_per_floor":["M","?","M","$","?","E","M","E","T","E"],"character_chosen":"DEFECT","items_purchased":["hubris:PowerSurge"],"campfire_rested":0,"item_purchase_floors":[4],"current_hp_per_floor":[68,68,75,75,75,75,74,34,34,0,0],"gold":276,"neow_bonus":"THREE_ENEMY_KILL","is_prod":false,"is_daily":false,"chose_seed":false,"campfire_upgraded":0,"win_rate":0,"timestamp":1607577460,"path_taken":["M","?","M","$","?","E","M","E","T","E"],"build_version":"2020-11-30","purchased_purges":0,"victory":false,"max_hp_per_floor":[75,75,75,75,75,75,75,75,75,75,75],"card_choices":[{"not_picked":["Gash","Beam Cell"],"picked":"White Noise","floor":1},{"not_picked":["Chaos","Barrage"],"picked":"Hologram","floor":3},{"not_picked":["Rebound","Conserve Battery"],"picked":"Biased Cognition","floor":6},{"not_picked":["Beam Cell","Lockon"],"picked":"Rebound","floor":7},{"not_picked":["Gash","Stack"],"picked":"Crystallizer","floor":8}],"player_experience":937600,"relics_obtained":[{"floor":6,"key":"StuffTheSpire:TintedRock"},{"floor":8,"key":"hubris:Metronome"},{"floor":9,"key":"aspiration:EnhancedActuators"}],"event_choices":[{"damage_healed":0,"gold_gain":0,"player_choice":"Bought 0 Potions","damage_taken":0,"max_hp_gain":0,"max_hp_loss":0,"event_name":"The Woman in Blue","floor":5,"gold_loss":0}],"is_beta":false,"boss_relics":[],"items_purged_floors":[],"is_endless":false,"potions_floor_spawned":[1,3,8],"killed_by":"3 Sentries","ascension_level":12}}