{"host":"c10fjmjt4zmpjqlg","time":1607576438,"event":{"gold_per_floor":[111,111,128,144,162,192,192,219,219,70,103,103,103,114,114,213,213,223,223,250,250,264,289,301,341,353,379,425,437,484,512,524,639,651,682,480,480,494,505,532,586,613,685,716,790,800,826,826,826,826],"floor_reached":51,"playtime":2173,"items_purged":[],"score":977,"play_id":"87c2f541-d8e8-4255-b4c2-041e60460d91","local_time":"20201210160038","is_ascension_mode":true,"campfire_choices":[{"floor":7,"key":"REST"},{"floor":12,"key":"REST"},{"data":"Dual Wield","floor":15,"key":"SMITH"},{"data":"Limit Break","floor":29,"key":"SMITH"},{"data":"Immolate","floor":32,"key":"SMITH"},{"data":"Inflame","floor":49,"key":"SMITH"}],"neow_cost":"TEN_PERCENT_HP_LOSS","seed_source_timestamp":692267103987600,"circlet_count":0,"master_deck":["Defend_R","Defend_R","Defend_R","Defend_R","Bash","Mayhem+1","Dual Wield+1","Clothesline","Havoc","Immolate+1","Iron Wave","Inflame+1","Wild Strike","Anger","Juggernaut","Thunderclap","Necronomicurse","Infernal Blade","Bite","Bite","Bite","Bite","Bite","Searing Blow+1","Feed","Ghostly Armor","Uppercut","Limit Break+1","Carnage+1","Thunderclap","Reaper","Cleave+1","Madness","Mind Blast","Havoc+1","Cleave+1","Rage+1","Heavy Blade","Rampage+1","Feel No Pain+1","Sword Boomerang+1","Flex+1"],"relics":["Black Blood","TungstenRod","White Beast Statue","Incense Burner","HandDrill","WingedGreaves","Kunai","Coffee Dripper","Necronomicon","Red Mask","MawBank","Happy Flower","Turnip","Eternal Feather","Magic Flower","Boot","Bronze Scales","Paper Frog","Charon\u0027s Ashes","The Courier","Toxic Egg 2","Red Skull","Bottled Flame","Dead Branch"],"potions_floor_usage":[16,20,27,33,33,39,50,50,50],"damage_taken":[{"damage":6,"enemies":"Jaw Worm","floor":1,"turns":3},{"damage":15,"enemies":"Cultist","floor":3,"turns":4},{"damage":0,"enemies":"2 Louse","floor":4,"turns":2},{"damage":22,"enemies":"Lots of Slimes","floor":5,"turns":7},{"damage":20,"enemies":"Gremlin Nob","floor":6,"turns":4},{"damage":24,"enemies":"Lagavulin","floor":8,"turns":6},{"damage":17,"enemies":"3 Sentries","floor":11,"turns":5},{"damage":0,"enemies":"Looter","floor":14,"turns":4},{"damage":2,"enemies":"Slime Boss","floor":16,"turns":9},{"damage":17,"enemies":"3 Byrds","floor":18,"turns":5},{"damage":0,"enemies":"Masked Bandits","floor":20,"turns":1},{"damage":0,"enemies":"2 Thieves","floor":22,"turns":2},{"damage":1,"enemies":"Gremlin Leader","floor":23,"turns":5},{"damage":11,"enemies":"Book of Stabbing","floor":25,"turns":3},{"damage":5,"enemies":"Centurion and Healer","floor":27,"turns":3},{"damage":12,"enemies":"Slavers","floor":28,"turns":2},{"damage":7,"enemies":"Gremlin Leader","floor":30,"turns":3},{"damage":0,"enemies":"Sentry and Sphere","floor":31,"turns":3},{"damage":67,"enemies":"Automaton","floor":33,"turns":7},{"damage":7,"enemies":"3 Shapes","floor":35,"turns":4},{"damage":4,"enemies":"Orb Walker","floor":38,"turns":2},{"damage":12,"enemies":"Jaw Worm Horde","floor":39,"turns":3},{"damage":37,"enemies":"Nemesis","floor":40,"turns":5},{"damage":22,"enemies":"2 Orb Walkers","floor":41,"turns":3},{"damage":47,"enemies":"Giant Head","floor":42,"turns":7},{"damage":31,"enemies":"Reptomancer","floor":44,"turns":5},{"damage":0,"enemies":"3 Darklings","floor":46,"turns":1},{"damage":12,"enemies":"Nemesis","floor":47,"turns":5},{"damage":37,"enemies":"Awakened One","floor":50,"turns":6}],"seed_played":"7699333948722981614","potions_obtained":[{"floor":3,"key":"DuplicationPotion"},{"floor":6,"key":"Explosive Potion"},{"floor":11,"key":"Dexterity Potion"},{"floor":16,"key":"PowerPotion"},{"floor":20,"key":"Fruit Juice"},{"floor":22,"key":"BlessingOfTheForge"},{"floor":27,"key":"Fire Potion"},{"floor":33,"key":"Energy Potion"},{"floor":35,"key":"ColorlessPotion"},{"floor":39,"key":"AttackPotion"}],"is_trial":false,"path_per_floor":["M","?","M","M","M","E","R","E","T","$","E","R","T","M","R","B",null,"M","?","?","?","M","E","?","E","T","M","E","R","E","M","R","B",null,"M","$","?","M","M","E","?","E","T","E","T","M","E","?","R","B",null],"character_chosen":"IRONCLAD","items_purchased":["HandDrill","Bronze Scales","Metallicize"],"campfire_rested":2,"item_purchase_floors":[10,36,36],"current_hp_per_floor":[72,72,63,69,53,39,60,42,42,42,31,52,52,58,58,62,72,61,49,60,53,53,53,53,52,52,57,51,57,57,57,57,14,57,60,60,56,60,60,60,60,62,62,55,55,63,63,63,63,63],"gold":826,"neow_bonus":"RANDOM_COLORLESS_2","is_prod":false,"is_daily":false,"chose_seed":false,"campfire_upgraded":4,"win_rate":0,"timestamp":1607576438,"path_taken":["M","?","?","M","M","E","R","E","T","$","E","R","?","M","R","BOSS","M","?","?","?","M","E","?","E","T","?","E","R","E","M","R","BOSS","M","$","?","M","M","E","?","E","T","E","?","?","E","?","R","BOSS"],"build_version":"2020-11-30","purchased_purges":0,"victory":true,"max_hp_per_floor":[72,72,72,72,72,72,72,72,72,72,72,72,72,72,72,72,72,72,72,77,53,53,53,53,53,53,57,57,57,57,57,57,57,57,60,60,60,60,60,60,60,63,63,63,63,63,63,63,63,63],"relic_stats":{"Happy Flower":[20],"counters":[29,119],"Dead Branch":[8],"Black Blood":203,"Magic Flower":[62],"Eternal Feather":6,"Charon\u0027s Ashes":[66],"MawBank":156,"Boot":[75],"Bronze Scales":[82],"Turnip":[7],"HandDrill":[22],"Necronomicon":[50],"Kunai":[59],"obtain_stats":[{"Magic Flower":28,"Black Blood":34,"Incense Burner":9,"Boot":30,"Burning Blood":0,"WingedGreaves":11,"HandDrill":10,"Necronomicon":19,"Red Mask":20,"Kunai":13,"Toxic Egg 2":43,"Red Skull":44,"Paper Frog":40,"Happy Flower":24,"Dead Branch":47,"Eternal Feather":26,"Charon\u0027s Ashes":41,"The Courier":42,"MawBank":23,"White Beast Statue":8,"Bottled Flame":45,"Bronze Scales":36,"Turnip":25,"Coffee Dripper":17,"TungstenRod":6},{"Magic Flower":16,"Black Blood":19,"Incense Burner":6,"Boot":17,"Burning Blood":0,"WingedGreaves":7,"HandDrill":6,"Necronomicon":10,"Red Mask":11,"Kunai":7,"Toxic Egg 2":25,"Red Skull":26,"Paper Frog":23,"Happy Flower":13,"Dead Branch":28,"Eternal Feather":14,"Charon\u0027s Ashes":24,"The Courier":25,"MawBank":13,"White Beast Statue":6,"Bottled Flame":26,"Bronze Scales":20,"Turnip":14,"Coffee Dripper":9,"TungstenRod":5},{"Magic Flower":65,"Black Blood":78,"Incense Burner":26,"Boot":68,"Burning Blood":0,"WingedGreaves":31,"HandDrill":26,"Necronomicon":49,"Red Mask":50,"Kunai":31,"Toxic Egg 2":102,"Red Skull":107,"Paper Frog":92,"Happy Flower":57,"Dead Branch":113,"Eternal Feather":60,"Charon\u0027s Ashes":95,"The Courier":102,"MawBank":57,"White Beast Statue":26,"Bottled Flame":107,"Bronze Scales":82,"Turnip":60,"Coffee Dripper":44,"TungstenRod":20}],"TungstenRod":64},"card_choices":[{"not_picked":["Violence","Secret Technique"],"picked":"Mayhem","floor":0},{"not_picked":["Sword Boomerang","Evolve"],"picked":"Dual Wield","floor":1},{"not_picked":["Intimidate","Perfected Strike"],"picked":"Clothesline","floor":3},{"not_picked":["Clothesline","Uppercut"],"picked":"Havoc","floor":4},{"not_picked":["Headbutt","Iron Wave"],"picked":"Immolate","floor":5},{"not_picked":["Power Through","Reckless Charge"],"picked":"Iron Wave","floor":6},{"not_picked":["Perfected Strike","Carnage"],"picked":"Inflame","floor":8},{"not_picked":["Seeing Red","Clash"],"picked":"Wild Strike","floor":11},{"not_picked":["Sever Soul","Second Wind"],"picked":"Anger","floor":14},{"not_picked":["Corruption","Reaper"],"picked":"Juggernaut","floor":16},{"not_picked":["Hemokinesis","Anger"],"picked":"Thunderclap","floor":18},{"not_picked":["Cleave","Headbutt+1"],"picked":"Infernal Blade","floor":20},{"not_picked":["Seeing Red","Entrench"],"picked":"Searing Blow+1","floor":22},{"not_picked":["Sword Boomerang+1","Burning Pact"],"picked":"Feed","floor":23},{"not_picked":["Clash","Clothesline"],"picked":"Ghostly Armor","floor":25},{"not_picked":["Disarm","Twin Strike"],"picked":"Uppercut","floor":27},{"not_picked":["Twin Strike","Reckless Charge+1"],"picked":"Limit Break","floor":28},{"not_picked":["Blood for Blood","Intimidate"],"picked":"Carnage+1","floor":30},{"not_picked":["Warcry+1","Iron Wave"],"picked":"Thunderclap","floor":31},{"not_picked":["Exhume","Brutality"],"picked":"Reaper","floor":33},{"not_picked":["Shrug It Off+1","True Grit+1"],"picked":"Cleave+1","floor":35},{"not_picked":["Dramatic Entrance","PanicButton"],"picked":"Madness","floor":37},{"not_picked":["Purity","Good Instincts"],"picked":"Mind Blast","floor":37},{"not_picked":["Flex+1","Body Slam"],"picked":"Havoc+1","floor":38},{"not_picked":["Twin Strike+1","Dual Wield+1"],"picked":"Cleave+1","floor":39},{"not_picked":["Pommel Strike+1","Combust"],"picked":"Rage+1","floor":40},{"not_picked":["Intimidate","Iron Wave+1"],"picked":"Heavy Blade","floor":41},{"not_picked":["Blood for Blood","Feed"],"picked":"Rampage+1","floor":42},{"not_picked":["Dual Wield+1","Pommel Strike"],"picked":"Feel No Pain+1","floor":44},{"not_picked":["Perfected Strike+1","True Grit+1"],"picked":"Sword Boomerang+1","floor":46},{"not_picked":["True Grit+1","Heavy Blade"],"picked":"Flex+1","floor":47}],"player_experience":296869,"relics_obtained":[{"floor":6,"key":"TungstenRod"},{"floor":8,"key":"White Beast Statue"},{"floor":9,"key":"Incense Burner"},{"floor":11,"key":"WingedGreaves"},{"floor":13,"key":"Kunai"},{"floor":19,"key":"Necronomicon"},{"floor":20,"key":"Red Mask"},{"floor":23,"key":"MawBank"},{"floor":24,"key":"Happy Flower"},{"floor":25,"key":"Turnip"},{"floor":26,"key":"Eternal Feather"},{"floor":28,"key":"Magic Flower"},{"floor":30,"key":"Boot"},{"floor":40,"key":"Paper Frog"},{"floor":41,"key":"Charon\u0027s Ashes"},{"floor":42,"key":"The Courier"},{"floor":43,"key":"Toxic Egg 2"},{"floor":44,"key":"Red Skull"},{"floor":45,"key":"Bottled Flame"},{"floor":47,"key":"Dead Branch"}],"event_choices":[{"damage_healed":0,"gold_gain":0,"player_choice":"Upgraded","damage_taken":0,"max_hp_gain":0,"max_hp_loss":0,"event_name":"Upgrade Shrine","floor":2,"gold_loss":0,"cards_upgraded":["Mayhem"]},{"damage_healed":0,"gold_gain":0,"player_choice":"Obtained Book","damage_taken":16,"max_hp_gain":0,"max_hp_loss":0,"event_name":"Cursed Tome","floor":19,"gold_loss":0},{"damage_healed":0,"gold_gain":0,"player_choice":"Fought Bandits","damage_taken":0,"max_hp_gain":0,"max_hp_loss":0,"event_name":"Masked Bandits","floor":20,"gold_loss":0},{"damage_healed":0,"gold_gain":0,"player_choice":"Became a vampire","damage_taken":0,"max_hp_gain":0,"max_hp_loss":24,"event_name":"Vampires","floor":21,"gold_loss":0,"cards_obtained":["Bite","Bite","Bite","Bite","Bite"]},{"damage_healed":0,"gold_gain":0,"player_choice":"Relic","damage_taken":0,"max_hp_gain":0,"max_hp_loss":0,"event_name":"Wheel of Change","floor":24,"gold_loss":0},{"damage_healed":0,"gold_gain":0,"player_choice":"Memory 2","damage_taken":5,"max_hp_gain":0,"max_hp_loss":0,"event_name":"SensoryStone","floor":37,"gold_loss":0},{"damage_healed":0,"gold_gain":0,"player_choice":"Fight","damage_taken":0,"max_hp_gain":0,"max_hp_loss":0,"event_name":"Mysterious Sphere","floor":41,"gold_loss":0},{"cards_removed":["Metallicize"],"damage_healed":0,"gold_gain":0,"player_choice":"Removed Power","damage_taken":0,"max_hp_gain":0,"max_hp_loss":0,"event_name":"Falling","floor":48,"gold_loss":0}],"is_beta":false,"boss_relics":[{"not_picked":["Runic Dome","Runic Pyramid"],"picked":"Coffee Dripper"},{"not_picked":["Mark of Pain","SacredBark"],"picked":"Black Blood"}],"items_purged_floors":[],"is_endless":false,"potions_floor_spawned":[3,6,11,14,16,18,20,22,23,25,27,28,30,31,33,35,38,39,40,41,42,44,46,47],"ascension_level":1}}