{"host":"kpyf5rnb72uwap8k","time":1607576854,"event":{"gold_per_floor":[112,112,128,203,4,4,47,47,70,70,84,127,127,150,150,279,279,234,234,234,54,54,54,54,54,54,2,2,2,2,2,2,2,2],"floor_reached":33,"playtime":1067,"items_purged":["Strike_P","Strike_P"],"score":268,"play_id":"6ed5040b-fa48-47c8-a4c8-563bedb5a18a","local_time":"20201210140734","is_ascension_mode":true,"campfire_choices":[{"floor":6,"key":"REST"},{"floor":8,"key":"REST"},{"floor":13,"key":"REST"},{"floor":15,"key":"REST"},{"data":"Scrawl","floor":23,"key":"SMITH"},{"floor":25,"key":"REST"},{"data":"MentalFortress","floor":29,"key":"SMITH"},{"floor":32,"key":"REST"}],"neow_cost":"NONE","seed_source_timestamp":243305735162100,"circlet_count":0,"master_deck":["Strike_P","Defend_P","Defend_P","Defend_P","Defend_P","Eruption","Vigilance","Adaptation","Crescendo","FlurryOfBlows","Meditate","Tantrum","EmptyBody","CutThroughFate","Scrawl+1","MentalFortress+1"],"relics":["PureWater","Golden Idol","Kunai","Bronze Scales","Nunchaku","Ectoplasm","Shovel"],"potions_floor_usage":[33,33,33],"damage_taken":[{"damage":2,"enemies":"Small Slimes","floor":1,"turns":3},{"damage":0,"enemies":"2 Louse","floor":3,"turns":2},{"damage":41,"enemies":"Lagavulin","floor":7,"turns":7},{"damage":0,"enemies":"Jaw Worm","floor":11,"turns":2},{"damage":16,"enemies":"Gremlin Nob","floor":12,"turns":3},{"damage":13,"enemies":"Exordium Thugs","floor":14,"turns":4},{"damage":14,"enemies":"Slime Boss","floor":16,"turns":5},{"damage":13,"enemies":"2 Thieves","floor":18,"turns":3},{"damage":0,"enemies":"Chosen","floor":19,"turns":2},{"damage":14,"enemies":"Centurion and Healer","floor":22,"turns":5},{"damage":16,"enemies":"Snecko","floor":24,"turns":6},{"damage":4,"enemies":"Cultist and Chosen","floor":28,"turns":3},{"damage":0,"enemies":"3 Cultists","floor":31,"turns":4},{"damage":102,"enemies":"Champ","floor":33,"turns":6}],"seed_played":"3708509368764373036","potions_obtained":[{"floor":11,"key":"CultistPotion"},{"floor":12,"key":"Dexterity Potion"},{"floor":14,"key":"LiquidBronze"}],"is_trial":false,"path_per_floor":["M","?","M","?","$","R","E","R","T","$","M","E","R","M","R","B",null,"M","M","?","$","M","R","M","R","T","$","M","R","$","M","R","B"],"character_chosen":"WATCHER","items_purchased":["FlurryOfBlows","Meditate","MentalFortress","BottledMiracle"],"campfire_rested":6,"item_purchase_floors":[5,5,21,27],"current_hp_per_floor":[70,52,52,41,41,62,21,42,42,42,42,26,47,34,55,41,72,59,59,59,59,45,45,29,50,50,50,46,46,46,46,67,0,0],"gold":2,"neow_bonus":"REMOVE_CARD","is_prod":false,"is_daily":false,"chose_seed":false,"campfire_upgraded":2,"win_rate":0,"timestamp":1607576854,"path_taken":["M","?","M","?","$","R","E","R","T","$","M","E","R","M","R","BOSS","M","M","?","?","M","R","M","R","T","$","M","R","?","?","R","BOSS"],"build_version":"2020-11-30","purchased_purges":2,"victory":false,"max_hp_per_floor":[72,72,72,72,72,72,72,72,72,72,72,72,72,72,72,72,72,72,72,72,72,72,72,72,72,72,72,72,72,72,72,72,72,72],"card_choices":[{"not_picked":["EmptyBody","SashWhip"],"picked":"Adaptation","floor":1},{"not_picked":["ClearTheMind","Prostrate"],"picked":"Crescendo","floor":3},{"not_picked":["Indignation","BowlingBash"],"picked":"Tantrum","floor":7},{"not_picked":["Vengeance","Worship","Swivel"],"picked":"SKIP","floor":11},{"not_picked":["Consecrate","FollowUp"],"picked":"EmptyBody","floor":12},{"not_picked":["Prostrate","Consecrate"],"picked":"CutThroughFate","floor":14},{"not_picked":["Wish","SpiritShield"],"picked":"Scrawl","floor":16},{"not_picked":["SignatureMove","Vengeance","EmptyFist"],"picked":"SKIP","floor":18},{"not_picked":["BowlingBash+1","LikeWater","ClearTheMind"],"picked":"SKIP","floor":19},{"not_picked":["Adaptation","FollowUp","Consecrate"],"picked":"SKIP","floor":22},{"not_picked":["Prostrate+1","CutThroughFate+1","FlyingSleeves"],"picked":"SKIP","floor":24},{"not_picked":["Indignation","ThirdEye","Evaluate"],"picked":"SKIP","floor":28},{"not_picked":["WaveOfTheHand","EmptyFist","Meditate"],"picked":"SKIP","floor":31}],"player_experience":200968,"relics_obtained":[{"floor":7,"key":"Kunai"},{"floor":9,"key":"Bronze Scales"},{"floor":12,"key":"Nunchaku"},{"floor":26,"key":"Shovel"}],"event_choices":[{"damage_healed":0,"gold_gain":0,"player_choice":"Take Damage","damage_taken":18,"relics_obtained":["Golden Idol"],"max_hp_gain":0,"max_hp_loss":0,"event_name":"Golden Idol","floor":2,"gold_loss":0},{"damage_healed":0,"gold_gain":75,"player_choice":"Gather Gold","damage_taken":11,"max_hp_gain":0,"max_hp_loss":0,"event_name":"World of Goop","floor":4,"gold_loss":0},{"damage_healed":0,"gold_gain":0,"player_choice":"Bought 0 Potions","damage_taken":0,"max_hp_gain":0,"max_hp_loss":0,"event_name":"The Woman in Blue","floor":20,"gold_loss":0}],"is_beta":false,"boss_relics":[{"not_picked":["Pandora\u0027s Box","Coffee Dripper"],"picked":"Ectoplasm"}],"items_purged_floors":[5,21],"is_endless":false,"potions_floor_spawned":[11,12,14,16,22,28],"killed_by":"Champ","ascension_level":1}}