{"host":"qgpuimdto8vl2dfg","time":1607572602,"event":{"gold_per_floor":[110,130,59,59,79,125,125,125,125,125,171,171,171,201,201,311,311,323,323,438,363,389,430,464,508,533,533,561,591,591,624,624,738,738,754,764,367,367,58,58,90,105,105,105,124,134,162,176,176,176,176,176,51,84,84],"floor_reached":56,"playtime":3805,"items_purged":["Strike_MRS","WitchOfGreed","MasterSpark"],"score":1322,"play_id":"ae27988b-d2b2-4e14-b154-d611a0eb7a0b","local_time":"20201210115642","is_ascension_mode":true,"campfire_choices":[{"data":"Singularity","floor":7.0,"key":"SMITH"},{"data":"OortCloud","floor":10.0,"key":"SMITH"},{"data":"DoubleSpark","floor":12.0,"key":"SMITH"},{"data":"Gensokyo:MarisaTwilightSpark","floor":15.0,"key":"SMITH"},{"floor":27.0,"key":"DIG"},{"data":"MagicChant","floor":30.0,"key":"SMITH"},{"data":"SprinkleStarSeal","floor":32.0,"key":"SMITH"},{"data":"DoubleSpark","floor":40.0,"key":"SMITH"},{"floor":49.0,"key":"RECALL"},{"floor":52.0,"key":"DIG"}],"neow_cost":"NONE","seed_source_timestamp":162392214005100,"circlet_count":0,"master_deck":["Defend_MRS+1","Defend_MRS","Defend_MRS+1","Defend_MRS","UpSweep","DoubleSpark+1","OortCloud+1","Singularity+1","Gensokyo:MarisaTwilightSpark+1","PowerUp","UltimateShortwave","DoubleSpark+1","PowerUp+1","SporeBomb+1","SprinkleStarSeal+1","Parasite","Parasite","MagicChant+1","AsteroidBelt+1","CasketOfStar+1","MagicAbsorber","MachineGunSpark+1","MagicChant"],"special_seed":0,"relics":["ExperimentalFamiliar","HornCleat","Gensokyo:Mercy","Frozen Egg 2","Bag of Marbles","Sozu","MagicBroom","Shovel","Gambling Chip","Vajra","War Paint","Kunai","ShroomBag","Empty Cage","CaptainsWheel","Unceasing Top","Regal Pillow","Question Card","Bottled Flame","Toy Ornithopter"],"potions_floor_usage":[55,55,55],"damage_taken":[{"damage":0.0,"enemies":"Gensokyo:Python","floor":1.0,"turns":2.0},{"damage":0.0,"enemies":"Gensokyo:3_Fairies","floor":2.0,"turns":3.0},{"damage":0.0,"enemies":"Gensokyo:2_Kodama","floor":5.0,"turns":3.0},{"damage":19.0,"enemies":"Gensokyo:Cirno","floor":6.0,"turns":8.0},{"damage":5.0,"enemies":"Gensokyo:Mamizou","floor":11.0,"turns":7.0},{"damage":0.0,"enemies":"Gensokyo:LivingMonolith","floor":14.0,"turns":2.0},{"damage":3.0,"enemies":"Gensokyo:Kokoro","floor":16.0,"turns":10.0},{"damage":0.0,"enemies":"Gensokyo:3_Dogs","floor":18.0,"turns":1.0},{"damage":9.0,"enemies":"Gensokyo:3_Dogs","floor":20.0,"turns":5.0},{"damage":2.0,"enemies":"Gensokyo:AngelMirror","floor":22.0,"turns":2.0},{"damage":10.0,"enemies":"Gensokyo:Koishi","floor":23.0,"turns":5.0},{"damage":5.0,"enemies":"Gensokyo:Slime_Group","floor":24.0,"turns":4.0},{"damage":0.0,"enemies":"Gensokyo:Reisen","floor":25.0,"turns":6.0},{"damage":0.0,"enemies":"Gensokyo:Koishi","floor":28.0,"turns":2.0},{"damage":0.0,"enemies":"Gensokyo:Swordslinger","floor":29.0,"turns":4.0},{"damage":0.0,"enemies":"Gensokyo:Monolith_and_Dog","floor":31.0,"turns":4.0},{"damage":3.0,"enemies":"Gensokyo:Eiki","floor":33.0,"turns":11.0},{"damage":0.0,"enemies":"3 Shapes","floor":35.0,"turns":3.0},{"damage":0.0,"enemies":"3 Darklings","floor":36.0,"turns":4.0},{"damage":1.0,"enemies":"Reptomancer","floor":41.0,"turns":4.0},{"damage":0.0,"enemies":"Jaw Worm Horde","floor":42.0,"turns":4.0},{"damage":0.0,"enemies":"Maw","floor":45.0,"turns":4.0},{"damage":0.0,"enemies":"Transient","floor":46.0,"turns":5.0},{"damage":5.0,"enemies":"Nemesis","floor":47.0,"turns":5.0},{"damage":1.0,"enemies":"Jaw Worm Horde","floor":48.0,"turns":3.0},{"damage":8.0,"enemies":"Awakened One","floor":50.0,"turns":8.0},{"damage":11.0,"enemies":"Shield and Spear","floor":54.0,"turns":3.0},{"damage":65,"enemies":"The Heart","floor":55,"turns":6}],"seed_played":"-444893548570905703","potions_obtained":[{"floor":5.0,"key":"BottledSpark"},{"floor":6.0,"key":"Strength Potion"},{"floor":6.0,"key":"PowerPotion"}],"is_trial":false,"path_per_floor":["M","M","$","?","M","E","R","?","T","R","E","R","?","M","R","B",null,"M","?","?","$","M","E","M","E","T","R","E","M","R","M","R","B",null,"M","M","$","?","$","R","E","M","T","?","M","M","E","M","R","B",null,"R","$","E","B",null],"character_chosen":"MARISA","items_purchased":["OortCloud","CaptainsWheel","Unceasing Top"],"campfire_rested":0,"item_purchase_floors":[3,37,39],"current_hp_per_floor":[75,75,75,75,75,56,56,56,56,56,51,51,51,51,51,48,75,75,75,66,66,64,54,49,49,49,49,49,53,53,57,57,58,75,75,75,75,75,75,75,74,75,75,75,75,75,74,75,75,67,75,75,75,68,18],"gold":84,"neow_bonus":"BOSS_RELIC","is_prod":false,"is_daily":false,"chose_seed":false,"campfire_upgraded":7,"win_rate":0,"timestamp":1607572602,"path_taken":["M","M","$","?","?","E","R","?","T","R","E","R","?","?","R","BOSS","BOSS","M","?","?","$","M","E","M","E","T","R","E","M","R","M","R","BOSS","M","M","$","?","?","R","E","M","T","?","M","M","E","M","R","BOSS","R","$","E","BOSS"],"build_version":"2020-11-30","purchased_purges":3,"victory":true,"max_hp_per_floor":[75,75,75,75,75,75,75,75,75,75,75,75,75,75,75,75,75,75,75,75,75,75,75,75,75,75,75,75,75,75,75,75,75,75,75,75,75,75,75,75,75,75,75,75,75,75,75,75,75,75,75,75,75,75,75],"relic_stats":{"Sozu":14,"Regal Pillow":0,"Shovel":2,"counters":[28,128],"Gambling Chip":[20],"Kunai":[65],"War Paint":["Defend_MRS","Defend_MRS"],"Question Card":2,"obtain_stats":[{"Regal Pillow":41,"MagicBroom":20,"Vajra":25,"Frozen Egg 2":9,"War Paint":26,"Empty Cage":34,"Question Card":47,"Sozu":17,"Frozen Eye":23,"ShroomBag":28,"CaptainsWheel":37,"Bottled Flame":52,"HornCleat":6,"Shovel":20,"ExperimentalFamiliar":0,"Gensokyo:Mercy":8,"Gambling Chip":23,"Bag of Marbles":11,"MiniHakkero":0,"Kunai":27,"Unceasing Top":39,"Toy Ornithopter":54},{"Regal Pillow":20,"MagicBroom":9,"Vajra":13,"Frozen Egg 2":4,"War Paint":13,"Empty Cage":17,"Question Card":24,"Sozu":7,"Frozen Eye":10,"ShroomBag":14,"CaptainsWheel":19,"Bottled Flame":26,"HornCleat":4,"Shovel":9,"ExperimentalFamiliar":0,"Gensokyo:Mercy":4,"Gambling Chip":11,"Bag of Marbles":5,"MiniHakkero":0,"Kunai":13,"Unceasing Top":19,"Toy Ornithopter":27},{"Regal Pillow":90,"MagicBroom":41,"Vajra":58,"Frozen Egg 2":16,"War Paint":58,"Empty Cage":79,"Question Card":108,"Sozu":35,"Frozen Eye":43,"ShroomBag":60,"CaptainsWheel":86,"Bottled Flame":119,"HornCleat":16,"Shovel":41,"ExperimentalFamiliar":0,"Gensokyo:Mercy":16,"Gambling Chip":48,"Bag of Marbles":23,"MiniHakkero":0,"Kunai":58,"Unceasing Top":86,"Toy Ornithopter":122}],"Unceasing Top":[19],"Toy Ornithopter":12},"card_choices":[{"not_picked":["IllusionStar","MilkyWay","GalacticHalo"],"picked":"SKIP","floor":1.0},{"not_picked":["FairyDestructionRay","ShootTheMoon"],"picked":"DoubleSpark","floor":2.0},{"not_picked":["DC","ShootingEcho"],"picked":"Singularity","floor":4.0},{"not_picked":["DarkMatter","AbsoluteMagnitude"],"picked":"DoubleSpark","floor":4.0},{"not_picked":["MysteriousBeam","GalacticHalo"],"picked":"WitchOfGreed","floor":5.0},{"not_picked":["Acceleration","GrandCross","SprinkleStarSeal"],"picked":"SKIP","floor":6.0},{"not_picked":["MilkyWay","MeteoricShower","GalacticHalo"],"picked":"SKIP","floor":11.0},{"not_picked":["UnstableBomb","GravityBeat"],"picked":"PowerUp","floor":14.0},{"not_picked":["SuperNova+1","ManaRampage"],"picked":"UltimateShortwave","floor":16.0},{"not_picked":["AsteroidBelt","FairyDestructionRay+1"],"picked":"DoubleSpark","floor":18.0},{"not_picked":["UnstableBomb","SporeBomb"],"picked":"PowerUp+1","floor":20.0},{"not_picked":["SuperNova+1","ChargeUpSpray"],"picked":"SporeBomb+1","floor":22.0},{"not_picked":["6A","SuperPerseids","SporeBomb+1"],"picked":"SKIP","floor":23.0},{"not_picked":["DarkMatter","GalacticHalo","WitchLeyline"],"picked":"SKIP","floor":24.0},{"not_picked":["MysteriousBeam","WitchLeyline+1"],"picked":"SprinkleStarSeal","floor":25.0},{"not_picked":["Acceleration","WitchLeyline+1","BigCrunch"],"picked":"SKIP","floor":28.0},{"not_picked":["MysteriousBeam","DarkSpark"],"picked":"MagicChant","floor":29.0},{"not_picked":["ShootTheMoon","ChargeUpSpray"],"picked":"AsteroidBelt+1","floor":31.0},{"not_picked":["CollectingQuirk","AbsoluteMagnitude"],"picked":"CasketOfStar+1","floor":33.0},{"not_picked":["GravityBeat","NonDirectionalLaser","MysteriousBeam+1"],"picked":"SKIP","floor":35.0},{"not_picked":["AsteroidBelt","SprinkleStarSeal+1","DragonMeteor"],"picked":"SKIP","floor":36.0},{"not_picked":["ManaConvection","ChargingUp","MilkyWay"],"picked":"SKIP","floor":41.0},{"not_picked":["WitchOfGreed+1","BinaryStars","OneTimeOff+1"],"picked":"SKIP","floor":42.0},{"not_picked":["UnstableBomb+1","MysteriousBeam+1"],"picked":"MagicAbsorber","floor":45.0},{"not_picked":["GravityBeat+1","ShootTheMoon"],"picked":"MachineGunSpark+1","floor":46.0},{"not_picked":["GasGiant","StarBarrage+1","GravityBeat+1"],"picked":"SKIP","floor":47.0},{"not_picked":["WitchOfGreed+1","BlazeAway+1","Robbery+1","WitchLeyline"],"picked":"SKIP","floor":48.0},{"not_picked":["WitchOfGreed+1","SporeBomb+1","GalacticHalo+1"],"picked":"MagicChant","floor":54.0}],"player_experience":381242,"relics_obtained":[{"floor":6.0,"key":"HornCleat"},{"floor":9.0,"key":"Frozen Egg 2"},{"floor":11.0,"key":"Bag of Marbles"},{"floor":20.0,"key":"MagicBroom"},{"floor":20.0,"key":"Shovel"},{"floor":23.0,"key":"Gambling Chip"},{"floor":25.0,"key":"Vajra"},{"floor":26.0,"key":"War Paint"},{"floor":27.0,"key":"Kunai"},{"floor":28.0,"key":"ShroomBag"},{"floor":41.0,"key":"Regal Pillow"},{"floor":47.0,"key":"Question Card"},{"floor":52.0,"key":"Bottled Flame"},{"floor":54.0,"key":"Toy Ornithopter"}],"event_choices":[{"damage_healed":0.0,"max_hp_gain":0.0,"max_hp_loss":0.0,"gold_gain":0.0,"event_name":"Match and Keep!","player_choice":"0 cards matched","floor":38.0,"gold_loss":0.0,"damage_taken":0.0,"cards_obtained":[]},{"cards_removed":["Strike_MRS"],"damage_healed":0.0,"max_hp_gain":0.0,"max_hp_loss":0.0,"gold_gain":0.0,"event_name":"Wheel of Change","player_choice":"Card Removal","floor":44.0,"gold_loss":0.0,"damage_taken":0.0}],"is_beta":false,"boss_relics":[{"not_picked":["Runic Dome","Philosopher\u0027s Stone"],"picked":"Sozu"},{"not_picked":["Velvet Choker","SacredBark"],"picked":"Empty Cage"}],"items_purged_floors":[21,37,53],"is_endless":false,"potions_floor_spawned":[5,6,11,14,22,23,24,29,33,41,45,46,47,54],"ascension_level":1}}