{"host":"m7puq4mk16tgc6yn","time":1607592629,"event":{"gold_per_floor":[113,288,40,52,52,85,109,122,122,122,140,140,175,200,200,200,200],"floor_reached":16,"playtime":338,"items_purged":["Doubt"],"score":146,"play_id":"f72c0936-885f-4d18-ba48-0a04f40a5385","local_time":"20201210013029","is_ascension_mode":true,"campfire_choices":[{"data":"Fiend Fire","floor":10,"key":"SMITH"},{"data":"Disarm","floor":12,"key":"SMITH"},{"data":"True Grit","floor":15,"key":"SMITH"}],"neow_cost":"NONE","seed_source_timestamp":12543939885700,"circlet_count":0,"master_deck":["Strike_R","Strike_R","Strike_R","Strike_R","Strike_R","Defend_R","Defend_R","Defend_R","Defend_R","Bash","Hemokinesis","True Grit+1","Twin Strike","Fiend Fire+1","Disarm+1","Shrug It Off"],"relics":["Burning Blood","NeowsBlessing","Bronze Scales","Golden Idol","Calipers","Incense Burner","Odd Mushroom"],"potions_floor_usage":[11],"damage_taken":[{"damage":0,"enemies":"Small Slimes","floor":1,"turns":1},{"damage":0,"enemies":"2 Louse","floor":4,"turns":1},{"damage":0,"enemies":"3 Sentries","floor":6,"turns":1},{"damage":2,"enemies":"Jaw Worm","floor":7,"turns":3},{"damage":3,"enemies":"Blue Slaver","floor":8,"turns":4},{"damage":29,"enemies":"Lots of Slimes","floor":11,"turns":4},{"damage":2,"enemies":"The Mushroom Lair","floor":13,"turns":3},{"damage":15,"enemies":"Exordium Wildlife","floor":14,"turns":4},{"damage":56,"enemies":"Slime Boss","floor":16,"turns":5}],"seed_played":"-3962989140955668336","potions_obtained":[{"floor":4,"key":"LiquidBronze"},{"floor":7,"key":"PowerPotion"},{"floor":13,"key":"Ancient Potion"}],"is_trial":false,"path_per_floor":["M","?","$","M","?","E","M","M","T","R","M","R","?","M","R","B"],"character_chosen":"IRONCLAD","items_purchased":["Bronze Scales","True Grit"],"campfire_rested":0,"item_purchase_floors":[3,3],"current_hp_per_floor":[80,80,80,80,60,66,70,73,73,73,50,50,54,45,45,0,0],"gold":200,"neow_bonus":"THREE_ENEMY_KILL","is_prod":false,"is_daily":false,"chose_seed":false,"campfire_upgraded":3,"win_rate":0,"timestamp":1607592629,"path_taken":["M","?","$","M","?","E","M","M","T","R","M","R","?","M","R","BOSS"],"build_version":"2020-11-30","purchased_purges":1,"victory":false,"max_hp_per_floor":[80,80,80,80,80,80,80,80,80,80,80,80,80,80,80,80,80],"relic_stats":{"counters":[9,26],"Golden Idol":31,"Bronze Scales":[57],"obtain_stats":[{"Calipers":6,"NeowsBlessing":0,"Golden Idol":5,"Bronze Scales":3,"Incense Burner":9,"Odd Mushroom":13,"Burning Blood":0},{"Calipers":3,"NeowsBlessing":0,"Golden Idol":2,"Bronze Scales":1,"Incense Burner":5,"Odd Mushroom":7,"Burning Blood":0},{"Calipers":3,"NeowsBlessing":0,"Golden Idol":2,"Bronze Scales":1,"Incense Burner":10,"Odd Mushroom":17,"Burning Blood":0}],"Burning Blood":36},"card_choices":[{"not_picked":["Havoc","Wild Strike"],"picked":"Hemokinesis","floor":1},{"not_picked":["Clash","Intimidate","Perfected Strike"],"picked":"SKIP","floor":4},{"not_picked":["Wild Strike","Havoc","Clothesline"],"picked":"SKIP","floor":6},{"not_picked":["Power Through","Intimidate"],"picked":"Twin Strike","floor":7},{"not_picked":["Shrug It Off","Dark Embrace"],"picked":"Fiend Fire","floor":8},{"not_picked":["Cleave","Iron Wave"],"picked":"Disarm","floor":11},{"not_picked":["Perfected Strike","Thunderclap"],"picked":"Shrug It Off","floor":14}],"player_experience":50413,"relics_obtained":[{"floor":6,"key":"Calipers"},{"floor":9,"key":"Incense Burner"},{"floor":13,"key":"Odd Mushroom"}],"event_choices":[{"damage_healed":0,"gold_gain":175,"player_choice":"AGREE","damage_taken":0,"max_hp_gain":0,"max_hp_loss":0,"event_name":"Liars Game","floor":2,"gold_loss":0,"cards_obtained":["Doubt"]},{"damage_healed":0,"gold_gain":0,"player_choice":"Take Damage","damage_taken":20,"relics_obtained":["Golden Idol"],"max_hp_gain":0,"max_hp_loss":0,"event_name":"Golden Idol","floor":5,"gold_loss":0},{"damage_healed":0,"gold_gain":0,"player_choice":"Fought Mushrooms","damage_taken":0,"max_hp_gain":0,"max_hp_loss":0,"event_name":"Mushrooms","floor":13,"gold_loss":0}],"is_beta":false,"boss_relics":[],"items_purged_floors":[3],"is_endless":false,"potions_floor_spawned":[4,7,13],"killed_by":"Slime Boss","ascension_level":3}}