{"host":"tfkz8stxzb1up54p","time":1607595735,"event":{"gold_per_floor":[1497,1510,1460,865,883,908,924,953,976,378,378,404,415,435,435,530,530,544,544,544,560,125,125,152,152,178,23,48,48,48,63,63,165,215,228,239,254,254,305,305,338,355,402,402,402],"floor_reached":44,"playtime":3775,"items_purged":["Bash","Pain"],"score":782,"play_id":"f485945e-911a-40e8-a58c-4a3d9e19c07d","local_time":"20201210102215","is_ascension_mode":true,"campfire_choices":[{"data":"Infernal Blade","floor":15,"key":"SMITH"},{"data":"Body Slam","floor":23,"key":"SMITH"},{"data":"Body Slam","floor":30,"key":"SMITH"},{"floor":32,"key":"REST"},{"floor":40,"key":"REST"}],"neow_cost":"CURSE","seed_source_timestamp":817538183500,"circlet_count":0,"master_deck":["AscendersBane","Strike_R","Strike_R+1","Strike_R","Strike_R","Strike_R+1","Defend_R","Defend_R","Defend_R+1","Defend_R","Panache","Evolve","Infernal Blade+1","Impervious","Body Slam+1","Impervious+1","Perfected Strike","Twin Strike+1","Limit Break","Fire Breathing","Twin Strike","Body Slam+1","Anger","Swift Strike+1","Wild Strike+1","Wild Strike+1","Fiend Fire+1","Pommel Strike+1","Armaments+1","Pommel Strike+1","Flex+1","Flex+1"],"relics":["Burning Blood","ClockworkSouvenir","Ornamental Fan","Gremlin Horn","Anchor","MawBank","War Paint","Whetstone","WarpedTongs","Toy Ornithopter","Runic Cube","Molten Egg 2","Blood Vial","Ancient Tea Set","Tiny Chest","Question Card","CultistMask","Tiny House","Vajra","Blue Candle","Bronze Scales"],"potions_floor_usage":[6,8,12,13,16,24,31,35,41,42],"damage_taken":[{"damage":12,"enemies":"2 Louse","floor":1,"turns":4},{"damage":11,"enemies":"Jaw Worm","floor":2,"turns":4},{"damage":4,"enemies":"Cultist","floor":5,"turns":5},{"damage":15,"enemies":"3 Sentries","floor":6,"turns":12},{"damage":12,"enemies":"Looter","floor":7,"turns":4},{"damage":0,"enemies":"Lagavulin","floor":8,"turns":7},{"damage":7,"enemies":"Gremlin Nob","floor":12,"turns":3},{"damage":7,"enemies":"Large Slime","floor":13,"turns":6},{"damage":2,"enemies":"Exordium Wildlife","floor":14,"turns":2},{"damage":20,"enemies":"The Guardian","floor":16,"turns":10},{"damage":3,"enemies":"3 Byrds","floor":18,"turns":7},{"damage":3,"enemies":"Shell Parasite","floor":21,"turns":4},{"damage":21,"enemies":"Book of Stabbing","floor":24,"turns":5},{"damage":23,"enemies":"Slavers","floor":28,"turns":5},{"damage":20,"enemies":"Snake Plant","floor":31,"turns":4},{"damage":63,"enemies":"Automaton","floor":33,"turns":8},{"damage":16,"enemies":"3 Darklings","floor":35,"turns":3},{"damage":0,"enemies":"Orb Walker","floor":36,"turns":2},{"damage":55,"enemies":"Transient","floor":37,"turns":5},{"damage":46,"enemies":"Nemesis","floor":41,"turns":7},{"damage":8,"enemies":"Jaw Worm Horde","floor":42,"turns":3},{"damage":35,"enemies":"Sphere and 2 Shapes","floor":44,"turns":3}],"seed_played":"882279938348503622","potions_obtained":[{"floor":5,"key":"DuplicationPotion"},{"floor":6,"key":"CultistPotion"},{"floor":8,"key":"Fire Potion"},{"floor":12,"key":"DuplicationPotion"},{"floor":13,"key":"SteroidPotion"},{"floor":18,"key":"BlessingOfTheForge"},{"floor":28,"key":"Regen Potion"},{"floor":34,"key":"DistilledChaos"},{"floor":35,"key":"Energy Potion"},{"floor":41,"key":"Swift Potion"}],"is_trial":false,"path_per_floor":["M","M","?","$","M","E","M","E","T","$","?","E","M","M","R","B",null,"M","?","?","M","$","R","E","$","T","$","E","?","R","M","R","B",null,"M","M","M","?","T","R","E","M","T","M"],"character_chosen":"IRONCLAD","items_purchased":["ClockworkSouvenir","Ornamental Fan","Impervious","Body Slam","Limit Break","Fire Breathing","War Paint","Whetstone","Molten Egg 2","Swift Strike+1","Tiny Chest"],"campfire_rested":2,"item_purchase_floors":[4,4,4,4,10,10,10,10,22,22,27],"current_hp_per_floor":[66,61,61,61,63,54,48,54,54,54,54,53,57,61,61,52,73,76,61,61,64,64,64,54,54,54,54,39,39,39,41,66,11,72,69,77,30,30,30,57,24,29,29,0,0],"gold":402,"neow_bonus":"RANDOM_COLORLESS_2","is_prod":false,"is_daily":false,"chose_seed":false,"campfire_upgraded":3,"win_rate":0,"timestamp":1607595735,"path_taken":["M","M","?","$","M","E","M","E","T","$","?","E","?","M","R","BOSS","M","?","?","?","?","R","E","$","T","$","E","?","R","M","R","BOSS","M","?","M","?","?","R","E","M","T","?"],"build_version":"2020-11-30","purchased_purges":2,"victory":false,"max_hp_per_floor":[80,80,80,80,80,80,80,80,80,80,80,80,80,80,80,80,80,80,85,85,85,85,85,85,85,85,85,85,85,85,85,85,85,90,90,90,90,90,90,90,90,90,90,90,90],"card_choices":[{"not_picked":["Transmutation","Magnetism"],"picked":"Panache","floor":0},{"not_picked":["Bloodletting","Shockwave"],"picked":"Evolve","floor":1},{"not_picked":["Combust","Clash"],"picked":"Infernal Blade","floor":2},{"not_picked":["Sword Boomerang","Feel No Pain","Bloodletting"],"picked":"SKIP","floor":5},{"not_picked":["Flex","Hemokinesis"],"picked":"Impervious","floor":6},{"not_picked":["Clothesline","Thunderclap"],"picked":"Perfected Strike","floor":7},{"not_picked":["Flex","Ghostly Armor"],"picked":"Twin Strike","floor":8},{"not_picked":["Clash","Dropkick","Iron Wave"],"picked":"SKIP","floor":12},{"not_picked":["Burning Pact","Iron Wave","Reckless Charge"],"picked":"SKIP","floor":13},{"not_picked":["Thunderclap","Double Tap"],"picked":"Twin Strike","floor":14},{"not_picked":["Sword Boomerang","Flame Barrier"],"picked":"Body Slam","floor":18},{"not_picked":["True Grit","Infernal Blade"],"picked":"Anger","floor":21},{"not_picked":["Searing Blow+1","Inflame"],"picked":"Wild Strike+1","floor":24},{"not_picked":["Carnage+1","Entrench","Immolate+1"],"picked":"SKIP","floor":28},{"not_picked":["Shrug It Off+1","Hemokinesis+1","Perfected Strike+1"],"picked":"Wild Strike+1","floor":31},{"not_picked":["Immolate+1","Corruption","Berserk"],"picked":"Fiend Fire+1","floor":33},{"not_picked":["Sword Boomerang+1","True Grit","Warcry"],"picked":"Pommel Strike+1","floor":34},{"not_picked":["Searing Blow+1","Twin Strike+1","Dark Embrace"],"picked":"Armaments+1","floor":35},{"not_picked":["Perfected Strike+1","Disarm+1","Clothesline+1"],"picked":"Pommel Strike+1","floor":36},{"not_picked":["Feel No Pain+1","Clash+1","Clothesline+1"],"picked":"Flex+1","floor":37},{"not_picked":["Shrug It Off","Entrench","Havoc+1","Searing Blow+1"],"picked":"SKIP","floor":41},{"not_picked":["True Grit","Bludgeon+1","Pommel Strike+1"],"picked":"Flex+1","floor":42}],"player_experience":1210164,"relics_obtained":[{"floor":6,"key":"Gremlin Horn"},{"floor":8,"key":"Anchor"},{"floor":9,"key":"MawBank"},{"floor":12,"key":"Toy Ornithopter"},{"floor":24,"key":"Blood Vial"},{"floor":26,"key":"Ancient Tea Set"},{"floor":28,"key":"Question Card"},{"floor":39,"key":"Vajra"},{"floor":41,"key":"Blue Candle"},{"floor":43,"key":"Bronze Scales"}],"event_choices":[{"cards_removed":["Decay"],"damage_healed":0,"gold_gain":0,"player_choice":"Card Removal","damage_taken":0,"max_hp_gain":0,"max_hp_loss":0,"event_name":"The Cleric","floor":3,"gold_loss":50},{"damage_healed":0,"gold_gain":0,"player_choice":"Rummage","damage_taken":0,"relics_obtained":["WarpedTongs"],"max_hp_gain":0,"max_hp_loss":0,"event_name":"Accursed Blacksmith","floor":11,"gold_loss":0,"cards_obtained":["Pain"]},{"damage_healed":0,"gold_gain":0,"player_choice":"Shed Blood","damage_taken":20,"max_hp_gain":5,"max_hp_loss":0,"event_name":"Forgotten Altar","floor":19,"gold_loss":0},{"damage_healed":0,"gold_gain":0,"player_choice":"Ignored","damage_taken":0,"max_hp_gain":0,"max_hp_loss":0,"event_name":"Ghosts","floor":20,"gold_loss":0},{"damage_healed":0,"gold_gain":0,"player_choice":"Trade","damage_taken":0,"relics_obtained":["CultistMask"],"max_hp_gain":0,"max_hp_loss":0,"event_name":"FaceTrader","floor":29,"gold_loss":0},{"damage_healed":0,"gold_gain":0,"player_choice":"Ignored","damage_taken":0,"max_hp_gain":0,"max_hp_loss":0,"event_name":"Tomb of Lord Red Mask","floor":38,"gold_loss":0}],"is_beta":false,"boss_relics":[{"not_picked":["Astrolabe","Mark of Pain"],"picked":"Runic Cube"},{"not_picked":["Calling Bell","Pandora\u0027s Box"],"picked":"Tiny House"}],"items_purged_floors":[10,22],"is_endless":false,"potions_floor_spawned":[5,6,8,12,13,18,28,35,41],"killed_by":"Sphere and 2 Shapes","ascension_level":10}}