{"host":"ecaj4hn004xnnrw9","time":1607559201,"event":{"gold_per_floor":[110,110,120,120,120,148,148,183,183,195,195,195],"floor_reached":11,"playtime":280,"items_purged":[],"score":101,"play_id":"307ea4b2-b2fa-44d5-b92e-e3b476dd7798","local_time":"20201210001321","is_ascension_mode":true,"campfire_choices":[],"neow_cost":"NONE","seed_source_timestamp":32137630583700,"circlet_count":0,"master_deck":["Strike_R+1","Strike_R","Strike_R","Strike_R","Strike_R","Defend_R+1","Defend_R","Defend_R","Defend_R","Bash","Twin Strike","Pain","Warcry","True Grit","Pummel"],"relics":["Mark of Pain","WarpedTongs","Turnip","Pet Ghost","Gremlin Horn","Shuriken"],"potions_floor_usage":[6,8,11],"damage_taken":[{"damage":0,"enemies":"Small Slimes","floor":1,"turns":4},{"damage":0,"enemies":"Cultist","floor":3,"turns":2},{"damage":26,"enemies":"Lagavulin","floor":6,"turns":4},{"damage":25,"enemies":"Gremlin Nob","floor":8,"turns":4},{"damage":0,"enemies":"Jaw Worm","floor":10,"turns":2},{"damage":10,"enemies":"Lagavulin","floor":11,"turns":3}],"seed_played":"3898177591249910722","potions_obtained":[{"floor":1,"key":"AttackPotion"},{"floor":3,"key":"Reflective Coating"},{"floor":10,"key":"SpeedPotion"}],"is_trial":false,"path_per_floor":["M","?","M","?","?","E","T","E","T","M","E"],"character_chosen":"IRONCLAD","items_purchased":[],"campfire_rested":0,"item_purchase_floors":[],"current_hp_per_floor":[80,80,80,64,69,43,43,18,18,18,8,8],"gold":195,"neow_bonus":"BOSS_RELIC","is_prod":false,"is_daily":false,"chose_seed":false,"campfire_upgraded":0,"win_rate":0,"timestamp":1607559201,"path_taken":["M","?","?","?","?","E","?","E","T","M","E"],"build_version":"2020-11-30","purchased_purges":0,"victory":false,"max_hp_per_floor":[80,80,80,80,85,85,85,85,85,85,85,85],"card_choices":[{"not_picked":["ReplayReversal","Warcry"],"picked":"Twin Strike","floor":1},{"not_picked":["Abandon","Anger"],"picked":"Warcry","floor":3},{"not_picked":["Armaments","Rage"],"picked":"True Grit","floor":6},{"not_picked":["Iron Wave","Anger"],"picked":"Pummel","floor":8},{"not_picked":["Clash","Thunderclap","Sever Soul"],"picked":"SKIP","floor":10}],"player_experience":143906,"relics_obtained":[{"floor":6,"key":"Turnip"},{"floor":7,"key":"Pet Ghost"},{"floor":8,"key":"Gremlin Horn"},{"floor":9,"key":"Shuriken"}],"event_choices":[{"damage_healed":0,"gold_gain":0,"player_choice":"Rummage","damage_taken":0,"relics_obtained":["WarpedTongs"],"max_hp_gain":0,"max_hp_loss":0,"event_name":"Accursed Blacksmith","floor":2,"gold_loss":0,"cards_obtained":["Pain"]},{"damage_healed":0,"gold_gain":0,"player_choice":"Entered Light","damage_taken":16,"max_hp_gain":0,"max_hp_loss":0,"event_name":"Shining Light","floor":4,"gold_loss":0,"cards_upgraded":["Defend_R","Strike_R"]},{"damage_healed":0,"gold_gain":0,"player_choice":"Donut","damage_taken":0,"max_hp_gain":5,"max_hp_loss":0,"event_name":"Big Fish","floor":5,"gold_loss":0}],"is_beta":false,"boss_relics":[],"items_purged_floors":[],"is_endless":false,"potions_floor_spawned":[1,3,10],"killed_by":"Lagavulin","ascension_level":5}}