{"host":"iy58fyt9wsbv4cf1","time":1607560003,"event":{"gold_per_floor":[110,123,58,58,58,87,87,87,87,87,99,99,49,76,76,174,174,188,203,107,107,123,123,148,148,148,148,22,22,22,42,42,138,138,158,178,193,203,34,64,64,99,122,157,170,216,216,233,233,233],"floor_reached":51,"playtime":1320,"items_purged":["Defend_G","Defend_G","Strike_G","Strike_G"],"score":866,"play_id":"420b8e55-d9e5-494f-8d7e-602184a5e782","local_time":"20201209192643","is_ascension_mode":false,"campfire_choices":[{"floor":8,"key":"REST"},{"floor":12,"key":"REST"},{"data":"Blade Dance","floor":15,"key":"SMITH"},{"data":"Finisher","floor":23,"key":"SMITH"},{"floor":25,"key":"RECALL"},{"data":"Neutralize","floor":27,"key":"SMITH"},{"data":"Backstab","floor":30,"key":"SMITH"},{"floor":32,"key":"REST"},{"data":"Footwork","floor":41,"key":"SMITH"},{"data":"Backstab","floor":47,"key":"SMITH"},{"data":"Survivor","floor":49,"key":"SMITH"}],"neow_cost":"","seed_source_timestamp":524538091753400,"circlet_count":0,"master_deck":["Strike_G","Strike_G","Defend_G","Defend_G","Defend_G","Survivor+1","Neutralize+1","Blade Dance+1","Backflip+1","Bullet Time+1","Deflect+1","Backflip+1","Phantasmal Killer+1","Finisher+1","Phantasmal Killer+1","Cloak And Dagger+1","Deflect+1","Blade Dance+1","Backstab+1","Adrenaline+1","Blur+1","Footwork+1","Backstab+1"],"relics":["Ring of the Snake","Membership Card","Toxic Egg 2","Prayer Wheel","Bottled Lightning","Art of War","Tiny Chest","Anchor","Nunchaku","hubris:VirtuousBlindfold","Vajra","Ninja Scroll","InkBottle","hubris:TerracottaHorce","Mango","Lee\u0027s Waffle","Regal Pillow","hubris:SphereOfDissonance","PreservedInsect","Pocketwatch"],"potions_floor_usage":[33,33],"damage_taken":[{"damage":6,"enemies":"2 Louse","floor":1,"turns":2},{"damage":0,"enemies":"Jaw Worm","floor":2,"turns":3},{"damage":26,"enemies":"Lagavulin","floor":6,"turns":7},{"damage":0,"enemies":"Small Slimes","floor":11,"turns":2},{"damage":3,"enemies":"3 Sentries","floor":14,"turns":6},{"damage":25,"enemies":"The Guardian","floor":16,"turns":10},{"damage":20,"enemies":"conspire:FuzzyDice","floor":18,"turns":3},{"damage":5,"enemies":"2 Thieves","floor":19,"turns":3},{"damage":0,"enemies":"Snake Plant","floor":22,"turns":2},{"damage":0,"enemies":"Cultist and Chosen","floor":31,"turns":2},{"damage":2,"enemies":"Automaton","floor":33,"turns":3},{"damage":0,"enemies":"3 Darklings","floor":35,"turns":2},{"damage":15,"enemies":"3 Shapes","floor":36,"turns":2},{"damage":0,"enemies":"Sphere and 2 Shapes","floor":37,"turns":2},{"damage":0,"enemies":"Jaw Worm Horde","floor":38,"turns":2},{"damage":0,"enemies":"Nemesis","floor":40,"turns":3},{"damage":0,"enemies":"Reptomancer","floor":42,"turns":3},{"damage":0,"enemies":"Nemesis","floor":44,"turns":3},{"damage":0,"enemies":"Transient","floor":45,"turns":5},{"damage":0,"enemies":"2 Orb Walkers","floor":46,"turns":1},{"damage":0,"enemies":"Spire Growth","floor":48,"turns":1},{"damage":7,"enemies":"Donu and Deca","floor":50,"turns":5}],"seed_played":"7209637142203328376","potions_obtained":[{"floor":6,"key":"CultistPotion"},{"floor":16,"key":"Fire Potion"},{"floor":19,"key":"FearPotion"},{"floor":29,"key":"SkillPotion"},{"floor":33,"key":"ColorlessPotion"},{"floor":36,"key":"EntropicBrew"}],"is_trial":false,"path_per_floor":["M","M","$","?","?","E","?","R","T","?","M","R","$","E","R","B",null,"M","M","$","?","M","R","T","R","T","R","$","?","R","M","R","B",null,"M","M","M","M","$","E","R","E","T","E","M","?","R","M","R","B",null],"character_chosen":"THE_SILENT","items_purchased":["Blade Dance","Membership Card","Toxic Egg 2","Prayer Wheel","Bottled Lightning","Deflect+1","Blade Dance+1","InkBottle","Mango","Lee\u0027s Waffle","Backstab"],"campfire_rested":3,"item_purchase_floors":[0,0,0,0,0,3,20,28,39,39,39],"current_hp_per_floor":[32,32,32,37,37,11,11,33,33,21,21,43,43,40,40,15,75,55,50,50,50,50,50,50,50,50,50,50,50,50,50,72,70,74,74,59,59,59,96,96,96,96,96,96,96,96,96,96,96,89],"gold":233,"neow_bonus":"","is_prod":false,"is_daily":false,"chose_seed":false,"campfire_upgraded":7,"win_rate":0.0,"timestamp":1607560003,"path_taken":["M","M","$","?","?","E","?","R","T","?","M","R","$","E","R","BOSS","M","M","$","?","?","R","?","R","T","R","$","?","R","M","R","BOSS","M","?","M","M","$","E","R","E","T","E","M","?","R","M","R","BOSS"],"build_version":"2020-11-30","purchased_purges":4,"victory":true,"max_hp_per_floor":[70,70,70,75,75,75,75,75,75,75,75,75,75,75,75,75,75,75,75,75,75,75,75,75,75,75,75,75,75,75,75,75,75,75,75,75,75,75,96,96,96,96,96,96,96,96,96,96,96,96],"card_choices":[{"not_picked":["Masterful Stab","Distraction+1","Caltrops"],"picked":"SKIP","floor":1},{"not_picked":["Bane","hubris:TrickCloak+1","Outmaneuver+1"],"picked":"SKIP","floor":1},{"not_picked":["Dagger Spray","Dagger Throw"],"picked":"Backflip+1","floor":2},{"not_picked":["Underhanded Strike","Acrobatics+1"],"picked":"Bullet Time+1","floor":2},{"not_picked":["Crippling Poison+1","Infinite Blades"],"picked":"Phantasmal Killer+1","floor":6},{"not_picked":["Dash","Prepared+1","Poisoned Stab"],"picked":"SKIP","floor":11},{"not_picked":["Riddle With Holes","Backflip+1","Dodge and Roll+1"],"picked":"SKIP","floor":11},{"not_picked":["Slice","hubris:SlightOfHand+1"],"picked":"Finisher","floor":14},{"not_picked":["Glass Knife","Grand Finale"],"picked":"Phantasmal Killer+1","floor":16},{"not_picked":["PiercingWail+1","hubris:SlightOfHand+1"],"picked":"Cloak And Dagger+1","floor":18},{"not_picked":["Flying Knee","Infinite Blades","Tactician+1"],"picked":"SKIP","floor":18},{"not_picked":["Setup+1","Distraction+1"],"picked":"Deflect+1","floor":19},{"not_picked":["Bullet Time+1","hubris:SlightOfHand+1","Flying Knee"],"picked":"SKIP","floor":19},{"not_picked":["Dagger Spray","Finisher"],"picked":"Backstab","floor":22},{"not_picked":["hubris:SlightOfHand+1","PiercingWail+1","Catalyst+1"],"picked":"SKIP","floor":22},{"not_picked":["Footwork","hubris:SlightOfHand+1","Catalyst+1"],"picked":"SKIP","floor":31},{"not_picked":["Slice","Deflect+1","PiercingWail+1"],"picked":"SKIP","floor":31},{"not_picked":["Doppelganger+1","Wraith Form v2"],"picked":"Adrenaline+1","floor":33},{"not_picked":["PiercingWail+1","conspire:DoublingDagger+1"],"picked":"Blur+1","floor":35},{"not_picked":["Deadly Poison+1","Prepared+1","hubris:TrickCloak+1"],"picked":"SKIP","floor":35},{"not_picked":["Reflex+1","Flying Knee+1"],"picked":"Footwork","floor":36},{"not_picked":["Blade Dance+1","All Out Attack","Heel Hook"],"picked":"SKIP","floor":36},{"not_picked":["Footwork","Slice+1","Deadly Poison+1"],"picked":"SKIP","floor":37},{"not_picked":["Sucker Punch","Backflip+1","Underhanded Strike"],"picked":"SKIP","floor":37},{"not_picked":["Storm of Steel+1","Quick Slash+1","Choke"],"picked":"SKIP","floor":38},{"not_picked":["Backflip+1","Heel Hook+1","Quick Slash+1"],"picked":"SKIP","floor":38},{"not_picked":["Cloak And Dagger+1","Dagger Spray+1","Quick Slash"],"picked":"SKIP","floor":40},{"not_picked":["Prepared+1","Blade Dance+1","Poisoned Stab"],"picked":"SKIP","floor":42},{"not_picked":["Dagger Spray","Slice","Deflect+1"],"picked":"SKIP","floor":44},{"not_picked":["Deadly Poison+1","Dodge and Roll+1","Predator"],"picked":"SKIP","floor":45},{"not_picked":["Deflect+1","Masterful Stab+1","Quick Slash"],"picked":"SKIP","floor":45},{"not_picked":["Cloak And Dagger+1","hubris:TrickCloak+1","Infinite Blades+1"],"picked":"SKIP","floor":48},{"not_picked":["Blade Dance+1","Leg Sweep+1","Acrobatics+1"],"picked":"SKIP","floor":48}],"player_experience":66422,"relics_obtained":[{"floor":6,"key":"Art of War"},{"floor":9,"key":"Tiny Chest"},{"floor":14,"key":"Nunchaku"},{"floor":24,"key":"Vajra"},{"floor":26,"key":"Ninja Scroll"},{"floor":40,"key":"Regal Pillow"},{"floor":42,"key":"hubris:SphereOfDissonance"},{"floor":44,"key":"PreservedInsect"},{"floor":46,"key":"Pocketwatch"}],"event_choices":[{"damage_healed":0,"gold_gain":0,"player_choice":"Donut","damage_taken":0,"max_hp_gain":5,"max_hp_loss":0,"event_name":"Big Fish","floor":4,"gold_loss":0},{"damage_healed":0,"gold_gain":0,"player_choice":"Leave","damage_taken":0,"max_hp_gain":0,"max_hp_loss":0,"event_name":"conspire:Investor","floor":7,"gold_loss":0},{"damage_healed":0,"gold_gain":0,"player_choice":"Relic ","damage_taken":12,"max_hp_gain":0,"max_hp_loss":0,"event_name":"betterThird:BetterScrap","floor":10,"gold_loss":0,"cards_obtained":["Meteor Strike"]},{"cards_removed":["Strike_G"],"damage_healed":0,"gold_gain":0,"player_choice":"Purged","damage_taken":0,"max_hp_gain":0,"max_hp_loss":0,"event_name":"Purifier","floor":21,"gold_loss":0},{"damage_healed":0,"gold_gain":0,"player_choice":"Got Potions","damage_taken":0,"max_hp_gain":0,"max_hp_loss":0,"event_name":"Lab","floor":29,"gold_loss":0},{"damage_healed":0,"gold_gain":0,"player_choice":"Fight","damage_taken":0,"max_hp_gain":0,"max_hp_loss":0,"event_name":"Mysterious Sphere","floor":46,"gold_loss":0}],"is_beta":false,"boss_relics":[{"not_picked":["conspire:RoyalGoblet","HoveringKite"],"picked":"hubris:VirtuousBlindfold"},{"not_picked":["Empty Cage","Snecko Eye"],"picked":"hubris:TerracottaHorce"}],"items_purged_floors":[3,13,20,39],"is_endless":false,"potions_floor_spawned":[6,16,19,22,33,36,37,38,45,48],"ascension_level":0}}