{"host":"u5hfrceatticevdm","time":1607612239,"event":{"mods":["BaseMod","StSLib","Conspire","Hubris","Minty Spire (QoL Compilation)","Act Like it!","Halation","Useless Jewels Mod","Aspiration","Energized Spire","vexMod","GifTheSpireLib","HexUI Lib","Replay The Spire","Stuff the Spire","Unceasing Turn Reminder","2.2 Compatiblity","Better Synergies","Magineer Mod","Spikes Relics","Waifu the Spire","Alarm Clock","Downfall","Spicy Shops","Humility","Small Relic Pack","Hyrulean Relics","The Construct","Friendly Minions"],"gold_per_floor":[118,118,118,129,147,178,178,178,202,277,288,316,43,75,75,75,75],"floor_reached":16,"playtime":730,"items_purged":[],"score":118,"play_id":"83e96de5-72a2-441e-ba66-3287b2be2780","local_time":"20201210095719","is_ascension_mode":false,"campfire_choices":[{"floor":8,"key":"REST"},{"floor":15,"key":"REST"}],"circlet_count":0,"master_deck":["Strike_B","Strike_B","Strike_B","Strike_B","Defend_B","Defend_B","Defend_B","Zap+1","Dualcast","StuffTheSpire:Coldhearted","Sunder+1","Ball Lightning","Go for the Eyes","StuffTheSpire:Plugnplay","Injury","Fusion+1","Defragment","Static Discharge","StuffTheSpire:LoadUp+1","Fusion+1","Doom and Gloom","Ball Lightning"],"special_seed":0,"relics":["Cracked Core","relicPack:OneForAll","Rawhide","Toxic Egg 2","hubris:OldNail","aspiration:EnhancedActuators","Potion Belt"],"acts_visited":["Exordium"],"potions_floor_usage":[14,16],"damage_taken":[{"damage":0.0,"enemies":"Small Slimes","floor":1.0,"turns":2.0},{"damage":0,"enemies":"conspire:RoseBush","floor":4,"turns":2},{"damage":9,"enemies":"Jaw Worm","floor":5,"turns":2},{"damage":44,"enemies":"3 Sentries","floor":6,"turns":7},{"damage":0,"enemies":"Exordium Thugs","floor":11,"turns":3},{"damage":5,"enemies":"Replay:BlueRogue","floor":12,"turns":7},{"damage":25,"enemies":"3 Sentries","floor":14,"turns":5},{"damage":27,"enemies":"The Guardian","floor":16,"turns":5}],"seed_played":"-897738573282756981","potions_obtained":[{"floor":1.0,"key":"PowerPotion"},{"floor":5,"key":"SpeedPotion"},{"floor":12,"key":"Fire Potion"}],"is_trial":false,"path_per_floor":["M","?","?","M","M","E","?","R","T","?","M","E","$","E","R","B"],"character_chosen":"DEFECT","items_purchased":["Static Discharge","StuffTheSpire:LoadUp+1","Fusion+1","Doom and Gloom"],"campfire_rested":2,"item_purchase_floors":[13,13,13,13],"current_hp_per_floor":[75,75,75,75,66,22,22,44,44,35,35,30,30,5,27,0,0],"gold":75,"neow_bonus":"UPGRADE_CARD","is_daily":false,"chose_seed":false,"campfire_upgraded":0,"win_rate":0,"timestamp":1607612239,"path_taken":["M","?","?","M","M","E","?","R","T","?","?","E","?","E","R","BOSS"],"build_version":"2020-11-30","purchased_purges":0,"victory":false,"max_hp_per_floor":[75,75,75,75,75,75,75,75,75,75,75,75,75,75,75,75,75],"card_choices":[{"not_picked":["Reprogram","ReplayTheSpireMod:Dual Polarity"],"picked":"StuffTheSpire:Coldhearted","floor":1.0},{"not_picked":["Blizzard","BasicCrystalCard"],"picked":"Ball Lightning","floor":4},{"not_picked":["ReplayTheSpireMod:Dual Polarity","Undo"],"picked":"Go for the Eyes","floor":5},{"not_picked":["Gash","Hologram"],"picked":"StuffTheSpire:Plugnplay","floor":6},{"not_picked":["Skim+1","Stack+1"],"picked":"Fusion+1","floor":11},{"not_picked":["ReplayTheSpireMod:Repulse+1","RefreshScreen"],"picked":"Defragment","floor":12},{"not_picked":["Scrape","Sweeping Beam"],"picked":"Ball Lightning","floor":14}],"player_experience":748471,"relics_obtained":[{"floor":6,"key":"Rawhide"},{"floor":9,"key":"hubris:OldNail"},{"floor":12,"key":"aspiration:EnhancedActuators"},{"floor":14,"key":"Potion Belt"}],"event_choices":[{"damage_healed":0,"gold_gain":75,"player_choice":"Gather Gold","damage_taken":11,"max_hp_gain":0,"max_hp_loss":0,"event_name":"World of Goop","floor":10,"gold_loss":0}],"is_beta":false,"boss_relics":[],"items_purged_floors":[],"is_endless":false,"potions_floor_spawned":[1,5,12],"killed_by":"The Guardian","ascension_level":0}}