{"host":"i9wanet4r0ff4t9y","time":1607594537,"event":{"gold_per_floor":[109,166,178,143,143,169,94,111,135,164,0,0,15,29,29,124,124,138,151,151,151,151,151,171,21,21,121,148,158,12,32,32,132,182,193,206,17,17,17,43,55,55,55,55,81,81,81,0,0,0],"floor_reached":51,"playtime":2394,"items_purged":[],"score":1146,"play_id":"a589479b-96da-43b1-980e-50f57ddcb788","local_time":"20201210110217","is_ascension_mode":false,"campfire_choices":[{"data":"Infinite Blades","floor":15.0,"key":"SMITH"},{"data":"ReplayTheSpireMod:Brewmster","floor":23.0,"key":"SMITH"},{"floor":42.0,"key":"REST"},{"data":"Infinite Blades","floor":47,"key":"SMITH"},{"floor":49,"key":"REST"}],"neow_cost":"","seed_source_timestamp":0,"circlet_count":1,"master_deck":["Strike_G","Strike_G","Strike_G","Strike_G","Strike_G","Defend_G","Defend_G","Defend_G","Defend_G","Defend_G","Survivor","Neutralize","Backstab","Toxin Wave+1","Infinite Blades+1","Blade Dance","ReplayTheSpireMod:Speed Training","ForeignInfluence+1","ReplayTheSpireMod:Shiv Toss","Outmaneuver+1","ReplayTheSpireMod:Brewmster+1","Slice","Infinite Blades","Riddle With Holes+1","Enlightenment","Deflect","Predator","ReplayTheSpireMod:From All Sides+1","Dodge and Roll+1","Dagger Spray+1","ReplayTheSpireMod:Brewmster+1","Replay:Poison Smokescreen","Replay:Poison Smokescreen","Endless Agony","Blade Dance+1","Toxin Wave","Accuracy+1","J.A.X.","Phantasmal Killer+1","Toxin Wave+1","PiercingWail+1","Poisoned Stab+1","Infinite Blades+1","expansioncontent:DashGenerateEvil","expansioncontent:PolyBeam","Blade Dance+1","Quick Slash","ReplayTheSpireMod:Brewmster+1","Cloak And Dagger+1","Delirium"],"special_seed":0,"relics":["Ring of the Snake","Replay:Kaleidoscope","Membership Card","Sling","Juzu Bracelet","Orichalcum","Bag of Preparation","Nunchaku","Odd Mushroom","ReplayTheSpireMod:Shallot","Replay:Baseball","Circlet","Replay:Bronze Core","betterThird:NestCultRelic","ClockworkSouvenir","Snake Skull","Thread and Needle","Replay:Multitool","Replay:Bottled Flurry","Incense Burner","Gremlin Food","HandDrill","Tiny House","Strawberry","Guide Book","CaptainsWheel","The Courier","ReplayTheSpireMod:Ring of Addiction","Ring of Fangs","Toy Ornithopter","SacredBark","Red Mask"],"potions_floor_usage":[50,50,50,50,50],"damage_taken":[{"damage":0.0,"enemies":"2 Louse","floor":1.0,"turns":3.0},{"damage":0.0,"enemies":"Small Slimes","floor":3.0,"turns":2.0},{"damage":14.0,"enemies":"Replay:BlueRogue","floor":6.0,"turns":4.0},{"damage":0.0,"enemies":"Jaw Worm","floor":8.0,"turns":1.0},{"damage":4.0,"enemies":"The Mushroom Lair","floor":10.0,"turns":3.0},{"damage":0.0,"enemies":"Exordium Wildlife","floor":13.0,"turns":2.0},{"damage":3.0,"enemies":"Red Slaver","floor":14.0,"turns":2.0},{"damage":8.0,"enemies":"Slime Boss","floor":16.0,"turns":9.0},{"damage":2.0,"enemies":"Spheric Guardian","floor":18.0,"turns":3.0},{"damage":0.0,"enemies":"3 Byrds","floor":19.0,"turns":3.0},{"damage":11.0,"enemies":"Centurion and Healer","floor":24.0,"turns":4.0},{"damage":0.0,"enemies":"Colosseum Slavers","floor":27.0,"turns":3.0},{"damage":8.0,"enemies":"Colosseum Nobs","floor":27.0,"turns":4.0},{"damage":0.0,"enemies":"Book of Stabbing","floor":28.0,"turns":4.0},{"damage":3.0,"enemies":"Snecko","floor":29.0,"turns":5.0},{"damage":14.0,"enemies":"Snake Plant","floor":31.0,"turns":5.0},{"damage":3.0,"enemies":"Automaton","floor":33.0,"turns":6.0},{"damage":25.0,"enemies":"3 Shapes","floor":35.0,"turns":4.0},{"damage":18.0,"enemies":"3 Darklings","floor":36.0,"turns":5.0},{"damage":16.0,"enemies":"Reptomancer","floor":40.0,"turns":5.0},{"damage":3.0,"enemies":"4 Shapes","floor":41.0,"turns":3.0},{"damage":0.0,"enemies":"Nemesis","floor":45.0,"turns":5.0},{"damage":76,"enemies":"Awakened One","floor":50,"turns":8}],"seed_played":"-8907666351034286178","potions_obtained":[{"floor":3.0,"key":"SneckoOil"},{"floor":14.0,"key":"Dexterity Potion"},{"floor":16.0,"key":"CunningPotion"},{"floor":18.0,"key":"Milkshake"},{"floor":27.0,"key":"ColorlessPotion"},{"floor":34.0,"key":"Doom Potion"},{"floor":45.0,"key":"AttackPotion"}],"is_trial":false,"path_per_floor":["M","?","M","?","?","E","?","M","T","?","$","?","M","M","R","B",null,"M","M","?","?","?","R","M","$","T","?","E","M","$","M","R","B",null,"M","M","$","?","?","E","M","R","T","?","E","?","R","?","R","B",null],"character_chosen":"THE_SILENT","items_purchased":["Replay:Kaleidoscope","Membership Card","Dead Branch","Backstab","Sling","Toxin Wave+1","Infinite Blades","Juzu Bracelet","ReplayTheSpireMod:Shallot","Replay:Baseball","Riddle With Holes+1","ClockworkSouvenir","Snake Skull","Gremlin Food","HandDrill","Toxin Wave","Strawberry","Guide Book","Infinite Blades"],"campfire_rested":2,"item_purchase_floors":[0,0,0,0,0,0,0,0,11,11,11,25,25,30,30,30,37,37,37],"current_hp_per_floor":[56,56,56,70,65,51,51,51,51,47,47,53,53,50,50,57,76,74,74,74,74,74,74,63,63,63,55,55,52,52,38,38,35,81,56,38,45,45,45,29,26,52,52,52,52,52,52,52,78,27],"gold":0,"neow_bonus":"","is_prod":false,"is_daily":false,"chose_seed":false,"campfire_upgraded":3,"win_rate":0,"timestamp":1607594537,"path_taken":["M","?","M","?","?","E","?","M","T","?","$","?","M","M","R","BOSS","M","M","?","?","?","R","M","?","T","?","E","M","?","M","R","BOSS","M","M","$","?","?","E","M","R","T","?","E","?","R","?","R","BOSS"],"build_version":"2020-11-30","purchased_purges":0,"victory":true,"max_hp_per_floor":[70,70,70,70,70,70,70,70,70,70,70,76,76,76,76,76,76,76,76,76,76,76,76,76,76,76,76,76,76,76,76,76,76,81,81,81,88,88,88,88,88,88,88,88,88,88,88,88,88,86],"relic_stats":{"Nunchaku":[28],"counters":[49,194],"Snake Skull":[133],"Juzu Bracelet":5,"Bag of Preparation":[87],"HandDrill":[18],"Orichalcum":[150],"obtain_stats":[{"Tiny House":34,"SacredBark":46,"Vajra":22,"Snake Skull":25,"Bag of Preparation":6,"Juzu Bracelet":0,"Replay:Multitool":27,"Incense Burner":28,"Ancient Tea Set":25,"Cursed Key":34,"Sling":0,"ClockworkSouvenir":25,"BranchBurnRelic":15,"Centennial Puzzle":43,"Lizard Tail":47,"Nunchaku":9,"Ring of Fangs":46,"Replay:Bronze Core":17,"Strawberry":37,"Philosopher\u0027s Stone":17,"Red Mask":19,"Replay:Bottled Flurry":27,"HandDrill":30,"Ring of the Snake":0,"Gremlin Food":30,"NeowsBlessing":0,"Dead Branch":0,"Guide Book":37,"ReplayTheSpireMod:Ring of Addiction":46,"Circlet":0,"Thread and Needle":26,"betterThird:NestCultRelic":21,"The Courier":45,"Omamori":9,"Replay:Kaleidoscope":0,"Orichalcum":5,"Odd Mushroom":10,"MawBank":2,"Akabeko":13,"Anchor":23,"CaptainsWheel":37,"Replay:Baseball":11,"ReplayTheSpireMod:Shallot":11,"Art of War":26,"Membership Card":0,"Toy Ornithopter":46,"Pocketwatch":44},{"Tiny House":43,"SacredBark":48,"Vajra":12,"Snake Skull":37,"Bag of Preparation":3,"Juzu Bracelet":26,"Replay:Multitool":39,"Incense Burner":40,"Ancient Tea Set":15,"Cursed Key":18,"Sling":26,"ClockworkSouvenir":37,"BranchBurnRelic":33,"Centennial Puzzle":22,"Lizard Tail":24,"Nunchaku":30,"Ring of Fangs":48,"Replay:Bronze Core":34,"Strawberry":45,"Philosopher\u0027s Stone":9,"Red Mask":11,"Replay:Bottled Flurry":39,"HandDrill":41,"Ring of the Snake":0,"Gremlin Food":41,"NeowsBlessing":0,"Dead Branch":26,"Guide Book":45,"ReplayTheSpireMod:Ring of Addiction":48,"Circlet":0,"Thread and Needle":37,"betterThird:NestCultRelic":36,"The Courier":48,"Omamori":4,"Replay:Kaleidoscope":26,"Orichalcum":28,"Odd Mushroom":31,"MawBank":1,"Akabeko":7,"Anchor":13,"CaptainsWheel":20,"Replay:Baseball":31,"ReplayTheSpireMod:Shallot":31,"Art of War":15,"Membership Card":26,"Toy Ornithopter":48,"Pocketwatch":23},{"Tiny House":164,"SacredBark":186,"Vajra":42,"Snake Skull":137,"Bag of Preparation":3,"Juzu Bracelet":101,"Replay:Multitool":144,"Incense Burner":148,"Ancient Tea Set":54,"Cursed Key":66,"Sling":101,"ClockworkSouvenir":137,"BranchBurnRelic":118,"Centennial Puzzle":78,"Lizard Tail":88,"Nunchaku":111,"Ring of Fangs":186,"Replay:Bronze Core":127,"Strawberry":173,"Philosopher\u0027s Stone":30,"Red Mask":38,"Replay:Bottled Flurry":144,"HandDrill":153,"Ring of the Snake":0,"Gremlin Food":153,"NeowsBlessing":0,"Dead Branch":101,"Guide Book":173,"ReplayTheSpireMod:Ring of Addiction":186,"Circlet":0,"Thread and Needle":137,"betterThird:NestCultRelic":133,"The Courier":186,"Omamori":7,"Replay:Kaleidoscope":101,"Orichalcum":106,"Odd Mushroom":114,"MawBank":1,"Akabeko":19,"Anchor":46,"CaptainsWheel":72,"Replay:Baseball":114,"ReplayTheSpireMod:Shallot":114,"Art of War":54,"Membership Card":101,"Toy Ornithopter":186,"Pocketwatch":83}],"Toy Ornithopter":25,"Ring of the Snake":[98]},"card_choices":[{"not_picked":["Dodge and Roll","Backflip"],"picked":"Blade Dance","floor":1.0},{"not_picked":["Deflect","Deadly Poison"],"picked":"ReplayTheSpireMod:Speed Training","floor":3.0},{"not_picked":["Deadly Poison","Heel Hook"],"picked":"ReplayTheSpireMod:Shiv Toss","floor":6.0},{"not_picked":["Slice+1","Prepared+1"],"picked":"Outmaneuver+1","floor":7.0},{"not_picked":["expansioncontent:Corrupt+1","ReplayUltimateDefense+1"],"picked":"ReplayTheSpireMod:Brewmster+1","floor":7.0},{"not_picked":["Masterful Stab","Underhanded Strike"],"picked":"Slice","floor":8.0},{"not_picked":["Underhanded Strike","Bane"],"picked":"Infinite Blades","floor":10.0},{"not_picked":["Tactician","Hidden Blade"],"picked":"Deflect","floor":13.0},{"not_picked":["Quick Slash","Prepared"],"picked":"Predator","floor":14.0},{"not_picked":["Doppelganger","Night Terror"],"picked":"ReplayTheSpireMod:From All Sides","floor":16.0},{"not_picked":["Bane","Expertise"],"picked":"Dodge and Roll+1","floor":18.0},{"not_picked":["Backflip","Prepared"],"picked":"Dagger Spray+1","floor":19.0},{"not_picked":["Dagger Spray","Choke"],"picked":"Replay:Poison Smokescreen","floor":24.0},{"not_picked":["Escape Plan","Caltrops"],"picked":"Replay:Poison Smokescreen","floor":27.0},{"not_picked":["Prepared","Expertise"],"picked":"Endless Agony","floor":28.0},{"not_picked":["Well Laid Plans","Doppelganger"],"picked":"Blade Dance","floor":29.0},{"not_picked":["Dagger Throw","Deadly Poison"],"picked":"Accuracy","floor":31.0},{"not_picked":["Night Terror","Tools of the Trade"],"picked":"Phantasmal Killer","floor":33.0},{"not_picked":["Underhanded Strike","Prepared"],"picked":"Toxin Wave","floor":34.0},{"not_picked":["Endless Agony","Acrobatics"],"picked":"PiercingWail+1","floor":35.0},{"not_picked":["Deadly Poison","Quick Slash+1"],"picked":"Poisoned Stab+1","floor":36.0},{"not_picked":["expansioncontent:DecasProtection","Thinking Ahead"],"picked":"expansioncontent:DashGenerateEvil","floor":38.0},{"not_picked":["Enlightenment","Impatience"],"picked":"expansioncontent:PolyBeam","floor":38.0},{"not_picked":["Dagger Spray+1","Hidden Blade+1"],"picked":"Blade Dance+1","floor":40.0},{"not_picked":["Flechettes","Dodge and Roll"],"picked":"Quick Slash","floor":41.0},{"not_picked":["ReplayTheSpireMod:Speed Training+1","Underhanded Strike"],"picked":"Cloak And Dagger+1","floor":45.0}],"player_experience":319843,"relics_obtained":[{"floor":6.0,"key":"Bag of Preparation"},{"floor":9.0,"key":"Nunchaku"},{"floor":10.0,"key":"Odd Mushroom"},{"floor":26.0,"key":"Thread and Needle"},{"floor":27.0,"key":"Replay:Multitool"},{"floor":27.0,"key":"Replay:Bottled Flurry"},{"floor":28.0,"key":"Incense Burner"},{"floor":40.0,"key":"CaptainsWheel"},{"floor":45.0,"key":"The Courier"},{"floor":46,"key":"ReplayTheSpireMod:Ring of Addiction"},{"floor":46,"key":"Ring of Fangs"},{"floor":46,"key":"Toy Ornithopter"},{"floor":46,"key":"SacredBark"}],"event_choices":[{"damage_healed":0.0,"max_hp_gain":0.0,"max_hp_loss":0.0,"gold_gain":57.0,"event_name":"Golden Wing","player_choice":"Gained Gold","floor":2.0,"gold_loss":0.0,"damage_taken":0.0},{"damage_healed":17.0,"max_hp_gain":0.0,"max_hp_loss":0.0,"gold_gain":0.0,"event_name":"The Cleric","player_choice":"Healed","floor":4.0,"gold_loss":35.0,"damage_taken":0.0},{"damage_healed":0.0,"max_hp_gain":0.0,"max_hp_loss":0.0,"gold_gain":0.0,"event_name":"betterMatch:BetterMatch","player_choice":"2","floor":7.0,"gold_loss":0.0,"damage_taken":0.0,"cards_obtained":["betterMatch:CommonCard","betterMatch:ColorlessRareCard"]},{"damage_healed":0.0,"max_hp_gain":0.0,"max_hp_loss":0.0,"gold_gain":0.0,"event_name":"Mushrooms","player_choice":"Fought Mushrooms","floor":10.0,"gold_loss":0.0,"damage_taken":0.0},{"damage_healed":0.0,"max_hp_gain":0.0,"max_hp_loss":0.0,"gold_gain":0.0,"event_name":"betterThird:BetterSerpent","player_choice":"RENOUNCE","floor":12.0,"gold_loss":0.0,"damage_taken":0.0,"cards_obtained":["Enlightenment"]},{"cards_removed":["ReplayTheSpireMod:Brewmster"],"damage_healed":0.0,"max_hp_gain":0.0,"max_hp_loss":0.0,"gold_gain":0.0,"event_name":"betterNote:BetterNote","player_choice":"Take \u0026 Give","floor":20.0,"gold_loss":0.0,"damage_taken":0.0,"cards_obtained":["ReplayTheSpireMod:Brewmster"]},{"damage_healed":0.0,"max_hp_gain":0.0,"max_hp_loss":0.0,"gold_gain":0.0,"event_name":"betterThird:BetterNest","player_choice":"Madness","floor":21.0,"gold_loss":0.0,"damage_taken":0.0,"relics_obtained":["betterThird:NestCultRelic"]},{"damage_healed":0.0,"max_hp_gain":0.0,"max_hp_loss":0.0,"gold_gain":0.0,"event_name":"Beggar","player_choice":"Ignored","floor":22.0,"gold_loss":0.0,"damage_taken":0.0},{"damage_healed":0.0,"max_hp_gain":0.0,"max_hp_loss":0.0,"gold_gain":0.0,"event_name":"Colosseum","player_choice":"Fight","floor":27.0,"gold_loss":0.0,"damage_taken":0.0},{"damage_healed":0.0,"max_hp_gain":0.0,"max_hp_loss":0.0,"gold_gain":0.0,"event_name":"Colosseum","player_choice":"Fought Nobs","floor":27.0,"gold_loss":0.0,"damage_taken":0.0},{"damage_healed":0.0,"max_hp_gain":0.0,"max_hp_loss":0.0,"gold_gain":0.0,"event_name":"Drug Dealer","player_choice":"Obtain J.A.X.","floor":32.0,"gold_loss":0.0,"damage_taken":0.0,"cards_obtained":["J.A.X."]},{"damage_healed":0.0,"max_hp_gain":0.0,"max_hp_loss":0.0,"gold_gain":3.0,"event_name":"betterStone:BetterStone","player_choice":"1","floor":38.0,"gold_loss":0.0,"damage_taken":0.0},{"damage_healed":0.0,"max_hp_gain":0.0,"max_hp_loss":0.0,"gold_gain":0.0,"event_name":"Purifier","player_choice":"Ignored","floor":39.0,"gold_loss":0.0,"damage_taken":0.0},{"damage_healed":0.0,"max_hp_gain":0.0,"max_hp_loss":0.0,"gold_gain":0.0,"event_name":"betterThird:BetterPortal","player_choice":"Random: Yellow","floor":44.0,"gold_loss":0.0,"damage_taken":0.0},{"cards_removed":["ReplayTheSpireMod:Brewmster"],"damage_healed":0.0,"max_hp_gain":0.0,"max_hp_loss":0.0,"gold_gain":0.0,"event_name":"betterNote:BetterNote","player_choice":"Take \u0026 Give","floor":44.0,"gold_loss":0.0,"damage_taken":0.0,"cards_obtained":["ReplayTheSpireMod:Brewmster"]},{"damage_healed":0,"gold_gain":0,"player_choice":"Paid","damage_taken":0,"relics_obtained":["Red Mask"],"max_hp_gain":0,"max_hp_loss":0,"event_name":"Tomb of Lord Red Mask","floor":48,"gold_loss":81}],"is_beta":false,"boss_relics":[{"not_picked":["Coffee Dripper","ReplayTheSpireMod:DimensionalGlitch"],"picked":"Replay:Bronze Core"},{"not_picked":["Fusion Hammer","HoveringKite"],"picked":"Tiny House"}],"items_purged_floors":[],"is_endless":false,"potions_floor_spawned":[3,13,14,16,18,19,24,27,29,45],"ascension_level":0}}