{"host":"dl5mjdlimopbuch5","time":1607562585,"event":{"gold_per_floor":[114,289,289,289,110,145,145,33,33,59,74,104,104,86,86,186,186,201,220,2,13,13,13,45,45,91,91,119,134,94,104,104,200,200,210,210,210,210,222,222,235,235,258,221,232,250,267,207,207,207,207,207,39,71,71,71],"floor_reached":55,"playtime":1362,"items_purged":[],"score":810,"play_id":"547f013f-c0f1-4539-b5a4-2aa99720ff76","local_time":"20201210010945","is_ascension_mode":true,"campfire_choices":[{"data":"White Noise","floor":7,"key":"SMITH"},{"data":"Storm","floor":13,"key":"SMITH"},{"data":"Capacitor","floor":15,"key":"SMITH"},{"floor":23,"key":"REST"},{"floor":27,"key":"REST"},{"floor":32,"key":"REST"},{"floor":40,"key":"REST"},{"floor":42,"key":"RECALL"},{"floor":49,"key":"REST"},{"floor":52,"key":"REST"}],"neow_cost":"NONE","seed_source_timestamp":102478863714500,"circlet_count":0,"master_deck":["Strike_B+1","Strike_B+1","Strike_B+1","Defend_B+1","Defend_B+1","Defend_B+1","Defend_B+1","Zap+1","Dualcast","Storm+1","White Noise+1","Capacitor+1","Loop+1","Buffer+1","Buffer+1","Defragment+1","Storm+1","Hello World+1","Defragment+1","Static Discharge+1","Static Discharge+1","Buffer+1"],"relics":["Cracked Core","NeowsBlessing","Membership Card","CaptainsWheel","DataDisk","Sundial","Frozen Egg 2","WingedGreaves","Fusion Hammer","Lantern","Orichalcum","Art of War","PreservedInsect","Shuriken","Nuclear Battery","Pantograph","Whetstone"],"potions_floor_usage":[41,54,54,55],"damage_taken":[{"damage":0,"enemies":"Jaw Worm","floor":1,"turns":1},{"damage":0,"enemies":"Gremlin Nob","floor":6,"turns":1},{"damage":0,"enemies":"Lagavulin","floor":10,"turns":1},{"damage":0,"enemies":"Small Slimes","floor":11,"turns":3},{"damage":18,"enemies":"Gremlin Nob","floor":12,"turns":4},{"damage":0,"enemies":"Slime Boss","floor":16,"turns":5},{"damage":0,"enemies":"Shell Parasite","floor":18,"turns":4},{"damage":5,"enemies":"Spheric Guardian","floor":19,"turns":3},{"damage":0,"enemies":"Snake Plant","floor":21,"turns":3},{"damage":2,"enemies":"Book of Stabbing","floor":24,"turns":5},{"damage":6,"enemies":"Gremlin Leader","floor":28,"turns":3},{"damage":0,"enemies":"Chosen and Byrds","floor":29,"turns":4},{"damage":0,"enemies":"3 Cultists","floor":31,"turns":3},{"damage":17,"enemies":"Collector","floor":33,"turns":5},{"damage":0,"enemies":"3 Darklings","floor":35,"turns":2},{"damage":0,"enemies":"Orb Walker","floor":39,"turns":2},{"damage":0,"enemies":"3 Darklings","floor":41,"turns":2},{"damage":10,"enemies":"Spire Growth","floor":45,"turns":3},{"damage":3,"enemies":"4 Shapes","floor":46,"turns":2},{"damage":2,"enemies":"Sphere and 2 Shapes","floor":47,"turns":3},{"damage":26,"enemies":"Time Eater","floor":50,"turns":7},{"damage":22,"enemies":"Shield and Spear","floor":54,"turns":3},{"damage":74,"enemies":"The Heart","floor":55,"turns":3}],"seed_played":"4906553592155508987","potions_obtained":[{"floor":6,"key":"GamblersBrew"},{"floor":10,"key":"AttackPotion"},{"floor":12,"key":"LiquidBronze"},{"floor":18,"key":"PowerPotion"},{"floor":33,"key":"PowerPotion"},{"floor":41,"key":"SkillPotion"}],"is_trial":false,"path_per_floor":["M","?","?","?","$","E","R","$","T","E","M","E","R","$","R","B",null,"M","M","$","M","?","R","E","?","T","R","E","M","$","M","R","B",null,"M","?","?","?","M","R","M","R","T","$","M","M","M","$","R","B",null,"R","$","E","B"],"character_chosen":"DEFECT","items_purchased":["Membership Card","Storm","DataDisk","Capacitor","Loop+1","Lantern","Orichalcum","Buffer+1","Hello World+1","Defragment+1","Static Discharge+1","PowerPotion","Pantograph","Buffer+1"],"campfire_rested":6,"item_purchase_floors":[5,5,8,8,14,20,20,20,30,44,48,48,53,53],"current_hp_per_floor":[75,75,68,68,68,68,68,68,68,68,68,50,50,50,50,50,75,75,70,70,70,70,75,73,73,73,75,69,69,69,69,75,58,75,75,75,75,71,71,71,71,71,71,71,61,58,56,56,71,45,71,71,71,49,0,0],"gold":71,"neow_bonus":"THREE_ENEMY_KILL","is_prod":false,"is_daily":false,"chose_seed":false,"campfire_upgraded":3,"win_rate":0,"timestamp":1607562585,"path_taken":["M","?","?","?","$","E","R","?","T","E","M","E","R","$","R","BOSS","M","M","?","M","?","R","E","?","T","R","E","M","?","M","R","BOSS","M","?","?","?","?","R","M","R","T","$","?","M","?","$","R","BOSS","R","$","E","BOSS"],"build_version":"2020-11-30","purchased_purges":0,"victory":false,"max_hp_per_floor":[75,75,75,75,75,75,75,75,75,75,75,75,75,75,75,75,75,75,75,75,75,75,75,75,75,75,75,75,75,75,75,75,75,75,75,75,75,71,71,71,71,71,71,71,71,71,71,71,71,71,71,71,71,71,71,71],"card_choices":[{"not_picked":["Conserve Battery","Redo","Sweeping Beam"],"picked":"SKIP","floor":1},{"not_picked":["Steam","Scrape"],"picked":"White Noise","floor":6},{"not_picked":["Compile Driver","Thunder Strike","Steam Power"],"picked":"SKIP","floor":10},{"not_picked":["Go for the Eyes","Coolheaded","Barrage"],"picked":"SKIP","floor":11},{"not_picked":["Cold Snap","Redo","Undo"],"picked":"SKIP","floor":12},{"not_picked":["Seek","Multi-Cast"],"picked":"Buffer+1","floor":16},{"not_picked":["Cold Snap","Blizzard","Compile Driver"],"picked":"SKIP","floor":18},{"not_picked":["Aggregate","Go for the Eyes","Steam"],"picked":"SKIP","floor":19},{"not_picked":["Compile Driver","Genetic Algorithm","Streamline"],"picked":"SKIP","floor":21},{"not_picked":["Rebound","Streamline"],"picked":"Defragment+1","floor":24},{"not_picked":["Consume+1","Glacier+1","Conserve Battery"],"picked":"SKIP","floor":28},{"not_picked":["Ball Lightning","Meteor Strike"],"picked":"Storm+1","floor":29},{"not_picked":["Go for the Eyes","Aggregate+1","FTL"],"picked":"SKIP","floor":31},{"not_picked":["Ball Lightning","Barrage+1","Chaos"],"picked":"SKIP","floor":35},{"not_picked":["Rip and Tear","Redo+1","BootSequence+1"],"picked":"SKIP","floor":39},{"not_picked":["Conserve Battery+1","Barrage","Go for the Eyes"],"picked":"SKIP","floor":41},{"not_picked":["Hologram","BootSequence"],"picked":"Static Discharge+1","floor":45},{"not_picked":["Go for the Eyes+1","FTL","BootSequence+1"],"picked":"SKIP","floor":46},{"not_picked":["Leap+1","Heatsinks+1","Gash"],"picked":"SKIP","floor":47},{"not_picked":["Chill+1","Barrage","Rip and Tear"],"picked":"SKIP","floor":54}],"player_experience":186644,"relics_obtained":[{"floor":6,"key":"CaptainsWheel"},{"floor":9,"key":"Sundial"},{"floor":10,"key":"Frozen Egg 2"},{"floor":12,"key":"WingedGreaves"},{"floor":24,"key":"Art of War"},{"floor":26,"key":"PreservedInsect"},{"floor":28,"key":"Shuriken"},{"floor":54,"key":"Whetstone"}],"event_choices":[{"damage_healed":0,"gold_gain":175,"player_choice":"AGREE","damage_taken":0,"max_hp_gain":0,"max_hp_loss":0,"event_name":"Liars Game","floor":2,"gold_loss":0,"cards_obtained":["Doubt"]},{"cards_removed":["Doubt"],"damage_healed":0,"gold_gain":0,"player_choice":"Card Removal","damage_taken":7,"max_hp_gain":0,"max_hp_loss":0,"event_name":"Golden Wing","floor":3,"gold_loss":0},{"damage_healed":0,"gold_gain":0,"player_choice":"Grow","damage_taken":0,"max_hp_gain":0,"max_hp_loss":0,"event_name":"Living Wall","floor":4,"gold_loss":0,"cards_upgraded":["Zap"]},{"damage_healed":0,"gold_gain":0,"player_choice":"Ignored","damage_taken":0,"max_hp_gain":0,"max_hp_loss":0,"event_name":"Ghosts","floor":22,"gold_loss":0},{"damage_healed":0,"gold_gain":0,"player_choice":"Simplicity","damage_taken":0,"max_hp_gain":0,"max_hp_loss":0,"event_name":"Back to Basics","floor":25,"gold_loss":0,"cards_upgraded":["Strike_B","Strike_B","Strike_B","Strike_B","Defend_B","Defend_B","Defend_B","Defend_B"]},{"damage_healed":0,"gold_gain":0,"player_choice":"Memory 1","damage_taken":0,"max_hp_gain":0,"max_hp_loss":0,"event_name":"SensoryStone","floor":36,"gold_loss":0},{"cards_removed":["Strike_B"],"damage_healed":0,"gold_gain":0,"player_choice":"Removed Attack","damage_taken":0,"max_hp_gain":0,"max_hp_loss":0,"event_name":"Falling","floor":37,"gold_loss":0},{"damage_healed":0,"gold_gain":0,"player_choice":"Max HP","damage_taken":0,"max_hp_gain":0,"max_hp_loss":4,"event_name":"Winding Halls","floor":38,"gold_loss":0}],"is_beta":false,"boss_relics":[{"not_picked":["Black Star","SlaversCollar"],"picked":"Fusion Hammer"},{"not_picked":["Coffee Dripper","Tiny House"],"picked":"Nuclear Battery"}],"items_purged_floors":[],"is_endless":false,"potions_floor_spawned":[6,10,12,18,28,33,39,41],"killed_by":"The Heart","ascension_level":1}}