{"host":"72lt20yb89m1ezcj","time":1607561899,"event":{"gold_per_floor":[111,130,147,163,163,163,163,10,10,26,70,70,84,105,105,233,233,253,253,253,35,51,51,82,82,82,96,116,116,116,151,151,151,151],"floor_reached":33,"playtime":2101,"items_purged":[],"score":287,"play_id":"233116e5-b65f-41e1-977b-707bb46a66aa","local_time":"20201209185819","is_ascension_mode":false,"campfire_choices":[{"floor":6,"key":"REST"},{"data":"1","floor":12,"key":"LIFT"},{"floor":15,"key":"REST"},{"floor":23,"key":"RECALL"},{"floor":25,"key":"REST"},{"floor":29,"key":"REST"},{"floor":32,"key":"REST"}],"neow_cost":"","seed_source_timestamp":2099575628929800,"circlet_count":0,"master_deck":["Strike_B","Strike_B","Strike_B","Strike_B","Defend_B","Defend_B","Defend_B","Defend_B","Zap","Dualcast","Hello World","Coolheaded","Leap","Conserve Battery","FTL","Steam","Gash","Bouncing Flask","CutThroughFate","Protect","Cloak And Dagger","Panache","Auto Shields","Forethought","Blood for Blood+1","Intimidate","Barrage","Meteor Strike","Redo"],"relics":["Cracked Core","Juzu Bracelet","Pocketwatch","Golden Idol","PrismaticShard","Mummified Hand","Girya","SlaversCollar","Pantograph","Orichalcum","HornCleat","Lantern"],"potions_floor_usage":[],"damage_taken":[{"damage":13,"enemies":"2 Louse","floor":1,"turns":2},{"damage":0,"enemies":"Jaw Worm","floor":2,"turns":4},{"damage":2,"enemies":"Small Slimes","floor":3,"turns":3},{"damage":0,"enemies":"Exordium Wildlife","floor":4,"turns":3},{"damage":2,"enemies":"Red Slaver","floor":10,"turns":3},{"damage":20,"enemies":"Gremlin Nob","floor":11,"turns":4},{"damage":6,"enemies":"Large Slime","floor":13,"turns":5},{"damage":4,"enemies":"3 Louse","floor":14,"turns":2},{"damage":34,"enemies":"The Guardian","floor":16,"turns":10},{"damage":14,"enemies":"2 Thieves","floor":18,"turns":4},{"damage":8,"enemies":"Shell Parasite","floor":22,"turns":6},{"damage":16,"enemies":"Book of Stabbing","floor":24,"turns":6},{"damage":5,"enemies":"Centurion and Healer","floor":27,"turns":5},{"damage":16,"enemies":"3 Cultists","floor":28,"turns":7},{"damage":30,"enemies":"Slavers","floor":31,"turns":6},{"damage":94,"enemies":"Collector","floor":33,"turns":12}],"seed_played":"-5014850963185474905","potions_obtained":[{"floor":3,"key":"Fire Potion"},{"floor":11,"key":"Block Potion"},{"floor":14,"key":"SkillPotion"}],"is_trial":false,"path_per_floor":["M","M","M","M","?","R","?","$","T","M","E","R","M","M","R","B",null,"M","?","T","$","M","R","E","R","T","M","M","R","?","E","R","B"],"character_chosen":"DEFECT","items_purchased":["Juzu Bracelet","Hello World","Coolheaded","PrismaticShard","Orichalcum","Auto Shields"],"campfire_rested":5,"item_purchase_floors":[0,0,0,8,21,21],"current_hp_per_floor":[54,54,52,52,52,74,74,74,74,72,52,52,46,42,64,30,75,61,61,61,61,53,53,37,59,59,54,38,60,60,30,52,0,0],"gold":151,"neow_bonus":"","is_prod":false,"is_daily":false,"chose_seed":false,"campfire_upgraded":0,"win_rate":0,"timestamp":1607561899,"path_taken":["M","M","M","M","?","R","?","$","T","M","E","R","M","M","R","BOSS","M","?","?","$","M","R","E","R","T","M","M","R","?","E","R","BOSS"],"build_version":"2020-11-30","purchased_purges":0,"victory":false,"max_hp_per_floor":[75,75,75,75,75,75,75,75,75,75,75,75,75,75,75,75,75,75,75,75,75,75,75,75,75,75,75,75,75,75,75,75,75,75],"card_choices":[{"not_picked":["Gash","Sunder"],"picked":"Conserve Battery","floor":1},{"not_picked":["Recycle","Conserve Battery"],"picked":"FTL","floor":2},{"not_picked":["Conserve Battery","Turbo"],"picked":"Steam","floor":3},{"not_picked":["Tempest","Steam"],"picked":"Gash","floor":4},{"not_picked":["Leap","Dodge and Roll"],"picked":"Bouncing Flask","floor":10},{"not_picked":["Predator","Capacitor"],"picked":"CutThroughFate","floor":11},{"not_picked":["Steam","Prostrate"],"picked":"Protect","floor":13},{"not_picked":["Hologram","Steam"],"picked":"Cloak And Dagger","floor":14},{"not_picked":["Reboot","Alpha"],"picked":"Panache","floor":16},{"not_picked":["CutThroughFate","EmptyFist+1","FlurryOfBlows"],"picked":"SKIP","floor":18},{"not_picked":["Clothesline","Hemokinesis"],"picked":"Forethought","floor":22},{"not_picked":["Armaments","Rip and Tear"],"picked":"Blood for Blood+1","floor":24},{"not_picked":["Dagger Throw","Blade Dance"],"picked":"Intimidate","floor":27},{"not_picked":["Dual Wield+1","Disarm"],"picked":"Barrage","floor":28},{"not_picked":["Prostrate","Mayhem"],"picked":"Redo","floor":31}],"player_experience":725528,"relics_obtained":[{"floor":9,"key":"Mummified Hand"},{"floor":11,"key":"Girya"},{"floor":20,"key":"Pantograph"},{"floor":24,"key":"HornCleat"},{"floor":31,"key":"Lantern"}],"event_choices":[{"damage_healed":0,"gold_gain":0,"player_choice":"Take Wound","damage_taken":0,"relics_obtained":["Golden Idol"],"max_hp_gain":0,"max_hp_loss":0,"event_name":"Golden Idol","floor":5,"gold_loss":0,"cards_obtained":["Injury"]},{"damage_healed":0,"gold_gain":0,"player_choice":"Ignored","damage_taken":0,"max_hp_gain":0,"max_hp_loss":0,"event_name":"Golden Wing","floor":7,"gold_loss":0},{"cards_removed":["Injury"],"damage_healed":0,"gold_gain":0,"player_choice":"Removed Curses","damage_taken":0,"max_hp_gain":0,"max_hp_loss":0,"event_name":"Fountain of Cleansing","floor":19,"gold_loss":0},{"damage_healed":0,"gold_gain":0,"player_choice":"1 cards matched","damage_taken":0,"max_hp_gain":0,"max_hp_loss":0,"event_name":"Match and Keep!","floor":30,"gold_loss":0,"cards_obtained":["Meteor Strike"]}],"is_beta":false,"boss_relics":[{"not_picked":["Cursed Key","FrozenCore"],"picked":"SlaversCollar"}],"items_purged_floors":[],"is_endless":false,"potions_floor_spawned":[3,11,14,16,22,24,28],"killed_by":"Collector","ascension_level":0}}