{"host":"a484oiac96svwyi6","time":1607581046,"event":{"gold_per_floor":[116,41,14,14,32,58,58,93,116,116,147,147,167,187,187,284,384,403,403,403,403,422,422,448,464,464,476,476,476,509,526,526,630,630,698,715,715,715,715,742,752,752,752,785,496,560,620,682,682,682],"floor_reached":51,"playtime":6105,"items_purged":[],"score":1404,"play_id":"4d25ace9-1533-4003-8eff-4c1de15b4ad8","local_time":"20201210011726","is_ascension_mode":true,"campfire_choices":[{"floor":7,"key":"REST"},{"data":"dioMod:ZaWarudo","floor":15,"key":"SMITH"},{"data":"dioMod:MudaMudaMuda","floor":23,"key":"SMITH"},{"data":"Bite","floor":29,"key":"SMITH"},{"data":"dioMod:Muda","floor":32,"key":"SMITH"},{"data":"dioMod:ZaWarudo","floor":42,"key":"SMITH"},{"data":"dioMod:MudaMudaMuda","floor":49,"key":"SMITH"}],"neow_cost":"NONE","seed_source_timestamp":860487554161500,"circlet_count":0,"master_deck":["dioMod:Strike","dioMod:Strike","dioMod:Strike+1","dioMod:Strike","Bite+1","dioMod:Defend","dioMod:Defend","dioMod:Defend","dioMod:Defend","dioMod:DaggerSpree","dioMod:VengefulMuda","dioMod:TheWalk+1","dioMod:DominatingPresence+1","dioMod:Muda+1","conspire:Banana+1","dioMod:ZaWarudo+1","dioMod:DominatingPresence+1","dioMod:Muda+1","dioMod:TripleThreat","dioMod:Diversion","dioMod:MudaMudaMuda+1","dioMod:Muda+1","dioMod:DoubleTime+1","dioMod:BloodTransfusion","dioMod:BlendIn","dioMod:Muda+1","dioMod:ZaWarudo+1","dioMod:DoubleTime+1","dioMod:DoubleTime","dioMod:Minions+1","dioMod:TripleThreat","dioMod:DaggerToss+1","dioMod:MudaMudaMuda","dioMod:MudaMudaMuda","dioMod:MudaMudaMuda+1","dioMod:Muda+1"],"relics":["dioMod:VampireBlood","HowToJump","betterThird:SlimedRelic","StuffTheSpire:HeavyRock","Whetstone","Replay:Rubber Ducky","Smiling Mask","Replay:Grab Bag","Replay:Wanted Poster","StuffTheSpire:RunicConfusion","Empty Cage","SacredBark","hubris:Icosahedron","Girya","vexMod:InvisibilityCloak","Letter Opener","ReplayTheSpireMod:TigerMarble","vexMod:ImprovementManual","RetroEgg","relicPack:KazumaCape","SnailShell","ReplayTheSpireMod:DimensionalGlitch","Replay:Multitool","StuffTheSpire:Mouthbags","Nunchaku","Bottled Flame"],"potions_floor_usage":[24],"damage_taken":[{"damage":1,"enemies":"Cultist","floor":1,"turns":3},{"damage":0,"enemies":"Jaw Worm","floor":5,"turns":2},{"damage":49,"enemies":"3 Sentries","floor":6,"turns":9},{"damage":22,"enemies":"Lagavulin","floor":8,"turns":7},{"damage":0,"enemies":"Replay:BlueRogue","floor":11,"turns":3},{"damage":0,"enemies":"infinitespire:Voidling","floor":13,"turns":3},{"damage":0,"enemies":"Lots of Slimes","floor":14,"turns":1},{"damage":0,"enemies":"Slime Boss","floor":16,"turns":4},{"damage":14,"enemies":"Chosen","floor":18,"turns":3},{"damage":0,"enemies":"Spheric Guardian","floor":22,"turns":2},{"damage":0,"enemies":"conspire:Head Lice","floor":24,"turns":3},{"damage":0,"enemies":"Cultist and Chosen","floor":25,"turns":2},{"damage":0,"enemies":"Snake Plant","floor":27,"turns":1},{"damage":0,"enemies":"Book of Stabbing","floor":30,"turns":2},{"damage":0,"enemies":"Shelled Parasite and Fungi","floor":31,"turns":1},{"damage":6,"enemies":"Pondfish","floor":33,"turns":5},{"damage":0,"enemies":"Orb Walker","floor":35,"turns":1},{"damage":0,"enemies":"3 Darklings","floor":36,"turns":1},{"damage":0,"enemies":"Nemesis","floor":40,"turns":4},{"damage":30,"enemies":"4 Shapes","floor":41,"turns":4},{"damage":0,"enemies":"R_Hoarder","floor":44,"turns":5},{"damage":15,"enemies":"Spire Growth","floor":46,"turns":2},{"damage":0,"enemies":"Transient","floor":47,"turns":6},{"damage":4,"enemies":"3 Darklings","floor":48,"turns":3},{"damage":10,"enemies":"Awakened One","floor":50,"turns":4}],"seed_played":"-7372252482064019306","potions_obtained":[{"floor":1,"key":"Fire Potion"},{"floor":5,"key":"AttackPotion"},{"floor":6,"key":"LiquidBronze"},{"floor":24,"key":"Fire Potion"}],"is_trial":false,"path_per_floor":["M","?","?","?","M","E","R","E","T","?","E","?","M","M","R","B",null,"M","?","T","?","M","R","E","M","T","M","AVR","R","E","M","R","B",null,"M","M","?","AVR","?","E","M","R","T","E","$","M","M","M","R","B",null],"character_chosen":"THE_DEFAULT","items_purchased":["dioMod:MudaMudaMuda","Bottled Flame"],"campfire_rested":1,"item_purchase_floors":[45,45],"current_hp_per_floor":[75,75,64,64,68,33,56,42,42,42,48,48,54,69,69,79,81,71,71,71,71,76,76,82,83,83,83,83,83,85,85,85,87,87,87,87,87,87,87,89,70,70,70,75,75,62,72,80,80,87],"gold":682,"neow_bonus":"THREE_CARDS","is_prod":false,"is_daily":false,"chose_seed":false,"campfire_upgraded":6,"win_rate":0,"timestamp":1607581046,"path_taken":["M","?","?","?","M","E","R","E","T","?","E","?","M","M","R","BOSS","M","?","?","?","?","R","E","M","T","M","AVR","R","E","M","R","BOSS","M","M","?","AVR","?","E","?","R","T","E","?","M","?","M","R","BOSS"],"build_version":"2020-11-30","purchased_purges":0,"victory":true,"max_hp_per_floor":[75,75,75,75,76,77,77,78,78,78,79,79,80,80,80,81,81,82,82,82,82,82,82,82,83,83,83,83,83,85,85,85,87,87,87,87,87,87,87,89,91,91,91,93,93,93,95,95,95,95],"relic_stats":{"Nunchaku":[6],"counters":[25,81],"Whetstone":["dioMod:Strike","dioMod:Muda"],"Letter Opener":[90],"Smiling Mask":0,"obtain_stats":[{"SnailShell":38,"SacredBark":17,"RetroEgg":30,"Replay:Multitool":40,"Whetstone":8,"Smiling Mask":11,"Empty Cage":17,"Replay:Rubber Ducky":9,"Replay:Wanted Poster":17,"StuffTheSpire:RunicConfusion":17,"vexMod:InvisibilityCloak":24,"Nunchaku":44,"hubris:Icosahedron":19,"StuffTheSpire:HeavyRock":6,"Girya":20,"HowToJump":0,"Replay:Grab Bag":17,"Letter Opener":26,"Bottled Flame":45,"relicPack:KazumaCape":34,"StuffTheSpire:Mouthbags":43,"dioMod:VampireBlood":0,"betterThird:SlimedRelic":3,"ReplayTheSpireMod:TigerMarble":28,"ReplayTheSpireMod:DimensionalGlitch":38,"vexMod:ImprovementManual":28},{"SnailShell":18,"SacredBark":8,"RetroEgg":14,"Replay:Multitool":19,"Whetstone":4,"Smiling Mask":5,"Empty Cage":8,"Replay:Rubber Ducky":4,"Replay:Wanted Poster":8,"StuffTheSpire:RunicConfusion":8,"vexMod:InvisibilityCloak":11,"Nunchaku":21,"hubris:Icosahedron":9,"StuffTheSpire:HeavyRock":3,"Girya":9,"HowToJump":0,"Replay:Grab Bag":8,"Letter Opener":12,"Bottled Flame":21,"relicPack:KazumaCape":16,"StuffTheSpire:Mouthbags":20,"dioMod:VampireBlood":0,"betterThird:SlimedRelic":1,"ReplayTheSpireMod:TigerMarble":13,"ReplayTheSpireMod:DimensionalGlitch":18,"vexMod:ImprovementManual":13},{"SnailShell":53,"SacredBark":32,"RetroEgg":45,"Replay:Multitool":57,"Whetstone":21,"Smiling Mask":24,"Empty Cage":32,"Replay:Rubber Ducky":21,"Replay:Wanted Poster":32,"StuffTheSpire:RunicConfusion":32,"vexMod:InvisibilityCloak":40,"Nunchaku":66,"hubris:Icosahedron":35,"StuffTheSpire:HeavyRock":14,"Girya":35,"HowToJump":0,"Replay:Grab Bag":32,"Letter Opener":42,"Bottled Flame":66,"relicPack:KazumaCape":51,"StuffTheSpire:Mouthbags":61,"dioMod:VampireBlood":0,"betterThird:SlimedRelic":3,"ReplayTheSpireMod:TigerMarble":43,"ReplayTheSpireMod:DimensionalGlitch":53,"vexMod:ImprovementManual":43}]},"card_choices":[{"not_picked":["dioMod:SecretPlan","dioMod:Roundabout"],"picked":"dioMod:DaggerSpree","floor":0},{"not_picked":["dioMod:TripleThreat","dioMod:StreetSign"],"picked":"dioMod:VengefulMuda","floor":1},{"not_picked":["dioMod:Refresh","dioMod:Despair"],"picked":"dioMod:TheWalk","floor":2},{"not_picked":["dioMod:DoubleTime","dioMod:GoodbyeJojo"],"picked":"dioMod:DominatingPresence","floor":2},{"not_picked":["dioMod:BloodShield","dioMod:ComposedMuda"],"picked":"dioMod:Muda","floor":2},{"not_picked":["Specialist","StuffTheSpire:PlasmaPulse"],"picked":"conspire:Banana","floor":2},{"not_picked":["dioMod:HeavyLifting","dioMod:Roundabout"],"picked":"dioMod:ZaWarudo","floor":5},{"not_picked":["dioMod:BloodSplash","dioMod:SevenPageMuda"],"picked":"dioMod:DominatingPresence","floor":6},{"not_picked":["dioMod:Hiss","dioMod:HeavyLifting"],"picked":"dioMod:Muda","floor":8},{"not_picked":["dioMod:DominatingPresence","dioMod:BlendIn"],"picked":"dioMod:DaggerToss","floor":11},{"not_picked":["dioMod:CautiousMuda","dioMod:VengefulMuda"],"picked":"dioMod:Roundabout","floor":13},{"not_picked":["dioMod:BlendIn","dioMod:VengefulMuda"],"picked":"dioMod:TripleThreat","floor":14},{"not_picked":["dioMod:RoadRoller","dioMod:UltimateSacrifice"],"picked":"dioMod:Despair","floor":16},{"not_picked":["dioMod:Hiss","dioMod:ComposedMuda"],"picked":"dioMod:Diversion","floor":18},{"not_picked":["dioMod:VengefulMuda","dioMod:TripleThreat"],"picked":"dioMod:MudaMudaMuda","floor":22},{"not_picked":["dioMod:LaserVision","dioMod:DominatingPresence"],"picked":"dioMod:Muda+1","floor":24},{"not_picked":["dioMod:SadisticLaugh","dioMod:BloodShield"],"picked":"dioMod:DoubleTime","floor":25},{"not_picked":["dioMod:Freeze","dioMod:FlyAway+1"],"picked":"dioMod:BloodTransfusion","floor":27},{"not_picked":["dioMod:Freeze","dioMod:Diversion"],"picked":"dioMod:BlendIn","floor":30},{"not_picked":["dioMod:ZaWarudo","dioMod:TripleThreat"],"picked":"dioMod:Muda","floor":31},{"not_picked":["dioMod:GoldVial","dioMod:SevenPageMuda"],"picked":"dioMod:ZaWarudo","floor":33},{"not_picked":["dioMod:SecretPlan+1","dioMod:Roundabout"],"picked":"dioMod:DoubleTime+1","floor":35},{"not_picked":["dioMod:BloodTransfusion","dioMod:BloodSuck"],"picked":"dioMod:DoubleTime","floor":36},{"not_picked":["dioMod:Freeze+1","dioMod:SecretPlan"],"picked":"dioMod:Minions+1","floor":40},{"not_picked":["dioMod:ComposedMuda","dioMod:WRYYY"],"picked":"dioMod:TripleThreat","floor":41},{"not_picked":["dioMod:DaggerToss+1","dioMod:DaggerSpree+1"],"picked":"dioMod:MudaMudaMuda","floor":44},{"not_picked":["dioMod:CoffinBath","dioMod:LaserVision","dioMod:BloodSplash"],"picked":"SKIP","floor":46},{"not_picked":["dioMod:BlendIn+1","dioMod:UltimateSacrifice"],"picked":"dioMod:MudaMudaMuda","floor":47},{"not_picked":["dioMod:Donut","dioMod:StreetSign"],"picked":"dioMod:Muda+1","floor":48}],"player_experience":266662,"relics_obtained":[{"floor":6,"key":"StuffTheSpire:HeavyRock"},{"floor":8,"key":"Whetstone"},{"floor":9,"key":"Replay:Rubber Ducky"},{"floor":11,"key":"Smiling Mask"},{"floor":20,"key":"Girya"},{"floor":24,"key":"vexMod:InvisibilityCloak"},{"floor":26,"key":"Letter Opener"},{"floor":30,"key":"RetroEgg"},{"floor":40,"key":"Replay:Multitool"},{"floor":43,"key":"StuffTheSpire:Mouthbags"},{"floor":44,"key":"Nunchaku"}],"event_choices":[{"damage_healed":0,"gold_gain":0,"player_choice":"1","damage_taken":0,"max_hp_gain":0,"max_hp_loss":0,"event_name":"betterMatch:BetterMatch","floor":2,"gold_loss":0,"cards_obtained":["betterMatch:RareCard","betterMatch:UncommonCard","betterMatch:CommonCard","betterMatch:ColorlessUncommonCard"]},{"damage_healed":0,"gold_gain":0,"player_choice":"Slimed","damage_taken":11,"max_hp_gain":0,"max_hp_loss":0,"event_name":"betterThird:BetterGoop","floor":3,"gold_loss":27},{"damage_healed":0,"gold_gain":0,"player_choice":"Ignored","damage_taken":0,"max_hp_gain":0,"max_hp_loss":0,"event_name":"Golden Wing","floor":4,"gold_loss":0},{"damage_healed":0,"gold_gain":0,"player_choice":"Upgraded","damage_taken":0,"max_hp_gain":0,"max_hp_loss":0,"event_name":"Upgrade Shrine","floor":10,"gold_loss":0,"cards_upgraded":["dioMod:TheWalk"]},{"damage_healed":0,"gold_gain":0,"player_choice":"Leave","damage_taken":0,"max_hp_gain":0,"max_hp_loss":0,"event_name":"conspire:Investor","floor":37,"gold_loss":0}],"is_beta":false,"boss_relics":[{"not_picked":["Ectoplasm","Replay:Drink Me"],"picked":"Replay:Grab Bag"},{"not_picked":["conspire:RoyalGoblet","Sozu"],"picked":"Replay:Wanted Poster"},{"not_picked":["Velvet Choker","hubris:VirtuousBlindfold"],"picked":"StuffTheSpire:RunicConfusion"},{"not_picked":["Kintsugi","vexMod:MegatonBomb"],"picked":"Empty Cage"},{"not_picked":["Snecko Eye","Runic Pyramid"],"picked":"SacredBark"},{"not_picked":["Painkiller Herb","hubris:Stopwatch"],"picked":"relicPack:KazumaCape"}],"items_purged_floors":[],"is_endless":false,"potions_floor_spawned":[1,5,6,14,24,25,30,35,41,44],"ascension_level":3}}