{"host":"ecaj4hn004xnnrw9","time":1607627999,"event":{"mods":["BaseMod","AchievementEnabler","StSLib","Hermit","Quick Restart","Minty Spire (QoL Compilation)","Replay The Spire","The Cursed"],"gold_per_floor":[116,136,136,24,35,62,62,101,182,212,221,240,240,256,256,358,358,384,179,198,211,311,330,356,12,12,22,47,47,47],"floor_reached":29,"playtime":1487,"items_purged":["Strike_G","Strike_G"],"score":286,"play_id":"34c9f26c-1e49-406b-860f-6fbe267c6b61","local_time":"20201210191959","is_ascension_mode":true,"campfire_choices":[{"data":"Neutralize","floor":7,"key":"SMITH"},{"floor":13,"key":"REST"},{"data":"Leg Sweep","floor":15,"key":"SMITH"}],"circlet_count":0,"master_deck":["Strike_G+1","Strike_G+1","Strike_G","Defend_G","Defend_G+1","Defend_G","Defend_G","Survivor","Neutralize+1","Quick Slash","Dagger Throw","Dagger Spray+1","Well Laid Plans","Quick Slash","PiercingWail","Blur+1","Leg Sweep+1","Dash","Fluid Movement+1","Backflip+1","Deadly Poison+1","PiercingWail+1","Calculated Gamble","PiercingWail+1","Replay:Poison Smokescreen+1"],"relics":["Ring of the Snake","NeowsBlessing","War Paint","CeramicFish","Golden Egg","Sozu","Replay:Kaleidoscope","Iron Hammer"],"acts_visited":["Exordium","TheCity"],"potions_floor_usage":[8,12,16,28],"damage_taken":[{"damage":0,"enemies":"2 Louse","floor":1,"turns":1},{"damage":0,"enemies":"Jaw Worm","floor":2,"turns":1},{"damage":0,"enemies":"Cultist","floor":5,"turns":1},{"damage":21,"enemies":"3 Sentries","floor":6,"turns":6},{"damage":12,"enemies":"Lagavulin","floor":8,"turns":5},{"damage":20,"enemies":"3 Sentries","floor":10,"turns":7},{"damage":0,"enemies":"Gremlin Gang","floor":12,"turns":4},{"damage":4,"enemies":"Exordium Wildlife","floor":14,"turns":4},{"damage":11,"enemies":"The Guardian","floor":16,"turns":15},{"damage":7,"enemies":"Shell Parasite","floor":18,"turns":7},{"damage":0,"enemies":"Chosen","floor":20,"turns":6},{"damage":13,"enemies":"Snake Plant","floor":21,"turns":7},{"damage":23,"enemies":"Sentry and Sphere","floor":23,"turns":7},{"damage":14,"enemies":"Shelled Parasite and Fungi","floor":24,"turns":10},{"damage":0,"enemies":"Snecko","floor":27,"turns":5},{"damage":0,"enemies":"Centurion and Healer","floor":28,"turns":8},{"damage":16,"enemies":"Slavers","floor":29,"turns":1}],"seed_played":"5068691666926460366","potions_obtained":[{"floor":1,"key":"Energy Potion"},{"floor":10,"key":"Energy Potion"},{"floor":14,"key":"Poison Potion"},{"floor":16,"key":"Dexterity Potion"}],"is_trial":false,"path_per_floor":["M","M","?","$","M","E","R","E","T","E","?","M","R","M","R","B",null,"M","$","M","M","?","M","M","$","T","M","M","E"],"character_chosen":"THE_SILENT","items_purchased":["Dagger Spray+1","Fluid Movement","Backflip","Deadly Poison","Replay:Kaleidoscope","PiercingWail"],"campfire_rested":1,"item_purchase_floors":[4,19,19,19,25,25],"current_hp_per_floor":[70,70,56,56,56,35,35,23,23,3,3,3,24,20,20,9,70,63,63,63,50,50,27,13,13,13,13,13,0,0],"gold":47,"neow_bonus":"THREE_ENEMY_KILL","is_daily":false,"chose_seed":false,"campfire_upgraded":2,"win_rate":0,"timestamp":1607627999,"path_taken":["M","M","?","$","M","E","R","E","T","E","?","M","R","M","R","BOSS","M","$","M","M","?","?","M","$","T","M","?","E"],"build_version":"2020-11-30","purchased_purges":2,"victory":false,"max_hp_per_floor":[70,70,70,70,70,70,70,70,70,70,70,70,70,70,70,70,70,70,70,70,70,70,70,70,70,70,70,70,70,70],"card_choices":[{"not_picked":["Well Laid Plans","Sucker Punch"],"picked":"Quick Slash","floor":1},{"not_picked":["Heel Hook","Sucker Punch"],"picked":"Dagger Throw","floor":2},{"not_picked":["Bane","Flechettes"],"picked":"Well Laid Plans","floor":5},{"not_picked":["Sucker Punch","ReplayTheSpireMod:Tripwire"],"picked":"Quick Slash","floor":6},{"not_picked":["ReplayTheSpireMod:Shiv Toss","Flying Knee"],"picked":"PiercingWail","floor":8},{"not_picked":["Dodge and Roll","Outmaneuver","ReplayTheSpireMod:Shiv Toss"],"picked":"SKIP","floor":10},{"not_picked":["Masterful Stab","Flying Knee"],"picked":"Leg Sweep","floor":12},{"not_picked":["Prepared","Bane","ReplayTheSpireMod:Tripwire"],"picked":"SKIP","floor":14},{"not_picked":["Backflip","Deadly Poison"],"picked":"Dash","floor":18},{"not_picked":["ReplayTheSpireMod:Tripwire","Calculated Gamble"],"picked":"PiercingWail+1","floor":20},{"not_picked":["Flechettes","All Out Attack+1","Outmaneuver"],"picked":"SKIP","floor":21},{"not_picked":["Quick Slash","All Out Attack","Slice"],"picked":"SKIP","floor":23},{"not_picked":["Escape Plan","Bane"],"picked":"Calculated Gamble","floor":24},{"not_picked":["Eviscerate+1","Heel Hook+1","ReplayTheSpireMod:Tripwire"],"picked":"SKIP","floor":27},{"not_picked":["ReplayTheSpireMod:The Works","Acrobatics"],"picked":"Replay:Poison Smokescreen+1","floor":28}],"player_experience":149007,"relics_obtained":[{"floor":6,"key":"War Paint"},{"floor":8,"key":"CeramicFish"},{"floor":10,"key":"Golden Egg"},{"floor":26,"key":"Iron Hammer"}],"event_choices":[{"damage_healed":0,"gold_gain":0,"player_choice":"Entered Light","damage_taken":14,"max_hp_gain":0,"max_hp_loss":0,"event_name":"Shining Light","floor":3,"gold_loss":0,"cards_upgraded":["Strike_G","Strike_G"]},{"damage_healed":0,"gold_gain":100,"player_choice":"Pray","damage_taken":0,"max_hp_gain":0,"max_hp_loss":0,"event_name":"Golden Shrine","floor":22,"gold_loss":0}],"is_beta":false,"boss_relics":[{"not_picked":["Runic Dome","Black Star"],"picked":"Sozu"}],"items_purged_floors":[4,19],"is_endless":false,"potions_floor_spawned":[1,10,14,16,20,21],"killed_by":"Slavers","ascension_level":3}}