{"host":"m6aaltr68g9tvoay","time":1607579630,"event":{"gold_per_floor":[111,121,67,67,81,81,6,6,6,32,0,14,14,14,14,14,14],"floor_reached":16,"playtime":463,"items_purged":[],"score":191,"play_id":"c9ee5a77-ae3a-4b8d-b179-0cbd7c0f9a72","local_time":"20201209215350","is_ascension_mode":true,"campfire_choices":[{"floor":6,"key":"REST"},{"floor":13,"key":"REST"},{"data":"After Image","floor":15,"key":"SMITH"}],"neow_cost":"NONE","seed_source_timestamp":359449322803900,"circlet_count":0,"master_deck":["AscendersBane","Strike_G","Strike_G","Strike_G","Strike_G","Defend_G","Defend_G","Defend_G","Defend_G","Defend_G","Survivor","Neutralize","Slice","Backflip","Dagger Spray","Blade Dance","Burst","After Image+1","Choke"],"relics":["Ring of the Snake","Dream Catcher","PreservedInsect","White Beast Statue"],"potions_floor_usage":[10,16],"damage_taken":[{"damage":4,"enemies":"Jaw Worm","floor":1,"turns":4},{"damage":1,"enemies":"2 Louse","floor":2,"turns":3},{"damage":10,"enemies":"Small Slimes","floor":5,"turns":4},{"damage":36,"enemies":"Gremlin Nob","floor":10,"turns":5},{"damage":7,"enemies":"Looter","floor":12,"turns":4},{"damage":71,"enemies":"Hexaghost","floor":16,"turns":14}],"seed_played":"609946465689433113","potions_obtained":[{"floor":5,"key":"Block Potion"},{"floor":12,"key":"Regen Potion"}],"is_trial":false,"path_per_floor":["M","M","$","?","M","R","?","$","T","E","?","M","R","?","R","B"],"character_chosen":"THE_SILENT","items_purchased":["Dagger Spray"],"campfire_rested":2,"item_purchase_floors":[3],"current_hp_per_floor":[55,54,54,59,49,70,70,70,70,34,34,27,48,48,48,0,0],"gold":14,"neow_bonus":"RANDOM_COMMON_RELIC","is_prod":false,"is_daily":false,"chose_seed":false,"campfire_upgraded":1,"win_rate":0,"timestamp":1607579630,"path_taken":["M","M","$","?","M","R","?","?","T","E","?","M","R","?","R","BOSS"],"build_version":"2020-11-30","purchased_purges":0,"victory":false,"max_hp_per_floor":[66,66,66,71,71,71,71,71,71,71,71,71,71,71,71,71,71],"card_choices":[{"not_picked":["Quick Slash","Outmaneuver"],"picked":"Slice","floor":1},{"not_picked":["Underhanded Strike","Slice"],"picked":"Backflip","floor":2},{"not_picked":["Dagger Spray","Sucker Punch"],"picked":"Blade Dance","floor":5},{"not_picked":["Poisoned Stab","Backflip"],"picked":"Burst","floor":6},{"not_picked":["Deflect","Flying Knee"],"picked":"After Image","floor":10},{"not_picked":["Noxious Fumes","Leg Sweep"],"picked":"Choke","floor":12}],"player_experience":1208481,"relics_obtained":[{"floor":9,"key":"PreservedInsect"},{"floor":10,"key":"White Beast Statue"}],"event_choices":[{"damage_healed":0,"gold_gain":0,"player_choice":"Donut","damage_taken":0,"max_hp_gain":5,"max_hp_loss":0,"event_name":"Big Fish","floor":4,"gold_loss":0},{"cards_removed":["Strike_G"],"damage_healed":0,"gold_gain":0,"player_choice":"Card Removal","damage_taken":0,"max_hp_gain":0,"max_hp_loss":0,"event_name":"The Cleric","floor":7,"gold_loss":75},{"damage_healed":0,"gold_gain":0,"player_choice":"Left Gold","damage_taken":0,"max_hp_gain":0,"max_hp_loss":0,"event_name":"World of Goop","floor":11,"gold_loss":32},{"damage_healed":0,"gold_gain":0,"player_choice":"Ignored","damage_taken":0,"max_hp_gain":0,"max_hp_loss":0,"event_name":"Liars Game","floor":14,"gold_loss":0}],"is_beta":false,"boss_relics":[],"items_purged_floors":[],"is_endless":false,"potions_floor_spawned":[5,12],"killed_by":"Hexaghost","ascension_level":19}}