{"host":"ueef25wtkg2eer3h","time":1607630038,"event":{"mods":["BaseMod","DeckTracker","StSLib","AchievementEnabler","Googly Eyes","Colored Powertips","Minty Spire (QoL Compilation)","Colored Map","Displayed Cursed Tome","Highlight Path","Slay the Relics Exporter"],"gold_per_floor":[117,132,207,482,498,498,508,508,535,570,584,615,626,626,626,725,725,744,744,659,659,143,178,178,213,239,254,254,274,107,139,139,239,239,258,276,9,59,281,307,307,16,84,102,117,117,117,137,137,137],"floor_reached":51,"playtime":2885,"items_purged":["Defend_B","Strike_B"],"score":1102,"play_id":"20024daa-5963-4fb4-a672-1cdfd1257421","local_time":"20201210205358","is_ascension_mode":true,"campfire_choices":[{"floor":6,"key":"REST"},{"data":"Sweeping Beam","floor":8,"key":"SMITH"},{"floor":15,"key":"REST"},{"data":"Defragment","floor":24,"key":"SMITH"},{"floor":28,"key":"REST"},{"floor":32,"key":"REST"},{"floor":41,"key":"DIG"},{"floor":47,"key":"DIG"},{"floor":49,"key":"DIG"}],"circlet_count":0,"master_deck":["Zap","Dualcast","Ball Lightning","Undo","BootSequence","Sweeping Beam+1","Streamline","Reinforced Body","Beam Cell","Stack","Echo Form","Tempest+1","Echo Form","Defragment+1","Panacea+1","Go for the Eyes","Ball Lightning","Aggregate","Self Repair","Chill+1","Sweeping Beam+1","White Noise","Rainbow","Buffer","Seek","Echo Form","Streamline","Double Energy","Sunder","Biased Cognition","Barrage+1","Beam Cell","Capacitor","Blizzard","Turbo+1","Go for the Eyes+1","Thunder Strike","Stack","Steam+1","Force Field+1","Madness"],"relics":["Cracked Core","NeowsBlessing","Nunchaku","Akabeko","Bird Faced Urn","SlaversCollar","Shuriken","Regal Pillow","Membership Card","Boot","Matryoshka","Anchor","MealTicket","HornCleat","Orichalcum","Pen Nib","Red Mask","Pandora\u0027s Box","Ornamental Fan","Oddly Smooth Stone","Thread and Needle","Shovel","War Paint","Pantograph","ClockworkSouvenir","Bronze Scales","The Courier","Lantern","White Beast Statue"],"acts_visited":["Exordium","TheCity","TheBeyond"],"potions_floor_usage":[16,16,25,25,31,40,50,50],"damage_taken":[{"damage":0,"enemies":"2 Louse","floor":1,"turns":1},{"damage":0,"enemies":"Cultist","floor":2,"turns":1},{"damage":0,"enemies":"Small Slimes","floor":5,"turns":1},{"damage":14,"enemies":"Red Slaver","floor":7,"turns":4},{"damage":26,"enemies":"Gremlin Nob","floor":10,"turns":4},{"damage":0,"enemies":"3 Louse","floor":11,"turns":2},{"damage":22,"enemies":"3 Sentries","floor":12,"turns":4},{"damage":2,"enemies":"Large Slime","floor":13,"turns":4},{"damage":15,"enemies":"Hexaghost","floor":16,"turns":9},{"damage":35,"enemies":"Shell Parasite","floor":18,"turns":6},{"damage":0,"enemies":"Gremlin Leader","floor":23,"turns":5},{"damage":35,"enemies":"Slavers","floor":25,"turns":4},{"damage":0,"enemies":"Chosen","floor":27,"turns":4},{"damage":8,"enemies":"Sentry and Sphere","floor":29,"turns":6},{"damage":59,"enemies":"Masked Bandits","floor":31,"turns":4},{"damage":39,"enemies":"Automaton","floor":33,"turns":7},{"damage":29,"enemies":"3 Darklings","floor":35,"turns":6},{"damage":39,"enemies":"3 Shapes","floor":36,"turns":5},{"damage":18,"enemies":"Mind Bloom Boss Battle","floor":38,"turns":6},{"damage":44,"enemies":"Nemesis","floor":40,"turns":7},{"damage":0,"enemies":"Maw","floor":44,"turns":8},{"damage":7,"enemies":"Transient","floor":45,"turns":5},{"damage":8,"enemies":"4 Shapes","floor":48,"turns":5},{"damage":26,"enemies":"Awakened One","floor":50,"turns":8}],"seed_played":"3591284399176020850","potions_obtained":[{"floor":2,"key":"GamblersBrew"},{"floor":7,"key":"LiquidBronze"},{"floor":11,"key":"Weak Potion"},{"floor":13,"key":"Swift Potion"},{"floor":23,"key":"GamblersBrew"},{"floor":29,"key":"SkillPotion"},{"floor":35,"key":"LiquidBronze"},{"floor":38,"key":"SkillPotion"},{"floor":48,"key":"BlessingOfTheForge"}],"is_trial":false,"path_per_floor":["M","M","?","?","M","R","M","R","T","E","M","E","M","?","R","B",null,"M","T","?","?","$","E","R","E","T","M","R","M","$","?","R","B",null,"M","M","$","?","?","E","R","$","T","M","M","?","R","M","R","B",null],"character_chosen":"DEFECT","items_purchased":["Membership Card","Defragment","Panacea","Boot","Matryoshka","Go for the Eyes","Ball Lightning","Pen Nib","White Noise","Capacitor","Ornamental Fan","Oddly Smooth Stone","Blizzard","Pantograph","ClockworkSouvenir","Thunder Strike","Stack"],"campfire_rested":4,"item_purchase_floors":[22,22,22,22,22,22,22,30,30,37,37,37,37,42,42,42,42],"current_hp_per_floor":[68,68,57,57,57,75,61,61,61,35,35,13,11,11,33,18,61,26,26,26,26,26,34,34,5,5,25,62,58,73,38,75,52,69,56,31,46,64,64,47,47,62,62,75,74,74,74,75,75,59],"gold":137,"neow_bonus":"THREE_ENEMY_KILL","is_daily":false,"chose_seed":false,"campfire_upgraded":2,"win_rate":0,"timestamp":1607630038,"path_taken":["M","M","?","?","M","R","M","R","T","E","?","E","M","?","R","BOSS","M","?","?","?","$","E","R","E","T","M","R","?","$","?","R","BOSS","M","M","$","?","?","E","R","$","T","M","M","?","R","M","R","BOSS"],"build_version":"2020-11-30","purchased_purges":2,"victory":true,"max_hp_per_floor":[75,75,75,75,75,75,75,75,75,75,75,75,75,75,75,75,75,75,75,75,75,75,75,75,75,75,75,75,75,75,75,75,75,75,75,75,75,75,75,75,75,75,75,75,75,75,75,75,75,75],"card_choices":[{"not_picked":["Beam Cell","Gash"],"picked":"Ball Lightning","floor":1},{"not_picked":["Compile Driver","Gash"],"picked":"Undo","floor":2},{"not_picked":["Compile Driver","Gash"],"picked":"BootSequence","floor":5},{"not_picked":["Loop","Rainbow"],"picked":"Sweeping Beam","floor":7},{"not_picked":["Ball Lightning","Reprogram"],"picked":"Streamline","floor":10},{"not_picked":["Heatsinks","Stack"],"picked":"Reinforced Body","floor":11},{"not_picked":["Streamline","Coolheaded"],"picked":"Beam Cell","floor":12},{"not_picked":["Heatsinks","Compile Driver"],"picked":"Stack","floor":13},{"not_picked":["Multi-Cast","Fission"],"picked":"Echo Form","floor":16},{"not_picked":["Steam","Reprogram+1"],"picked":"Tempest+1","floor":18},{"not_picked":["Ball Lightning","Go for the Eyes"],"picked":"Aggregate","floor":23},{"not_picked":["Beam Cell","Barrage"],"picked":"Self Repair","floor":25},{"not_picked":["Tempest","Stack"],"picked":"Chill","floor":27},{"not_picked":["Undo","Gash"],"picked":"Sweeping Beam+1","floor":29},{"not_picked":["Rebound","Gash"],"picked":"Rainbow","floor":31},{"not_picked":["Meteor Strike","Echo Form"],"picked":"Buffer","floor":33},{"not_picked":["Tempest","Cold Snap"],"picked":"Barrage+1","floor":35},{"not_picked":["Tempest+1","Ball Lightning+1"],"picked":"Beam Cell","floor":36},{"not_picked":["Stack","Beam Cell+1"],"picked":"Turbo+1","floor":38},{"not_picked":["Leap","Beam Cell"],"picked":"Go for the Eyes+1","floor":40},{"not_picked":["Turbo","Coolheaded"],"picked":"Steam+1","floor":44},{"not_picked":["Hologram+1","Leap+1"],"picked":"Force Field+1","floor":45},{"not_picked":["PanicButton","Thinking Ahead"],"picked":"Madness","floor":46},{"not_picked":["Gash","Compile Driver","Go for the Eyes"],"picked":"SKIP","floor":48}],"player_experience":232118,"relics_obtained":[{"floor":9,"key":"Nunchaku"},{"floor":10,"key":"Akabeko"},{"floor":12,"key":"Bird Faced Urn"},{"floor":19,"key":"Shuriken"},{"floor":23,"key":"Anchor"},{"floor":25,"key":"MealTicket"},{"floor":26,"key":"HornCleat"},{"floor":26,"key":"Orichalcum"},{"floor":31,"key":"Red Mask"},{"floor":38,"key":"Thread and Needle"},{"floor":40,"key":"Shovel"},{"floor":41,"key":"War Paint"},{"floor":43,"key":"Bronze Scales"},{"floor":43,"key":"The Courier"},{"floor":47,"key":"Lantern"},{"floor":49,"key":"White Beast Statue"}],"event_choices":[{"damage_healed":0,"gold_gain":75,"player_choice":"Gather Gold","damage_taken":11,"max_hp_gain":0,"max_hp_loss":0,"event_name":"World of Goop","floor":3,"gold_loss":0},{"damage_healed":0,"gold_gain":275,"player_choice":"Desecrate","damage_taken":0,"max_hp_gain":0,"max_hp_loss":0,"event_name":"Golden Shrine","floor":4,"gold_loss":0,"cards_obtained":["Regret"]},{"cards_removed":["Regret"],"damage_healed":0,"gold_gain":0,"player_choice":"Removed Curses","damage_taken":0,"max_hp_gain":0,"max_hp_loss":0,"event_name":"Fountain of Cleansing","floor":14,"gold_loss":0},{"damage_healed":0,"gold_gain":0,"player_choice":"Obtained Relic","damage_taken":0,"relics_obtained":["Regal Pillow"],"max_hp_gain":0,"max_hp_loss":0,"event_name":"Addict","floor":20,"gold_loss":85},{"damage_healed":0,"gold_gain":0,"player_choice":"Copied","damage_taken":0,"max_hp_gain":0,"max_hp_loss":0,"event_name":"Duplicator","floor":21,"gold_loss":0,"cards_obtained":["Echo Form"]},{"damage_healed":0,"gold_gain":0,"player_choice":"Fought Bandits","damage_taken":0,"max_hp_gain":0,"max_hp_loss":0,"event_name":"Masked Bandits","floor":31,"gold_loss":0},{"damage_healed":0,"gold_gain":0,"player_choice":"Fight","damage_taken":0,"max_hp_gain":0,"max_hp_loss":0,"event_name":"MindBloom","floor":38,"gold_loss":0},{"damage_healed":0,"gold_gain":222,"player_choice":"Wore Mask","damage_taken":0,"max_hp_gain":0,"max_hp_loss":0,"event_name":"Tomb of Lord Red Mask","floor":39,"gold_loss":0},{"damage_healed":0,"gold_gain":0,"player_choice":"Memory 1","damage_taken":0,"max_hp_gain":0,"max_hp_loss":0,"event_name":"SensoryStone","floor":46,"gold_loss":0}],"is_beta":false,"boss_relics":[{"not_picked":["Snecko Eye","Busted Crown"],"picked":"SlaversCollar"},{"not_picked":["Nuclear Battery","Calling Bell"],"picked":"Pandora\u0027s Box"}],"items_purged_floors":[22,30],"is_endless":false,"potions_floor_spawned":[2,7,11,13,23,29,35,38,48],"ascension_level":8}}