{"host":"r6jigiblrojhp6xe","time":1607585110,"event":{"gold_per_floor":[114,124,274,36,36,69,69,87,113,142,154,195,207,234,246,336,348,373,397,409,238,256,256,15,65,65,65,98,9,9,28,28,28,28],"floor_reached":33,"playtime":619,"items_purged":["Doubt","Strike_R"],"score":596,"play_id":"6c42e6b0-7ff0-43c8-aefa-b33665d7b41f","local_time":"20201210162510","is_ascension_mode":true,"campfire_choices":[{"data":"Hemokinesis","floor":7.0,"key":"SMITH"},{"data":"Armaments","floor":11.0,"key":"SMITH"},{"data":"Evolve","floor":15.0,"key":"SMITH"},{"data":"Blood for Blood","floor":23,"key":"SMITH"},{"floor":27,"key":"REST"},{"floor":32,"key":"REST"}],"neow_cost":"NONE","seed_source_timestamp":406531989609400,"circlet_count":0,"master_deck":["AscendersBane","Strike_R","Strike_R","Strike_R","Strike_R","Defend_R","Defend_R","Defend_R","Defend_R","Bash","Reckless Charge","Evolve+1","Hemokinesis+1","Armaments+1","Immolate","Immolate","Blood for Blood+1","Wild Strike","Blood for Blood","Offering+1","Inflame+1","Fire Breathing+1","Warcry+1"],"special_seed":0,"relics":["Burning Blood","NeowsBlessing","Bag of Preparation","Happy Flower","MawBank","Mercury Hourglass","Mark of Pain","Frozen Egg 2","Question Card"],"potions_floor_usage":[16,22,33,33],"damage_taken":[{"damage":0.0,"enemies":"Jaw Worm","floor":1.0,"turns":1.0},{"damage":0.0,"enemies":"Small Slimes","floor":2.0,"turns":1.0},{"damage":0.0,"enemies":"Gremlin Nob","floor":6.0,"turns":1.0},{"damage":2.0,"enemies":"Cultist","floor":8.0,"turns":2.0},{"damage":13.0,"enemies":"Looter","floor":10.0,"turns":2.0},{"damage":26.0,"enemies":"3 Sentries","floor":12.0,"turns":7.0},{"damage":7.0,"enemies":"Large Slime","floor":14.0,"turns":4.0},{"damage":28,"enemies":"The Guardian","floor":16,"turns":12},{"damage":19,"enemies":"2 Thieves","floor":18,"turns":3},{"damage":29,"enemies":"Shell Parasite","floor":19,"turns":4},{"damage":13,"enemies":"Snake Plant","floor":22,"turns":2},{"damage":33,"enemies":"Book of Stabbing","floor":28,"turns":3},{"damage":6,"enemies":"3 Cultists","floor":31,"turns":2},{"damage":91,"enemies":"Automaton","floor":33,"turns":6}],"seed_played":"-7400912709570884166","potions_obtained":[{"floor":1.0,"key":"Strength Potion"},{"floor":8.0,"key":"BloodPotion"},{"floor":20,"key":"DistilledChaos"},{"floor":31,"key":"HeartOfIron"}],"is_trial":false,"path_per_floor":["M","M","?","$","?","E","R","M","T","M","R","E","?","M","R","B",null,"M","M","?","$","M","R","$","?","T","R","E","$","?","M","R","B"],"character_chosen":"IRONCLAD","items_purchased":["Bag of Preparation","Blood for Blood","Blood for Blood","Offering","Fire Breathing+1"],"campfire_rested":2,"item_purchase_floors":[4,21,24,24,29],"current_hp_per_floor":[74,75,75,75,75,75,75,75,75,68,68,48,53,52,52,30,68,55,32,32,32,25,25,25,25,25,49,22,22,22,22,46,0,0],"gold":28,"neow_bonus":"THREE_ENEMY_KILL","is_prod":false,"is_daily":false,"chose_seed":false,"campfire_upgraded":4,"win_rate":0,"timestamp":1607585110,"path_taken":["M","M","?","$","?","E","R","M","T","M","R","E","?","M","R","BOSS","M","M","?","$","M","R","?","?","T","R","E","$","?","?","R","BOSS"],"build_version":"2020-11-30","purchased_purges":2,"victory":false,"max_hp_per_floor":[75,75,75,75,75,75,75,75,75,75,75,75,80,80,80,80,80,80,80,80,80,80,80,80,80,80,80,80,80,80,80,80,80,80],"relic_stats":{"Happy Flower":[15],"counters":[14,50],"Bag of Preparation":[24],"MawBank":144,"Question Card":1,"obtain_stats":[{"NeowsBlessing":0,"Happy Flower":6,"Mark of Pain":17,"Bag of Preparation":4,"Frozen Egg 2":26,"MawBank":9,"Question Card":28,"Burning Blood":0,"Mercury Hourglass":12},{"NeowsBlessing":0,"Happy Flower":3,"Mark of Pain":8,"Bag of Preparation":2,"Frozen Egg 2":11,"MawBank":4,"Question Card":12,"Burning Blood":0,"Mercury Hourglass":6},{"NeowsBlessing":0,"Happy Flower":3,"Mark of Pain":30,"Bag of Preparation":2,"Frozen Egg 2":39,"MawBank":5,"Question Card":42,"Burning Blood":0,"Mercury Hourglass":14}],"Burning Blood":63,"Mercury Hourglass":[120]},"card_choices":[{"not_picked":["Flex","Metallicize"],"picked":"Reckless Charge","floor":1.0},{"not_picked":["Body Slam","Armaments"],"picked":"Evolve","floor":2.0},{"not_picked":["Havoc","Feed"],"picked":"Hemokinesis","floor":6.0},{"not_picked":["Twin Strike","Dark Embrace"],"picked":"Armaments","floor":8.0},{"not_picked":["Twin Strike","Burning Pact","Heavy Blade"],"picked":"SKIP","floor":10.0},{"not_picked":["Dropkick","Dual Wield","Juggernaut"],"picked":"SKIP","floor":12.0},{"not_picked":["Clothesline","Cleave","Metallicize"],"picked":"SKIP","floor":14.0},{"not_picked":["Juggernaut","Offering"],"picked":"Immolate","floor":16},{"not_picked":["Perfected Strike+1","Headbutt","Sever Soul"],"picked":"SKIP","floor":18},{"not_picked":["Havoc+1","Anger+1"],"picked":"Immolate","floor":19},{"not_picked":["Clothesline","Sword Boomerang"],"picked":"Wild Strike","floor":22},{"not_picked":["Bludgeon","Reckless Charge"],"picked":"Inflame+1","floor":28},{"not_picked":["Wild Strike","Twin Strike","Whirlwind"],"picked":"Warcry+1","floor":31}],"player_experience":492881,"relics_obtained":[{"floor":6.0,"key":"Happy Flower"},{"floor":9.0,"key":"MawBank"},{"floor":12.0,"key":"Mercury Hourglass"},{"floor":26,"key":"Frozen Egg 2"},{"floor":28,"key":"Question Card"}],"event_choices":[{"damage_healed":0.0,"max_hp_gain":0.0,"max_hp_loss":0.0,"gold_gain":150.0,"event_name":"Liars Game","player_choice":"AGREE","floor":3.0,"gold_loss":0.0,"damage_taken":0.0,"cards_obtained":["Doubt"]},{"damage_healed":0.0,"max_hp_gain":0.0,"max_hp_loss":0.0,"gold_gain":0.0,"event_name":"The Cleric","player_choice":"Leave","floor":5.0,"gold_loss":0.0,"damage_taken":0.0},{"damage_healed":0.0,"max_hp_gain":5.0,"max_hp_loss":0.0,"gold_gain":0.0,"event_name":"Big Fish","player_choice":"Donut","floor":13.0,"gold_loss":0.0,"damage_taken":0.0},{"damage_healed":0,"gold_gain":0,"player_choice":"Got Potions","damage_taken":0,"max_hp_gain":0,"max_hp_loss":0,"event_name":"Lab","floor":20,"gold_loss":0},{"damage_healed":0,"gold_gain":50,"player_choice":"Stole From Cult","damage_taken":0,"max_hp_gain":0,"max_hp_loss":0,"event_name":"Nest","floor":25,"gold_loss":0},{"damage_healed":0,"gold_gain":0,"player_choice":"Upgraded","damage_taken":0,"max_hp_gain":0,"max_hp_loss":0,"event_name":"Upgrade Shrine","floor":30,"gold_loss":0,"cards_upgraded":["Offering"]}],"is_beta":false,"boss_relics":[{"not_picked":["Tiny House","Astrolabe"],"picked":"Mark of Pain"}],"items_purged_floors":[4,21],"is_endless":false,"potions_floor_spawned":[1,8,14,31],"killed_by":"Automaton","ascension_level":20}}