{"host":"gk5m6v7zec9neb0j","time":1607589310,"event":{"gold_per_floor":[116,127,39,53,66,66,66,76,76,76,76,76,96,62,62,185,185,206,70,114,128,153,153,10,29,78,78,118,138,213,238,238,367,367,383,408,426,442,23,62,75,75,75,75,88,20,38,38,38,38,38,38,38,73,73,73],"floor_reached":55,"playtime":2132,"items_purged":["Strike_G","Strike_G"],"score":913,"play_id":"9008d372-77d0-42cb-96e7-13fc24f6cd33","local_time":"20201210033510","is_ascension_mode":false,"campfire_choices":[{"floor":6,"key":"REST"},{"data":"Neutralize","floor":7,"key":"SMITH"},{"data":"Accuracy","floor":10,"key":"SMITH"},{"floor":15,"key":"REST"},{"data":"Phantasmal Killer","floor":23,"key":"SMITH"},{"data":"Footwork","floor":27,"key":"SMITH"},{"floor":32,"key":"REST"},{"floor":42,"key":"REST"},{"data":"Madness","floor":49,"key":"SMITH"},{"data":"Adrenaline","floor":52,"key":"SMITH"}],"neow_cost":"","seed_source_timestamp":468530236601900,"circlet_count":0,"master_deck":["Strike_G","Strike_G","Strike_G","Defend_G","Defend_G","Defend_G","Defend_G","Defend_G","Survivor","Neutralize+1","Footwork+1","Accuracy+1","Cloak And Dagger","Blur","Choke","Prepared","Footwork+1","Blade Dance","Blade Dance","Blade Dance","Infinite Blades+1","Phantasmal Killer+1","Backstab","Footwork+1","Cloak And Dagger+1","Deflect+1","Tools of the Trade+1","Blade Dance","Terror+1","After Image+1","Adrenaline+1","Infinite Blades+1","Madness+1","Madness","Cloak And Dagger+1","Infinite Blades+1","Backflip"],"relics":["Ring of the Snake","Girya","WingedGreaves","Frozen Egg 2","Blue Candle","Shuriken","Golden Idol","Red Mask","Orrery","Snake Skull","Bottled Flame","Bag of Marbles","Bottled Tornado","Pear","Ninja Scroll","Mercury Hourglass"],"potions_floor_usage":[20,28,37],"damage_taken":[{"damage":2,"enemies":"Cultist","floor":1,"turns":5},{"damage":0,"enemies":"Small Slimes","floor":2,"turns":4},{"damage":0,"enemies":"Jaw Worm","floor":4,"turns":4},{"damage":3,"enemies":"Exordium Wildlife","floor":5,"turns":3},{"damage":2,"enemies":"Lots of Slimes","floor":8,"turns":7},{"damage":0,"enemies":"Looter","floor":13,"turns":3},{"damage":4,"enemies":"Hexaghost","floor":16,"turns":6},{"damage":0,"enemies":"Spheric Guardian","floor":18,"turns":3},{"damage":2,"enemies":"Masked Bandits","floor":20,"turns":3},{"damage":0,"enemies":"Shell Parasite","floor":21,"turns":5},{"damage":10,"enemies":"Shelled Parasite and Fungi","floor":22,"turns":6},{"damage":0,"enemies":"Centurion and Healer","floor":25,"turns":4},{"damage":12,"enemies":"Slavers","floor":28,"turns":5},{"damage":0,"enemies":"Cultist and Chosen","floor":29,"turns":3},{"damage":7,"enemies":"Snake Plant","floor":31,"turns":5},{"damage":15,"enemies":"Automaton","floor":33,"turns":8},{"damage":0,"enemies":"Orb Walker","floor":35,"turns":4},{"damage":16,"enemies":"3 Darklings","floor":36,"turns":5},{"damage":0,"enemies":"Transient","floor":37,"turns":5},{"damage":7,"enemies":"Spire Growth","floor":38,"turns":4},{"damage":13,"enemies":"Nemesis","floor":40,"turns":5},{"damage":11,"enemies":"3 Darklings","floor":41,"turns":5},{"damage":14,"enemies":"Jaw Worm Horde","floor":45,"turns":5},{"damage":21,"enemies":"Spire Growth","floor":47,"turns":4},{"damage":52,"enemies":"Donu and Deca","floor":50,"turns":10},{"damage":31,"enemies":"Shield and Spear","floor":54,"turns":6},{"damage":41,"enemies":"The Heart","floor":55,"turns":5}],"seed_played":"-3565517983010502009","potions_obtained":[{"floor":18,"key":"Energy Potion"},{"floor":21,"key":"Energy Potion"},{"floor":33,"key":"Regen Potion"}],"is_trial":false,"path_per_floor":["M","M","$","M","M","R","R","M","T","R","T","?","M","$","R","B",null,"M","$","?","M","M","R","$","M","T","R","E","M","?","M","R","B",null,"M","M","M","M","$","E","M","R","T","?","M","$","M","?","R","B",null,"R","$","E","B"],"character_chosen":"THE_SILENT","items_purchased":["Footwork","Accuracy","Cloak And Dagger","Blur","Frozen Egg 2","Choke","Footwork+1","Blade Dance","Infinite Blades+1","Footwork+1","Orrery","Bag of Marbles","Bottled Tornado","Infinite Blades+1"],"campfire_rested":4,"item_purchase_floors":[0,0,0,0,0,0,3,3,14,19,24,39,39,46],"current_hp_per_floor":[26,26,26,26,23,44,44,42,42,42,42,25,25,25,46,42,70,70,70,68,68,58,58,58,58,58,58,46,46,39,32,53,38,70,70,54,69,62,62,59,48,72,72,62,48,48,27,70,70,18,70,70,70,39,0,0],"gold":73,"neow_bonus":"","is_prod":false,"is_daily":false,"chose_seed":false,"campfire_upgraded":6,"win_rate":0,"timestamp":1607589310,"path_taken":["M","M","$","M","M","R","R","M","T","R","?","?","M","?","R","BOSS","M","$","?","M","M","R","$","M","T","R","E","M","?","M","R","BOSS","M","M","M","M","$","E","?","R","T","?","M","$","M","?","R","BOSS","R","$","E","BOSS"],"build_version":"2020-11-30","purchased_purges":2,"victory":false,"max_hp_per_floor":[70,70,70,70,70,70,70,70,70,70,70,70,70,70,70,70,70,70,70,70,70,70,70,70,70,70,70,70,70,70,70,70,70,70,70,70,70,70,70,80,80,80,80,80,80,80,80,70,70,70,70,70,70,70,70,70],"relic_stats":{"counters":[548,3133],"Shuriken":[83],"Golden Idol":162,"Blue Candle":[0],"Snake Skull":[0],"obtain_stats":[{"TwistedFunnel":0,"Ginger":0,"Whetstone":4,"Bottled Tornado":14,"Sling":0,"Boot":49,"FrozenCore":17,"Old Coin":15,"Blood Vial":19,"Sundial":52,"MealTicket":8,"Fusion Hammer":34,"HandDrill":10,"Necronomicon":28,"Kunai":9,"Pear":26,"Blue Candle":9,"Tingsha":0,"Eternal Feather":52,"Pen Nib":9,"Paper Crane":40,"Akabeko":9,"SlaversCollar":34,"Bird Faced Urn":7,"MutagenicStrength":20,"CultistMask":10,"StrikeDummy":47,"Unceasing Top":3,"Ring of the Serpent":17,"Lantern":13,"Regal Pillow":11,"Torii":0,"StoneCalendar":0,"Bag of Preparation":7,"Cursed Key":34,"Ancient Tea Set":26,"Smiling Mask":26,"Shovel":9,"Matryoshka":24,"WristBlade":17,"Ninja Scroll":43,"Toolbox":53,"WingedGreaves":0,"Chemical X":0,"InkBottle":49,"Ring of the Snake":0,"Potion Belt":14,"The Specimen":0,"Golden Idol":8,"PreservedInsect":43,"The Courier":26,"Omamori":23,"Seething Fire":0,"Frozen Egg 2":25,"MawBank":43,"Ornamental Fan":30,"Orrery":20,"Turnip":48,"Art of War":7,"Bottled Lightning":9,"Toy Ornithopter":9,"Ice Cream":42,"Calipers":9,"Tiny House":17,"Gremlin Horn":29,"CeramicFish":43,"Vajra":10,"HoveringKite":17,"Hammer of Thor":0,"Runic Capacitor":0,"Sozu":34,"Lizard Tail":0,"Centennial Puzzle":42,"DollysMirror":0,"Strawberry":23,"Prayer Wheel":47,"Toxic Egg 2":11,"Girya":0,"Happy Flower":26,"Dead Branch":17,"Oddly Smooth Stone":28,"Letter Opener":17,"War Paint":43,"Question Card":41,"WarpedTongs":3,"Du-Vu Doll":20,"OrangePellets":0,"Bottled Flame":28,"Shuriken":42,"Anvil of the Gods":0,"Bronze Scales":0,"Molten Egg 2":43,"Pocketwatch":0,"Meat on the Bone":14,"SacredBark":17,"Enchiridion":20,"Mango":0,"Snake Skull":54,"Juzu Bracelet":43,"Incense Burner":17,"Empty Cage":17,"PrismaticShard":0,"ClockworkSouvenir":0,"Frozen Eye":45,"Nunchaku":3,"Dream Catcher":40,"Tough Bandages":0,"TheAbacus":22,"Mummified Hand":31,"Pantograph":3,"Gambling Chip":0,"Tiny Chest":30,"Red Mask":29,"Cracked Core":0,"Runic Pyramid":17,"Orichalcum":26,"Odd Mushroom":8,"White Beast Statue":41,"Mercury Hourglass":17,"Peace Pipe":0,"Calling Bell":17,"Cauldron":36,"Strange Spoon":37,"CaptainsWheel":9,"Anchor":26,"Bag of Marbles":30,"Membership Card":20,"TungstenRod":0,"FossilizedHelix":40},{"TwistedFunnel":195,"Ginger":96,"Whetstone":196,"Bottled Tornado":144,"Sling":149,"Boot":367,"FrozenCore":145,"Old Coin":299,"Blood Vial":192,"Sundial":368,"MealTicket":142,"Fusion Hammer":232,"HandDrill":155,"Necronomicon":383,"Kunai":164,"Pear":205,"Blue Candle":526,"Tingsha":149,"Eternal Feather":216,"Pen Nib":220,"Paper Crane":389,"Akabeko":155,"SlaversCollar":284,"Bird Faced Urn":154,"MutagenicStrength":354,"CultistMask":422,"StrikeDummy":135,"Unceasing Top":98,"Ring of the Serpent":353,"Lantern":116,"Regal Pillow":298,"Torii":195,"StoneCalendar":218,"Bag of Preparation":113,"Cursed Key":255,"Ancient Tea Set":305,"Smiling Mask":356,"Shovel":198,"Matryoshka":382,"WristBlade":326,"Ninja Scroll":213,"Toolbox":445,"WingedGreaves":521,"Chemical X":370,"InkBottle":215,"Ring of the Snake":0,"Potion Belt":352,"The Specimen":149,"Golden Idol":164,"PreservedInsect":365,"The Courier":382,"Omamori":123,"Seething Fire":0,"Frozen Egg 2":253,"MawBank":261,"Ornamental Fan":171,"Orrery":202,"Turnip":315,"Art of War":244,"Bottled Lightning":113,"Toy Ornithopter":187,"Ice Cream":338,"Calipers":100,"Tiny House":166,"Gremlin Horn":282,"CeramicFish":236,"Vajra":198,"HoveringKite":201,"Hammer of Thor":0,"Runic Capacitor":136,"Sozu":173,"Lizard Tail":159,"Centennial Puzzle":389,"DollysMirror":184,"Strawberry":304,"Prayer Wheel":341,"Toxic Egg 2":114,"Girya":184,"Happy Flower":125,"Dead Branch":224,"Oddly Smooth Stone":126,"Letter Opener":426,"War Paint":338,"Question Card":515,"WarpedTongs":397,"Du-Vu Doll":147,"OrangePellets":292,"Bottled Flame":534,"Shuriken":312,"Anvil of the Gods":0,"Bronze Scales":136,"Molten Egg 2":468,"Pocketwatch":240,"Meat on the Bone":249,"SacredBark":378,"Enchiridion":405,"Mango":136,"Snake Skull":217,"Juzu Bracelet":312,"Incense Burner":426,"Empty Cage":250,"PrismaticShard":419,"ClockworkSouvenir":108,"Frozen Eye":261,"Nunchaku":138,"Dream Catcher":312,"Tough Bandages":318,"TheAbacus":251,"Mummified Hand":359,"Pantograph":241,"Gambling Chip":395,"Tiny Chest":462,"Red Mask":307,"Cracked Core":0,"Runic Pyramid":118,"Orichalcum":382,"Odd Mushroom":453,"White Beast Statue":312,"Mercury Hourglass":224,"Peace Pipe":96,"Calling Bell":224,"Cauldron":210,"Strange Spoon":513,"CaptainsWheel":142,"Anchor":253,"Bag of Marbles":384,"Membership Card":276,"TungstenRod":136,"FossilizedHelix":212},{"TwistedFunnel":1189,"Ginger":557,"Whetstone":1192,"Bottled Tornado":862,"Sling":888,"Boot":2096,"FrozenCore":869,"Old Coin":1756,"Blood Vial":1170,"Sundial":2104,"MealTicket":855,"Fusion Hammer":1381,"HandDrill":918,"Necronomicon":2179,"Kunai":960,"Pear":1237,"Blue Candle":3024,"Tingsha":888,"Eternal Feather":1305,"Pen Nib":1324,"Paper Crane":2214,"Akabeko":918,"SlaversCollar":1680,"Bird Faced Urn":914,"MutagenicStrength":2040,"CultistMask":2385,"StrikeDummy":823,"Unceasing Top":563,"Ring of the Serpent":2036,"Lantern":676,"Regal Pillow":1753,"Torii":1189,"StoneCalendar":1315,"Bag of Preparation":659,"Cursed Key":1509,"Ancient Tea Set":1788,"Smiling Mask":2047,"Shovel":1198,"Matryoshka":2174,"WristBlade":1903,"Ninja Scroll":1279,"Toolbox":2526,"WingedGreaves":3001,"Chemical X":2114,"InkBottle":1292,"Ring of the Snake":0,"Potion Belt":2028,"The Specimen":888,"Golden Idol":960,"PreservedInsect":2086,"The Courier":2174,"Omamori":726,"Seething Fire":0,"Frozen Egg 2":1491,"MawBank":1540,"Ornamental Fan":1014,"Orrery":1224,"Turnip":1843,"Art of War":1440,"Bottled Lightning":659,"Toy Ornithopter":1139,"Ice Cream":1963,"Calipers":572,"Tiny House":977,"Gremlin Horn":1668,"CeramicFish":1397,"Vajra":1198,"HoveringKite":1218,"Hammer of Thor":0,"Runic Capacitor":826,"Sozu":1042,"Lizard Tail":936,"Centennial Puzzle":2214,"DollysMirror":1127,"Strawberry":1784,"Prayer Wheel":1981,"Toxic Egg 2":663,"Girya":1127,"Happy Flower":737,"Dead Branch":1342,"Oddly Smooth Stone":743,"Letter Opener":2414,"War Paint":1963,"Question Card":2941,"WarpedTongs":2266,"Du-Vu Doll":878,"OrangePellets":1727,"Bottled Flame":3059,"Shuriken":1826,"Anvil of the Gods":0,"Bronze Scales":826,"Molten Egg 2":2649,"Pocketwatch":1420,"Meat on the Bone":1468,"SacredBark":2153,"Enchiridion":2303,"Mango":826,"Snake Skull":1313,"Juzu Bracelet":1826,"Incense Burner":2414,"Empty Cage":1476,"PrismaticShard":2372,"ClockworkSouvenir":632,"Frozen Eye":1540,"Nunchaku":835,"Dream Catcher":1826,"Tough Bandages":1864,"TheAbacus":1480,"Mummified Hand":2061,"Pantograph":1424,"Gambling Chip":2258,"Tiny Chest":2611,"Red Mask":1796,"Cracked Core":0,"Runic Pyramid":691,"Orichalcum":2174,"Odd Mushroom":2564,"White Beast Statue":1826,"Mercury Hourglass":1342,"Peace Pipe":557,"Calling Bell":1342,"Cauldron":1264,"Strange Spoon":2928,"CaptainsWheel":855,"Anchor":1491,"Bag of Marbles":2184,"Membership Card":1631,"TungstenRod":826,"FossilizedHelix":1274}],"Ring of the Snake":[141],"Mercury Hourglass":[15]},"card_choices":[{"not_picked":["Slice","Dagger Spray"],"picked":"Prepared","floor":1},{"not_picked":["All Out Attack","Finisher","Expertise"],"picked":"SKIP","floor":2},{"not_picked":["Catalyst","Flying Knee","Dagger Throw"],"picked":"SKIP","floor":4},{"not_picked":["Crippling Poison","Reflex","Outmaneuver"],"picked":"SKIP","floor":5},{"not_picked":["All Out Attack","Malaise"],"picked":"Blade Dance","floor":8},{"not_picked":["Poisoned Stab","Cloak And Dagger"],"picked":"Blade Dance","floor":13},{"not_picked":["A Thousand Cuts+1","Glass Knife"],"picked":"Phantasmal Killer","floor":16},{"not_picked":["Predator+1","Outmaneuver"],"picked":"Backstab","floor":18},{"not_picked":["Bouncing Flask","Flying Knee+1"],"picked":"Cloak And Dagger+1","floor":21},{"not_picked":["Acrobatics","Sucker Punch+1","All Out Attack+1"],"picked":"SKIP","floor":22},{"not_picked":["Glass Knife","Sucker Punch"],"picked":"Deflect+1","floor":24},{"not_picked":["Prepared","Eviscerate"],"picked":"Tools of the Trade+1","floor":24},{"not_picked":["Dodge and Roll","Storm of Steel"],"picked":"Blade Dance","floor":25},{"not_picked":["Sucker Punch","Blade Dance"],"picked":"Terror+1","floor":28},{"not_picked":["Backflip","Dagger Throw+1"],"picked":"After Image+1","floor":29},{"not_picked":["Backstab","Predator","Poisoned Stab"],"picked":"SKIP","floor":31},{"not_picked":["Corpse Explosion","A Thousand Cuts+1"],"picked":"Adrenaline","floor":33},{"not_picked":["Slice+1","Heel Hook","Outmaneuver+1"],"picked":"SKIP","floor":35},{"not_picked":["Slice","Skewer","Deadly Poison+1"],"picked":"SKIP","floor":36},{"not_picked":["Poisoned Stab","Quick Slash","Slice+1"],"picked":"SKIP","floor":37},{"not_picked":["Masterful Stab","Dodge and Roll+1","Flechettes+1"],"picked":"SKIP","floor":38},{"not_picked":["Endless Agony","Poisoned Stab+1"],"picked":"Infinite Blades+1","floor":40},{"not_picked":["Dagger Throw","Underhanded Strike","Skewer"],"picked":"SKIP","floor":41},{"not_picked":["Bane","Flechettes+1"],"picked":"Cloak And Dagger+1","floor":45},{"not_picked":["Crippling Poison","Blade Dance+1","Masterful Stab+1"],"picked":"SKIP","floor":47},{"not_picked":["Caltrops+1","Dagger Throw"],"picked":"Backflip","floor":54}],"player_experience":656203,"relics_obtained":[{"floor":9,"key":"Blue Candle"},{"floor":11,"key":"Shuriken"},{"floor":20,"key":"Red Mask"},{"floor":26,"key":"Snake Skull"},{"floor":28,"key":"Bottled Flame"},{"floor":40,"key":"Pear"},{"floor":43,"key":"Ninja Scroll"},{"floor":54,"key":"Mercury Hourglass"}],"event_choices":[{"damage_healed":0,"gold_gain":0,"player_choice":"Take Damage","damage_taken":17,"relics_obtained":["Golden Idol"],"max_hp_gain":0,"max_hp_loss":0,"event_name":"Golden Idol","floor":12,"gold_loss":0},{"damage_healed":0,"gold_gain":0,"player_choice":"Fought Bandits","damage_taken":0,"max_hp_gain":0,"max_hp_loss":0,"event_name":"Masked Bandits","floor":20,"gold_loss":0},{"damage_healed":0,"gold_gain":75,"player_choice":"Touch","damage_taken":7,"max_hp_gain":0,"max_hp_loss":0,"event_name":"FaceTrader","floor":30,"gold_loss":0},{"damage_healed":0,"gold_gain":0,"player_choice":"Embrace Madness","damage_taken":10,"max_hp_gain":0,"max_hp_loss":0,"event_name":"Winding Halls","floor":44,"gold_loss":0,"cards_obtained":["Madness","Madness"]},{"damage_healed":70,"gold_gain":0,"player_choice":"Heal","damage_taken":0,"max_hp_gain":0,"max_hp_loss":10,"event_name":"The Moai Head","floor":48,"gold_loss":0}],"is_beta":false,"boss_relics":[{"not_picked":["Cursed Key","Runic Dome","Velvet Choker"]},{"not_picked":["Coffee Dripper","Philosopher\u0027s Stone","Astrolabe"]}],"items_purged_floors":[0,19],"is_endless":false,"potions_floor_spawned":[4,13,16,18,21,31,33,36,38,41,45,54],"killed_by":"The Heart","ascension_level":0}}