{"host":"2se5dq1do2gp0x9k","time":1607614397,"event":{"mods":["BaseMod","AchievementEnabler","Colored Map","Colored Powertips","StSLib","SuperFastMode","Block Reminder","Minty Spire (QoL Compilation)","Relic Stats"],"gold_per_floor":[119,119,131,141,159,189,205,205,205,205,225,242,257,257,257,257,257],"floor_reached":16,"playtime":525,"items_purged":[],"score":212,"play_id":"088eafb2-f838-4ffc-a2b2-63e937ff9403","local_time":"20201210073317","is_ascension_mode":true,"campfire_choices":[{"floor":8,"key":"REST"},{"data":"Phantasmal Killer","floor":10,"key":"SMITH"},{"floor":15,"key":"REST"}],"circlet_count":0,"master_deck":["AscendersBane","Strike_G","Strike_G","Strike_G","Strike_G","Strike_G","Defend_G","Defend_G","Defend_G","Defend_G","Defend_G","Survivor","Neutralize","Dagger Throw","Pain","Blade Dance","Dodge and Roll","Blade Dance","Acrobatics","Phantasmal Killer+1","Reflex","Finisher"],"relics":["Ring of the Snake","NeowsBlessing","WarpedTongs","Orichalcum","Frozen Egg 2"],"acts_visited":["Exordium"],"potions_floor_usage":[6,16],"damage_taken":[{"damage":0,"enemies":"2 Louse","floor":1,"turns":1},{"damage":0,"enemies":"Cultist","floor":3,"turns":1},{"damage":1,"enemies":"Jaw Worm","floor":4,"turns":1},{"damage":11,"enemies":"3 Louse","floor":5,"turns":3},{"damage":23,"enemies":"Lagavulin","floor":6,"turns":7},{"damage":8,"enemies":"Looter","floor":7,"turns":4},{"damage":12,"enemies":"Exordium Thugs","floor":11,"turns":5},{"damage":11,"enemies":"Gremlin Gang","floor":12,"turns":6},{"damage":6,"enemies":"Looter","floor":13,"turns":3},{"damage":28,"enemies":"The Guardian","floor":16,"turns":6}],"seed_played":"1616088715095941162","potions_obtained":[{"floor":3,"key":"LiquidBronze"},{"floor":4,"key":"DuplicationPotion"},{"floor":11,"key":"SpeedPotion"}],"is_trial":false,"path_per_floor":["M","?","M","M","M","E","M","R","T","R","M","M","M","?","R","B"],"character_chosen":"THE_SILENT","items_purchased":[],"campfire_rested":2,"item_purchase_floors":[],"current_hp_per_floor":[59,59,59,58,47,24,16,35,35,35,23,12,6,6,25,0,0],"gold":257,"neow_bonus":"THREE_ENEMY_KILL","is_daily":false,"chose_seed":false,"campfire_upgraded":1,"win_rate":0,"timestamp":1607614397,"path_taken":["M","?","?","M","M","E","M","R","T","R","?","M","M","?","R","BOSS"],"build_version":"2020-11-30","purchased_purges":0,"victory":false,"max_hp_per_floor":[66,66,66,66,66,66,66,66,66,66,66,66,66,66,66,66,66],"relic_stats":{"counters":[10,37],"Orichalcum":[12],"obtain_stats":[{"NeowsBlessing":0,"Orichalcum":6,"Frozen Egg 2":9,"Ring of the Snake":0,"WarpedTongs":2},{"NeowsBlessing":0,"Orichalcum":5,"Frozen Egg 2":6,"Ring of the Snake":0,"WarpedTongs":1},{"NeowsBlessing":0,"Orichalcum":13,"Frozen Egg 2":17,"Ring of the Snake":0,"WarpedTongs":1}],"Ring of the Snake":[20],"WarpedTongs":[36]},"card_choices":[{"not_picked":["Prepared","Accuracy"],"picked":"Dagger Throw","floor":1},{"not_picked":["Masterful Stab","Sucker Punch"],"picked":"Blade Dance","floor":3},{"not_picked":["Accuracy","Distraction"],"picked":"Dodge and Roll","floor":4},{"not_picked":["Dodge and Roll","Underhanded Strike"],"picked":"Blade Dance","floor":5},{"not_picked":["Bouncing Flask","Outmaneuver"],"picked":"Acrobatics","floor":6},{"not_picked":["Blur","Concentrate"],"picked":"Phantasmal Killer","floor":7},{"not_picked":["Sucker Punch","Deflect"],"picked":"Reflex","floor":11},{"not_picked":["Catalyst","Bane","Deadly Poison"],"picked":"SKIP","floor":12},{"not_picked":["Reflex","Riddle With Holes"],"picked":"Finisher","floor":13}],"player_experience":3593598,"relics_obtained":[{"floor":6,"key":"Orichalcum"},{"floor":9,"key":"Frozen Egg 2"}],"event_choices":[{"damage_healed":0,"gold_gain":0,"player_choice":"Rummage","damage_taken":0,"relics_obtained":["WarpedTongs"],"max_hp_gain":0,"max_hp_loss":0,"event_name":"Accursed Blacksmith","floor":2,"gold_loss":0,"cards_obtained":["Pain"]},{"damage_healed":0,"gold_gain":0,"player_choice":"Ignored","damage_taken":0,"max_hp_gain":0,"max_hp_loss":0,"event_name":"Liars Game","floor":14,"gold_loss":0}],"is_beta":false,"boss_relics":[],"items_purged_floors":[],"is_endless":false,"potions_floor_spawned":[3,4,5,11],"killed_by":"The Guardian","ascension_level":20}}