{"host":"lstuuc6roym1046h","time":1607605277,"event":{"gold_per_floor":[109,123,143,143,32,32,61,61,87,116,32,67,67,98,98,176,176,186,186,186,197,197,197,225,225,299,299,330,350,16,26,26,26,26],"floor_reached":33,"playtime":2362,"items_purged":["Regret"],"score":693,"play_id":"caa16a0f-c44a-4f8e-8a65-4b7e04ef3ede","local_time":"20201210130117","is_ascension_mode":true,"campfire_choices":[{"data":"Dagger Spray","floor":6.0,"key":"SMITH"},{"floor":8.0,"key":"REST"},{"data":"Well Laid Plans","floor":13.0,"key":"SMITH"},{"data":"Noxious Fumes","floor":15.0,"key":"SMITH"},{"data":"Venomology","floor":23.0,"key":"SMITH"},{"data":"Footwork","floor":25.0,"key":"SMITH"},{"data":"Footwork","floor":27.0,"key":"SMITH"},{"floor":32.0,"key":"REST"}],"neow_cost":"NONE","seed_source_timestamp":2299931313400,"circlet_count":0,"master_deck":["AscendersBane","Strike_G","Strike_G","Strike_G","Strike_G","Strike_G","Defend_G","Defend_G","Defend_G","Defend_G","Defend_G","Survivor","Neutralize+1","Well Laid Plans+1","Dagger Throw","Dagger Spray+1","Deadly Poison","Footwork+1","Noxious Fumes+1","Venomology+1","Footwork+1","Shame","PiercingWail","PiercingWail","Deadly Poison","Malaise","Deflect","PiercingWail"],"special_seed":0,"relics":["SacredBark","PreservedInsect","Blood Vial","Akabeko","Torii","Blue Candle","Cursed Key","Matryoshka","Pear","Nunchaku","Bottled Lightning","Bag of Marbles","TwistedFunnel"],"potions_floor_usage":[33,33],"damage_taken":[{"damage":11.0,"enemies":"Jaw Worm","floor":1.0,"turns":7.0},{"damage":0.0,"enemies":"2 Louse","floor":2.0,"turns":3.0},{"damage":0.0,"enemies":"Cultist","floor":3.0,"turns":4.0},{"damage":34.0,"enemies":"Lagavulin","floor":7.0,"turns":8.0},{"damage":21.0,"enemies":"Gremlin Nob","floor":10.0,"turns":4.0},{"damage":0.0,"enemies":"3 Sentries","floor":12.0,"turns":5.0},{"damage":8.0,"enemies":"Gremlin Nob","floor":14.0,"turns":3.0},{"damage":58.0,"enemies":"Slime Boss","floor":16.0,"turns":9.0},{"damage":23.0,"enemies":"2 Thieves","floor":18.0,"turns":5.0},{"damage":20.0,"enemies":"Shell Parasite","floor":21.0,"turns":5.0},{"damage":46.0,"enemies":"Book of Stabbing","floor":24.0,"turns":5.0},{"damage":27.0,"enemies":"Slavers","floor":28.0,"turns":5.0},{"damage":18.0,"enemies":"Chosen and Byrds","floor":29.0,"turns":6.0},{"damage":4.0,"enemies":"Centurion and Healer","floor":31.0,"turns":5.0},{"damage":55,"enemies":"Collector","floor":33,"turns":9}],"seed_played":"387640284131196061","potions_obtained":[{"floor":1.0,"key":"LiquidBronze"},{"floor":3.0,"key":"Swift Potion"},{"floor":10.0,"key":"PowerPotion"},{"floor":12.0,"key":"FairyPotion"},{"floor":18.0,"key":"BlessingOfTheForge"},{"floor":24.0,"key":"BlessingOfTheForge"},{"floor":29.0,"key":"FearPotion"}],"is_trial":false,"path_per_floor":["M","M","M","?","$","R","E","R","T","E","$","E","R","E","R","B",null,"M","?","?","M","?","R","E","R","T","R","E","M","$","M","R","B"],"character_chosen":"THE_SILENT","items_purchased":["Fruit Juice","Footwork","Deflect","PiercingWail","TwistedFunnel"],"campfire_rested":2,"item_purchase_floors":[5,11,30,30,30],"current_hp_per_floor":[48,48,48,48,48,48,14,33,33,14,14,16,16,10,10,18,62,41,41,19,1,81,81,45,45,45,45,20,4,4,2,29,0,0],"gold":26,"neow_bonus":"BOSS_RELIC","is_prod":false,"is_daily":false,"chose_seed":false,"campfire_upgraded":6,"win_rate":0,"timestamp":1607605277,"path_taken":["M","M","M","?","$","R","E","R","T","E","$","E","R","E","R","BOSS","M","?","?","M","?","R","E","R","T","R","E","?","$","M","R","BOSS"],"build_version":"2020-11-30","purchased_purges":1,"victory":false,"max_hp_per_floor":[66,66,66,66,66,66,66,66,66,66,66,66,66,66,66,76,76,76,76,81,81,81,81,91,91,91,91,91,91,91,91,91,91,91],"relic_stats":{"Blood Vial":20,"Nunchaku":[3],"Torii":24,"counters":[15,83],"Blue Candle":[7],"PreservedInsect":160,"Cursed Key":1,"obtain_stats":[{"TwistedFunnel":30,"Pear":24,"Torii":12,"SacredBark":0,"Blue Candle":14,"PreservedInsect":7,"Cursed Key":17,"Akabeko":10,"Blood Vial":9,"Nunchaku":26,"Matryoshka":19,"Bag of Marbles":28,"Bottled Lightning":26,"Ring of the Snake":0},{"TwistedFunnel":13,"Pear":11,"Torii":6,"SacredBark":0,"Blue Candle":7,"PreservedInsect":4,"Cursed Key":8,"Akabeko":5,"Blood Vial":4,"Nunchaku":11,"Matryoshka":9,"Bag of Marbles":12,"Bottled Lightning":11,"Ring of the Snake":0},{"TwistedFunnel":69,"Pear":58,"Torii":31,"SacredBark":0,"Blue Candle":34,"PreservedInsect":22,"Cursed Key":43,"Akabeko":26,"Blood Vial":22,"Nunchaku":58,"Matryoshka":48,"Bag of Marbles":63,"Bottled Lightning":58,"Ring of the Snake":0}]},"card_choices":[{"not_picked":["Blade Dance","Accuracy"],"picked":"Well Laid Plans","floor":1.0},{"not_picked":["Concentrate","Sucker Punch"],"picked":"Dagger Throw","floor":2.0},{"not_picked":["Accuracy","Calculated Gamble"],"picked":"Dagger Spray","floor":3.0},{"not_picked":["Blade Dance","Setup"],"picked":"Eviscerate","floor":7.0},{"not_picked":["Dagger Throw","Storm of Steel"],"picked":"Deadly Poison","floor":10.0},{"not_picked":["Choke","Dodge and Roll"],"picked":"Noxious Fumes","floor":12.0},{"not_picked":["Storm of Steel","Flying Knee","Flechettes"],"picked":"SKIP","floor":14.0},{"not_picked":["Corpse Explosion","Burst"],"picked":"Venomology","floor":16.0},{"not_picked":["Dodge and Roll","Poisoned Stab"],"picked":"Footwork","floor":18.0},{"not_picked":["Masterful Stab","Flying Knee"],"picked":"PiercingWail","floor":21.0},{"not_picked":["Caltrops","Underhanded Strike"],"picked":"PiercingWail","floor":24.0},{"not_picked":["Well Laid Plans+1","Poisoned Stab"],"picked":"Deadly Poison","floor":28.0},{"not_picked":["Prepared+1","Acrobatics"],"picked":"Malaise","floor":29.0},{"not_picked":["Reflex","Expertise","Concentrate"],"picked":"SKIP","floor":31.0}],"player_experience":799019,"relics_obtained":[{"floor":7.0,"key":"PreservedInsect"},{"floor":9.0,"key":"Blood Vial"},{"floor":10.0,"key":"Akabeko"},{"floor":12.0,"key":"Torii"},{"floor":14.0,"key":"Blue Candle"},{"floor":24.0,"key":"Pear"},{"floor":26.0,"key":"Nunchaku"},{"floor":26.0,"key":"Bottled Lightning"},{"floor":28.0,"key":"Bag of Marbles"}],"event_choices":[{"damage_healed":0.0,"max_hp_gain":0.0,"max_hp_loss":0.0,"gold_gain":0.0,"event_name":"Living Wall","player_choice":"Grow","floor":4.0,"gold_loss":0.0,"damage_taken":0.0,"cards_upgraded":["Neutralize"]},{"damage_healed":0.0,"max_hp_gain":0.0,"max_hp_loss":0.0,"gold_gain":0.0,"event_name":"Addict","player_choice":"Stole Relic","floor":19.0,"gold_loss":0.0,"damage_taken":0.0,"relics_obtained":["Matryoshka"],"cards_obtained":["Shame"]},{"damage_healed":0.0,"max_hp_gain":5.0,"max_hp_loss":0.0,"gold_gain":0.0,"event_name":"Forgotten Altar","player_choice":"Shed Blood","floor":20.0,"gold_loss":0.0,"damage_taken":27.0},{"cards_removed":["Eviscerate"],"damage_healed":80.0,"max_hp_gain":0.0,"max_hp_loss":0.0,"gold_gain":0.0,"event_name":"Bonfire Elementals","player_choice":"Offered Uncommon","floor":22.0,"gold_loss":0.0,"damage_taken":0.0}],"is_beta":false,"boss_relics":[{"not_picked":["Ectoplasm","Runic Pyramid"],"picked":"Cursed Key"}],"items_purged_floors":[30],"is_endless":false,"potions_floor_spawned":[1,3,10,12,18,24,29],"killed_by":"Collector","ascension_level":20}}