{"host":"gc6vr5n3q8f0hswe","time":1607616008,"event":{"gold_per_floor":[363,363,11,34,54,54,82,96,148,148,148,4,27,2,2,97,97,115,128,138,238,253,253,267,295,342,342,342,342,362,376,376,475,475,487,487,487,487,487,487,518,518,597,597,624,653,665,679,679,780,780,790,810,616,616,616,635,635,362,362,461,461,473,29,53,53,68,94,83,83,83,62,79,79,79,85,15,103,769,771,782,782,788,788,793,793,806,830,830,767,767,128,141,141,236,236,245,245,250,262,1261,1261,1211,1213,1264,1277,1277,1499,1499,1510,1510,1581,1581,1581,1189,1203,1154],"floor_reached":118,"playtime":2617,"items_purged":["Strike_MRS","Strike_MRS","Hallownest:curseDreamersLament","Strike_MRS","Normality","Normality","Writhe"],"score":4665,"play_id":"54ad123f-d55c-4644-b171-47cf28d3e454","local_time":"20201210160008","is_ascension_mode":true,"campfire_choices":[{"data":"PulseMagic","floor":6.0,"key":"SMITH"},{"data":"Gensokyo:MarisaTwilightSpark","floor":15.0,"key":"SMITH"},{"floor":23.0,"key":"REST"},{"floor":27.0,"key":"REST"},{"floor":29.0,"key":"REST"},{"floor":32.0,"key":"DIG"},{"data":"EarthLightRay","floor":40.0,"key":"SMITH"},{"data":"GalacticHalo","floor":42.0,"key":"SMITH"},{"data":"MagicChant","floor":49.0,"key":"SMITH"},{"data":"UltimateShortwave","floor":56.0,"key":"SMITH"},{"floor":58.0,"key":"REST"},{"floor":70,"key":"RECALL"},{"data":"EnergyFlow","floor":86,"key":"SMITH"},{"data":"UpSweep","floor":94,"key":"SMITH"},{"data":"TreasureHunter","floor":102,"key":"SMITH"},{"floor":111,"key":"REST"},{"floor":114,"key":"REST"}],"neow_cost":"TEN_PERCENT_HP_LOSS","seed_source_timestamp":128754022256000,"circlet_count":0,"master_deck":["Defend_MRS","Defend_MRS","Defend_MRS","Defend_MRS","MasterSpark","UpSweep+1","MagicAbsorber+1","EnergyRecoil+1","SprinkleStarSeal","PulseMagic+1","ChargingUp+1","Gensokyo:MarisaTwilightSpark+1","EscapeVelocity","MagicChant+1","EarthLightRay+1","infinitespire:FutureSight+1","hubris:Rewind","GalacticHalo+1","GalacticHalo+1","ManaRampage","GalacticHalo+1","UltimateShortwave+1","EnergyFlow+1","OortCloud+1","infinitespire:Collect+1","EnergyFlow+1","ChargingUp+1","TreasureHunter+1","AsteroidBelt+1"],"special_seed":0,"relics":["MiniHakkero","LetterFromLob","ReplayTheSpireMod:Lightbulb","vexMod:BarristanHead","Pen Nib","Juzu Bracelet","Toolbox","aspiration:HiddenCompartment","hubris:ScarierMask","wanderingMiniBosses:CarrionFlame","Replay:Mystery Machine","Replay:Wanted Poster","Bag of Preparation","War Paint","Smiling Mask","infinitespire:Cupcake","Hallownest:HeavyBlowRelic","Hallownest:BeastSealRelic","Strawberry","Iron Hammer","hubris:HollowSoul","Thread and Needle","Gambling Chip","vexMod:FocusSash","hubris:RunicObelisk","paleoftheancients:Timepiece","paleoftheancients:KeyRelic","Gremlin Horn","Strange Spoon","Toxic Egg 2","Vajra","hubris:Backtick","hubris:Zylophone","infinitespire:Joker Card","ClockworkSouvenir","Replay:Baseball","aspiration:ChemicalBlood","Matryoshka","hubris:Icosahedron","Hallownest:DreamNailRelic","Hallownest:StagBellRelic1","Replay:Grab Bag","Philosopher\u0027s Stone","vexMod:RockOfEvil","vexMod:ImprovementManual","Black Star","Hallownest:NailmastersGloryRelic","Nunchaku","HollowMod:PaleOreRelic","Ancient Tea Set","hubris:DeckOfHolding","Red Mask","Unceasing Top","Happy Flower","vexMod:TimeEaterHat","vexMod:BigBerry","Dream Catcher","Simple Rune","infinitespire:Lucky Rock","Replay:PocketPolymizer","PreservedInsect","conspire:Boomerang","hubris:Stopwatch","aspiration:StickyExplosives_weak","Onion Ring","vexMod:CardConverter","hubris:TenFootPole"],"potions_floor_usage":[61,117,117,117,117,117,117,117,117,117],"damage_taken":[{"damage":6.0,"enemies":"Gensokyo:Gryphon","floor":1.0,"turns":4.0},{"damage":9.0,"enemies":"Gensokyo:3_Fairies","floor":2.0,"turns":5.0},{"damage":4.0,"enemies":"Gensokyo:2_Kodama","floor":5.0,"turns":5.0},{"damage":10.0,"enemies":"Gensokyo:Mamizou","floor":7.0,"turns":10.0},{"damage":3.0,"enemies":"Gensokyo:Kitsune","floor":8.0,"turns":4.0},{"damage":35.0,"enemies":"Gensokyo:Reimu","floor":16.0,"turns":8.0},{"damage":33.0,"enemies":"3 Byrds","floor":18.0,"turns":8.0},{"damage":6.0,"enemies":"Shell Parasite","floor":19.0,"turns":4.0},{"damage":13.0,"enemies":"3 Cultists","floor":20.0,"turns":5.0},{"damage":4.0,"enemies":"Snake Plant","floor":22.0,"turns":2.0},{"damage":1.0,"enemies":"Centurion and Healer","floor":24.0,"turns":2.0},{"damage":34.0,"enemies":"Book of Stabbing","floor":25.0,"turns":5.0},{"damage":0.0,"enemies":"Cultist and Chosen","floor":30.0,"turns":1.0},{"damage":0.0,"enemies":"3 Cultists","floor":31.0,"turns":2.0},{"damage":13.0,"enemies":"conspire:MysteriousRune","floor":33.0,"turns":4.0},{"damage":0.0,"enemies":"Hallownest:Shield_Heavy","floor":35.0,"turns":1.0},{"damage":16.0,"enemies":"Hallownest:eliteHiveKnight","floor":41.0,"turns":3.0},{"damage":22.0,"enemies":"Nightmare","floor":46.0,"turns":3.0},{"damage":0.0,"enemies":"Hallownest:2_Littles","floor":47.0,"turns":1.0},{"damage":3.0,"enemies":"Hallownest:2_Wing_and_1_Kings","floor":48.0,"turns":1.0},{"damage":1.0,"enemies":"Hallownest:Radiance","floor":50.0,"turns":5.0},{"damage":0.0,"enemies":"Hallownest:Radiance","floor":52.0,"turns":3.0},{"damage":9.0,"enemies":"Hallownest:Radiance","floor":53.0,"turns":6.0},{"damage":0.0,"enemies":"Hallownest:Radiance","floor":57.0,"turns":5.0},{"damage":23,"enemies":"paleoftheancients:N","floor":61,"turns":6},{"damage":1,"enemies":"Hallownest:2_Tiktiks_and_1_Crawlid","floor":63,"turns":1},{"damage":3,"enemies":"Hallownest:eliteCrystalGuardian","floor":65,"turns":1},{"damage":2,"enemies":"Hallownest:monsterHuskWarrior","floor":67,"turns":1},{"damage":0,"enemies":"Hallownest:eliteVengeflyKing","floor":68,"turns":1},{"damage":0,"enemies":"Hallownest:monsterMarmu","floor":69,"turns":2},{"damage":0,"enemies":"Hallownest:monsterHuskGuard","floor":72,"turns":4},{"damage":1,"enemies":"Hallownest:eliteMossKnight","floor":73,"turns":2},{"damage":4,"enemies":"Hallownest:2_Tiktiks_1_Baldur_1_Crawlid","floor":76,"turns":2},{"damage":0,"enemies":"Hallownest:BossBrokenVessel","floor":78,"turns":2},{"damage":0,"enemies":"Hallownest:3_Youths","floor":80,"turns":2},{"damage":0,"enemies":"Hallownest:2_Mistakes","floor":81,"turns":1},{"damage":0,"enemies":"Hallownest:3_Mistakes","floor":83,"turns":1},{"damage":0,"enemies":"Hallownest:Nosk","floor":85,"turns":4},{"damage":0,"enemies":"Hallownest:monsterShrumalOgre","floor":87,"turns":1},{"damage":0,"enemies":"Hallownest:eliteWatcherKnight","floor":90,"turns":7},{"damage":0,"enemies":"Hallownest:Glutton_and_Coward","floor":93,"turns":1},{"damage":0,"enemies":"Hallownest:BossGrimm","floor":95,"turns":1},{"damage":0,"enemies":"3 Shapes","floor":97,"turns":1},{"damage":0,"enemies":"3 Darklings","floor":99,"turns":1},{"damage":0,"enemies":"Sphere and 2 Shapes","floor":100,"turns":1},{"damage":0,"enemies":"Spire Growth","floor":104,"turns":1},{"damage":78,"enemies":"HollowMod:StalkingDevout","floor":106,"turns":5},{"damage":0,"enemies":"Maw","floor":110,"turns":1},{"damage":88,"enemies":"Awakened One","floor":112,"turns":5},{"damage":0,"enemies":"Shield and Spear","floor":116,"turns":2},{"damage":49,"enemies":"The Heart","floor":117,"turns":3}],"seed_played":"-4103544212080527140","potions_obtained":[{"floor":5.0,"key":"Languid Potion"},{"floor":8.0,"key":"Fire Potion"},{"floor":19.0,"key":"SkillPotion"},{"floor":20.0,"key":"SkillPotion"},{"floor":30.0,"key":"AttackPotion"},{"floor":31.0,"key":"LiquidMemories"},{"floor":41.0,"key":"Strength Potion"},{"floor":46.0,"key":"Dexterity Potion"},{"floor":57.0,"key":"LiquidMemories"},{"floor":72,"key":"Adrenaline Potion"},{"floor":78,"key":"DuplicationPotion"},{"floor":106,"key":"SmokeBomb"},{"floor":112,"key":"Strength Potion"},{"floor":112,"key":"PowerPotion"},{"floor":117,"key":"ColorlessPotion"}],"is_trial":false,"path_per_floor":["M","M","$","T","M","R","E","M","T","?","?","$","T","?","R","B",null,"M","M","M","AVR","M","R","M","E","T","R","?","R","M","M","R","B",null,"M","?","?","?","?","R","E","R","T","AVR","?","NM","M","M","R","B",null,"M","M","$","T","R","M","R","$","?","B",null,"M","$","?","?","M","E","?","R","T","M","E","?","?","M","R","B",null,"M","M","?","M","?","E","R","M","T","?","E","?","$","M","R","B",null,"M","?","M","M","?","R","$","M","T","E","AVR","?","?","M","R","B",null,"R","$","E","B",null],"character_chosen":"MARISA","items_purchased":["SprinkleStarSeal","ReplayTheSpireMod:Lightbulb","Toolbox","Strange Spoon","EnergyFlow","Vajra","infinitespire:Joker Card","ClockworkSouvenir","Unceasing Top","Happy Flower","vexMod:TimeEaterHat","ChargingUp+1","aspiration:StickyExplosives_weak","Fruit Juice"],"campfire_rested":6,"item_purchase_floors":[3,3,12,54,59,59,64,64,92,92,92,92,115,115],"current_hp_per_floor":[62,53,53,53,49,49,39,36,36,36,36,36,36,42,42,7,57,24,18,11,11,11,33,36,8,8,30,30,52,52,56,56,51,68,68,68,68,68,68,68,65,65,65,65,65,55,61,58,58,63,77,81,72,72,72,72,40,64,64,64,47,73,72,72,69,79,77,77,83,83,83,91,90,90,90,87,87,91,91,91,91,91,91,91,91,91,91,91,91,91,91,91,91,91,91,121,121,121,121,121,121,121,121,121,121,43,43,43,43,45,81,1,91,121,121,121,63],"gold":1154,"neow_bonus":"TWO_FIFTY_GOLD","is_prod":false,"is_daily":false,"chose_seed":false,"campfire_upgraded":9,"win_rate":0,"timestamp":1607616008,"path_taken":["M","M","$","?","M","R","E","M","T","?","?","$","?","?","R","BOSS","M","M","M","AVR","M","R","M","E","T","R","?","R","M","M","R","BOSS","M","?","?","?","?","R","E","R","T","AVR","?","NM","M","M","R","BOSS","M","M","?","T","R","M","R","$","?","BOSS","M","?","?","?","M","E","?","R","T","M","E","?","?","M","R","BOSS","M","M","?","M","?","E","R","M","T","?","E","?","$","M","R","BOSS","M","?","M","M","?","R","$","M","T","E","AVR","?","?","M","R","BOSS","R","$","E","BOSS"],"build_version":"2020-11-30","purchased_purges":7,"victory":true,"max_hp_per_floor":[68,68,68,68,68,68,68,68,68,68,68,68,68,74,74,74,74,74,74,74,74,74,74,74,74,74,74,74,74,74,74,74,74,74,74,74,74,74,74,74,81,81,81,81,81,81,81,81,81,81,81,81,81,81,81,81,81,81,81,81,81,81,81,81,81,91,91,91,91,91,91,91,91,91,91,91,91,91,91,91,91,91,91,91,91,91,91,91,91,91,91,91,91,91,91,121,121,121,121,121,121,121,121,121,121,121,121,121,121,121,121,121,121,121,121,121,126],"relic_stats":{"Gremlin Horn":[11,11],"Happy Flower":[9],"counters":[51,165],"Pen Nib":[15],"PreservedInsect":102,"Juzu Bracelet":5,"Bag of Preparation":[50],"War Paint":["GalacticHalo","Defend_MRS"],"Smiling Mask":350,"Strange Spoon":[68],"Nunchaku":[2],"Dream Catcher":2,"Gambling Chip":[155],"Black Star":4,"obtain_stats":[{"Gremlin Horn":51,"Vajra":59,"Hallownest:HeavyBlowRelic":36,"vexMod:RockOfEvil":79,"Replay:Wanted Poster":21,"vexMod:CardConverter":116,"Strawberry":41,"Philosopher\u0027s Stone":79,"hubris:DeckOfHolding":90,"Iron Hammer":43,"HollowMod:PaleOreRelic":88,"Toxic Egg 2":55,"paleoftheancients:KeyRelic":51,"Happy Flower":92,"Replay:Grab Bag":79,"vexMod:TimeEaterHat":92,"Pen Nib":7,"hubris:HollowSoul":44,"conspire:Boomerang":112,"War Paint":26,"aspiration:HiddenCompartment":13,"paleoftheancients:Timepiece":51,"hubris:Zylophone":62,"Replay:Baseball":65,"Simple Rune":106,"Onion Ring":116,"Black Star":79,"hubris:TenFootPole":116,"MiniHakkero":0,"vexMod:ImprovementManual":79,"Unceasing Top":92,"infinitespire:Cupcake":34,"vexMod:BigBerry":96,"Hallownest:StagBellRelic1":77,"Replay:PocketPolymizer":106,"Juzu Bracelet":9,"Bag of Preparation":25,"Hallownest:DreamNailRelic":75,"Replay:Mystery Machine":21,"hubris:RunicObelisk":51,"Smiling Mask":32,"Ancient Tea Set":90,"ClockworkSouvenir":64,"aspiration:StickyExplosives_weak":115,"Nunchaku":85,"Dream Catcher":105,"hubris:Backtick":62,"Matryoshka":71,"hubris:Icosahedron":74,"Gambling Chip":45,"hubris:Stopwatch":113,"Toolbox":12,"hubris:ScarierMask":17,"Red Mask":91,"Hallownest:BeastSealRelic":38,"aspiration:ChemicalBlood":68,"vexMod:BerryBomb":14,"Thread and Needle":44,"infinitespire:Joker Card":64,"PreservedInsect":107,"vexMod:FocusSash":46,"infinitespire:Lucky Rock":106,"Hallownest:NailmastersGloryRelic":84,"Strange Spoon":54,"vexMod:BarristanHead":4,"wanderingMiniBosses:CarrionFlame":20,"LetterFromLob":1,"ReplayTheSpireMod:Lightbulb":3},{"Gremlin Horn":21,"Vajra":24,"Hallownest:HeavyBlowRelic":16,"vexMod:RockOfEvil":34,"Replay:Wanted Poster":9,"vexMod:CardConverter":50,"Strawberry":17,"Philosopher\u0027s Stone":34,"hubris:DeckOfHolding":40,"Iron Hammer":17,"HollowMod:PaleOreRelic":39,"Toxic Egg 2":23,"paleoftheancients:KeyRelic":21,"Happy Flower":40,"Replay:Grab Bag":34,"vexMod:TimeEaterHat":40,"Pen Nib":4,"hubris:HollowSoul":17,"conspire:Boomerang":49,"War Paint":12,"aspiration:HiddenCompartment":5,"paleoftheancients:Timepiece":21,"hubris:Zylophone":25,"Replay:Baseball":27,"Simple Rune":47,"Onion Ring":50,"Black Star":34,"hubris:TenFootPole":50,"MiniHakkero":0,"vexMod:ImprovementManual":34,"Unceasing Top":40,"infinitespire:Cupcake":15,"vexMod:BigBerry":42,"Hallownest:StagBellRelic1":33,"Replay:PocketPolymizer":47,"Juzu Bracelet":5,"Bag of Preparation":12,"Hallownest:DreamNailRelic":32,"Replay:Mystery Machine":9,"hubris:RunicObelisk":21,"Smiling Mask":14,"Ancient Tea Set":40,"ClockworkSouvenir":26,"aspiration:StickyExplosives_weak":49,"Nunchaku":38,"Dream Catcher":46,"hubris:Backtick":25,"Matryoshka":30,"hubris:Icosahedron":32,"Gambling Chip":17,"hubris:Stopwatch":49,"Toolbox":5,"hubris:ScarierMask":6,"Red Mask":40,"Hallownest:BeastSealRelic":16,"aspiration:ChemicalBlood":29,"vexMod:BerryBomb":5,"Thread and Needle":17,"infinitespire:Joker Card":26,"PreservedInsect":47,"vexMod:FocusSash":18,"infinitespire:Lucky Rock":47,"Hallownest:NailmastersGloryRelic":37,"Strange Spoon":23,"vexMod:BarristanHead":2,"wanderingMiniBosses:CarrionFlame":9,"LetterFromLob":1,"ReplayTheSpireMod:Lightbulb":2},{"Gremlin Horn":83,"Vajra":100,"Hallownest:HeavyBlowRelic":70,"vexMod:RockOfEvil":122,"Replay:Wanted Poster":53,"vexMod:CardConverter":157,"Strawberry":73,"Philosopher\u0027s Stone":122,"hubris:DeckOfHolding":138,"Iron Hammer":73,"HollowMod:PaleOreRelic":131,"Toxic Egg 2":92,"paleoftheancients:KeyRelic":83,"Happy Flower":138,"Replay:Grab Bag":122,"vexMod:TimeEaterHat":138,"Pen Nib":24,"hubris:HollowSoul":73,"conspire:Boomerang":155,"War Paint":62,"aspiration:HiddenCompartment":28,"paleoftheancients:Timepiece":83,"hubris:Zylophone":106,"Replay:Baseball":108,"Simple Rune":149,"Onion Ring":157,"Black Star":122,"hubris:TenFootPole":157,"MiniHakkero":0,"vexMod:ImprovementManual":122,"Unceasing Top":138,"infinitespire:Cupcake":69,"vexMod:BigBerry":140,"Hallownest:StagBellRelic1":120,"Replay:PocketPolymizer":149,"Juzu Bracelet":28,"Bag of Preparation":62,"Hallownest:DreamNailRelic":118,"Replay:Mystery Machine":53,"hubris:RunicObelisk":83,"Smiling Mask":65,"Ancient Tea Set":138,"ClockworkSouvenir":107,"aspiration:StickyExplosives_weak":155,"Nunchaku":130,"Dream Catcher":144,"hubris:Backtick":106,"Matryoshka":112,"hubris:Icosahedron":118,"Gambling Chip":73,"hubris:Stopwatch":155,"Toolbox":28,"hubris:ScarierMask":36,"Red Mask":138,"Hallownest:BeastSealRelic":70,"aspiration:ChemicalBlood":110,"vexMod:BerryBomb":28,"Thread and Needle":73,"infinitespire:Joker Card":107,"PreservedInsect":149,"vexMod:FocusSash":76,"infinitespire:Lucky Rock":149,"Hallownest:NailmastersGloryRelic":126,"Strange Spoon":92,"vexMod:BarristanHead":9,"wanderingMiniBosses:CarrionFlame":53,"LetterFromLob":4,"ReplayTheSpireMod:Lightbulb":9}],"Unceasing Top":[3]},"card_choices":[{"not_picked":["GravityBeat","Singularity"],"picked":"MagicAbsorber","floor":1.0},{"not_picked":["WitchLeyline","GrandCross"],"picked":"EnergyRecoil","floor":2.0},{"not_picked":["WitchLeyline","IllusionStar"],"picked":"PulseMagic","floor":5.0},{"not_picked":["AsteroidBelt","MagicAbsorber"],"picked":"ChargingUp","floor":7.0},{"not_picked":["MagicChant","PowerUp"],"picked":"DoubleSpark","floor":8.0},{"not_picked":["AbsoluteMagnitude","BlazingStar"],"picked":"EscapeVelocity","floor":16.0},{"not_picked":["SporeBomb","OneTimeOff+1"],"picked":"MagicChant","floor":18.0},{"not_picked":["MilkyWay+1","MysteriousBeam"],"picked":"EarthLightRay","floor":19.0},{"not_picked":["DarkMatter","6A","MysteriousBeam"],"picked":"SKIP","floor":20.0},{"not_picked":["DeepEcoloBomb","WitchOfGreed+1","DoubleSpark"],"picked":"SKIP","floor":22.0},{"not_picked":["DeepEcoloBomb","MagicAbsorber","LuminesStrike+1"],"picked":"SKIP","floor":24.0},{"not_picked":["MysteriousBeam+1","Singularity"],"picked":"GalacticHalo","floor":25.0},{"not_picked":["EventHorizon","MysteriousBeam","LuminesStrike+1"],"picked":"SKIP","floor":30.0},{"not_picked":["MilkyWay","WitchLeyline"],"picked":"GalacticHalo","floor":31.0},{"not_picked":["AbsoluteMagnitude","BinaryStars"],"picked":"ManaRampage","floor":33.0},{"not_picked":["NonDirectionalLaser+1","RefractionSpark","EventHorizon"],"picked":"SKIP","floor":35.0},{"not_picked":["CasketOfStar","DeepEcoloBomb","UnstableBomb+1"],"picked":"SKIP","floor":41.0},{"not_picked":["SuperPerseids","PowerUp+1"],"picked":"GalacticHalo+1","floor":45.0},{"not_picked":["EscapeVelocity","6A+1","DoubleSpark+1"],"picked":"SKIP","floor":46.0},{"not_picked":["ManaConvection","WitchLeyline","GravityBeat+1"],"picked":"SKIP","floor":47.0},{"not_picked":["GravityBeat+1","IllusionStar","MachineGunSpark+1"],"picked":"SKIP","floor":48.0},{"not_picked":["TreasureHunter","StarDustReverie"],"picked":"UltimateShortwave","floor":50.0},{"not_picked":["ShootTheMoon+1","AlicesGift+1","Acceleration"],"picked":"SKIP","floor":52.0},{"not_picked":["RefractionSpark","UnstableBomb","SuperPerseids"],"picked":"SKIP","floor":53.0},{"not_picked":["AsteroidBelt+1","EventHorizon","Acceleration+1"],"picked":"SKIP","floor":57.0},{"not_picked":["ShootingEcho","WitchOfGreed"],"picked":"OortCloud","floor":63},{"not_picked":["OrrerysSun","WitchLeyline","Acceleration+1"],"picked":"SKIP","floor":65},{"not_picked":["GasGiant+1","Singularity","ShootingEcho"],"picked":"SKIP","floor":67},{"not_picked":["GasGiant+1","MillisecondPulsars","MysteriousBeam"],"picked":"SKIP","floor":68},{"not_picked":["DC","DoubleSpark","NonDirectionalLaser"],"picked":"SKIP","floor":72},{"not_picked":["DarkMatter+1","Singularity","GalacticHalo+1"],"picked":"SKIP","floor":73},{"not_picked":["MilkyWay+1","SporeBomb+1","OneTimeOff+1"],"picked":"SKIP","floor":76},{"not_picked":["ReplayTheSpireMod:Echoes of Time","infinitespire:Execution"],"picked":"infinitespire:Collect","floor":79},{"not_picked":["Robbery+1","Orbital+1","GrandCross+1"],"picked":"SKIP","floor":80},{"not_picked":["OpenUniverse+1","Occultation+1"],"picked":"EnergyFlow","floor":81},{"not_picked":["6A","WitchOfGreed","WitchLeyline"],"picked":"SKIP","floor":83},{"not_picked":["BinaryStars+1","MachineGunSpark","WitchOfGreed+1"],"picked":"SKIP","floor":85},{"not_picked":["FairyDestructionRay","DC","MeteoricShower"],"picked":"SKIP","floor":87},{"not_picked":["EscapeVelocity","GalacticHalo+1","DoubleSpark+1"],"picked":"SKIP","floor":90},{"not_picked":["DeepEcoloBomb","MeteoricShower","DarkMatter+1"],"picked":"SKIP","floor":93},{"not_picked":["EscapeVelocity","ManaRampage+1"],"picked":"TreasureHunter","floor":95},{"not_picked":["Robbery","NonDirectionalLaser","GrandCross+1"],"picked":"SKIP","floor":97},{"not_picked":["EnergyRecoil+1","SporeBomb+1","UnstableBomb"],"picked":"SKIP","floor":99},{"not_picked":["SporeBomb+1","MaximisePower+1"],"picked":"AsteroidBelt+1","floor":100},{"not_picked":["SporeBomb+1","ChargingUp+1","WitchOfGreed"],"picked":"SKIP","floor":104},{"not_picked":["EventHorizon","ChargeUpSpray+1","WitchLeyline+1"],"picked":"SKIP","floor":106},{"not_picked":["DoubleSpark+1","WitchLeyline+1","MysteriousBeam"],"picked":"SKIP","floor":110},{"not_picked":["OrrerysSun+1","NonDirectionalLaser","WitchLeyline+1"],"picked":"SKIP","floor":116}],"player_experience":453069,"relics_obtained":[{"floor":1.0,"key":"LetterFromLob"},{"floor":4.0,"key":"vexMod:BarristanHead"},{"floor":7.0,"key":"Pen Nib"},{"floor":9.0,"key":"Juzu Bracelet"},{"floor":13.0,"key":"aspiration:HiddenCompartment"},{"floor":20.0,"key":"wanderingMiniBosses:CarrionFlame"},{"floor":25.0,"key":"Bag of Preparation"},{"floor":26.0,"key":"War Paint"},{"floor":32.0,"key":"Smiling Mask"},{"floor":41.0,"key":"Strawberry"},{"floor":43.0,"key":"Iron Hammer"},{"floor":45.0,"key":"Gambling Chip"},{"floor":46.0,"key":"vexMod:FocusSash"},{"floor":55.0,"key":"Toxic Egg 2"},{"floor":65,"key":"Replay:Baseball"},{"floor":68,"key":"aspiration:ChemicalBlood"},{"floor":71,"key":"Matryoshka"},{"floor":85,"key":"Nunchaku"},{"floor":88,"key":"HollowMod:PaleOreRelic"},{"floor":90,"key":"Ancient Tea Set"},{"floor":90,"key":"hubris:DeckOfHolding"},{"floor":105,"key":"Dream Catcher"},{"floor":106,"key":"Simple Rune"},{"floor":106,"key":"infinitespire:Lucky Rock"},{"floor":106,"key":"Replay:PocketPolymizer"},{"floor":112,"key":"conspire:Boomerang"},{"floor":116,"key":"Onion Ring"},{"floor":116,"key":"vexMod:CardConverter"},{"floor":116,"key":"hubris:TenFootPole"}],"event_choices":[{"cards_removed":["Strike_MRS"],"damage_healed":0.0,"max_hp_gain":0.0,"max_hp_loss":0.0,"gold_gain":0.0,"event_name":"Purifier","player_choice":"Purged","floor":28.0,"gold_loss":0.0,"damage_taken":0.0},{"damage_healed":0.0,"max_hp_gain":0.0,"max_hp_loss":0.0,"gold_gain":0.0,"event_name":"conspire:Investor","player_choice":"Leave","floor":37.0,"gold_loss":0.0,"damage_taken":0.0},{"damage_healed":30,"gold_gain":0,"player_choice":"Writhe","damage_taken":0,"max_hp_gain":0,"max_hp_loss":0,"event_name":"Winding Halls","floor":98,"gold_loss":0,"cards_obtained":["Writhe"]},{"damage_healed":0,"gold_gain":999,"player_choice":"Gold","damage_taken":0,"max_hp_gain":0,"max_hp_loss":0,"event_name":"MindBloom","floor":101,"gold_loss":0,"cards_obtained":["Normality","Normality"]},{"damage_healed":0,"gold_gain":222,"player_choice":"Wore Mask","damage_taken":0,"max_hp_gain":0,"max_hp_loss":0,"event_name":"Tomb of Lord Red Mask","floor":108,"gold_loss":0},{"damage_healed":0,"gold_gain":0,"player_choice":"0 cards matched","damage_taken":0,"max_hp_gain":0,"max_hp_loss":0,"event_name":"Match and Keep!","floor":109,"gold_loss":0,"cards_obtained":[]}],"is_beta":false,"boss_relics":[{"not_picked":["Replay:Drink Me","Abe\u0027s Treasure"],"picked":"hubris:ScarierMask"},{"not_picked":["aspiration:FutureDiary","Velvet Choker"],"picked":"infinitespire:Cupcake"},{"not_picked":["ExperimentalFamiliar","RampagingMagicTools"],"picked":"hubris:RunicObelisk"},{"not_picked":["vexMod:MysteryBossChallenge","Tiny House"],"picked":"hubris:Backtick"},{"not_picked":["aspiration:SecretTechniqueScroll","aspiration:RunicSpoon"],"picked":"Replay:Grab Bag"},{"not_picked":["Painkiller Herb","ReplayTheSpireMod:Onyx Gauntlets"],"picked":"Philosopher\u0027s Stone"},{"not_picked":["Fusion Hammer","conspire:SeveredTorchhead"],"picked":"vexMod:RockOfEvil"},{"not_picked":["hubris:BlackHole","Snecko Eye"],"picked":"vexMod:ImprovementManual"},{"not_picked":["Empty Cage","aspiration:SilentSkillbook"],"picked":"Black Star"},{"not_picked":["Replay:Ancient Bell","Kintsugi"],"picked":"vexMod:BigBerry"},{"not_picked":["Sozu","ChewingGum"],"picked":"hubris:Stopwatch"}],"items_purged_floors":[3,21,54,59,103,107,115],"is_endless":true,"potions_floor_spawned":[5,8,19,20,30,31,41,46,48,53,57,72,73,78,81,87,95,110,112],"ascension_level":6}}