{"host":"981nlwu0905dw1bz","time":1607624481,"event":{"mods":["BaseMod","Minty Spire (QoL Compilation)","Rare Cards Sparkle","SuperFastMode","DeckTracker"],"gold_per_floor":[365,384,48,48,68,68,95,113,136,136,136],"floor_reached":10,"playtime":265,"items_purged":["Shame"],"score":99,"play_id":"64492a5d-6f9a-40a7-b3a9-049e784fdf26","local_time":"20201211032121","is_ascension_mode":true,"campfire_choices":[{"floor":6,"key":"REST"}],"circlet_count":0,"master_deck":["Strike_B","Strike_B","Strike_B","Strike_B","Defend_B","Defend_B","Defend_B","Defend_B","Zap","Dualcast","Defragment","Go for the Eyes","Gash","Melter","Sweeping Beam","Ball Lightning","Seek"],"relics":["Cracked Core","Medical Kit","Bag of Marbles","Art of War","Orichalcum"],"acts_visited":["Exordium"],"potions_floor_usage":[10,10],"damage_taken":[{"damage":11,"enemies":"Jaw Worm","floor":1,"turns":3},{"damage":8,"enemies":"Cultist","floor":2,"turns":4},{"damage":5,"enemies":"Small Slimes","floor":5,"turns":3},{"damage":27,"enemies":"3 Sentries","floor":7,"turns":6},{"damage":26,"enemies":"Exordium Thugs","floor":8,"turns":4},{"damage":15,"enemies":"Lagavulin","floor":10,"turns":3}],"seed_played":"4619110902370050906","potions_obtained":[{"floor":1,"key":"Weak Potion"},{"floor":7,"key":"GamblersBrew"},{"floor":8,"key":"Weak Potion"}],"is_trial":false,"path_per_floor":["M","M","$","?","M","R","E","M","T","E"],"character_chosen":"DEFECT","items_purchased":["Medical Kit","Gash","Melter"],"campfire_rested":1,"item_purchase_floors":[3,3,3],"current_hp_per_floor":[57,49,49,49,44,66,39,13,13,0,0],"gold":136,"neow_bonus":"TWO_FIFTY_GOLD","is_daily":false,"chose_seed":false,"campfire_upgraded":0,"win_rate":0,"timestamp":1607624481,"path_taken":["M","M","$","?","M","R","E","M","T","E"],"build_version":"2020-11-30","purchased_purges":1,"victory":false,"max_hp_per_floor":[75,75,75,75,75,75,75,75,75,75,75],"card_choices":[{"not_picked":["Rebound","Redo"],"picked":"Defragment","floor":1},{"not_picked":["Auto Shields","Leap"],"picked":"Go for the Eyes","floor":2},{"not_picked":["Hologram","Redo"],"picked":"Sweeping Beam","floor":5},{"not_picked":["Redo","Aggregate"],"picked":"Ball Lightning","floor":7},{"not_picked":["Rebound","Redo"],"picked":"Seek","floor":8}],"player_experience":427980,"relics_obtained":[{"floor":7,"key":"Art of War"},{"floor":9,"key":"Orichalcum"}],"event_choices":[{"damage_healed":0,"gold_gain":0,"player_choice":"Gave Potion","damage_taken":0,"relics_obtained":["Bag of Marbles"],"max_hp_gain":0,"max_hp_loss":0,"event_name":"WeMeetAgain","floor":4,"gold_loss":0}],"is_beta":false,"boss_relics":[],"items_purged_floors":[3],"is_endless":false,"potions_floor_spawned":[1,7,8],"killed_by":"Lagavulin","ascension_level":9}}