{"host":"ygefd14btj4nx1b7","time":1607571640,"event":{"gold_per_floor":[117,192,20,20,20,51,147,164,164,182,15,15,41,88,88,213,213,255,255,295,4,4,69,69,137,162,162,211,217,217],"floor_reached":29,"playtime":1978,"items_purged":["Strike_G"],"score":321,"play_id":"fcd99dbd-0746-4a5d-8b7e-ac158bf0dd9d","local_time":"20201209214040","is_ascension_mode":true,"campfire_choices":[{"data":"Concentrate","floor":12,"key":"SMITH"},{"floor":15,"key":"REST"},{"floor":24,"key":"REST"},{"data":"ReplayTheSpireMod:Scrap Shanks","floor":27,"key":"SMITH"}],"neow_cost":"NONE","seed_source_timestamp":29404917999900,"circlet_count":0,"master_deck":["Hemogenesis+1","Strike_G","Strike_G","Strike_G","Strike_G","Defend_G","Defend_G","Defend_G","Defend_G","Defend_G","Survivor","Neutralize","Outmaneuver","Master of Strategy","Dagger Throw","Reflex","Dagger Throw","Quick Slash","Concentrate+1","Underhanded Strike","ReplayTheSpireMod:Scrap Shanks+1","Prepared","Burst","Prepared","ReplayTheSpireMod:Shiv Toss","hubris:Sniper","Underhanded Strike","Injury","Storm of Steel","Reflex","Backstab+1"],"relics":["Ring of the Snake","NeowsBlessing","hubris:SlimyHat","Gremlin Horn","Replay:Bandana","Ninja Scroll","HoveringKite","Nloth\u0027s Gift","hubris:MedicalManual","Durian","Akabeko"],"potions_floor_usage":[18,28],"damage_taken":[{"damage":0,"enemies":"Jaw Worm","floor":1,"turns":1},{"damage":0,"enemies":"3 Sentries","floor":6,"turns":1},{"damage":0,"enemies":"Cultist","floor":8,"turns":1},{"damage":2,"enemies":"Small Slimes","floor":10,"turns":3},{"damage":30,"enemies":"Lagavulin","floor":14,"turns":7},{"damage":34,"enemies":"Fading Forest","floor":16,"turns":11},{"damage":0,"enemies":"Spheric Guardian","floor":18,"turns":2},{"damage":25,"enemies":"2 Thieves","floor":20,"turns":4},{"damage":28,"enemies":"Slavers","floor":23,"turns":6},{"damage":11,"enemies":"Book of Stabbing","floor":25,"turns":3},{"damage":24,"enemies":"Shelled Parasite and Fungi","floor":28,"turns":3},{"damage":30,"enemies":"Slavers","floor":29,"turns":3}],"seed_played":"4385317468411341128","potions_obtained":[{"floor":1,"key":"Venom Potion"},{"floor":16,"key":"Explosive Potion"},{"floor":20,"key":"Energy Potion"},{"floor":25,"key":"Block Potion"}],"is_trial":false,"path_per_floor":["M","?","$","?","$","E","?","M","T","M","$","R","T","E","R","B",null,"M","?","M","$","?","E","R","E","T","R","M","E"],"character_chosen":"THE_SILENT","items_purchased":["Master of Strategy","ReplayTheSpireMod:Scrap Shanks","hubris:Sniper","Underhanded Strike","Membership Card"],"campfire_rested":2,"item_purchase_floors":[3,11,21,21,21],"current_hp_per_floor":[70,63,63,63,63,63,35,35,35,41,41,41,41,19,40,36,70,70,70,53,53,53,33,54,48,48,48,24,0,0],"gold":217,"neow_bonus":"THREE_ENEMY_KILL","is_prod":false,"is_daily":false,"chose_seed":false,"campfire_upgraded":2,"win_rate":0,"timestamp":1607571640,"path_taken":["M","?","?","?","$","E","?","M","T","?","?","R","?","E","R","BOSS","M","?","M","$","?","E","R","E","T","R","M","E"],"build_version":"2020-11-30","purchased_purges":1,"victory":false,"max_hp_per_floor":[70,70,70,70,70,70,70,70,70,70,70,70,70,70,70,70,70,70,70,70,70,70,70,70,75,75,75,75,75,75],"card_choices":[{"not_picked":["ReplayTheSpireMod:The Works","Cloak And Dagger"],"picked":"Outmaneuver","floor":1},{"not_picked":["Deadly Poison","Hidden Blade"],"picked":"Dagger Throw","floor":6},{"not_picked":["Underhanded Strike","Cloak And Dagger"],"picked":"Reflex","floor":7},{"not_picked":["Catalyst","Prepared"],"picked":"Dagger Throw","floor":7},{"not_picked":["Crippling Poison","Blur"],"picked":"Quick Slash","floor":7},{"not_picked":["Sucker Punch","Poison Darts"],"picked":"Concentrate","floor":8},{"not_picked":["Expertise","Poisoned Stab"],"picked":"Underhanded Strike","floor":10},{"not_picked":["Replay:Poison Smokescreen","PiercingWail"],"picked":"Prepared","floor":14},{"not_picked":["Corpse Explosion","Bullet Time"],"picked":"Burst","floor":16},{"not_picked":["PiercingWail","Deadly Poison"],"picked":"Prepared","floor":18},{"not_picked":["hubris:TrickCloak","Deadly Poison+1","Poisoned Stab"],"picked":"SKIP","floor":20},{"not_picked":["Underhanded Strike","Adrenaline"],"picked":"Storm of Steel","floor":23},{"not_picked":["Outmaneuver","Poison Darts"],"picked":"Reflex","floor":25},{"not_picked":["Deadly Poison","ReplayTheSpireMod:Tripwire"],"picked":"Backstab+1","floor":28}],"player_experience":408627,"relics_obtained":[{"floor":6,"key":"hubris:SlimyHat"},{"floor":9,"key":"Gremlin Horn"},{"floor":13,"key":"Replay:Bandana"},{"floor":14,"key":"Ninja Scroll"},{"floor":23,"key":"hubris:MedicalManual"},{"floor":25,"key":"Durian"},{"floor":26,"key":"Akabeko"}],"event_choices":[{"damage_healed":0,"gold_gain":75,"player_choice":"Touch","damage_taken":7,"max_hp_gain":0,"max_hp_loss":0,"event_name":"FaceTrader","floor":2,"gold_loss":0},{"damage_healed":0,"gold_gain":0,"player_choice":"Read","damage_taken":0,"max_hp_gain":0,"max_hp_loss":0,"event_name":"The Library","floor":19,"gold_loss":0,"cards_obtained":["ReplayTheSpireMod:Shiv Toss"]},{"damage_healed":0,"gold_gain":0,"player_choice":"Traded Relic","damage_taken":0,"relics_obtained":["Nloth\u0027s Gift"],"max_hp_gain":0,"max_hp_loss":0,"event_name":"N\u0027loth","floor":22,"relics_lost":["Membership Card"],"gold_loss":0}],"is_beta":false,"boss_relics":[{"not_picked":["Replay:Bronze Core","Painkiller Herb"],"picked":"HoveringKite"}],"items_purged_floors":[11],"is_endless":false,"potions_floor_spawned":[1,16,20,25],"killed_by":"Slavers","ascension_level":2}}