{"host":"59ckh7bj2z84pzgo","time":1607606164,"event":{"gold_per_floor":[117,135,135,135,151,151,170,189,258,284,12,12,45,45,45,120,120,152,164,164],"floor_reached":19,"playtime":1272,"items_purged":["Strike_R"],"score":354,"play_id":"e8f9f03b-6d28-4fe4-add6-911be7072fd3","local_time":"20201210211604","is_ascension_mode":true,"campfire_choices":[{"data":"Spot Weakness","floor":6.0,"key":"SMITH"},{"data":"Crow Ritual","floor":12.0,"key":"SMITH"},{"floor":15,"key":"REST"}],"neow_cost":"NONE","seed_source_timestamp":24034769410197,"circlet_count":0,"master_deck":["AscendersBane","Strike_R","Strike_R","Strike_R","Strike_R","Defend_R","Defend_R","Defend_R","Bash","Armaments","Iron Wave","Spot Weakness+1","Berserk","Pommel Strike","ReplayTheSpireMod:Strike From Hell","Crow Ritual+1","Pummel","Corruption","testmod-PerfectCombo"],"special_seed":0,"relics":["Burning Blood","REME_ComplimentaryCards","testmod-TestBox","testmod-Prudence","Charon\u0027s Ashes","Replay:Mystery Machine","REME_LowDesire","MawBank","ReplayTheSpireMod:Spearhead"],"potions_floor_usage":[16,16,18,19],"damage_taken":[{"damage":19.0,"enemies":"Small Slimes","floor":1.0,"turns":5.0},{"damage":4.0,"enemies":"Cultist","floor":2.0,"turns":4.0},{"damage":14.0,"enemies":"Jaw Worm","floor":5.0,"turns":4.0},{"damage":2.0,"enemies":"Lots of Slimes","floor":7.0,"turns":3.0},{"damage":11.0,"enemies":"Blue Slaver","floor":8.0,"turns":4.0},{"damage":31.0,"enemies":"Gremlin Nob","floor":10.0,"turns":4.0},{"damage":56,"enemies":"Lagavulin","floor":13,"turns":6},{"damage":29,"enemies":"Hexaghost","floor":16,"turns":8},{"damage":30,"enemies":"Shell Parasite","floor":18,"turns":4},{"damage":41,"enemies":"3 Byrds","floor":19,"turns":6}],"seed_played":"-6191650293810371374","potions_obtained":[{"floor":1.0,"key":"Explosive Potion"},{"floor":5.0,"key":"Fire Potion"},{"floor":14,"key":"Weak Potion"},{"floor":14,"key":"testmod-SpacePotion"},{"floor":16,"key":"ColorlessPotion"},{"floor":18,"key":"SpeedPotion"}],"is_trial":false,"path_per_floor":["M","M","?","?","M","R","M","M","T","E","$","R","E","?","R","B",null,"M","M"],"character_chosen":"IRONCLAD","items_purchased":["Crow Ritual"],"campfire_rested":1,"item_purchase_floors":[11],"current_hp_per_floor":[62,64,64,92,84,84,88,83,83,58,58,58,8,8,35,12,72,48,7,7],"gold":164,"neow_bonus":"TEN_PERCENT_HP_BONUS","is_prod":false,"is_daily":false,"chose_seed":false,"campfire_upgraded":2,"win_rate":0,"timestamp":1607606164,"path_taken":["M","M","?","?","M","R","M","?","T","E","$","R","E","?","R","BOSS","M","M"],"build_version":"2020-11-30","purchased_purges":1,"victory":false,"max_hp_per_floor":[82,82,82,92,92,92,92,92,92,92,92,92,92,92,92,92,92,92,92,92],"card_choices":[{"not_picked":["Anger","Twin Strike"],"picked":"Armaments","floor":1.0},{"not_picked":["Warcry","Clothesline"],"picked":"Iron Wave","floor":2.0},{"not_picked":["ReplayTheSpireMod:Corrosion Curse","Flex"],"picked":"Spot Weakness","floor":5.0},{"not_picked":["ReplayTheSpireMod:Strike From Hell","True Grit"],"picked":"Berserk","floor":7.0},{"not_picked":["Headbutt","Armaments"],"picked":"Pommel Strike","floor":8.0},{"not_picked":["Shrug It Off","Searing Blow"],"picked":"ReplayTheSpireMod:Strike From Hell","floor":10.0},{"not_picked":["Armaments","Twin Strike"],"picked":"Pummel","floor":13},{"not_picked":["Demonic Infusion","Berserk"],"picked":"Corruption","floor":16},{"not_picked":["Searing Blow","Pommel Strike","Wild Strike"],"picked":"testmod-PerfectCombo","floor":18}],"player_experience":112035,"relics_obtained":[{"floor":10.0,"key":"Charon\u0027s Ashes"},{"floor":13,"key":"Replay:Mystery Machine"},{"floor":17,"key":"MawBank"},{"floor":17,"key":"ReplayTheSpireMod:Spearhead"}],"event_choices":[{"cards_removed":["Transmutation"],"damage_healed":18.0,"max_hp_gain":10.0,"max_hp_loss":0.0,"gold_gain":0.0,"event_name":"Bonfire Elementals","player_choice":"Offered Rare","floor":4.0,"gold_loss":0.0,"damage_taken":0.0},{"damage_healed":0,"gold_gain":0,"player_choice":"Got Potions","damage_taken":0,"max_hp_gain":0,"max_hp_loss":0,"event_name":"Lab","floor":14,"gold_loss":0}],"is_beta":false,"boss_relics":[{"not_picked":["Fusion Hammer","Ooze Armor"],"picked":"REME_LowDesire"}],"items_purged_floors":[11],"is_endless":false,"potions_floor_spawned":[1,5,16,18],"killed_by":"3 Byrds","ascension_level":20}}