{"host":"n4fty02wqqi95laq","time":1607603508,"event":{"gold_per_floor":[112,112,126,126,126,126,159,159,159,177,177,102,132,149,149,224,224,239,254,254,285,297,297,311,311,311,126,51,64,99,109,109,187,187,204,204,215,215,11,45,45,76,76,92,117,127,141,191,191,191,191,191,191,45,71,71,71],"floor_reached":56,"playtime":2145,"items_purged":["Strike_R","Whirlwind+1","Defend_R"],"score":2080,"play_id":"45dcedcd-d7e1-49f0-bc8d-58f7231a00ba","local_time":"20201210203148","is_ascension_mode":true,"campfire_choices":[{"data":"Carnage","floor":6.0,"key":"SMITH"},{"data":"Berserk","floor":8.0,"key":"SMITH"},{"data":"Second Wind","floor":11.0,"key":"SMITH"},{"data":"Power Through","floor":15.0,"key":"SMITH"},{"data":"True Grit","floor":23.0,"key":"SMITH"},{"data":"Shrug It Off","floor":32.0,"key":"SMITH"},{"data":"Feel No Pain","floor":41.0,"key":"SMITH"},{"floor":49.0,"key":"RECALL"},{"data":"Pommel Strike","floor":53.0,"key":"SMITH"}],"neow_cost":"NONE","seed_source_timestamp":0,"circlet_count":0,"master_deck":["AscendersBane","Defend_R","Defend_R","Defend_R","Carnage+1","Power Through+1","Second Wind+1","Berserk+1","Shrug It Off+1","Body Slam+1","True Grit+1","Necronomicurse","Feel No Pain+1","Disarm","Pommel Strike+1","Impatience"],"special_seed":0,"relics":["Black Blood","NeowsBlessing","Bird Faced Urn","Gremlin Horn","Bag of Preparation","Astrolabe","Red Mask","Necronomicon","Singing Bowl","Nunchaku","FossilizedHelix","Lantern","PreservedInsect","Mummified Hand"],"potions_floor_usage":[],"damage_taken":[{"damage":0.0,"enemies":"Cultist","floor":1.0,"turns":1.0},{"damage":0.0,"enemies":"Small Slimes","floor":3.0,"turns":1.0},{"damage":0.0,"enemies":"Lagavulin","floor":7.0,"turns":1.0},{"damage":0.0,"enemies":"Jaw Worm","floor":10.0,"turns":2.0},{"damage":1.0,"enemies":"Gremlin Nob","floor":13.0,"turns":3.0},{"damage":0.0,"enemies":"Large Slime","floor":14.0,"turns":4.0},{"damage":53.0,"enemies":"Hexaghost","floor":16.0,"turns":10.0},{"damage":0.0,"enemies":"Spheric Guardian","floor":18.0,"turns":3.0},{"damage":3.0,"enemies":"2 Thieves","floor":19.0,"turns":4.0},{"damage":58.0,"enemies":"Masked Bandits","floor":21.0,"turns":4.0},{"damage":9.0,"enemies":"Snake Plant","floor":22.0,"turns":3.0},{"damage":0.0,"enemies":"Centurion and Healer","floor":24.0,"turns":4.0},{"damage":2.0,"enemies":"Snecko","floor":29.0,"turns":4.0},{"damage":0.0,"enemies":"Book of Stabbing","floor":30.0,"turns":4.0},{"damage":0.0,"enemies":"Cultist and Chosen","floor":31.0,"turns":3.0},{"damage":51.0,"enemies":"Champ","floor":33.0,"turns":18.0},{"damage":0.0,"enemies":"3 Darklings","floor":35.0,"turns":4.0},{"damage":0.0,"enemies":"Orb Walker","floor":37.0,"turns":2.0},{"damage":3.0,"enemies":"Giant Head","floor":40.0,"turns":7.0},{"damage":0.0,"enemies":"Nemesis","floor":42.0,"turns":5.0},{"damage":0.0,"enemies":"3 Darklings","floor":44.0,"turns":3.0},{"damage":9.0,"enemies":"Reptomancer","floor":45.0,"turns":6.0},{"damage":0.0,"enemies":"Writhing Mass","floor":46.0,"turns":6.0},{"damage":0.0,"enemies":"Spire Growth","floor":47.0,"turns":5.0},{"damage":66.0,"enemies":"Time Eater","floor":50.0,"turns":20.0},{"damage":6.0,"enemies":"Awakened One","floor":51.0,"turns":12.0},{"damage":10.0,"enemies":"Shield and Spear","floor":55.0,"turns":5.0},{"damage":0,"enemies":"The Heart","floor":56,"turns":1}],"seed_played":"696366138642481874","potions_obtained":[{"floor":1.0,"key":"Regen Potion"},{"floor":10.0,"key":"SteroidPotion"},{"floor":13.0,"key":"GamblersBrew"},{"floor":18.0,"key":"AttackPotion"},{"floor":19.0,"key":"Regen Potion"},{"floor":36.0,"key":"AttackPotion"},{"floor":37.0,"key":"Dexterity Potion"},{"floor":42.0,"key":"Strength Potion"},{"floor":44.0,"key":"AttackPotion"},{"floor":55.0,"key":"SteroidPotion"}],"is_trial":false,"path_per_floor":["M","?","M","?","?","R","E","R","T","M","R","$","E","M","R","B",null,"M","M","?","?","M","R","M","?","T","$","?","M","E","M","R","B",null,"M","?","M","?","$","E","R","E","T","M","E","M","M","?","R","B","B",null,"R","$","E","B"],"character_chosen":"IRONCLAD","items_purchased":["LiquidMemories","Feel No Pain","Impatience","Dexterity Potion"],"campfire_rested":0,"item_purchase_floors":[27,39,54,54],"current_hp_per_floor":[74,67,73,73,73,73,75,75,75,75,75,75,75,75,75,28,63,71,74,74,41,38,38,46,25,25,25,25,33,43,53,53,12,65,79,79,87,83,83,83,83,85,85,87,89,89,91,91,91,39,49,81,81,81,89,89,89],"gold":71,"neow_bonus":"THREE_ENEMY_KILL","is_prod":false,"is_daily":false,"chose_seed":false,"campfire_upgraded":8,"win_rate":0,"timestamp":1607603508,"path_taken":["M","?","M","?","?","R","E","R","T","?","R","$","E","M","R","BOSS","M","M","?","?","M","R","M","?","T","$","?","M","E","M","R","BOSS","M","?","?","?","$","E","R","E","T","M","E","M","M","?","R","BOSS","BOSS","R","$","E","BOSS"],"build_version":"2020-11-30","purchased_purges":3,"victory":false,"max_hp_per_floor":[75,75,75,75,75,75,75,75,75,75,75,75,75,75,75,75,75,75,75,75,75,75,75,75,75,75,75,75,77,79,81,81,83,83,85,85,87,83,83,83,83,85,85,87,89,89,91,91,91,91,91,91,91,91,93,93,93],"card_choices":[{"not_picked":["Heavy Blade","Havoc"],"picked":"Carnage","floor":1.0},{"not_picked":["Twin Strike","Iron Wave"],"picked":"Power Through","floor":3.0},{"not_picked":["Warcry","Anger"],"picked":"Berserk","floor":7.0},{"not_picked":["Bloodletting","Anger","Havoc"],"picked":"SKIP","floor":10.0},{"not_picked":["Headbutt","Clothesline"],"picked":"Shrug It Off","floor":13.0},{"not_picked":["Havoc","Infernal Blade","Flex"],"picked":"SKIP","floor":14.0},{"not_picked":["Brutality","Demon Form"],"picked":"Double Tap","floor":16.0},{"not_picked":["Pommel Strike","Clash","Carnage"],"picked":"SKIP","floor":18.0},{"not_picked":["Intimidate","Wild Strike","Pommel Strike"],"picked":"SKIP","floor":19.0},{"not_picked":["Flex+1","Reckless Charge","Wild Strike"],"picked":"SKIP","floor":22.0},{"not_picked":["Thunderclap","Sword Boomerang+1","Metallicize"],"picked":"SKIP","floor":24.0},{"not_picked":["Clothesline","Intimidate","Body Slam+1"],"picked":"Singing Bowl","floor":29.0},{"not_picked":["Double Tap","Perfected Strike","Anger"],"picked":"Singing Bowl","floor":30.0},{"not_picked":["Ghostly Armor","Armaments","Rampage"],"picked":"Singing Bowl","floor":31.0},{"not_picked":["Reaper","Feed","Demon Form"],"picked":"Singing Bowl","floor":33.0},{"not_picked":["Armaments","Flex+1","Perfected Strike+1"],"picked":"Singing Bowl","floor":35.0},{"not_picked":["Perfected Strike+1","Flex","Warcry"],"picked":"Singing Bowl","floor":37.0},{"not_picked":["Iron Wave","Warcry"],"picked":"Disarm","floor":40.0},{"not_picked":["Clothesline","Demon Form","Havoc"],"picked":"Singing Bowl","floor":42.0},{"not_picked":["Shrug It Off","Flex+1","Spot Weakness"],"picked":"Singing Bowl","floor":44.0},{"not_picked":["Warcry+1","Flex+1","Bloodletting+1"],"picked":"Singing Bowl","floor":45.0},{"not_picked":["Intimidate","Reckless Charge"],"picked":"Pommel Strike","floor":46.0},{"not_picked":["Warcry+1","Headbutt+1","Wild Strike+1"],"picked":"Singing Bowl","floor":47.0},{"not_picked":["Warcry","Clash","True Grit"],"picked":"Singing Bowl","floor":55.0}],"player_experience":606649,"relics_obtained":[{"floor":7.0,"key":"Bird Faced Urn"},{"floor":9.0,"key":"Gremlin Horn"},{"floor":13.0,"key":"Bag of Preparation"},{"floor":21.0,"key":"Red Mask"},{"floor":25.0,"key":"Necronomicon"},{"floor":26.0,"key":"Singing Bowl"},{"floor":30.0,"key":"Nunchaku"},{"floor":40.0,"key":"FossilizedHelix"},{"floor":42.0,"key":"Lantern"},{"floor":45.0,"key":"PreservedInsect"},{"floor":55.0,"key":"Mummified Hand"}],"event_choices":[{"cards_removed":["Strike_R"],"damage_healed":0.0,"max_hp_gain":0.0,"max_hp_loss":0.0,"gold_gain":0.0,"event_name":"Golden Wing","player_choice":"Card Removal","floor":2.0,"gold_loss":0.0,"damage_taken":7.0},{"damage_healed":0.0,"max_hp_gain":0.0,"max_hp_loss":0.0,"gold_gain":0.0,"cards_transformed":["Strike_R"],"event_name":"Living Wall","player_choice":"Change","floor":4.0,"gold_loss":0.0,"damage_taken":0.0,"cards_obtained":["Second Wind"]},{"cards_removed":["Strike_R"],"damage_healed":0.0,"max_hp_gain":0.0,"max_hp_loss":0.0,"gold_gain":0.0,"event_name":"Purifier","player_choice":"Purged","floor":5.0,"gold_loss":0.0,"damage_taken":0.0},{"damage_healed":0.0,"max_hp_gain":0.0,"max_hp_loss":0.0,"gold_gain":0.0,"event_name":"The Library","player_choice":"Read","floor":20.0,"gold_loss":0.0,"damage_taken":0.0,"cards_obtained":["True Grit"]},{"damage_healed":0.0,"max_hp_gain":0.0,"max_hp_loss":0.0,"gold_gain":0.0,"event_name":"Masked Bandits","player_choice":"Fought Bandits","floor":21.0,"gold_loss":0.0,"damage_taken":0.0},{"damage_healed":0.0,"max_hp_gain":0.0,"max_hp_loss":0.0,"gold_gain":0.0,"event_name":"Cursed Tome","player_choice":"Obtained Book","floor":25.0,"gold_loss":0.0,"damage_taken":21.0},{"cards_removed":["Bludgeon"],"damage_healed":0.0,"max_hp_gain":0.0,"max_hp_loss":0.0,"gold_gain":0.0,"event_name":"Beggar","player_choice":"Gave Gold","floor":28.0,"gold_loss":75.0,"damage_taken":0.0},{"damage_healed":0.0,"max_hp_gain":0.0,"max_hp_loss":0.0,"gold_gain":0.0,"event_name":"Lab","player_choice":"Got Potions","floor":36.0,"gold_loss":0.0,"damage_taken":0.0},{"damage_healed":0.0,"max_hp_gain":0.0,"max_hp_loss":4.0,"gold_gain":0.0,"event_name":"Winding Halls","player_choice":"Max HP","floor":38.0,"gold_loss":0.0,"damage_taken":0.0},{"damage_healed":0.0,"max_hp_gain":0.0,"max_hp_loss":0.0,"gold_gain":50.0,"event_name":"Golden Shrine","player_choice":"Pray","floor":48.0,"gold_loss":0.0,"damage_taken":0.0}],"is_beta":false,"boss_relics":[{"not_picked":["Snecko Eye","Ectoplasm"],"picked":"Astrolabe"},{"not_picked":["Runic Dome","Mark of Pain"],"picked":"Black Blood"}],"items_purged_floors":[12,27,39],"is_endless":false,"potions_floor_spawned":[1,10,13,18,19,37,40,42,44,55],"killed_by":"The Heart","ascension_level":20}}