{"host":"kw4o7b3ro2ktmmbe","time":1607568856,"event":{"gold_per_floor":[317,317,317,60,60,60,74,87,110,185,185,208,226,226,226,349,349,370,11,11,21,35,80,80,133,151,151,151,166,214,240,240,361,361,389,60,69,96,114,168,218,287,352,22,76,145,145,145,145,176],"floor_reached":51,"playtime":9384,"items_purged":["Normality","Doubt"],"score":967,"play_id":"026b755e-9ee9-4921-ab4f-bf1dfb8ee122","local_time":"20201210155416","is_ascension_mode":true,"campfire_choices":[{"data":"GearUp","floor":6.0,"key":"SMITH"},{"data":"TH:DeckOfManyThings","floor":11.0,"key":"SMITH"},{"floor":15.0,"key":"REST"},{"data":"SoulSculpture","floor":24.0,"key":"SMITH"},{"data":"TH:CopperCoins","floor":27.0,"key":"SMITH"},{"data":"TH:TreasureMap","floor":32.0,"key":"SMITH"},{"data":"Luminosity","floor":47.0,"key":"SMITH"},{"data":"BestPractice","floor":49.0,"key":"SMITH"}],"neow_cost":"NONE","seed_source_timestamp":697361904930645,"circlet_count":0,"master_deck":["Strike_S+1","Strike_S","Strike_S+1","Strike_S","Defend_S+1","Defend_S+1","Defend_S","Defend_S","KidneyShot","Exchange","GearUp+1","BottledTime+1","ShiftingGears+1","TH:DeckOfManyThings+1","BottledTime+1","TH:TreasureMap+1","SoulSculpture+1","GearUp+1","Moonlight","TimeTheft+1","TH:Mimic","TH:CopperCoins+1","Deny+1","TH:PixieDust","TH:CopperCoins","SurpressingFire+1","BottledTime+1","TH:CursedSword","MurderousAura","BestPractice+1","Initiator+1","Chrysalis+1","HandOfGreed+1","TH:ElvenBoots","Madness+1","TH:CursedSword","BottledTime+1","TH:Mimic","BottledTime+1","Parasite","TH:TreasureMap","Luminosity+1","TH:TreasureMap","MurderousAura","Moondial+1"],"special_seed":0,"relics":["Cursed Key","Bloody Idol","Shuriken","Toxic Egg 2","Juzu Bracelet","StoneMask","Membership Card","Pear","War Paint","CeramicFish","Molten Egg 2","Mummified Hand","MutagenicStrength","Boot","Philosopher\u0027s Stone","StoneCalendar","Toolbox","Strawberry","Bottled Lightning","Eternal Feather","Broom","Pen Nib","HandDrill","PreservedInsect","Question Card","Ice Cream"],"potions_floor_usage":[50,50,50],"damage_taken":[{"damage":0.0,"enemies":"2 Louse","floor":1.0,"turns":3.0},{"damage":0.0,"enemies":"Small Slimes","floor":7.0,"turns":3.0},{"damage":1.0,"enemies":"Jaw Worm","floor":8.0,"turns":3.0},{"damage":0.0,"enemies":"3 Louse","floor":12.0,"turns":4.0},{"damage":1.0,"enemies":"Red Slaver","floor":13.0,"turns":3.0},{"damage":9.0,"enemies":"Hexaghost","floor":16.0,"turns":8.0},{"damage":8.0,"enemies":"2 Thieves","floor":18.0,"turns":4.0},{"damage":4.0,"enemies":"Spheric Guardian","floor":21.0,"turns":8.0},{"damage":1.0,"enemies":"Cultist and Chosen","floor":22.0,"turns":8.0},{"damage":0.0,"enemies":"Book of Stabbing","floor":23.0,"turns":10.0},{"damage":17.0,"enemies":"Gremlin Leader","floor":25.0,"turns":6.0},{"damage":18.0,"enemies":"Snake Plant","floor":29.0,"turns":8.0},{"damage":22.0,"enemies":"Book of Stabbing","floor":30.0,"turns":9.0},{"damage":19.0,"enemies":"3 Cultists","floor":31.0,"turns":8.0},{"damage":61.0,"enemies":"Automaton","floor":33.0,"turns":20.0},{"damage":53.0,"enemies":"3 Darklings","floor":35.0,"turns":9.0},{"damage":52.0,"enemies":"Giant Head","floor":40.0,"turns":9.0},{"damage":14.0,"enemies":"3 Shapes","floor":41.0,"turns":7.0},{"damage":29.0,"enemies":"Reptomancer","floor":42.0,"turns":8.0},{"damage":56.0,"enemies":"Nemesis","floor":45.0,"turns":7.0},{"damage":26.0,"enemies":"Mind Bloom Boss Battle","floor":46.0,"turns":7.0},{"damage":46,"enemies":"Awakened One","floor":50,"turns":9}],"seed_played":"-5308596432709691381","potions_obtained":[{"floor":1.0,"key":"EntropicBrew"},{"floor":12.0,"key":"ColorlessPotion"},{"floor":13.0,"key":"SteroidPotion"},{"floor":18.0,"key":"SpeedPotion"},{"floor":22.0,"key":"SteroidPotion"},{"floor":29.0,"key":"Fire Potion"},{"floor":31.0,"key":"SkillPotion"},{"floor":41.0,"key":"Swift Potion"},{"floor":45.0,"key":"Energy Potion"}],"is_trial":false,"path_per_floor":["M","?","?","$","?","R","M","M","T","?","R","M","M","?","R","B",null,"M","$","?","M","M","E","R","E","T","R","?","M","E","M","R","B",null,"M","$","?","?","?","E","M","E","T","$","E","?","R","?","R","B",null],"character_chosen":"THE_SERVANT","items_purchased":["Shuriken","Membership Card","Pear","War Paint","StoneCalendar","Toolbox","Strawberry","Pen Nib","HandDrill","Luminosity","PreservedInsect","Fruit Juice"],"campfire_rested":1,"item_purchase_floors":[4,19,19,19,36,36,36,44,44,44,44,44],"current_hp_per_floor":[65,49,36,36,33,33,33,32,32,21,21,21,20,20,39,30,65,63,73,73,77,80,81,81,82,82,82,82,77,78,83,83,47,88,53,60,65,70,68,39,59,58,73,83,55,55,82,82,109,85],"gold":176,"neow_bonus":"BOSS_RELIC","is_prod":false,"is_daily":false,"chose_seed":false,"campfire_upgraded":7,"win_rate":0,"timestamp":1607568856,"path_taken":["M","?","?","$","?","R","M","M","T","?","R","M","M","?","R","BOSS","M","$","?","M","M","E","R","E","T","R","?","M","E","M","R","BOSS","M","$","?","?","?","E","M","E","T","$","E","?","R","?","R","BOSS"],"build_version":"2020-11-30","purchased_purges":2,"victory":true,"max_hp_per_floor":[65,65,65,65,65,65,65,65,65,65,65,65,65,65,65,65,65,67,77,77,78,80,81,81,82,82,82,82,83,84,87,87,88,88,89,96,96,96,96,97,100,101,101,106,107,109,109,109,109,113],"card_choices":[{"not_picked":["Revamp","Defy"],"picked":"GearUp","floor":1.0},{"not_picked":["Rearm+1","Moondial+1"],"picked":"BottledTime+1","floor":7.0},{"not_picked":["TimeWarp","Replace+1"],"picked":"ShiftingGears+1","floor":8.0},{"not_picked":["TH:EnergyPotion"],"picked":"TH:DeckOfManyThings","floor":9.0},{"not_picked":["Potential","Snipe"],"picked":"BottledTime+1","floor":12.0},{"not_picked":["DoubleEdge","Alleviate+1","Potential"],"picked":"SKIP","floor":13.0},{"not_picked":["TH:PixieDust"],"picked":"TH:TreasureMap","floor":16.0},{"not_picked":["FloweringNight","FlawlessForm"],"picked":"SoulSculpture","floor":16.0},{"not_picked":["TimeTheft+1","Advance+1"],"picked":"GearUp+1","floor":18.0},{"not_picked":["Ricochet","Alleviate+1"],"picked":"Moonlight","floor":21.0},{"not_picked":["Rearm+1","FastForward+1"],"picked":"TimeTheft+1","floor":22.0},{"not_picked":["TH:DeckOfManyThings"],"picked":"TH:Mimic","floor":23.0},{"not_picked":["Rewind+1","Unruled","DoubleEdge+1"],"picked":"SKIP","floor":23.0},{"not_picked":["TH:ElvenBoots"],"picked":"TH:CopperCoins","floor":25.0},{"not_picked":["TimeWarp+1","Foresight"],"picked":"Deny+1","floor":25.0},{"not_picked":["TH:ElvenBoots"],"picked":"TH:PixieDust","floor":26.0},{"not_picked":["Rewind+1","Spin+1","Rearm+1"],"picked":"SKIP","floor":29.0},{"not_picked":["TH:DeckOfManyThings"],"picked":"TH:CopperCoins","floor":30.0},{"not_picked":["StarChef","Misdirection+1"],"picked":"SurpressingFire+1","floor":30.0},{"not_picked":["Hightail+1","Ricochet+1"],"picked":"BottledTime+1","floor":31.0},{"not_picked":["TH:DeckOfManyThings"],"picked":"TH:CursedSword","floor":33.0},{"not_picked":["FloweringNight","LightFlow+1"],"picked":"MurderousAura","floor":33.0},{"not_picked":["Spin+1","SpecialFormula+1"],"picked":"BestPractice","floor":35.0},{"not_picked":["Jack Of All Trades+1","Mind Blast+1"],"picked":"Chrysalis+1","floor":38.0},{"not_picked":["Finesse+1","Forethought+1"],"picked":"HandOfGreed+1","floor":38.0},{"not_picked":["PanicButton+1","Impatience+1"],"picked":"TH:ElvenBoots","floor":38.0},{"not_picked":["TH:PixieDust"],"picked":"TH:CursedSword","floor":40.0},{"not_picked":["DoubleEdge+1","Spin+1","Defy+1"],"picked":"SKIP","floor":40.0},{"not_picked":["Revamp+1","Alleviate+1"],"picked":"BottledTime+1","floor":41.0},{"not_picked":["TH:DeckOfManyThings"],"picked":"TH:Mimic","floor":42.0},{"not_picked":["Advance+1","Hightail+1"],"picked":"BottledTime+1","floor":42.0},{"not_picked":["TH:DeckOfManyThings"],"picked":"TH:TreasureMap","floor":43.0},{"not_picked":["TH:PixieDust"],"picked":"TH:TreasureMap","floor":45.0},{"not_picked":["Hightail+1","Spin+1"],"picked":"MurderousAura","floor":45.0},{"not_picked":["Ricochet+1","Replace+1","Snipe+1"],"picked":"Moondial+1","floor":46.0}],"player_experience":1797237,"relics_obtained":[{"floor":9.0,"key":"Juzu Bracelet"},{"floor":23.0,"key":"CeramicFish"},{"floor":25.0,"key":"Molten Egg 2"},{"floor":26.0,"key":"Mummified Hand"},{"floor":30.0,"key":"Boot"},{"floor":40.0,"key":"Bottled Lightning"},{"floor":42.0,"key":"Eternal Feather"},{"floor":43.0,"key":"Broom"},{"floor":45.0,"key":"Question Card"},{"floor":46.0,"key":"Ice Cream"}],"event_choices":[{"damage_healed":0.0,"max_hp_gain":0.0,"max_hp_loss":0.0,"gold_gain":0.0,"event_name":"Golden Idol","player_choice":"Take Damage","floor":2.0,"gold_loss":0.0,"damage_taken":16.0,"relics_obtained":["Golden Idol"]},{"damage_healed":0.0,"max_hp_gain":0.0,"max_hp_loss":0.0,"gold_gain":0.0,"event_name":"Shining Light","player_choice":"Entered Light","floor":3.0,"gold_loss":0.0,"damage_taken":13.0,"cards_upgraded":["Strike_S","Strike_S"]},{"damage_healed":0.0,"max_hp_gain":0.0,"max_hp_loss":0.0,"gold_gain":0.0,"event_name":"Scrap Ooze","player_choice":"Success","floor":5.0,"gold_loss":0.0,"damage_taken":3.0,"relics_obtained":["Toxic Egg 2"]},{"damage_healed":0.0,"max_hp_gain":0.0,"max_hp_loss":0.0,"gold_gain":75.0,"event_name":"World of Goop","player_choice":"Gather Gold","floor":10.0,"gold_loss":0.0,"damage_taken":11.0},{"damage_healed":0.0,"max_hp_gain":0.0,"max_hp_loss":0.0,"gold_gain":0.0,"event_name":"Transmorgrifier","player_choice":"Ignored","floor":14.0,"gold_loss":0.0,"damage_taken":0.0},{"damage_healed":0.0,"max_hp_gain":0.0,"max_hp_loss":0.0,"gold_gain":0.0,"event_name":"Forgotten Altar","player_choice":"Gave Idol","floor":20.0,"relics_lost":["Golden Idol"],"gold_loss":0.0,"damage_taken":0.0,"relics_obtained":["Bloody Idol"]},{"damage_healed":0.0,"max_hp_gain":0.0,"max_hp_loss":0.0,"gold_gain":0.0,"event_name":"Drug Dealer","player_choice":"Inject Mutagens","floor":28.0,"gold_loss":0.0,"damage_taken":0.0,"relics_obtained":["MutagenicStrength"]},{"damage_healed":0.0,"max_hp_gain":0.0,"max_hp_loss":0.0,"gold_gain":0.0,"event_name":"Match and Keep!","player_choice":"1 cards matched","floor":37.0,"gold_loss":0.0,"damage_taken":0.0,"cards_obtained":["Initiator"]},{"damage_healed":0.0,"max_hp_gain":0.0,"max_hp_loss":0.0,"gold_gain":0.0,"event_name":"SensoryStone","player_choice":"Memory 3","floor":38.0,"gold_loss":0.0,"damage_taken":10.0},{"damage_healed":0.0,"max_hp_gain":0.0,"max_hp_loss":0.0,"gold_gain":0.0,"event_name":"Winding Halls","player_choice":"Embrace Madness","floor":39.0,"gold_loss":0.0,"damage_taken":12.0,"cards_obtained":["Madness","Madness"]},{"damage_healed":0.0,"max_hp_gain":0.0,"max_hp_loss":0.0,"gold_gain":0.0,"event_name":"MindBloom","player_choice":"Fight","floor":46.0,"gold_loss":0.0,"damage_taken":0.0},{"cards_removed":["Madness"],"damage_healed":0.0,"max_hp_gain":0.0,"max_hp_loss":0.0,"gold_gain":0.0,"event_name":"Falling","player_choice":"Removed Skill","floor":48.0,"gold_loss":0.0,"damage_taken":0.0}],"is_beta":false,"boss_relics":[{"not_picked":["Pandora\u0027s Box","Fusion Hammer"],"picked":"StoneMask"},{"not_picked":["Calling Bell","Empty Cage"],"picked":"Philosopher\u0027s Stone"}],"items_purged_floors":[36,44],"is_endless":false,"potions_floor_spawned":[1,12,13,18,22,29,31,41,45,46],"ascension_level":1}}