{"host":"foq4mrde4mssg7vt","time":1607616899,"event":{"mods":["BaseMod","AchievementEnabler","Colored Map","Colored Powertips","Highlight Path","Minty Spire (QoL Compilation)","Relic Stats","everything is the same but u backflip on backflip"],"gold_per_floor":[111,126,126,53,73,73,99,99,123,73,100,100,110,137,137,236,236,247,247,262,262,66,116,145,156,156,156,56,84,96,136,148,259,271,296,658,670,682,711,750,775,787,799,110,125,152,171,200,200,200,200,200,44,70,70],"floor_reached":56,"playtime":3417,"items_purged":["Pain","Strike_P","Strike_P+1"],"score":1808,"play_id":"cb0096b8-f4ba-4685-8f82-13a654b23f8a","local_time":"20201211001459","is_ascension_mode":true,"campfire_choices":[{"data":"Wallop","floor":6.0,"key":"SMITH"},{"data":"Tantrum","floor":15.0,"key":"SMITH"},{"floor":27.0,"key":"REST"},{"floor":32.0,"key":"REST"},{"floor":49.0,"key":"RECALL"},{"data":"Blasphemy","floor":52.0,"key":"SMITH"}],"circlet_count":0,"master_deck":["Defend_P+1","Defend_P+1","Defend_P+1","Defend_P+1","Eruption+1","Vigilance","BowlingBash+1","Wallop+1","ThirdEye","WindmillStrike","Tantrum+1","Halt+1","Wireheading","Blasphemy+1","EmptyFist+1","Adaptation+1","RitualDagger","Protect+1","Wallop+1","ThirdEye+1","LessonLearned","FearNoEvil+1","CrushJoints+1","MentalFortress+1","MentalFortress","InnerPeace+1","CutThroughFate"],"special_seed":0,"relics":["VioletLotus","Pen Nib","Ice Cream","Nunchaku","Mercury Hourglass","Damaru","SlaversCollar","WarpedTongs","Mummified Hand","Letter Opener","MawBank","Vajra","SacredBark","Old Coin","Juzu Bracelet","InkBottle","Pantograph","Kunai","GoldenEye","Whetstone","Anchor","Incense Burner"],"acts_visited":["Exordium","TheCity","TheBeyond","TheEnding"],"potions_floor_usage":[55],"damage_taken":[{"damage":0.0,"enemies":"Jaw Worm","floor":1.0,"turns":4.0},{"damage":0.0,"enemies":"Small Slimes","floor":2.0,"turns":3.0},{"damage":0.0,"enemies":"2 Louse","floor":5.0,"turns":2.0},{"damage":3.0,"enemies":"3 Sentries","floor":7.0,"turns":6.0},{"damage":4.0,"enemies":"Gremlin Nob","floor":11.0,"turns":3.0},{"damage":3.0,"enemies":"Lots of Slimes","floor":13.0,"turns":4.0},{"damage":4.0,"enemies":"Lagavulin","floor":14.0,"turns":5.0},{"damage":3.0,"enemies":"The Guardian","floor":16.0,"turns":8.0},{"damage":4.0,"enemies":"3 Byrds","floor":18.0,"turns":3.0},{"damage":10.0,"enemies":"Shell Parasite","floor":20.0,"turns":3.0},{"damage":20.0,"enemies":"Book of Stabbing","floor":24.0,"turns":5.0},{"damage":11.0,"enemies":"Shelled Parasite and Fungi","floor":25.0,"turns":4.0},{"damage":10.0,"enemies":"Gremlin Leader","floor":29.0,"turns":4.0},{"damage":0.0,"enemies":"Slavers","floor":31.0,"turns":3.0},{"damage":32.0,"enemies":"Automaton","floor":33.0,"turns":7.0},{"damage":3.0,"enemies":"3 Darklings","floor":35.0,"turns":3.0},{"damage":0.0,"enemies":"Mind Bloom Boss Battle","floor":36.0,"turns":4.0},{"damage":2.0,"enemies":"3 Shapes","floor":39.0,"turns":3.0},{"damage":0.0,"enemies":"Giant Head","floor":40.0,"turns":5.0},{"damage":12.0,"enemies":"Spire Growth","floor":41.0,"turns":4.0},{"damage":13.0,"enemies":"Jaw Worm Horde","floor":45.0,"turns":4.0},{"damage":2.0,"enemies":"Reptomancer","floor":46.0,"turns":3.0},{"damage":0.0,"enemies":"Transient","floor":47.0,"turns":5.0},{"damage":14.0,"enemies":"Nemesis","floor":48.0,"turns":5.0},{"damage":22.0,"enemies":"Donu and Deca","floor":50.0,"turns":5.0},{"damage":11.0,"enemies":"Shield and Spear","floor":54.0,"turns":4.0},{"damage":80,"enemies":"The Heart","floor":55,"turns":9}],"seed_played":"843078679788196140","potions_obtained":[{"floor":5.0,"key":"AttackPotion"},{"floor":7.0,"key":"Strength Potion"},{"floor":14.0,"key":"SkillPotion"},{"floor":24.0,"key":"DuplicationPotion"},{"floor":33.0,"key":"Fruit Juice"},{"floor":35.0,"key":"EssenceOfSteel"},{"floor":36.0,"key":"PowerPotion"},{"floor":46.0,"key":"Energy Potion"},{"floor":47.0,"key":"DistilledChaos"}],"is_trial":false,"path_per_floor":["M","M","?","$","M","R","E","?","T","?","E","?","M","E","R","B",null,"M","?","M","?","$","?","E","M","T","R","$","E","?","E","R","B",null,"M","?","?","?","M","E","M","T","T","$","M","E","M","E","R","B",null,"R","$","E","B",null],"character_chosen":"WATCHER","items_purchased":["Wallop","Protect","Wallop","Pantograph","Kunai","MentalFortress","Anchor"],"campfire_rested":2,"item_purchase_floors":[4,22,22,44,44,44,53],"current_hp_per_floor":[65,65,53,53,53,53,50,55,55,55,51,44,41,37,37,34,66,62,62,52,46,46,46,26,15,15,38,38,28,28,28,51,19,63,70,70,70,70,68,68,56,56,56,56,43,41,41,27,27,30,70,70,70,59,3],"gold":70,"neow_bonus":"BOSS_RELIC","is_daily":false,"chose_seed":false,"campfire_upgraded":3,"win_rate":0,"timestamp":1607616899,"path_taken":["M","M","?","$","M","R","E","?","T","?","E","?","M","E","R","BOSS","M","?","?","?","?","?","E","?","T","R","$","E","?","E","R","BOSS","M","?","?","?","M","E","M","?","T","$","M","E","M","E","R","BOSS","R","$","E","BOSS"],"build_version":"2020-11-30","purchased_purges":3,"victory":true,"max_hp_per_floor":[72,72,72,72,72,72,72,77,77,77,77,77,77,77,77,77,77,77,77,77,77,77,77,77,77,77,77,77,77,77,77,77,77,77,87,87,83,83,83,83,83,83,83,83,83,83,83,83,83,83,83,83,83,83,83],"relic_stats":{"counters":[27,117],"Pen Nib":[22],"Juzu Bracelet":0,"Letter Opener":[65],"Whetstone":["EmptyFist","BowlingBash"],"MawBank":180,"GoldenEye":[47],"Mercury Hourglass":[373],"WarpedTongs":[74],"Nunchaku":[20],"Mummified Hand":[56],"Pantograph":49,"VioletLotus":[35],"Kunai":[20],"obtain_stats":[{"Ice Cream":7,"SacredBark":34,"Damaru":14,"Vajra":31,"Pen Nib":3,"Juzu Bracelet":40,"Incense Burner":54,"Letter Opener":26,"Whetstone":48,"MawBank":29,"GoldenEye":46,"Mercury Hourglass":11,"WarpedTongs":19,"Old Coin":36,"SlaversCollar":17,"Nunchaku":9,"Anchor":53,"Mummified Hand":24,"Pantograph":44,"VioletLotus":0,"Kunai":44,"PureWater":0,"InkBottle":42},{"Ice Cream":4,"SacredBark":15,"Damaru":7,"Vajra":14,"Pen Nib":2,"Juzu Bracelet":19,"Incense Burner":26,"Letter Opener":12,"Whetstone":24,"MawBank":13,"GoldenEye":22,"Mercury Hourglass":5,"WarpedTongs":9,"Old Coin":17,"SlaversCollar":8,"Nunchaku":4,"Anchor":25,"Mummified Hand":11,"Pantograph":20,"VioletLotus":0,"Kunai":20,"PureWater":0,"InkBottle":20},{"Ice Cream":15,"SacredBark":63,"Damaru":26,"Vajra":56,"Pen Nib":7,"Juzu Bracelet":78,"Incense Burner":108,"Letter Opener":49,"Whetstone":99,"MawBank":53,"GoldenEye":89,"Mercury Hourglass":18,"WarpedTongs":37,"Old Coin":70,"SlaversCollar":34,"Nunchaku":15,"Anchor":104,"Mummified Hand":45,"Pantograph":82,"VioletLotus":0,"Kunai":82,"PureWater":0,"InkBottle":82}],"InkBottle":[16]},"card_choices":[{"not_picked":["Prostrate","JustLucky","WaveOfTheHand"],"picked":"SKIP","floor":1.0},{"not_picked":["Vengeance","FlurryOfBlows"],"picked":"BowlingBash","floor":2.0},{"not_picked":["BowlingBash","Prostrate"],"picked":"ThirdEye","floor":5.0},{"not_picked":["Indignation","Prostrate"],"picked":"WindmillStrike","floor":7.0},{"not_picked":["PathToVictory","Swivel"],"picked":"Tantrum","floor":11.0},{"not_picked":["DeceiveReality","Consecrate"],"picked":"Halt","floor":13.0},{"not_picked":["ThirdEye","Prostrate"],"picked":"Wireheading","floor":14.0},{"not_picked":["Alpha","Vault"],"picked":"Blasphemy","floor":16.0},{"not_picked":["FollowUp","WreathOfFlame"],"picked":"EmptyFist","floor":18.0},{"not_picked":["Weave","FlurryOfBlows+1"],"picked":"Adaptation+1","floor":20.0},{"not_picked":["DeusExMachina","Collect","SashWhip"],"picked":"SKIP","floor":24.0},{"not_picked":["Crescendo","CrushJoints+1"],"picked":"ClearTheMind","floor":25.0},{"not_picked":["Adaptation","ClearTheMind"],"picked":"ThirdEye+1","floor":29.0},{"not_picked":["ThirdEye","SandsOfTime+1","PathToVictory"],"picked":"SKIP","floor":31.0},{"not_picked":["ConjureBlade","DeusExMachina"],"picked":"LessonLearned","floor":33.0},{"not_picked":["Sanctity","EmptyMind"],"picked":"FearNoEvil","floor":35.0},{"not_picked":["LikeWater","JustLucky"],"picked":"CrushJoints+1","floor":36.0},{"not_picked":["Protect+1","Prostrate","ThirdEye+1"],"picked":"SKIP","floor":39.0},{"not_picked":["Indignation","JustLucky","Protect"],"picked":"SKIP","floor":40.0},{"not_picked":["Halt","Nirvana"],"picked":"MentalFortress+1","floor":41.0},{"not_picked":["Indignation+1","BattleHymn","WindmillStrike+1"],"picked":"SKIP","floor":45.0},{"not_picked":["PathToVictory","SignatureMove+1","EmptyFist+1"],"picked":"SKIP","floor":46.0},{"not_picked":["Swivel","Sanctity+1","DeceiveReality+1"],"picked":"SKIP","floor":47.0},{"not_picked":["ClearTheMind","Devotion"],"picked":"InnerPeace+1","floor":48.0},{"not_picked":["Conclude","Vengeance"],"picked":"CutThroughFate","floor":54.0}],"player_experience":140251,"relics_obtained":[{"floor":7.0,"key":"Ice Cream"},{"floor":9.0,"key":"Nunchaku"},{"floor":11.0,"key":"Mercury Hourglass"},{"floor":14.0,"key":"Damaru"},{"floor":24.0,"key":"Mummified Hand"},{"floor":26.0,"key":"Letter Opener"},{"floor":29.0,"key":"MawBank"},{"floor":31.0,"key":"Vajra"},{"floor":36.0,"key":"Old Coin"},{"floor":40.0,"key":"Juzu Bracelet"},{"floor":42.0,"key":"InkBottle"},{"floor":46.0,"key":"GoldenEye"},{"floor":48.0,"key":"Whetstone"},{"floor":54.0,"key":"Incense Burner"}],"event_choices":[{"damage_healed":0.0,"max_hp_gain":0.0,"max_hp_loss":0.0,"gold_gain":0.0,"event_name":"Scrap Ooze","player_choice":"Success","floor":3.0,"gold_loss":0.0,"damage_taken":12.0,"relics_obtained":["Pen Nib"]},{"damage_healed":0.0,"max_hp_gain":5.0,"max_hp_loss":0.0,"gold_gain":0.0,"event_name":"Big Fish","player_choice":"Donut","floor":8.0,"gold_loss":0.0,"damage_taken":0.0},{"cards_removed":["Strike_P"],"damage_healed":0.0,"max_hp_gain":0.0,"max_hp_loss":0.0,"gold_gain":0.0,"event_name":"The Cleric","player_choice":"Card Removal","floor":10.0,"gold_loss":50.0,"damage_taken":0.0},{"cards_removed":["Strike_P"],"damage_healed":0.0,"max_hp_gain":0.0,"max_hp_loss":0.0,"gold_gain":0.0,"event_name":"Golden Wing","player_choice":"Card Removal","floor":12.0,"gold_loss":0.0,"damage_taken":7.0},{"damage_healed":0.0,"max_hp_gain":0.0,"max_hp_loss":0.0,"gold_gain":0.0,"event_name":"Accursed Blacksmith","player_choice":"Rummage","floor":19.0,"gold_loss":0.0,"damage_taken":0.0,"relics_obtained":["WarpedTongs"],"cards_obtained":["Pain"]},{"damage_healed":0.0,"max_hp_gain":0.0,"max_hp_loss":0.0,"gold_gain":0.0,"event_name":"Nest","player_choice":"Joined the Cult","floor":21.0,"gold_loss":0.0,"damage_taken":6.0,"cards_obtained":["RitualDagger"]},{"damage_healed":0.0,"max_hp_gain":0.0,"max_hp_loss":0.0,"gold_gain":100.0,"event_name":"The Joust","player_choice":"Bet on Murderer","floor":23.0,"gold_loss":50.0,"damage_taken":0.0},{"damage_healed":0.0,"max_hp_gain":0.0,"max_hp_loss":0.0,"gold_gain":0.0,"event_name":"Back to Basics","player_choice":"Simplicity","floor":30.0,"gold_loss":0.0,"damage_taken":0.0,"cards_upgraded":["Strike_P","Defend_P","Defend_P","Defend_P","Defend_P"]},{"damage_healed":0.0,"max_hp_gain":0.0,"max_hp_loss":0.0,"gold_gain":0.0,"event_name":"MindBloom","player_choice":"Fight","floor":36.0,"gold_loss":0.0,"damage_taken":0.0},{"damage_healed":0.0,"max_hp_gain":0.0,"max_hp_loss":4.0,"gold_gain":0.0,"event_name":"Winding Halls","player_choice":"Max HP","floor":37.0,"gold_loss":0.0,"damage_taken":0.0},{"cards_removed":["ClearTheMind"],"damage_healed":0.0,"max_hp_gain":0.0,"max_hp_loss":0.0,"gold_gain":0.0,"event_name":"Falling","player_choice":"Removed Skill","floor":38.0,"gold_loss":0.0,"damage_taken":0.0}],"is_beta":false,"boss_relics":[{"not_picked":["Calling Bell","Ectoplasm"],"picked":"SlaversCollar"},{"not_picked":["Snecko Eye","Runic Dome"],"picked":"SacredBark"}],"items_purged_floors":[22,28,44],"is_endless":false,"potions_floor_spawned":[5,7,14,16,24,25,31,33,35,36,46,47],"ascension_level":8}}