{"host":"eydwxg59205c3vtl","time":1607564560,"event":{"gold_per_floor":[113,113,15,25,42,42,67,86,86,86,105,130,11,38,38,142,142,154,173,73,73,92,92,123,123,123,140,174,174,192,226,226,326,326,336,351,377,423,47,47,47,80,80,30,41,67,67,80,80,80],"floor_reached":51,"playtime":1839,"items_purged":["Pain","Strike_G","Strike_G","Strike_G"],"score":1258,"play_id":"b8c88b95-6748-4f76-8687-1728ae6e8ec0","local_time":"20201209204240","is_ascension_mode":true,"campfire_choices":[{"data":"Calculated Gamble","floor":6,"key":"SMITH"},{"floor":10,"key":"REST"},{"floor":15,"key":"REST"},{"data":"After Image","floor":23,"key":"SMITH"},{"data":"Dodge and Roll","floor":25,"key":"SMITH"},{"floor":32,"key":"REST"},{"data":"Adrenaline","floor":40,"key":"SMITH"},{"data":"Phantasmal Killer","floor":47,"key":"SMITH"},{"data":"Neutralize","floor":49,"key":"SMITH"}],"neow_cost":"NONE","seed_source_timestamp":443488881674500,"circlet_count":0,"master_deck":["AscendersBane","Strike_G","Defend_G","Defend_G","Defend_G","Defend_G","Defend_G","Survivor","Neutralize+1","Flying Knee","Slice","Calculated Gamble+1","Dagger Spray","Heel Hook","Dodge and Roll+1","Cloak And Dagger","Blade Dance","Footwork","Finisher","Blade Dance","After Image+1","Slice","Finisher+1","Backstab","Blade Dance","Backstab","Adrenaline+1","Blade Dance+1","Blur","Slice","Phantasmal Killer+1","Accuracy","Accuracy"],"relics":["Ring of the Snake","NeowsBlessing","WarpedTongs","Pantograph","Shuriken","Pear","Question Card","WristBlade","Darkstone Periapt","Tiny Chest","Matryoshka","Red Mask","Snake Skull","Runic Pyramid","Eternal Feather","Ancient Tea Set","FossilizedHelix","Bag of Marbles","InkBottle","Smiling Mask","Paper Crane","Pen Nib"],"potions_floor_usage":[7,11,38,50,50,50,50],"damage_taken":[{"damage":0,"enemies":"Jaw Worm","floor":1,"turns":1},{"damage":0,"enemies":"Cultist","floor":4,"turns":1},{"damage":0,"enemies":"2 Louse","floor":5,"turns":1},{"damage":26,"enemies":"Lagavulin","floor":7,"turns":6},{"damage":12,"enemies":"Blue Slaver","floor":8,"turns":4},{"damage":5,"enemies":"Lots of Slimes","floor":11,"turns":2},{"damage":12,"enemies":"Gremlin Nob","floor":12,"turns":4},{"damage":16,"enemies":"3 Sentries","floor":14,"turns":4},{"damage":30,"enemies":"The Guardian","floor":16,"turns":7},{"damage":0,"enemies":"Spheric Guardian","floor":18,"turns":2},{"damage":8,"enemies":"Shell Parasite","floor":19,"turns":2},{"damage":20,"enemies":"Centurion and Healer","floor":22,"turns":4},{"damage":0,"enemies":"Gremlin Leader","floor":24,"turns":5},{"damage":0,"enemies":"Snecko","floor":27,"turns":3},{"damage":8,"enemies":"Masked Bandits","floor":28,"turns":5},{"damage":2,"enemies":"Cultist and Chosen","floor":30,"turns":3},{"damage":1,"enemies":"Book of Stabbing","floor":31,"turns":2},{"damage":73,"enemies":"Collector","floor":33,"turns":9},{"damage":1,"enemies":"3 Darklings","floor":35,"turns":4},{"damage":0,"enemies":"Orb Walker","floor":36,"turns":1},{"damage":0,"enemies":"2 Orb Walkers","floor":38,"turns":2},{"damage":0,"enemies":"Nemesis","floor":42,"turns":3},{"damage":0,"enemies":"Maw","floor":45,"turns":4},{"damage":10,"enemies":"Reptomancer","floor":46,"turns":4},{"damage":0,"enemies":"Writhing Mass","floor":48,"turns":3},{"damage":14,"enemies":"Time Eater","floor":50,"turns":4}],"seed_played":"5901114553861879222","potions_obtained":[{"floor":5,"key":"BlessingOfTheForge"},{"floor":7,"key":"Explosive Potion"},{"floor":12,"key":"SteroidPotion"},{"floor":14,"key":"GamblersBrew"},{"floor":16,"key":"SteroidPotion"}],"is_trial":false,"path_per_floor":["M","?","$","M","M","R","E","M","T","R","M","E","$","E","R","B",null,"M","M","$","T","M","R","E","R","T","M","?","?","M","E","R","B",null,"M","M","T","?","$","R","?","E","T","$","M","E","R","M","R","B",null],"character_chosen":"THE_SILENT","items_purchased":["Slice","Footwork","Finisher","Bag of Marbles","EntropicBrew"],"campfire_rested":3,"item_purchase_floors":[3,13,13,39,39],"current_hp_per_floor":[63,63,63,63,63,63,37,25,25,46,41,39,39,23,47,42,71,71,63,63,63,43,43,43,43,43,43,35,35,33,32,56,7,62,61,61,61,61,61,79,76,76,76,76,76,66,76,76,76,62],"gold":80,"neow_bonus":"THREE_ENEMY_KILL","is_prod":false,"is_daily":false,"chose_seed":false,"campfire_upgraded":6,"win_rate":0,"timestamp":1607564560,"path_taken":["M","?","?","?","M","R","E","?","T","R","M","E","$","E","R","BOSS","M","M","?","?","?","R","E","R","T","M","?","?","?","E","R","BOSS","M","M","?","?","$","R","?","E","T","?","M","E","R","M","R","BOSS"],"build_version":"2020-11-30","purchased_purges":4,"victory":true,"max_hp_per_floor":[70,70,70,70,70,70,70,70,70,70,70,80,80,80,80,80,80,80,80,80,80,80,80,80,80,80,80,80,80,80,80,80,80,80,80,80,80,80,80,80,76,76,76,76,76,76,76,76,76,76],"card_choices":[{"not_picked":["PiercingWail","Backflip"],"picked":"Flying Knee","floor":1},{"not_picked":["Outmaneuver","Poisoned Stab"],"picked":"Calculated Gamble","floor":4},{"not_picked":["Acrobatics","Predator"],"picked":"Dagger Spray","floor":5},{"not_picked":["Venomology","Dodge and Roll"],"picked":"Heel Hook","floor":7},{"not_picked":["Riddle With Holes","Crippling Poison"],"picked":"Dodge and Roll","floor":8},{"not_picked":["Prepared","Tactician"],"picked":"Cloak And Dagger","floor":11},{"not_picked":["Venomology","Dodge and Roll"],"picked":"Blade Dance","floor":12},{"not_picked":["Deadly Poison","Flying Knee"],"picked":"Blade Dance","floor":14},{"not_picked":["Glass Knife","Corpse Explosion","Envenom"],"picked":"After Image","floor":16},{"not_picked":["Noxious Fumes+1","Deadly Poison","Dagger Throw"],"picked":"Slice","floor":18},{"not_picked":["Acrobatics+1","Dagger Throw","Flying Knee+1"],"picked":"Finisher+1","floor":19},{"not_picked":["Slice","Deadly Poison","Outmaneuver+1"],"picked":"Backstab","floor":22},{"not_picked":["Poisoned Stab","Envenom","Deadly Poison"],"picked":"Blade Dance","floor":24},{"not_picked":["All Out Attack","Flechettes","Concentrate","Bouncing Flask"],"picked":"SKIP","floor":27},{"not_picked":["Backflip","Sucker Punch+1","Noxious Fumes"],"picked":"Backstab","floor":28},{"not_picked":["Escape Plan+1","Backflip","Predator","Heel Hook"],"picked":"SKIP","floor":30},{"not_picked":["Sucker Punch","Flechettes","Prepared+1","Acrobatics+1"],"picked":"SKIP","floor":31},{"not_picked":["Wraith Form v2","Storm of Steel","Grand Finale"],"picked":"Adrenaline","floor":33},{"not_picked":["Dagger Throw+1","Bane","Eviscerate+1"],"picked":"Blade Dance+1","floor":35},{"not_picked":["Acrobatics","Noxious Fumes+1","Underhanded Strike+1"],"picked":"Blur","floor":36},{"not_picked":["Tactician+1","Blur","Quick Slash+1"],"picked":"Slice","floor":38},{"not_picked":["Well Laid Plans","Expertise+1","Dagger Throw"],"picked":"Phantasmal Killer","floor":42},{"not_picked":["Underhanded Strike","Leg Sweep+1","Quick Slash+1"],"picked":"Accuracy","floor":45},{"not_picked":["Slice+1","Acrobatics","Dodge and Roll+1"],"picked":"Accuracy","floor":46},{"not_picked":["Deflect","Underhanded Strike+1","Setup","Distraction"],"picked":"SKIP","floor":48}],"player_experience":477317,"relics_obtained":[{"floor":7,"key":"Pantograph"},{"floor":9,"key":"Shuriken"},{"floor":12,"key":"Pear"},{"floor":14,"key":"Question Card"},{"floor":21,"key":"Darkstone Periapt"},{"floor":24,"key":"Tiny Chest"},{"floor":26,"key":"Matryoshka"},{"floor":28,"key":"Red Mask"},{"floor":31,"key":"Snake Skull"},{"floor":37,"key":"Eternal Feather"},{"floor":37,"key":"Ancient Tea Set"},{"floor":38,"key":"FossilizedHelix"},{"floor":42,"key":"InkBottle"},{"floor":43,"key":"Smiling Mask"},{"floor":43,"key":"Paper Crane"},{"floor":46,"key":"Pen Nib"}],"event_choices":[{"damage_healed":0,"gold_gain":0,"player_choice":"Rummage","damage_taken":0,"relics_obtained":["WarpedTongs"],"max_hp_gain":0,"max_hp_loss":0,"event_name":"Accursed Blacksmith","floor":2,"gold_loss":0,"cards_obtained":["Pain"]},{"damage_healed":0,"gold_gain":0,"player_choice":"Fought Bandits","damage_taken":0,"max_hp_gain":0,"max_hp_loss":0,"event_name":"Masked Bandits","floor":28,"gold_loss":0},{"cards_removed":["Strike_G"],"damage_healed":0,"gold_gain":0,"player_choice":"Purged","damage_taken":0,"max_hp_gain":0,"max_hp_loss":0,"event_name":"Purifier","floor":29,"gold_loss":0},{"damage_healed":0,"gold_gain":0,"player_choice":"Fight","damage_taken":0,"max_hp_gain":0,"max_hp_loss":0,"event_name":"Mysterious Sphere","floor":38,"gold_loss":0},{"damage_healed":0,"gold_gain":0,"player_choice":"Max HP","damage_taken":0,"max_hp_gain":0,"max_hp_loss":4,"event_name":"Winding Halls","floor":41,"gold_loss":0}],"is_beta":false,"boss_relics":[{"not_picked":["Pandora\u0027s Box","Tiny House"],"picked":"WristBlade"},{"not_picked":["Velvet Choker","Coffee Dripper"],"picked":"Runic Pyramid"}],"items_purged_floors":[3,20,39,44],"is_endless":false,"potions_floor_spawned":[5,7,12,14,16,18,19,28,30,33,35,45,46],"ascension_level":11}}