{"host":"kpyf5rnb72uwap8k","time":1607579648,"event":{"gold_per_floor":[113,133,144,69,69,69,69,87,133,133,83,83,118,128,128,233,283,293,293,293,243,260,260,286,286,286,286,286],"floor_reached":27,"playtime":878,"items_purged":["Strike_R"],"score":252,"play_id":"177c845f-ca69-4ab8-a55b-0187f0d9c493","local_time":"20201210145408","is_ascension_mode":true,"campfire_choices":[{"data":"Anger","floor":6,"key":"SMITH"},{"data":"Entrench","floor":10,"key":"SMITH"},{"data":"Body Slam","floor":12,"key":"SMITH"},{"data":"Pommel Strike","floor":15,"key":"SMITH"},{"floor":23,"key":"REST"},{"floor":25,"key":"REST"}],"neow_cost":"NONE","seed_source_timestamp":246289284964000,"circlet_count":0,"master_deck":["Strike_R+1","Strike_R","Defend_R","Defend_R","Defend_R","Defend_R","Bash","Corruption","Body Slam+1","Flame Barrier","Anger+1","Entrench+1","Metallicize","Pommel Strike+1","True Grit","Warcry","Battle Trance"],"relics":["Burning Blood","Blood Vial","Regal Pillow","Tiny House","Champion Belt","Vajra","Bronze Scales"],"potions_floor_usage":[16,16,22,22,24,24],"damage_taken":[{"damage":18,"enemies":"Small Slimes","floor":1,"turns":4},{"damage":11,"enemies":"Cultist","floor":2,"turns":4},{"damage":2,"enemies":"2 Louse","floor":3,"turns":3},{"damage":28,"enemies":"Exordium Thugs","floor":8,"turns":6},{"damage":12,"enemies":"3 Sentries","floor":13,"turns":12},{"damage":0,"enemies":"Looter","floor":14,"turns":3},{"damage":42,"enemies":"Slime Boss","floor":16,"turns":11},{"damage":31,"enemies":"3 Byrds","floor":18,"turns":6},{"damage":21,"enemies":"Shell Parasite","floor":22,"turns":7},{"damage":64,"enemies":"Book of Stabbing","floor":24,"turns":9},{"damage":77,"enemies":"Gremlin Leader","floor":27,"turns":6}],"seed_played":"2375336717267832471","potions_obtained":[{"floor":8,"key":"SteroidPotion"},{"floor":13,"key":"Regen Potion"},{"floor":16,"key":"AttackPotion"},{"floor":17,"key":"EntropicBrew"},{"floor":24,"key":"Strength Potion"}],"is_trial":false,"path_per_floor":["M","M","M","$","?","R","$","M","T","R","?","R","E","M","R","B",null,"M","?","?","?","M","R","E","R","T","E"],"character_chosen":"IRONCLAD","items_purchased":[],"campfire_rested":2,"item_purchase_floors":[],"current_hp_per_floor":[68,63,67,67,67,67,67,45,45,45,45,45,41,49,49,30,85,60,60,60,60,47,85,27,67,67,0,0],"gold":286,"neow_bonus":"ONE_RANDOM_RARE_CARD","is_prod":false,"is_daily":false,"chose_seed":false,"campfire_upgraded":4,"win_rate":0,"timestamp":1607579648,"path_taken":["M","M","M","$","?","R","?","M","T","R","?","R","E","M","R","BOSS","M","?","?","?","M","R","E","R","T","E"],"build_version":"2020-11-30","purchased_purges":1,"victory":false,"max_hp_per_floor":[80,80,80,80,80,80,80,80,80,80,80,80,80,80,80,80,85,85,85,85,85,85,85,85,85,85,85,85],"card_choices":[{"not_picked":["Heavy Blade","Perfected Strike"],"picked":"Body Slam","floor":1},{"not_picked":["Reckless Charge","Twin Strike"],"picked":"Flame Barrier","floor":2},{"not_picked":["Thunderclap","Sever Soul"],"picked":"Anger","floor":3},{"not_picked":["Havoc","Dropkick"],"picked":"Entrench","floor":8},{"not_picked":["Clash","Sword Boomerang"],"picked":"Metallicize","floor":13},{"not_picked":["Sever Soul","Rage"],"picked":"Pommel Strike","floor":14},{"not_picked":["Warcry","Headbutt"],"picked":"True Grit","floor":17},{"not_picked":["Twin Strike+1","Whirlwind"],"picked":"Warcry","floor":18},{"not_picked":["Iron Wave","Carnage"],"picked":"Battle Trance","floor":22},{"not_picked":["Fire Breathing","Flame Barrier+1","Wild Strike"],"picked":"SKIP","floor":24}],"player_experience":202035,"relics_obtained":[{"floor":9,"key":"Blood Vial"},{"floor":13,"key":"Regal Pillow"},{"floor":24,"key":"Vajra"},{"floor":26,"key":"Bronze Scales"}],"event_choices":[{"cards_removed":["Strike_R"],"damage_healed":0,"gold_gain":0,"player_choice":"Purged","damage_taken":0,"max_hp_gain":0,"max_hp_loss":0,"event_name":"Purifier","floor":5,"gold_loss":0},{"cards_removed":["Strike_R"],"damage_healed":0,"gold_gain":0,"player_choice":"Card Removal","damage_taken":0,"max_hp_gain":0,"max_hp_loss":0,"event_name":"The Cleric","floor":11,"gold_loss":50},{"damage_healed":0,"gold_gain":0,"player_choice":"Ignored","damage_taken":0,"max_hp_gain":0,"max_hp_loss":0,"event_name":"Ghosts","floor":19,"gold_loss":0},{"damage_healed":0,"gold_gain":0,"player_choice":"Opened","damage_taken":0,"relics_obtained":["Champion Belt"],"max_hp_gain":0,"max_hp_loss":0,"event_name":"The Mausoleum","floor":20,"gold_loss":0},{"damage_healed":0,"gold_gain":0,"player_choice":"Bet on Murderer","damage_taken":0,"max_hp_gain":0,"max_hp_loss":0,"event_name":"The Joust","floor":21,"gold_loss":50}],"is_beta":false,"boss_relics":[{"not_picked":["SlaversCollar","Cursed Key"],"picked":"Tiny House"}],"items_purged_floors":[4],"is_endless":false,"potions_floor_spawned":[8,13,16,22,24],"killed_by":"Gremlin Leader","ascension_level":2}}