{"host":"e4wnmsyty9uvvtwf","time":1607607727,"event":{"gold_per_floor":[118,193,205,205,52,52,70,70,97,131,131,153,153,153,153,273,273,296,319,334,334,76,76,95,95,95,95,95,114,193,245,245,374,437,453,467,483,212,225,261,261,305,331,381,52,52,52,87,87,87],"floor_reached":51,"playtime":1292,"items_purged":["TheCursedMod:ParallelWorld+1","TheCursedMod:Stigma+1"],"score":1422,"play_id":"81dcc508-f5d0-41dc-9de9-79c5a5cb25ee","local_time":"20201210214207","is_ascension_mode":true,"campfire_choices":[{"data":"TheCursedMod:NeowsMight","floor":6,"key":"SMITH"},{"data":"TheCursedMod:Hemoplague","floor":8,"key":"SMITH"},{"data":"TheCursedMod:ParallelWorld","floor":11,"key":"SMITH"},{"floor":15,"key":"REST"},{"data":"TheCursedMod:CircleOfBlood","floor":23,"key":"SMITH"},{"data":"TheCursedMod:CircleOfFlame","floor":25,"key":"SMITH"},{"data":"TheCursedMod:CircleOfAbyss","floor":32,"key":"SMITH"},{"data":"TheCursedMod:Mangle","floor":41,"key":"SMITH"},{"data":"TheCursedMod:Mangle","floor":47,"key":"SMITH"},{"data":"TheCursedMod:CursedWand","floor":49,"key":"SMITH"}],"neow_cost":"NONE","seed_source_timestamp":17732815828700,"circlet_count":0,"master_deck":["TheCursedMod:CursedWand+1","TheCursedMod:CircleOfFlame+1","TheCursedMod:Mangle+1","TheCursedMod:Mangle+1","TheCursedMod:Mangle+1","TheCursedMod:AshesToAshes+1","TheCursedMod:NeowsMight+1","Flash of Steel+1","TheCursedMod:CircleOfBlood+1","TheCursedMod:CircleOfAbyss+1","TheCursedMod:Torture+1"],"relics":["TheCursedMod:Tack","Art of War","Golden Idol","Membership Card","Oddly Smooth Stone","CeramicFish","Black Star","Nilry\u0027s Codex","MealTicket","HandDrill","Centennial Puzzle","StrikeDummy","Shuriken","Meat on the Bone","Anchor","Vajra","Tiny House","Lizard Tail","Question Card","Toy Ornithopter","Letter Opener","Potion Belt","Darkstone Periapt","Boot","Calipers","Pantograph","Mercury Hourglass","Peace Pipe","Blood Vial","Thread and Needle"],"potions_floor_usage":[],"damage_taken":[{"damage":0,"enemies":"Jaw Worm","floor":1,"turns":1},{"damage":0,"enemies":"Small Slimes","floor":3,"turns":1},{"damage":0,"enemies":"Cultist","floor":7,"turns":1},{"damage":0,"enemies":"Lagavulin","floor":10,"turns":2},{"damage":2,"enemies":"Blue Slaver","floor":12,"turns":2},{"damage":0,"enemies":"Slime Boss","floor":16,"turns":3},{"damage":22,"enemies":"2 Thieves","floor":18,"turns":2},{"damage":14,"enemies":"Shell Parasite","floor":19,"turns":2},{"damage":0,"enemies":"Centurion and Healer","floor":20,"turns":1},{"damage":0,"enemies":"Cultist and Chosen","floor":24,"turns":1},{"damage":0,"enemies":"3 Cultists","floor":29,"turns":1},{"damage":0,"enemies":"Book of Stabbing","floor":31,"turns":1},{"damage":0,"enemies":"Automaton","floor":33,"turns":3},{"damage":0,"enemies":"3 Shapes","floor":35,"turns":1},{"damage":0,"enemies":"3 Darklings","floor":36,"turns":1},{"damage":0,"enemies":"Jaw Worm Horde","floor":37,"turns":2},{"damage":0,"enemies":"Spire Growth","floor":39,"turns":1},{"damage":0,"enemies":"Giant Head","floor":40,"turns":1},{"damage":2,"enemies":"Nemesis","floor":42,"turns":3},{"damage":0,"enemies":"Giant Head","floor":44,"turns":2},{"damage":0,"enemies":"Reptomancer","floor":48,"turns":1},{"damage":0,"enemies":"Donu and Deca","floor":50,"turns":1}],"seed_played":"4459309402285736552","potions_obtained":[{"floor":1,"key":"DistilledChaos"},{"floor":10,"key":"LiquidMemories"},{"floor":18,"key":"Fire Potion"},{"floor":44,"key":"Block Potion"},{"floor":48,"key":"Fire Potion"}],"is_trial":false,"path_per_floor":["M","?","M","?","$","R","M","R","T","E","R","M","?","?","R","B",null,"M","M","M","?","$","R","M","R","T","?","T","M","T","E","R","B",null,"M","M","M","$","M","E","R","E","T","E","$","?","R","E","R","B",null],"character_chosen":"THE_CURSED","items_purchased":["Membership Card","MealTicket","HandDrill","Centennial Puzzle","Lizard Tail","Question Card","Mercury Hourglass","Peace Pipe"],"campfire_rested":1,"item_purchase_floors":[5,22,22,22,38,38,45,45],"current_hp_per_floor":[75,64,64,46,46,46,46,46,46,46,46,44,44,29,51,63,75,65,55,71,55,55,55,75,75,75,75,75,75,75,75,75,75,80,80,80,80,80,80,80,80,78,78,80,80,80,80,80,80,80],"gold":87,"neow_bonus":"RANDOM_COMMON_RELIC","is_prod":false,"is_daily":false,"chose_seed":false,"campfire_upgraded":9,"win_rate":0,"timestamp":1607607727,"path_taken":["M","?","M","?","?","R","?","R","T","E","R","M","?","?","R","BOSS","M","M","M","?","$","R","M","R","T","?","?","M","?","E","R","BOSS","M","M","?","$","?","E","R","E","T","E","$","?","R","E","R","BOSS"],"build_version":"2020-11-30","purchased_purges":2,"victory":true,"max_hp_per_floor":[75,75,75,75,75,75,75,75,75,75,75,75,75,75,75,75,75,75,75,75,75,75,75,75,75,75,75,75,75,75,75,75,75,80,80,80,80,80,80,80,80,80,80,80,80,80,80,80,80,80],"card_choices":[{"not_picked":["TheCursedMod:SpreadPlague","TheCursedMod:CursedAmulet","TheCursedMod:Evocation"],"picked":"SKIP","floor":1},{"not_picked":["TheCursedMod:FleshFromBone","TheCursedMod:RavingStaff","TheCursedMod:Wield"],"picked":"SKIP","floor":3},{"not_picked":["TheCursedMod:CircleOfWindfury","TheCursedMod:CursedStaff"],"picked":"TheCursedMod:Hemoplague","floor":7},{"not_picked":["TheCursedMod:VoidForm","TheCursedMod:RavingStaff","TheCursedMod:VitalStrike"],"picked":"SKIP","floor":10},{"not_picked":["TheCursedMod:WearCloak","TheCursedMod:RapidMovement"],"picked":"TheCursedMod:CircleOfBlood","floor":12},{"not_picked":["TheCursedMod:TacticalStrike+1","TheCursedMod:ManaBullet","TheCursedMod:CursedMace+1"],"picked":"SKIP","floor":18},{"not_picked":["TheCursedMod:CircleOfCorruption","TheCursedMod:CursedMace+1","TheCursedMod:FleshFromBone"],"picked":"SKIP","floor":19},{"not_picked":["TheCursedMod:RavingStaff","TheCursedMod:CircleOfFlame","TheCursedMod:Grudge"],"picked":"SKIP","floor":20},{"not_picked":["TheCursedMod:BlessingInDisguise","TheCursedMod:TacticalStrike","TheCursedMod:Stretching"],"picked":"SKIP","floor":24},{"not_picked":["TheCursedMod:Torture","TheCursedMod:SurpriseAttack+1","TheCursedMod:TacticalStrike"],"picked":"SKIP","floor":29},{"not_picked":["TheCursedMod:SpreadPlague+1","TheCursedMod:CircleOfAmplification"],"picked":"TheCursedMod:CircleOfAbyss","floor":31},{"not_picked":["TheCursedMod:Grudge","TheCursedMod:Evocation","TheCursedMod:CursedBoomerang"],"picked":"SKIP","floor":35},{"not_picked":["TheCursedMod:CursedShiv+1","TheCursedMod:Stigma","TheCursedMod:TacticalStrike"],"picked":"SKIP","floor":36},{"not_picked":["TheCursedMod:RapidMovement+1","TheCursedMod:SmokeScreen+1","TheCursedMod:CircleOfWindfury"],"picked":"SKIP","floor":37},{"not_picked":["TheCursedMod:ReleasedKnowledge+1","TheCursedMod:HellfireBreathing","TheCursedMod:Wield","TheCursedMod:CursedMace+1"],"picked":"SKIP","floor":39},{"not_picked":["TheCursedMod:FleshFromBone","TheCursedMod:SoulCrush+1","TheCursedMod:CircleOfCorruption","TheCursedMod:SmokeScreen"],"picked":"SKIP","floor":40},{"not_picked":["TheCursedMod:ManaBullet","TheCursedMod:VitalStrike+1","TheCursedMod:CursedAmulet+1","TheCursedMod:CursedMace+1"],"picked":"SKIP","floor":42},{"not_picked":["TheCursedMod:BlessingInDisguise+1","TheCursedMod:AbyssShockwave+1","TheCursedMod:Stretching+1"],"picked":"TheCursedMod:Torture+1","floor":44},{"not_picked":["TheCursedMod:Evocation+1","TheCursedMod:RavingStaff","TheCursedMod:LuckyCharm","TheCursedMod:Hemoplague"],"picked":"SKIP","floor":48}],"player_experience":477861,"relics_obtained":[{"floor":9,"key":"Oddly Smooth Stone"},{"floor":10,"key":"CeramicFish"},{"floor":21,"key":"Nilry\u0027s Codex"},{"floor":26,"key":"StrikeDummy"},{"floor":28,"key":"Shuriken"},{"floor":30,"key":"Meat on the Bone"},{"floor":31,"key":"Anchor"},{"floor":31,"key":"Vajra"},{"floor":40,"key":"Toy Ornithopter"},{"floor":40,"key":"Letter Opener"},{"floor":42,"key":"Potion Belt"},{"floor":42,"key":"Darkstone Periapt"},{"floor":43,"key":"Boot"},{"floor":44,"key":"Calipers"},{"floor":44,"key":"Pantograph"},{"floor":48,"key":"Blood Vial"},{"floor":48,"key":"Thread and Needle"}],"event_choices":[{"damage_healed":0,"gold_gain":75,"player_choice":"Gather Gold","damage_taken":11,"max_hp_gain":0,"max_hp_loss":0,"event_name":"World of Goop","floor":2,"gold_loss":0},{"damage_healed":0,"gold_gain":0,"player_choice":"Take Damage","damage_taken":18,"relics_obtained":["Golden Idol"],"max_hp_gain":0,"max_hp_loss":0,"event_name":"Golden Idol","floor":4,"gold_loss":0},{"damage_healed":0,"gold_gain":0,"player_choice":"Grow","damage_taken":0,"max_hp_gain":0,"max_hp_loss":0,"event_name":"Living Wall","floor":13,"gold_loss":0,"cards_upgraded":["TheCursedMod:AshesToAshes"]},{"damage_healed":0,"gold_gain":0,"player_choice":"Entered Light","damage_taken":15,"max_hp_gain":0,"max_hp_loss":0,"event_name":"Shining Light","floor":14,"gold_loss":0,"cards_upgraded":["TheCursedMod:Stigma","Flash of Steel"]},{"damage_healed":0,"gold_gain":0,"player_choice":"Obtained Book","damage_taken":16,"max_hp_gain":0,"max_hp_loss":0,"event_name":"Cursed Tome","floor":21,"gold_loss":0},{"damage_healed":0,"gold_gain":0,"player_choice":"Ignored","damage_taken":0,"max_hp_gain":0,"max_hp_loss":0,"event_name":"Vampires","floor":27,"gold_loss":0},{"cards_removed":["TheCursedMod:Hemoplague"],"damage_healed":0,"gold_gain":0,"player_choice":"Removed Power","damage_taken":0,"max_hp_gain":0,"max_hp_loss":0,"event_name":"Falling","floor":46,"gold_loss":0}],"is_beta":false,"boss_relics":[{"not_picked":["Pandora\u0027s Box","TheCursedMod:FourLeafCloverCharm"],"picked":"Black Star"},{"not_picked":["Cursed Key","Astrolabe"],"picked":"Tiny House"}],"items_purged_floors":[22,45],"is_endless":false,"potions_floor_spawned":[1,10,18,33,39,40,44,48],"ascension_level":4}}