{"host":"19qo8qle2l71a8qw","time":1607625843,"event":{"mods":["BaseMod","StSLib","Hubris","Replay The Spire","Colored Map","The Construct","Beaked The Cultist","Shop Mod","The Jungle","The Necromancer","The Sage","The Runesmith","Conspire","Friendly Minions","Halation","Mimic Mod","Minty Spire (QoL Compilation)","The Druid","Reworked Bosses","Custom Start","Random Character Mod","Infinite Spire","Synergy Search","BetterRewards","Colored Powertips","Energized Spire","Random Character Button","TheArtist","Downfall"],"gold_per_floor":[119,131,0,0,18,44,57,57,57,89,65,92,108,139,139,243,243,257,357,357,357,376,376,391,391,425,457,457,486,118,132,132,230,230,246,246,246,246,266,248,248,279,353,353,353,366,8,21,21,21],"floor_reached":51,"playtime":3943,"items_purged":[],"score":1198,"play_id":"1f2baa88-10ab-44dc-9765-875b2baa0a7e","local_time":"20201210194403","is_ascension_mode":true,"campfire_choices":[{"data":"Eruption","floor":8.0,"key":"SMITH"},{"floor":15.0,"key":"DIG"},{"floor":23.0,"key":"REST"},{"floor":25.0,"key":"REST"},{"floor":32.0,"key":"REST"},{"floor":41,"key":"REST"},{"floor":49,"key":"REST"}],"circlet_count":0,"master_deck":["Strike_P","Strike_P","Strike_P","Strike_P","Defend_P","Defend_P","Defend_P","Defend_P","Eruption+1","Vigilance","LikeWater","Prostrate","Protect","CarveReality","Replay:Anticipation","PathToVictory","MentalFortress","FollowUp","Replay:Anticipation","Blasphemy","WindmillStrike","Consecrate","Vengeance","Vault","PathToVictory","Ragnarok","FlurryOfBlows","BowlingBash","SpiritShield","ForeignInfluence","ReplayTheSpireMod:Splinters","FlurryOfBlows","PathToVictory","Replay:Vibes+1","Ragnarok","Replay:ManipulateFuture","ReachHeaven","Halt","SashWhip+1","SandsOfTime","Apotheosis","ClearTheMind","Establishment","Prostrate+1","ConjureBlade","Crescendo+1","Eruption","expansioncontent:PolyBeam","FollowUp+1","PathToVictory","Replay:ManipulateFuture+1","PathToVictory+1","LikeWater","CrushJoints"],"special_seed":0,"relics":["PureWater","CaptainsWheel","hubris:DeckOfHolding","Potion Belt","Art of War","halation:BottledLove","Juzu Bracelet","hubris:BottledRain","Fusion Hammer","hubris:BundleOfHerbs","Iron Hammer","halation:PinkSoulGem","Runesmith:AutoHammer","conspire:SpecialSausage","hubris:Icosahedron","halation:KoshaPiece","Omamori","Quantum Egg","ReplayTheSpireMod:Ninjato","hubris:Towel","Replay:Wax Seal","ClockworkSouvenir","Bottled Flame"],"acts_visited":["Exordium","TheCity","TheBeyond"],"potions_floor_usage":[40,42,46,50],"damage_taken":[{"damage":0.0,"enemies":"2 Louse","floor":1.0,"turns":4.0},{"damage":0.0,"enemies":"Cultist","floor":2.0,"turns":2.0},{"damage":4.0,"enemies":"conspire:RoseBush","floor":5.0,"turns":2.0},{"damage":0.0,"enemies":"Lagavulin","floor":6.0,"turns":5.0},{"damage":0.0,"enemies":"Exordium Wildlife","floor":7.0,"turns":5.0},{"damage":1.0,"enemies":"Replay:BlueRogue","floor":10.0,"turns":4.0},{"damage":0.0,"enemies":"Gremlin Nob","floor":12.0,"turns":4.0},{"damage":16.0,"enemies":"Large Slime","floor":13.0,"turns":6.0},{"damage":4.0,"enemies":"Replay:BlueRogue","floor":14.0,"turns":4.0},{"damage":0.0,"enemies":"Hexaghost","floor":16.0,"turns":9.0},{"damage":2.0,"enemies":"Shell Parasite","floor":18.0,"turns":2.0},{"damage":17.0,"enemies":"2 Thieves","floor":22.0,"turns":3.0},{"damage":12.0,"enemies":"Centurion and Healer","floor":24.0,"turns":4.0},{"damage":13.0,"enemies":"conspire:HollyBat","floor":26.0,"turns":13.0},{"damage":8.0,"enemies":"conspire:Head Lice","floor":27.0,"turns":6.0},{"damage":12.0,"enemies":"conspire:SneckoGhost","floor":29.0,"turns":4.0},{"damage":20.0,"enemies":"conspire:HollyBat","floor":31.0,"turns":10.0},{"damage":46.0,"enemies":"bossMod:newCollector","floor":33.0,"turns":7.0},{"damage":15,"enemies":"Orb Walker","floor":35,"turns":3},{"damage":31,"enemies":"3 Shapes","floor":39,"turns":6},{"damage":5,"enemies":"Reptomancer","floor":40,"turns":5},{"damage":31,"enemies":"Giant Head","floor":42,"turns":5},{"damage":18,"enemies":"Sphere and 2 Shapes","floor":46,"turns":2},{"damage":12,"enemies":"3 Darklings","floor":48,"turns":5},{"damage":72,"enemies":"infinitespire:MassOfShapes","floor":50,"turns":11}],"seed_played":"-8389051203203936676","potions_obtained":[{"floor":1.0,"key":"SkillPotion"},{"floor":7.0,"key":"hexamod:EctoCoolerPotion"},{"floor":10.0,"key":"hexamod:EctoCoolerPotion"},{"floor":12.0,"key":"Dexterity Potion"},{"floor":13.0,"key":"PowerPotion"},{"floor":14.0,"key":"Weak Potion"},{"floor":27.0,"key":"sagemod:Wine"},{"floor":29.0,"key":"DuplicationPotion"},{"floor":31.0,"key":"Regen Potion"},{"floor":35,"key":"sneckomod:MuddlingPotion"},{"floor":40,"key":"LiquidMemories"},{"floor":48,"key":"SpeedPotion"}],"is_trial":false,"path_per_floor":["M","M","$","?","M","E","M","R","T","E","$","E","M","E","R_BF","B",null,"M","?","?","?","M","R","M","R","MIM","E","?","E","$","M","R","B",null,"M","?","?","?","M","E","R","E","T","T","?","M","$","M","R","B",null],"character_chosen":"WATCHER","items_purchased":["LikeWater","Prostrate","PathToVictory","MentalFortress","PathToVictory","Apotheosis","ClearTheMind","Establishment","Replay:Wax Seal","ClockworkSouvenir","Bottled Flame","LikeWater","LifebloodPotion"],"campfire_rested":5,"item_purchase_floors":[0,0,3,3,11,30,30,30,47,47,47,47,47],"current_hp_per_floor":[57,57,57,57,53,53,53,53,53,52,52,52,36,32,32,32,72,70,70,57,57,40,63,55,77,64,56,56,44,44,24,47,13,77,62,62,62,62,31,52,75,44,44,44,44,59,59,47,70,26],"gold":21,"neow_bonus":"","is_daily":false,"chose_seed":false,"campfire_upgraded":1,"win_rate":0,"timestamp":1607625843,"path_taken":["M","M","$","?","M","E","M","R","T","E","$","E","?","E","R_BF","BOSS","M","?","?","?","M","R","M","R","MIM","E","?","E","$","M","R","BOSS","M","?","?","?","M","E","R","E","T","?","?","M","$","M","R","BOSS"],"build_version":"2020-11-30","purchased_purges":0,"victory":true,"max_hp_per_floor":[72,72,72,72,72,72,72,72,72,72,72,72,72,72,72,72,72,72,72,77,77,77,77,77,77,77,77,77,77,77,77,77,77,77,77,77,77,77,77,77,77,77,77,77,77,77,77,77,77,77],"card_choices":[{"not_picked":["CutThroughFate","TalkToTheHand"],"picked":"CarveReality","floor":1.0},{"not_picked":["ClearTheMind","Wireheading"],"picked":"Replay:Anticipation","floor":2.0},{"not_picked":["FollowUp","Protect"],"picked":"WindmillStrike","floor":5.0},{"not_picked":["CrushJoints","Replay:BluntJabs"],"picked":"Consecrate","floor":6.0},{"not_picked":["CrushJoints","WaveOfTheHand"],"picked":"Vengeance","floor":7.0},{"not_picked":["Conclude","Replay:DivineShield"],"picked":"Vault","floor":10.0},{"not_picked":["PathToVictory","Adaptation"],"picked":"Ragnarok","floor":12.0},{"not_picked":["SashWhip","CutThroughFate"],"picked":"FlurryOfBlows","floor":13.0},{"not_picked":["ClearTheMind","Replay:BluntJabs"],"picked":"BowlingBash","floor":14.0},{"not_picked":["Vault","Blasphemy"],"picked":"SpiritShield","floor":16.0},{"not_picked":["ClearTheMind","JustLucky"],"picked":"ForeignInfluence","floor":18.0},{"not_picked":["Collect","EmptyFist"],"picked":"FlurryOfBlows","floor":19.0},{"not_picked":["Halt","Ragnarok"],"picked":"PathToVictory","floor":19.0},{"not_picked":["Halt","WaveOfTheHand"],"picked":"Replay:Vibes+1","floor":19.0},{"not_picked":["Pray+1","EmptyFist"],"picked":"Replay:ManipulateFuture","floor":22.0},{"not_picked":["Prostrate","Halt"],"picked":"ReachHeaven","floor":24.0},{"not_picked":["Nirvana","ThirdEye"],"picked":"Halt","floor":26.0},{"not_picked":["EmptyFist","Replay:BluntJabs+1"],"picked":"SashWhip+1","floor":27.0},{"not_picked":["EmptyBody","Consecrate"],"picked":"SandsOfTime","floor":29.0},{"not_picked":["ThirdEye+1","JustLucky+1"],"picked":"Prostrate+1","floor":31.0},{"not_picked":["Devotion","Establishment"],"picked":"ConjureBlade","floor":33.0},{"not_picked":["DeceiveReality","Fasting2"],"picked":"Crescendo+1","floor":35},{"not_picked":["EmptyFist","Consecrate+1"],"picked":"FollowUp+1","floor":39},{"not_picked":["Pray+1","Vault"],"picked":"PathToVictory","floor":40},{"not_picked":["Replay:BluntJabs+1","Crescendo"],"picked":"Replay:ManipulateFuture+1","floor":42},{"not_picked":["CrushJoints","Halt+1"],"picked":"PathToVictory+1","floor":46},{"not_picked":["ThirdEye","Replay:Anticipation"],"picked":"CrushJoints","floor":48}],"player_experience":635585,"relics_obtained":[{"floor":6.0,"key":"hubris:DeckOfHolding"},{"floor":9.0,"key":"Potion Belt"},{"floor":10.0,"key":"Art of War"},{"floor":12.0,"key":"halation:BottledLove"},{"floor":14.0,"key":"Juzu Bracelet"},{"floor":15.0,"key":"hubris:BottledRain"},{"floor":26.0,"key":"hubris:BundleOfHerbs"},{"floor":27.0,"key":"Iron Hammer"},{"floor":29.0,"key":"Runesmith:AutoHammer"},{"floor":40,"key":"halation:KoshaPiece"},{"floor":42,"key":"Omamori"},{"floor":43,"key":"Quantum Egg"},{"floor":44,"key":"ReplayTheSpireMod:Ninjato"}],"event_choices":[{"damage_healed":0.0,"max_hp_gain":0.0,"max_hp_loss":0.0,"gold_gain":0.0,"event_name":"Match and Keep!","player_choice":"3 cards matched","floor":4.0,"gold_loss":0.0,"damage_taken":0.0,"cards_obtained":["FollowUp","Replay:Anticipation","Blasphemy"]},{"damage_healed":0.0,"max_hp_gain":5.0,"max_hp_loss":0.0,"gold_gain":0.0,"event_name":"Forgotten Altar","player_choice":"Shed Blood","floor":20.0,"gold_loss":0.0,"damage_taken":18.0},{"damage_healed":0.0,"max_hp_gain":0.0,"max_hp_loss":0.0,"gold_gain":0.0,"event_name":"Duplicator","player_choice":"Copied","floor":21.0,"gold_loss":0.0,"damage_taken":0.0,"cards_obtained":["Ragnarok"]},{"damage_healed":0,"gold_gain":0,"player_choice":"2 cards matched","damage_taken":0,"max_hp_gain":0,"max_hp_loss":0,"event_name":"Match and Keep!","floor":37,"gold_loss":0,"cards_obtained":["Eruption","expansioncontent:PolyBeam"]}],"is_beta":false,"boss_relics":[{"not_picked":["Velvet Choker","beaked:MawFillet"],"picked":"Fusion Hammer"},{"not_picked":["hubris:ScarierMask","conspire:SeveredTorchhead"],"picked":"conspire:SpecialSausage"}],"items_purged_floors":[],"is_endless":false,"potions_floor_spawned":[1,7,10,12,13,14,27,29,31,35,40,48],"ascension_level":1}}