{"host":"u515qumgrc6s41he","time":1607591946,"event":{"gold_per_floor":[112,123,143,162,162,162,178,212,235,252,252,270,296,313,313,416,416,433,433,112,123,135,168,168,168,168,168,168,168,168],"floor_reached":29,"playtime":1680,"items_purged":[],"score":400,"play_id":"7eba8adb-095e-4184-a9ef-2adf3d1d37c1","local_time":"20201210181906","is_ascension_mode":true,"campfire_choices":[{"data":"Feed","floor":6.0,"key":"SMITH"},{"floor":15.0,"key":"REST"},{"data":"Demon Form","floor":24,"key":"SMITH"},{"floor":27,"key":"REST"}],"neow_cost":"PERCENT_DAMAGE","seed_source_timestamp":0,"circlet_count":0,"master_deck":["Strike_R","Strike_R","Strike_R","Strike_R","Defend_R+1","Defend_R","Defend_R","Bash","Feed+1","Heavy Blade","Bloodletting","Flex","Pommel Strike","Demon Form+1","Dual Wield","Spot Weakness","Shrug It Off+1","Cleave","Pommel Strike","Corruption","CurseOfTheBell","Run Through","Inflame","Bloodletting+1","Havoc+1","Flex"],"special_seed":0,"relics":["Burning Blood","ReplayTheSpireMod:Lightbulb","Gremlin Food","Bronze Scales","Calling Bell","Replay:Wax Seal","Snack Pack","Counterbalance","Paper Frog","Omamori"],"potions_floor_usage":[19,22,23,23,25],"damage_taken":[{"damage":7.0,"enemies":"2 Louse","floor":1.0,"turns":3.0},{"damage":1.0,"enemies":"Cultist","floor":2.0,"turns":3.0},{"damage":10.0,"enemies":"Jaw Worm","floor":3.0,"turns":3.0},{"damage":15.0,"enemies":"3 Louse","floor":4.0,"turns":5.0},{"damage":17.0,"enemies":"Lots of Slimes","floor":7.0,"turns":4.0},{"damage":20.0,"enemies":"Lagavulin","floor":8.0,"turns":7.0},{"damage":18.0,"enemies":"Gremlin Gang","floor":10.0,"turns":5.0},{"damage":3.0,"enemies":"Looter","floor":12.0,"turns":1.0},{"damage":13.0,"enemies":"3 Sentries","floor":13.0,"turns":5.0},{"damage":12.0,"enemies":"Exordium Wildlife","floor":14.0,"turns":4.0},{"damage":58.0,"enemies":"The Guardian","floor":16.0,"turns":9.0},{"damage":16.0,"enemies":"Chosen","floor":18.0,"turns":4.0},{"damage":8,"enemies":"3 Byrds","floor":21,"turns":6},{"damage":26,"enemies":"Shelled Parasite and Fungi","floor":22,"turns":2},{"damage":74,"enemies":"Gremlin Leader","floor":23,"turns":6},{"damage":0,"enemies":"Centurion and Healer","floor":25,"turns":1},{"damage":0,"enemies":"Snake Plant","floor":29,"turns":1}],"seed_played":"4944690751286470017","potions_obtained":[{"floor":1.0,"key":"Weak Potion"},{"floor":4.0,"key":"SpeedPotion"},{"floor":10.0,"key":"Adrenaline Potion"},{"floor":12.0,"key":"Toxic Potion"},{"floor":13.0,"key":"Adrenaline Potion"},{"floor":16.0,"key":"PowerPotion"},{"floor":18,"key":"DistilledChaos"},{"floor":19,"key":"Fruit Juice"},{"floor":19,"key":"SmokeBomb"},{"floor":22,"key":"DistilledChaos"}],"is_trial":false,"path_per_floor":["M","M","M","M","?","R","M","E","T","M","?","M","E","M","R","B",null,"M","?","$","M","M","E","R","M","T","R","?","M"],"character_chosen":"IRONCLAD","items_purchased":["Paper Frog","Inflame"],"campfire_rested":2,"item_purchase_floors":[20,20],"current_hp_per_floor":[53,61,57,51,51,51,44,34,34,26,19,26,27,25,60,8,90,86,91,91,95,81,19,19,25,25,65,36,36,36],"gold":168,"neow_bonus":"THREE_RARE_CARDS","is_prod":false,"is_daily":false,"chose_seed":false,"campfire_upgraded":2,"win_rate":0,"timestamp":1607591946,"path_taken":["M","M","M","M","?","R","?","E","T","M","?","M","E","M","R","BOSS","M","?","$","M","?","E","R","?","T","R","?","M"],"build_version":"2020-11-30","purchased_purges":0,"victory":false,"max_hp_per_floor":[83,86,86,89,89,89,93,97,97,101,101,105,113,117,117,117,117,121,126,126,130,134,134,134,134,134,134,139,139,139],"relic_stats":{"counters":[17,69],"Bronze Scales":[124],"obtain_stats":[{"Gremlin Food":9,"Calling Bell":17,"Bronze Scales":13,"Counterbalance":17,"Snack Pack":17,"Omamori":23,"Replay:Wax Seal":17,"ReplayTheSpireMod:Lightbulb":8,"Burning Blood":0,"Paper Frog":20},{"Gremlin Food":6,"Calling Bell":11,"Bronze Scales":9,"Counterbalance":11,"Snack Pack":11,"Omamori":15,"Replay:Wax Seal":11,"ReplayTheSpireMod:Lightbulb":6,"Burning Blood":0,"Paper Frog":12},{"Gremlin Food":25,"Calling Bell":49,"Bronze Scales":36,"Counterbalance":49,"Snack Pack":49,"Omamori":67,"Replay:Wax Seal":49,"ReplayTheSpireMod:Lightbulb":25,"Burning Blood":0,"Paper Frog":53}],"Burning Blood":96},"card_choices":[{"not_picked":["Replay:Many Hands","Berserk"],"picked":"Feed","floor":0.0},{"not_picked":["Defy Death","Run Through"],"picked":"Heavy Blade","floor":1.0},{"not_picked":["Clash","Perfected Strike"],"picked":"Bloodletting","floor":2.0},{"not_picked":["ReplayTheSpireMod:Limb From Limb","Disarm"],"picked":"Flex","floor":3.0},{"not_picked":["Twin Strike","Warcry"],"picked":"Pommel Strike","floor":4.0},{"not_picked":["Dropkick","Flex","Clash"],"picked":"SKIP","floor":7.0},{"not_picked":["Run Through","Replay:Undeath\u0027s Touch"],"picked":"Dual Wield","floor":8.0},{"not_picked":["Cleave","Dark Embrace"],"picked":"Spot Weakness","floor":10.0},{"not_picked":["Demonic Infusion","Run Through"],"picked":"Shrug It Off","floor":12.0},{"not_picked":["Clothesline","Blood for Blood"],"picked":"Cleave","floor":13.0},{"not_picked":["Warcry","ReplayTheSpireMod:Strike From Hell"],"picked":"Pommel Strike","floor":14.0},{"not_picked":["Hemogenesis","Fiend Fire"],"picked":"Corruption","floor":16.0},{"not_picked":["Wild Strike","Reckless Charge"],"picked":"Run Through","floor":18},{"not_picked":["Intimidate","Sword Boomerang"],"picked":"Bloodletting+1","floor":21},{"not_picked":["Body Slam","Run Through"],"picked":"Havoc+1","floor":22},{"not_picked":["Uppercut","Clothesline"],"picked":"Flex","floor":23}],"player_experience":175215,"relics_obtained":[{"floor":8.0,"key":"ReplayTheSpireMod:Lightbulb"},{"floor":9.0,"key":"Gremlin Food"},{"floor":13.0,"key":"Bronze Scales"},{"floor":17.0,"key":"Replay:Wax Seal"},{"floor":17.0,"key":"Snack Pack"},{"floor":17.0,"key":"Counterbalance"},{"floor":23,"key":"Omamori"}],"event_choices":[{"damage_healed":0.0,"max_hp_gain":0.0,"max_hp_loss":0.0,"gold_gain":0.0,"cards_transformed":["Strike_R"],"event_name":"Transmorgrifier","player_choice":"Transformed","floor":5.0,"gold_loss":0.0,"damage_taken":0.0,"cards_obtained":["Demon Form"]},{"cards_removed":["Defend_R"],"damage_healed":0.0,"max_hp_gain":0.0,"max_hp_loss":0.0,"gold_gain":0.0,"event_name":"Golden Wing","player_choice":"Card Removal","floor":11.0,"gold_loss":0.0,"damage_taken":7.0},{"damage_healed":0,"gold_gain":0,"player_choice":"Got Potions","damage_taken":0,"max_hp_gain":0,"max_hp_loss":0,"event_name":"Lab","floor":19,"gold_loss":0},{"damage_healed":0,"gold_gain":0,"player_choice":"Shed Blood","damage_taken":34,"max_hp_gain":5,"max_hp_loss":0,"event_name":"Forgotten Altar","floor":28,"gold_loss":0}],"is_beta":false,"boss_relics":[{"not_picked":["Pandora\u0027s Box","SacredBark"],"picked":"Calling Bell"}],"items_purged_floors":[],"is_endless":false,"potions_floor_spawned":[1,4,10,12,13,16,18,22,25],"killed_by":"Snake Plant","ascension_level":7}}