{"host":"ec2wu4mdnvke243f","time":1607629124,"event":{"mods":["2.2 Compatiblity","BaseMod","StSLib","Hermit","AchievementEnabler","Defuse TimeMaze Blight","Downfall","Minty Spire (QoL Compilation)","The Servant 0.9.4","The Cursed","The Disciple","The Jungle","Infinite Spire"],"gold_per_floor":[99,131,142,142,174,159,159,192,209,242,242,252,302,35,53,53,53],"floor_reached":16,"playtime":982,"items_purged":[],"score":134,"play_id":"996be52f-edf1-4cb4-a98f-af4f50dc425b","local_time":"20201210203844","is_ascension_mode":true,"campfire_choices":[{"floor":1,"key":"RECALL"},{"floor":4,"key":"REST"}],"circlet_count":0,"master_deck":["hermit:Strike_Hermit+1","hermit:Strike_Hermit+1","hermit:Strike_Hermit","hermit:Strike_Hermit","hermit:Defend_Hermit","hermit:Defend_Hermit","hermit:Defend_Hermit","hermit:Defend_Hermit","hermit:Snapshot","hermit:Covet","expansioncontent:Sear","hermit:Grudge","hermit:Manifest","hermit:GhostlyPresence","hermit:Deadeye","hermit:LowProfile","hermit:Showdown+1","hermit:Shortfuse","hermit:Magnum","hermit:Spite"],"relics":["hermit:Momento","The Courier","Nunchaku","Whetstone","infinitespire:Satchel","infinitespire:Lucky Rock","ClockworkSouvenir"],"acts_visited":["Exordium"],"potions_floor_usage":[10,12,16,16],"damage_taken":[{"damage":36,"enemies":"Lagavulin","floor":2,"turns":7},{"damage":1,"enemies":"Cultist","floor":3,"turns":3},{"damage":20,"enemies":"Gremlin Nob","floor":5,"turns":4},{"damage":0,"enemies":"downfall:FleeingMerchant","floor":6,"turns":4},{"damage":21,"enemies":"Lagavulin","floor":8,"turns":11},{"damage":2,"enemies":"2 Louse","floor":9,"turns":2},{"damage":16,"enemies":"3 Sentries","floor":10,"turns":12},{"damage":0,"enemies":"Small Slimes","floor":12,"turns":2},{"damage":0,"enemies":"downfall:FleeingMerchant","floor":14,"turns":4},{"damage":0,"enemies":"Blue Slaver","floor":15,"turns":3},{"damage":1,"enemies":"downfall:CharBossSilent","floor":16,"turns":2}],"seed_played":"2432710016086572278","potions_obtained":[{"floor":3,"key":"BlessingOfTheForge"},{"floor":8,"key":"Dexterity Potion"},{"floor":9,"key":"hermit:Tonic"},{"floor":12,"key":"Guardian:BlockOnCardUsePotion"}],"is_trial":false,"path_per_floor":["R","E","M","R","E","$","T","E","M","E","?","M","T","$","M","B"],"character_chosen":"HERMIT","items_purchased":["hermit:Magnum","ClockworkSouvenir"],"campfire_rested":1,"item_purchase_floors":[14,14],"current_hp_per_floor":[75,39,38,60,40,40,40,19,17,1,1,1,1,1,1,0,0],"gold":53,"neow_bonus":"RANDOM_COLORLESS","is_daily":false,"chose_seed":false,"campfire_upgraded":0,"win_rate":0,"timestamp":1607629124,"path_taken":["R","E","M","R","E","$","T","E","M","E","?","?","?","?","M","BOSS"],"build_version":"2020-11-30","purchased_purges":0,"victory":false,"max_hp_per_floor":[75,75,75,75,75,75,75,75,75,75,75,75,75,75,75,75,75],"card_choices":[{"not_picked":["Forethought","Enlightenment"],"picked":"expansioncontent:Sear","floor":0},{"not_picked":["hermit:BigShot","hermit:WideOpen"],"picked":"hermit:Grudge","floor":2},{"not_picked":["hermit:LowProfile","hermit:ItchyTrigger"],"picked":"hermit:Manifest","floor":3},{"not_picked":["hermit:PistolWhip","hermit:WideOpen"],"picked":"hermit:GhostlyPresence","floor":5},{"not_picked":["hermit:PistolWhip","hermit:Desperado"],"picked":"hermit:Deadeye","floor":8},{"not_picked":["hermit:ShadowCloak","hermit:Glare"],"picked":"hermit:LowProfile","floor":9},{"not_picked":["hermit:Enervate","hermit:ShadowCloak"],"picked":"hermit:Showdown","floor":10},{"not_picked":["hermit:Snipe","hermit:GhostlyPresence"],"picked":"hermit:Shortfuse","floor":12},{"not_picked":["hermit:LowProfile","hermit:ItchyTrigger"],"picked":"hermit:Spite","floor":15}],"player_experience":501543,"relics_obtained":[{"floor":2,"key":"The Courier"},{"floor":5,"key":"Nunchaku"},{"floor":8,"key":"Whetstone"},{"floor":10,"key":"infinitespire:Satchel"},{"floor":13,"key":"infinitespire:Lucky Rock"}],"event_choices":[{"damage_healed":0,"gold_gain":0,"player_choice":"Upgraded","damage_taken":0,"max_hp_gain":0,"max_hp_loss":0,"event_name":"Upgrade Shrine","floor":11,"gold_loss":0,"cards_upgraded":["hermit:Showdown"]}],"is_beta":false,"boss_relics":[],"items_purged_floors":[],"is_endless":false,"potions_floor_spawned":[3,8,9,12],"killed_by":"downfall:CharBossSilent","ascension_level":1}}