{"host":"zkqorkqsr6o67e8b","time":1607583332,"event":{"gold_per_floor":[115,138,158,178,52,52,66,97,97,147,147,167,182,211,211,285,285,260,710,725,368,385,385,402,9,9,9,19,45,61,95,95,173,173,184,184,200,220,115,145,145,177,177,205,231,241,251,251,251,251,251,251,101,129,129],"floor_reached":56,"playtime":3554,"items_purged":["alterego_mod:Strike","alterego_mod:Strike","Regret","alterego_mod:GachaTicket"],"score":2324,"play_id":"08500a2c-49ca-4f0d-802b-fd5a10e3f6ce","local_time":"20201210145532","is_ascension_mode":true,"campfire_choices":[{"data":"alterego_mod:BrynhildrRomantia","floor":6.0,"key":"SMITH"},{"data":"alterego_mod:TrashNCrash","floor":11.0,"key":"SMITH"},{"data":"alterego_mod:Schoolgirl","floor":15.0,"key":"SMITH"},{"data":"Enlightenment","floor":23.0,"key":"SMITH"},{"floor":27.0,"key":"REST"},{"data":"alterego_mod:AlterEgo","floor":32.0,"key":"SMITH"},{"data":"Deep Breath","floor":41.0,"key":"SMITH"},{"floor":49.0,"key":"RECALL"},{"data":"alterego_mod:GIGAMILK","floor":52.0,"key":"SMITH"}],"neow_cost":"NONE","seed_source_timestamp":19048907117700,"circlet_count":0,"master_deck":["AscendersBane","alterego_mod:Strike","alterego_mod:Strike","alterego_mod:Defend+1","alterego_mod:Defend","alterego_mod:Defend","alterego_mod:Defend","alterego_mod:BrynhildrsRune+1","alterego_mod:BrynhildrRomantia+1","alterego_mod:AlterEgo+1","alterego_mod:TrashNCrash+1","alterego_mod:Schoolgirl+1","alterego_mod:GIGAMILK+1","alterego_mod:Birthday","Enlightenment+1","alterego_mod:Birthday","alterego_mod:SakuraFive","alterego_mod:Alter","REME_MagicPocketWatch","REME_TheoryOfElimination","REME_TheoryOfElimination","alterego_mod:Birthday","Deep Breath+1","alterego_mod:Lift","alterego_mod:PainIsPleasure"],"special_seed":0,"relics":["alterego_mod:MasochisticConstitution","REME_ComplimentaryCards","NeowsBlessing","Toy Ornithopter","Matryoshka","Dream Catcher","Runic Pyramid","Blood Vial","Sundial","Orichalcum","KyoryuNoHagoromo","Blue Candle","Bottled Flame","Empty Cage","War Paint","Toxic Egg 2","REME_LimitBreaker","Lizard Tail","Bag of Preparation","Centennial Puzzle","Mercury Hourglass"],"potions_floor_usage":[55],"damage_taken":[{"damage":0.0,"enemies":"Cultist","floor":1.0,"turns":1.0},{"damage":6.0,"enemies":"Small Slimes","floor":3.0,"turns":5.0},{"damage":6.0,"enemies":"2 Louse","floor":4.0,"turns":5.0},{"damage":40.0,"enemies":"Exordium Thugs","floor":7.0,"turns":5.0},{"damage":15.0,"enemies":"3 Sentries","floor":8.0,"turns":7.0},{"damage":13.0,"enemies":"Looter","floor":12.0,"turns":4.0},{"damage":37.0,"enemies":"Red Slaver","floor":13.0,"turns":6.0},{"damage":0.0,"enemies":"Lagavulin","floor":14.0,"turns":4.0},{"damage":30.0,"enemies":"Hexaghost","floor":16.0,"turns":5.0},{"damage":26.0,"enemies":"2 Thieves","floor":18.0,"turns":4.0},{"damage":36.0,"enemies":"3 Byrds","floor":20.0,"turns":4.0},{"damage":27.0,"enemies":"Snecko","floor":22.0,"turns":5.0},{"damage":21.0,"enemies":"Shelled Parasite and Fungi","floor":24.0,"turns":4.0},{"damage":19.0,"enemies":"Centurion and Healer","floor":28.0,"turns":6.0},{"damage":107.0,"enemies":"Book of Stabbing","floor":29.0,"turns":6.0},{"damage":39.0,"enemies":"Snake Plant","floor":30.0,"turns":5.0},{"damage":38.0,"enemies":"Gremlin Leader","floor":31.0,"turns":6.0},{"damage":58.0,"enemies":"Collector","floor":33.0,"turns":7.0},{"damage":128.0,"enemies":"Orb Walker","floor":35.0,"turns":8.0},{"damage":15.0,"enemies":"3 Shapes","floor":37.0,"turns":6.0},{"damage":49.0,"enemies":"Transient","floor":38.0,"turns":6.0},{"damage":151.0,"enemies":"Reptomancer","floor":40.0,"turns":7.0},{"damage":120.0,"enemies":"Nemesis","floor":42.0,"turns":8.0},{"damage":49.0,"enemies":"Giant Head","floor":44.0,"turns":5.0},{"damage":24.0,"enemies":"Maw","floor":46.0,"turns":4.0},{"damage":35.0,"enemies":"Sphere and 2 Shapes","floor":47.0,"turns":4.0},{"damage":42.0,"enemies":"Donu and Deca","floor":50.0,"turns":5.0},{"damage":61.0,"enemies":"Shield and Spear","floor":54.0,"turns":6.0},{"damage":83,"enemies":"The Heart","floor":55,"turns":10}],"seed_played":"3720804651156192650","potions_obtained":[{"floor":3.0,"key":"Explosive Potion"},{"floor":7.0,"key":"LiquidMemories"},{"floor":14.0,"key":"PowerPotion"},{"floor":16.0,"key":"LiquidBronze"},{"floor":22.0,"key":"AttackPotion"},{"floor":28.0,"key":"Fire Potion"},{"floor":29.0,"key":"Energy Potion"},{"floor":40.0,"key":"LiquidMemories"},{"floor":42.0,"key":"CalmPotion"},{"floor":47.0,"key":"Regen Potion"}],"is_trial":false,"path_per_floor":["M","T","M","M","$","R","M","E","T","?","R","M","M","E","R","B",null,"M","?","M","$","M","R","M","$","T","R","M","E","M","E","R","B",null,"M","?","M","M","$","E","R","E","T","E","T","M","M","?","R","B",null,"R","$","E","B",null],"character_chosen":"The_Alterego","items_purchased":["alterego_mod:TrashNCrash","Blood Vial","Enlightenment","Sundial","Deep Breath"],"campfire_rested":1,"item_purchase_floors":[5,21,21,25,39],"current_hp_per_floor":[64,64,71,78,78,78,54,73,73,73,73,72,47,58,58,40,99,85,39,29,29,23,23,23,23,23,64,74,70,128,129,129,101,148,150,140,165,132,132,166,166,66,66,180,180,165,172,172,172,185,212,212,212,230,221],"gold":129,"neow_bonus":"THREE_ENEMY_KILL","is_prod":false,"is_daily":false,"chose_seed":false,"campfire_upgraded":7,"win_rate":0,"timestamp":1607583332,"path_taken":["M","?","M","M","?","R","M","E","T","?","R","?","M","E","R","BOSS","M","?","?","$","M","R","?","$","T","R","M","E","M","E","R","BOSS","M","?","M","M","$","E","R","E","T","E","?","M","M","?","R","BOSS","R","$","E","BOSS"],"build_version":"2020-11-30","purchased_purges":4,"victory":true,"max_hp_per_floor":[64,64,71,78,78,78,87,100,100,100,100,105,110,114,114,119,119,124,124,129,129,134,134,139,139,139,139,148,149,154,159,159,164,164,169,169,182,183,183,188,188,193,193,198,198,199,212,212,212,221,221,221,221,230,231],"card_choices":[{"not_picked":["alterego_mod:Valentines","alterego_mod:Skirt"],"picked":"alterego_mod:Belle","floor":1.0},{"not_picked":["alterego_mod:MagicResistance","alterego_mod:DestructionOfProperty","alterego_mod:Undulate"],"picked":"SKIP","floor":3.0},{"not_picked":["alterego_mod:Birthday","alterego_mod:Complex"],"picked":"alterego_mod:AlterEgo","floor":4.0},{"not_picked":["alterego_mod:SuperDuperMasochism","alterego_mod:RocketPunch","alterego_mod:Nekomimi"],"picked":"SKIP","floor":7.0},{"not_picked":["alterego_mod:GoddessCore","alterego_mod:Stockings","alterego_mod:Bloomers"],"picked":"SKIP","floor":8.0},{"not_picked":["alterego_mod:TrashNCrash","alterego_mod:HighServant","alterego_mod:ChallengeComplete"],"picked":"SKIP","floor":12.0},{"not_picked":["alterego_mod:TrashNCrash","alterego_mod:HighServant","alterego_mod:ChallengeComplete"],"picked":"SKIP","floor":12.0},{"not_picked":["alterego_mod:Palingenesis","alterego_mod:MagicResistance"],"picked":"alterego_mod:Schoolgirl","floor":13.0},{"not_picked":["alterego_mod:HighServant","alterego_mod:Punishment","alterego_mod:DeftHands"],"picked":"SKIP","floor":14.0},{"not_picked":["alterego_mod:ClassAdvantage","alterego_mod:Palingenesis"],"picked":"alterego_mod:GIGAMILK","floor":16.0},{"not_picked":["alterego_mod:TrashNCrash","alterego_mod:Maid"],"picked":"alterego_mod:Birthday","floor":18.0},{"not_picked":["alterego_mod:TrashNCrash","alterego_mod:HighServant","alterego_mod:MagicResistance"],"picked":"SKIP","floor":20.0},{"not_picked":["alterego_mod:Mirror","alterego_mod:Maid","alterego_mod:DustData"],"picked":"SKIP","floor":22.0},{"not_picked":["alterego_mod:Punishment","alterego_mod:BusterCard+1"],"picked":"alterego_mod:Birthday","floor":24.0},{"not_picked":["alterego_mod:PerceptionDisorder","alterego_mod:Complex"],"picked":"alterego_mod:SakuraFive","floor":27.0},{"not_picked":["alterego_mod:Maid","alterego_mod:Smother+1"],"picked":"alterego_mod:Alter","floor":28.0},{"not_picked":["alterego_mod:Maid","alterego_mod:Cooking","alterego_mod:MagicResistance"],"picked":"SKIP","floor":29.0},{"not_picked":["alterego_mod:Clap","alterego_mod:1TonWallop","alterego_mod:SakuraFive"],"picked":"SKIP","floor":30.0},{"not_picked":["alterego_mod:Rip","alterego_mod:Mirror","alterego_mod:SakuraLabyrinth"],"picked":"SKIP","floor":31.0},{"not_picked":["alterego_mod:ChallengeComplete","alterego_mod:TrashNCrash","alterego_mod:Punishment"],"picked":"SKIP","floor":35.0},{"not_picked":["Flash of Steel","PanicButton"],"picked":"REME_MagicPocketWatch","floor":36.0},{"not_picked":["PanicButton","GradualImprovement"],"picked":"REME_TheoryOfElimination","floor":36.0},{"not_picked":["Enlightenment","REME_Flogging"],"picked":"REME_TheoryOfElimination","floor":36.0},{"not_picked":["alterego_mod:Valentines","alterego_mod:Rip"],"picked":"alterego_mod:Birthday","floor":37.0},{"not_picked":["alterego_mod:Valentines+1","alterego_mod:Punishment+1","alterego_mod:DiscoLights+1"],"picked":"SKIP","floor":38.0},{"not_picked":["alterego_mod:Undulate","alterego_mod:Crossover+1"],"picked":"alterego_mod:Lift","floor":40.0},{"not_picked":["alterego_mod:Mirror+1","alterego_mod:BoobPocket+1","alterego_mod:Clap+1"],"picked":"SKIP","floor":42.0},{"not_picked":["alterego_mod:Collar","alterego_mod:Maid","alterego_mod:Exercise"],"picked":"SKIP","floor":44.0},{"not_picked":["alterego_mod:Undulate+1","alterego_mod:Crossover+1","alterego_mod:Cycle+1"],"picked":"SKIP","floor":46.0},{"not_picked":["alterego_mod:SuperDuperMasochism+1","alterego_mod:Jiggle+1","alterego_mod:ClassAdvantage"],"picked":"SKIP","floor":47.0},{"not_picked":["alterego_mod:Cycle+1","alterego_mod:1TonWallop","alterego_mod:Complex"],"picked":"SKIP","floor":54.0}],"player_experience":655407,"relics_obtained":[{"floor":8.0,"key":"Toy Ornithopter"},{"floor":9.0,"key":"Matryoshka"},{"floor":14.0,"key":"Dream Catcher"},{"floor":26.0,"key":"Orichalcum"},{"floor":26.0,"key":"KyoryuNoHagoromo"},{"floor":29.0,"key":"Blue Candle"},{"floor":31.0,"key":"Bottled Flame"},{"floor":40.0,"key":"War Paint"},{"floor":42.0,"key":"Toxic Egg 2"},{"floor":43.0,"key":"REME_LimitBreaker"},{"floor":43.0,"key":"Lizard Tail"},{"floor":44.0,"key":"Bag of Preparation"},{"floor":45.0,"key":"Centennial Puzzle"},{"floor":54.0,"key":"Mercury Hourglass"}],"event_choices":[{"damage_healed":0.0,"max_hp_gain":0.0,"max_hp_loss":0.0,"gold_gain":50.0,"event_name":"Golden Shrine","player_choice":"Pray","floor":10.0,"gold_loss":0.0,"damage_taken":0.0},{"damage_healed":0.0,"max_hp_gain":0.0,"max_hp_loss":0.0,"gold_gain":450.0,"event_name":"Knowing Skull","player_choice":"GOLD GOLD GOLD GOLD GOLD ","floor":19.0,"potions_obtained":[],"gold_loss":0.0,"damage_taken":46.0,"cards_obtained":[]},{"damage_healed":0.0,"max_hp_gain":0.0,"max_hp_loss":0.0,"gold_gain":0.0,"event_name":"SensoryStone","player_choice":"Memory 3","floor":36.0,"gold_loss":0.0,"damage_taken":10.0},{"damage_healed":0.0,"max_hp_gain":0.0,"max_hp_loss":0.0,"gold_gain":0.0,"event_name":"Match and Keep!","player_choice":"2 cards matched","floor":48.0,"gold_loss":0.0,"damage_taken":0.0,"cards_obtained":["alterego_mod:PainIsPleasure","alterego_mod:GachaTicket"]}],"is_beta":false,"boss_relics":[{"not_picked":["REME_DemonsWealth","Velvet Choker"],"picked":"Runic Pyramid"},{"not_picked":["SacredBark","Runic Dome"],"picked":"Empty Cage"}],"items_purged_floors":[5,21,25,53],"is_endless":false,"potions_floor_spawned":[3,7,14,16,22,28,29,30,40,42,44,47],"ascension_level":18}}