{"host":"bxn2em57qlx5u4i0","time":1607563124,"event":{"gold_per_floor":[116,126,51,68,48,48,81,99,99,109,141,152,152,152],"floor_reached":13,"playtime":350,"items_purged":["Strike_G"],"score":194,"play_id":"6caf17ce-eeb4-4451-96c8-13bf1033571f","local_time":"20201209201844","is_ascension_mode":true,"campfire_choices":[{"data":"Crippling Poison","floor":6.0,"key":"SMITH"}],"neow_cost":"NONE","seed_source_timestamp":67722023492399,"circlet_count":0,"master_deck":["AscendersBane","Strike_G","Strike_G","Strike_G","Strike_G","Defend_G","Defend_G","Defend_G","Defend_G","Defend_G","Survivor","Neutralize","Crippling Poison+1","Flying Knee","Crippling Poison","Backflip","Endless Agony","PiercingWail","Poisoned Stab"],"special_seed":0,"relics":["Ring of the Snake","PreservedInsect","Nunchaku","Regal Pillow","Mercury Hourglass"],"potions_floor_usage":[13],"damage_taken":[{"damage":0.0,"enemies":"2 Louse","floor":1.0,"turns":2.0},{"damage":0.0,"enemies":"Cultist","floor":2.0,"turns":4.0},{"damage":0.0,"enemies":"Small Slimes","floor":4.0,"turns":3.0},{"damage":15.0,"enemies":"Lagavulin","floor":7.0,"turns":6.0},{"damage":11.0,"enemies":"Exordium Thugs","floor":8.0,"turns":4.0},{"damage":5.0,"enemies":"3 Louse","floor":10.0,"turns":2.0},{"damage":25.0,"enemies":"3 Sentries","floor":11.0,"turns":14.0},{"damage":2.0,"enemies":"2 Fungi Beasts","floor":12.0,"turns":3.0},{"damage":3,"enemies":"Lagavulin","floor":13,"turns":2}],"seed_played":"-5148953224222495940","potions_obtained":[{"floor":1.0,"key":"Strength Potion"},{"floor":5.0,"key":"Weak Potion"},{"floor":10.0,"key":"Dexterity Potion"},{"floor":11.0,"key":"EssenceOfSteel"}],"is_trial":false,"path_per_floor":["M","M","$","M","?","R","E","M","T","M","E","M","E"],"character_chosen":"THE_SILENT","items_purchased":[],"campfire_rested":0,"item_purchase_floors":[],"current_hp_per_floor":[59,59,59,59,59,59,44,33,33,28,3,1,0,0],"gold":152,"neow_bonus":"RANDOM_COMMON_RELIC","is_prod":false,"is_daily":false,"chose_seed":false,"campfire_upgraded":1,"win_rate":0,"timestamp":1607563124,"path_taken":["M","M","$","M","?","R","E","M","T","?","E","M","E"],"build_version":"2020-11-30","purchased_purges":1,"victory":false,"max_hp_per_floor":[66,66,66,66,66,66,66,66,66,66,66,66,66,66],"relic_stats":{"Nunchaku":[4],"Regal Pillow":0,"counters":[9,40],"PreservedInsect":89,"obtain_stats":[{"Nunchaku":7,"Regal Pillow":9,"PreservedInsect":0,"Ring of the Snake":0,"Mercury Hourglass":11},{"Nunchaku":4,"Regal Pillow":5,"PreservedInsect":0,"Ring of the Snake":0,"Mercury Hourglass":7},{"Nunchaku":15,"Regal Pillow":19,"PreservedInsect":0,"Ring of the Snake":0,"Mercury Hourglass":35}],"Ring of the Snake":[18],"Mercury Hourglass":[18]},"card_choices":[{"not_picked":["Infinite Blades","Cloak And Dagger"],"picked":"Crippling Poison","floor":1.0},{"not_picked":["Finisher","PiercingWail"],"picked":"Flying Knee","floor":2.0},{"not_picked":["Flying Knee","Underhanded Strike"],"picked":"Crippling Poison","floor":4.0},{"not_picked":["Dodge and Roll","Expertise"],"picked":"Backflip","floor":7.0},{"not_picked":["Concentrate","Blade Dance"],"picked":"Endless Agony","floor":8.0},{"not_picked":["Blade Dance","Choke"],"picked":"PiercingWail","floor":10.0},{"not_picked":["Concentrate","Blade Dance"],"picked":"Poisoned Stab","floor":11.0},{"not_picked":["Masterful Stab","Prepared","Storm of Steel"],"picked":"SKIP","floor":12.0}],"player_experience":2771597,"relics_obtained":[{"floor":7.0,"key":"Nunchaku"},{"floor":9.0,"key":"Regal Pillow"},{"floor":11.0,"key":"Mercury Hourglass"}],"event_choices":[{"damage_healed":0.0,"max_hp_gain":0.0,"max_hp_loss":0.0,"gold_gain":0.0,"event_name":"The Woman in Blue","player_choice":"Bought 1 Potion","floor":5.0,"gold_loss":0.0,"damage_taken":0.0}],"is_beta":false,"boss_relics":[],"items_purged_floors":[3],"is_endless":false,"potions_floor_spawned":[1,10,11],"killed_by":"Lagavulin","ascension_level":20}}