{"host":"4e7ld00gewa6mlu4","time":1607630032,"event":{"mods":["BaseMod","StSLib","Hubris","Jedi Mod","Replay The Spire","Quick Restart","Random Character Button","Random Character Mod","Minty Spire (QoL Compilation)","Practice Mode","Conspire","Infinite Spire","2.2 Compatiblity","Act Like it!","Shop Mod"],"gold_per_floor":[113,188,200,72,86,113,124,224,224,224,250,270,270,288,288,393,493,508,508,508,520,539,567,567,599,623,623,634,666,676,676,676,772,772,792,842,852,385,397,428,447,447,447,447,497,514,555,605,605,630,630,630,519,545,545],"floor_reached":56,"playtime":4691,"items_purged":["Defend_P"],"score":1636,"play_id":"b3e7c37c-e342-452b-a2a3-d47a4e6ec56f","local_time":"20201210145352","is_ascension_mode":true,"campfire_choices":[{"data":"Adaptation","floor":10.0,"key":"SMITH"},{"data":"EmptyMind","floor":13.0,"key":"SMITH"},{"data":"Tantrum","floor":15.0,"key":"SMITH"},{"data":"infinitespire:SevenWalls","floor":24.0,"key":"SMITH"},{"data":"Devotion","floor":27.0,"key":"SMITH"},{"data":"Perseverance","floor":32.0,"key":"SMITH"},{"data":"SashWhip","floor":42.0,"key":"SMITH"},{"floor":49.0,"key":"RECALL"},{"data":"SpiritShield","floor":52,"key":"SMITH"}],"circlet_count":0,"master_deck":["Strike_P","Strike_P","Strike_P","Defend_P","Defend_P","Eruption+1","Vigilance","Conclude","FearNoEvil","Adaptation+1","Protect","Tantrum+1","ThirdEye","Halt","EmptyMind+1","Devotion+1","Battle Trance","infinitespire:SevenWalls+1","WindmillStrike+1","CutThroughFate","Prostrate","Perseverance+1","Blasphemy","FlurryOfBlows","SpiritShield+1","Wish","Wallop","SashWhip+1","TalkToTheHand","Meditate","ThirdEye+1"],"special_seed":0,"relics":["PureWater","infinitespire:Satchel","Onion Ring","Replay:Wanted Poster","Centennial Puzzle","hubris:DeckOfHolding","hubris:ToyBattleship","Orichalcum","Coffee Dripper","jedi:purplefairy","ClockworkSouvenir","Replay:Bottled Flurry","Mango","Replay:Accelerometer","jedi:shrinkray","Dream Catcher","conspire:Flyswatter"],"acts_visited":["Exordium","TheCity","TheBeyond","TheEnding"],"potions_floor_usage":[55],"damage_taken":[{"damage":0.0,"enemies":"2 Louse","floor":1.0,"turns":2.0},{"damage":1.0,"enemies":"Cultist","floor":3.0,"turns":3.0},{"damage":2.0,"enemies":"conspire:RoseBush","floor":5.0,"turns":4.0},{"damage":8.0,"enemies":"3 Sentries","floor":6.0,"turns":3.0},{"damage":0.0,"enemies":"Lots of Slimes","floor":7.0,"turns":1.0},{"damage":0.0,"enemies":"Gremlin Nob","floor":11.0,"turns":2.0},{"damage":0.0,"enemies":"Exordium Wildlife","floor":12.0,"turns":2.0},{"damage":0.0,"enemies":"Looter","floor":14.0,"turns":2.0},{"damage":8.0,"enemies":"Hexaghost","floor":16.0,"turns":8.0},{"damage":0.0,"enemies":"conspire:FuzzyDice","floor":18.0,"turns":3.0},{"damage":0.0,"enemies":"Shell Parasite","floor":21.0,"turns":2.0},{"damage":0.0,"enemies":"Chosen and Byrds","floor":22.0,"turns":3.0},{"damage":0.0,"enemies":"conspire:Head Lice","floor":23.0,"turns":5.0},{"damage":0.0,"enemies":"conspire:SneckoGhost","floor":25.0,"turns":6.0},{"damage":9.0,"enemies":"Snake Plant","floor":28.0,"turns":3.0},{"damage":0.0,"enemies":"Book of Stabbing","floor":29.0,"turns":5.0},{"damage":0.0,"enemies":"3 Cultists","floor":30.0,"turns":3.0},{"damage":21.0,"enemies":"conspire:MysteriousRune","floor":33.0,"turns":5.0},{"damage":1.0,"enemies":"Orb Walker","floor":35.0,"turns":2.0},{"damage":0.0,"enemies":"Mind Bloom Boss Battle","floor":36.0,"turns":4.0},{"damage":0.0,"enemies":"3 Darklings","floor":37.0,"turns":3.0},{"damage":0.0,"enemies":"Spire Growth","floor":39.0,"turns":4.0},{"damage":0.0,"enemies":"Reptomancer","floor":40.0,"turns":5.0},{"damage":0.0,"enemies":"Maw","floor":41.0,"turns":6.0},{"damage":0.0,"enemies":"Nemesis","floor":45.0,"turns":5.0},{"damage":0.0,"enemies":"Writhing Mass","floor":46.0,"turns":4.0},{"damage":0.0,"enemies":"3 Darklings","floor":47.0,"turns":3.0},{"damage":8.0,"enemies":"Reptomancer","floor":48.0,"turns":4.0},{"damage":13,"enemies":"infinitespire:MassOfShapes","floor":50,"turns":12},{"damage":59,"enemies":"Shield and Spear","floor":54,"turns":5},{"damage":20,"enemies":"The Heart","floor":55,"turns":8}],"seed_played":"5264135584181692440","potions_obtained":[{"floor":7.0,"key":"Adrenaline Potion"},{"floor":11.0,"key":"Weak Potion"},{"floor":16.0,"key":"Strength Potion"},{"floor":22.0,"key":"Block Potion"},{"floor":33.0,"key":"GamblersBrew"},{"floor":39.0,"key":"Adrenaline Potion"}],"is_trial":false,"path_per_floor":["M","?","M","$","M","E","M","?","T","R","E","M","R","M","R","B",null,"M","?","?","M","M","E","R","E","T","R","M","E","M","?","R","B",null,"M","?","M","$","M","E","M","R","T","?","E","M","M","E","R","B",null,"R","$","E","B",null],"character_chosen":"WATCHER","items_purchased":["Adaptation","Protect","ClockworkSouvenir","Wallop","Replay:Bottled Flurry","ThirdEye+1"],"campfire_rested":0,"item_purchase_floors":[4,4,38,38,38,53],"current_hp_per_floor":[72,65,64,64,62,54,54,54,54,54,54,54,54,54,54,46,72,72,72,54,54,54,54,54,54,54,54,45,45,45,45,45,24,72,71,71,71,71,71,85,85,86,86,86,86,86,86,78,78,65,86,86,86,27,7],"gold":545,"neow_bonus":"UPGRADE_CARD","is_daily":false,"chose_seed":false,"campfire_upgraded":8,"win_rate":0,"timestamp":1607630032,"path_taken":["M","?","M","$","?","E","M","?","T","R","E","?","R","M","R","BOSS","M","?","?","?","M","E","R","E","T","R","M","E","M","?","R","BOSS","M","?","M","$","M","E","M","R","T","?","E","M","M","E","R","BOSS","R","$","E","BOSS"],"build_version":"2020-11-30","purchased_purges":1,"victory":true,"max_hp_per_floor":[72,72,72,72,72,72,72,72,72,72,72,72,72,72,72,72,72,72,72,72,72,72,72,72,72,72,72,72,72,72,72,72,72,72,72,72,72,72,72,86,86,86,86,86,86,86,86,86,86,86,86,86,86,86,86],"card_choices":[{"not_picked":["FearNoEvil","Worship"],"picked":"Conclude","floor":1.0},{"not_picked":["ThirdEye","FollowUp"],"picked":"FearNoEvil","floor":3.0},{"not_picked":["Weave","Replay:ManipulateFuture"],"picked":"Tantrum","floor":5.0},{"not_picked":["Crescendo","FlyingSleeves"],"picked":"ThirdEye","floor":6.0},{"not_picked":["Replay:AtTheReady","Replay:BluntJabs"],"picked":"Halt","floor":7.0},{"not_picked":["Replay:Hum","Worship","BowlingBash"],"picked":"SKIP","floor":11.0},{"not_picked":["LikeWater","WaveOfTheHand"],"picked":"EmptyMind","floor":12.0},{"not_picked":["Pray","Crescendo","BattleHymn"],"picked":"SKIP","floor":14.0},{"not_picked":["Omniscience","Replay:AllIn"],"picked":"Devotion","floor":16.0},{"not_picked":["FollowUp","Conclude+1","FlyingSleeves+1"],"picked":"SKIP","floor":18.0},{"not_picked":["infinitespire:NeuralNetwork","infinitespire:Menacing"],"picked":"infinitespire:SevenWalls","floor":20.0},{"not_picked":["EmptyFist","JustLucky","FollowUp+1"],"picked":"SKIP","floor":21.0},{"not_picked":["Consecrate+1","Evaluate+1"],"picked":"WindmillStrike+1","floor":22.0},{"not_picked":["Crescendo+1","WreathOfFlame+1","Protect"],"picked":"SKIP","floor":23.0},{"not_picked":["Replay:Hum","Evaluate+1"],"picked":"CutThroughFate","floor":25.0},{"not_picked":["Evaluate","Replay:AtTheReady"],"picked":"Prostrate","floor":28.0},{"not_picked":["EmptyMind","Replay:BluntJabs","SignatureMove"],"picked":"SKIP","floor":29.0},{"not_picked":["ThirdEye","Protect"],"picked":"Perseverance","floor":30.0},{"not_picked":["Alpha","Wish"],"picked":"SpiritShield","floor":33.0},{"not_picked":["FollowUp","FlurryOfBlows+1","EmptyMind+1"],"picked":"SKIP","floor":35.0},{"not_picked":["ThirdEye+1","Fasting2"],"picked":"Wish","floor":37.0},{"not_picked":["CutThroughFate","Crescendo+1"],"picked":"SashWhip","floor":39.0},{"not_picked":["FlurryOfBlows","Scrawl","EmptyBody"],"picked":"SKIP","floor":40.0},{"not_picked":["Crescendo","JustLucky+1","PathToVictory"],"picked":"SKIP","floor":41.0},{"not_picked":["Crescendo+1","BowlingBash","JustLucky+1"],"picked":"SKIP","floor":45.0},{"not_picked":["PathToVictory+1","JustLucky","Evaluate"],"picked":"SKIP","floor":46.0},{"not_picked":["Tantrum+1","CutThroughFate+1"],"picked":"TalkToTheHand","floor":47.0},{"not_picked":["SashWhip+1","Consecrate"],"picked":"Meditate","floor":48.0},{"not_picked":["Consecrate+1","Crescendo","MasterReality"],"picked":"SKIP","floor":54}],"player_experience":561298,"relics_obtained":[{"floor":6.0,"key":"infinitespire:Satchel"},{"floor":11.0,"key":"Onion Ring"},{"floor":23.0,"key":"Centennial Puzzle"},{"floor":25.0,"key":"hubris:DeckOfHolding"},{"floor":26.0,"key":"hubris:ToyBattleship"},{"floor":29.0,"key":"Orichalcum"},{"floor":36.0,"key":"jedi:purplefairy"},{"floor":40.0,"key":"Mango"},{"floor":43.0,"key":"Replay:Accelerometer"},{"floor":45.0,"key":"jedi:shrinkray"},{"floor":48.0,"key":"Dream Catcher"},{"floor":54,"key":"conspire:Flyswatter"}],"event_choices":[{"damage_healed":0.0,"max_hp_gain":0.0,"max_hp_loss":0.0,"gold_gain":75.0,"event_name":"FaceTrader","player_choice":"Touch","floor":2.0,"gold_loss":0.0,"damage_taken":7.0},{"damage_healed":0.0,"max_hp_gain":0.0,"max_hp_loss":0.0,"gold_gain":100.0,"event_name":"Golden Shrine","player_choice":"Pray","floor":8.0,"gold_loss":0.0,"damage_taken":0.0},{"damage_healed":0.0,"max_hp_gain":0.0,"max_hp_loss":0.0,"gold_gain":0.0,"event_name":"The Library","player_choice":"Read","floor":19.0,"gold_loss":0.0,"damage_taken":0.0,"cards_obtained":["Battle Trance"]},{"damage_healed":0.0,"max_hp_gain":0.0,"max_hp_loss":0.0,"gold_gain":0.0,"cards_transformed":["Strike_P","Defend_P"],"event_name":"Drug Dealer","player_choice":"Became Test Subject","floor":31.0,"gold_loss":0.0,"damage_taken":0.0,"cards_obtained":["Blasphemy","FlurryOfBlows"]},{"damage_healed":0.0,"max_hp_gain":0.0,"max_hp_loss":0.0,"gold_gain":0.0,"event_name":"MindBloom","player_choice":"Fight","floor":36.0,"gold_loss":0.0,"damage_taken":0.0}],"is_beta":false,"boss_relics":[{"not_picked":["Replay:Bronze Core","infinitespire:Cupcake"],"picked":"Replay:Wanted Poster"},{"not_picked":["Replay:Grab Bag","hubris:Backtick"],"picked":"Coffee Dripper"}],"items_purged_floors":[53],"is_endless":false,"potions_floor_spawned":[7,11,16,22,23,28,33,39,40,41,45,47],"ascension_level":4}}