{"host":"jtxptf9isiqyc7jm","time":1607558594,"event":{"gold_per_floor":[116,216,219,148,163,163,178,200,200,200,200,304,304,393,393,578,578,619,619,677,677,770,770,882,882,882,989,989,384,409,522,522,512,512],"floor_reached":33,"playtime":1479,"items_purged":[],"score":272,"play_id":"1e5af6db-21d6-4231-a806-876d8a849c41","local_time":"20201210000314","is_ascension_mode":false,"campfire_choices":[{"data":"hierophant:Glossolalia","floor":6,"key":"SMITH"},{"floor":10,"key":"REST"},{"data":"hierophant:Doubloon","floor":13,"key":"SMITH"},{"data":"hierophant:ArchangelShield","floor":15,"key":"SMITH"},{"data":"hierophant:Glossolalia","floor":23,"key":"SMITH"},{"floor":25,"key":"REST"},{"floor":28,"key":"REST"},{"floor":32,"key":"DIG"}],"neow_cost":"NONE","seed_source_timestamp":382449724616200,"circlet_count":0,"master_deck":["hierophant:Strike_Hierophant","hierophant:Strike_Hierophant","hierophant:Strike_Hierophant","hierophant:Punish","hierophant:Defend_Hierophant","hierophant:Defend_Hierophant","hierophant:Defend_Hierophant","hierophant:Defend_Hierophant","hierophant:ChurchCoffers+1","hierophant:Glossolalia+1","hierophant:OrnateBuckler","hierophant:CursedGold","hierophant:Doubloon+1","hierophant:Smite","hierophant:Flagellation+1","hierophant:PassingBell","hierophant:BulkyChest+1","hierophant:Shelter","hierophant:ArchangelShield+1","hierophant:Invocation+1","hierophant:Glossolalia+1","hierophant:Repentance","hierophant:OrnateBuckler","hierophant:MirrorShield+1","hierophant:OrnateBuckler","hierophant:RepressedViolence+1","hierophant:Exaltation","hierophant:Alms"],"relics":["hierophant:PropheticMaskRelic","Bronze Scales","Mercury Hourglass","ChewingGum","hubris:TenFootPole","War Paint","PreservedInsect","CaptainsWheel","Medical Kit","Simple Rune","infinitespire:Lucky Rock"],"potions_floor_usage":[7,7,27,33,33],"damage_taken":[{"damage":10,"enemies":"Small Slimes","floor":1,"turns":2},{"damage":0,"enemies":"Cultist","floor":3,"turns":4},{"damage":5,"enemies":"Jaw Worm","floor":5,"turns":3},{"damage":12,"enemies":"Lagavulin","floor":7,"turns":7},{"damage":0,"enemies":"Large Slime","floor":8,"turns":3},{"damage":0,"enemies":"3 Louse","floor":12,"turns":1},{"damage":5,"enemies":"Looter","floor":14,"turns":2},{"damage":30,"enemies":"Fading Forest","floor":16,"turns":11},{"damage":19,"enemies":"2 Thieves","floor":18,"turns":3},{"damage":0,"enemies":"Spheric Guardian","floor":22,"turns":4},{"damage":31,"enemies":"Snecko","floor":24,"turns":7},{"damage":2,"enemies":"Cultist and Chosen","floor":27,"turns":4},{"damage":21,"enemies":"Snake Plant","floor":31,"turns":4},{"damage":32,"enemies":"Champ","floor":33,"turns":13}],"seed_played":"-5913219656535805072","potions_obtained":[{"floor":1,"key":"DuplicationPotion"},{"floor":5,"key":"PowerPotion"},{"floor":8,"key":"SpeedPotion"},{"floor":14,"key":"DistilledChaos"},{"floor":20,"key":"Dexterity Potion"},{"floor":24,"key":"sneckomod:MuddlingPotion"},{"floor":27,"key":"Languid Potion"}],"is_trial":false,"path_per_floor":["M","?","M","$","M","R","E","M","T","R","?","M","R","M","R","B",null,"M","?","?","?","M","R","M","R","T","M","R","$","T","M","R","B"],"character_chosen":"HIEROPHANT","items_purchased":["hierophant:CursedGold","PreservedInsect","CaptainsWheel","Medical Kit"],"campfire_rested":3,"item_purchase_floors":[4,29,29,29],"current_hp_per_floor":[65,65,65,65,60,60,48,48,48,70,70,70,70,65,65,55,75,56,56,38,38,38,38,7,29,29,27,49,49,49,28,28,0,0],"gold":512,"neow_bonus":"UPGRADE_CARD","is_prod":false,"is_daily":false,"chose_seed":false,"campfire_upgraded":4,"win_rate":0.0,"timestamp":1607558594,"path_taken":["M","?","?","$","M","R","E","M","T","R","?","M","R","M","R","BOSS","M","?","?","?","?","R","?","R","T","M","R","$","?","M","R","BOSS"],"build_version":"2020-11-30","purchased_purges":0,"victory":false,"max_hp_per_floor":[75,75,75,75,75,75,75,75,75,75,75,75,75,75,75,75,75,75,75,75,75,75,75,75,75,75,75,75,75,75,75,75,75,75],"card_choices":[{"not_picked":["hierophant:Smite","hierophant:Racketeering"],"picked":"hierophant:Glossolalia","floor":1},{"not_picked":["hierophant:AuricBeam","hierophant:Dazzle"],"picked":"hierophant:OrnateBuckler","floor":3},{"not_picked":["hierophant:Purify","hierophant:RustyCrate"],"picked":"hierophant:Smite","floor":5},{"not_picked":["hierophant:AuricBeam","hierophant:ThreeLashes"],"picked":"hierophant:Flagellation","floor":7},{"not_picked":["hierophant:Smite","hierophant:AuricBeam"],"picked":"hierophant:PassingBell","floor":8},{"not_picked":["hierophant:Doubloon","hierophant:Doomsaying"],"picked":"hierophant:Shelter","floor":12},{"not_picked":["hierophant:Embezzle","hierophant:SolarFlare"],"picked":"hierophant:ArchangelShield","floor":14},{"not_picked":["hierophant:DivineIntervention","hierophant:WrathOfGod"],"picked":"hierophant:Invocation","floor":16},{"not_picked":["hierophant:AuricBeam","hierophant:FieryStrike+1"],"picked":"hierophant:Glossolalia","floor":18},{"not_picked":["hierophant:AuricShield","hierophant:Rebuild"],"picked":"hierophant:OrnateBuckler","floor":20},{"not_picked":["hierophant:Upheaval","hierophant:Embezzle"],"picked":"hierophant:MirrorShield+1","floor":20},{"not_picked":["hierophant:Anathema","hierophant:CoinFling"],"picked":"hierophant:OrnateBuckler","floor":22},{"not_picked":["hierophant:Purify+1","hierophant:EyeForCoin"],"picked":"hierophant:RepressedViolence+1","floor":24},{"not_picked":["hierophant:Sermon","hierophant:Zeal"],"picked":"hierophant:Exaltation","floor":27},{"not_picked":["hierophant:Racketeering","hierophant:Sermon"],"picked":"hierophant:Alms","floor":31}],"player_experience":71019,"relics_obtained":[{"floor":7,"key":"Bronze Scales"},{"floor":9,"key":"Mercury Hourglass"},{"floor":20,"key":"hubris:TenFootPole"},{"floor":30,"key":"Simple Rune"},{"floor":32,"key":"infinitespire:Lucky Rock"}],"event_choices":[{"damage_healed":0,"gold_gain":100,"player_choice":"Pray","damage_taken":0,"max_hp_gain":0,"max_hp_loss":0,"event_name":"Golden Shrine","floor":2,"gold_loss":0},{"damage_healed":0,"gold_gain":0,"player_choice":"Read","damage_taken":0,"max_hp_gain":0,"max_hp_loss":0,"event_name":"The Library","floor":19,"gold_loss":0,"cards_obtained":["hierophant:Repentance"]},{"damage_healed":0,"gold_gain":0,"player_choice":"Gave Potion","damage_taken":0,"relics_obtained":["War Paint"],"max_hp_gain":0,"max_hp_loss":0,"event_name":"WeMeetAgain","floor":21,"gold_loss":0}],"is_beta":false,"boss_relics":[{"not_picked":["Abe\u0027s Treasure","Replay:Fungal Core"],"picked":"ChewingGum"}],"items_purged_floors":[],"is_endless":false,"potions_floor_spawned":[1,5,8,14,24,27,31],"killed_by":"Champ","ascension_level":0}}