{"host":"zzf13dk0jcen0ncv","time":1607594933,"event":{"gold_per_floor":[109,28,28,28,28,40,85,113,152,191,203,264,296,326,338,429,441,465,477,505,528,558,570,610,632,644,670,707,737,775,807,819,909,921,953,976,641,661,661,688,688,722,746,781,797,797,395,415,415,415,415,415,415,143,177,177],"floor_reached":57,"playtime":1693,"items_purged":["Strike_P","Strike_P","Strike_P","Strike_P","Defend_P","Defend_P","Defend_P","Defend_P","PathToVictory","Eruption","Evaluate","Vigilance","Evaluate","WreathOfFlame","PathToVictory","ThirdEye","JustLucky"],"score":4753,"play_id":"7e895595-3289-4f43-b8bb-c58f409ebb65","local_time":"20201210190853","is_ascension_mode":true,"campfire_choices":[{"floor":6.0,"key":"DIG"},{"floor":15.0,"key":"RECALL"},{"floor":23.0,"key":"DIG"},{"data":"Mind Blast","floor":32.0,"key":"SMITH"},{"data":"Blasphemy","floor":41,"key":"SMITH"},{"data":"Study","floor":46,"key":"SMITH"},{"data":"Strike_P","floor":49,"key":"PURGE"},{"data":"JustLucky","floor":53,"key":"PURGE"}],"neow_cost":"","seed_source_timestamp":0,"circlet_count":7,"master_deck":["AscendersBane","Finesse","BattleHymn","Mayhem","Perseverance","Wallop","EmptyFist","Evaluate","Tantrum","MasterReality","EmptyBody","Secret Weapon","Good Instincts","BattleHymn","EmptyBody","ReachHeaven","Swift Strike","Chrysalis","CutThroughFate","Master of Strategy","Trip","EmptyFist","SashWhip","Prostrate","Blasphemy+1","Fasting2","Study+1","ForeignInfluence","Meditate","CutThroughFate","Mayhem","Trip","SignatureMove","Blind","Transmutation","MentalFortress","Consecrate","Wallop","Protect","ForeignInfluence","Transmutation","Purity+1","Weave","ReachHeaven","EmptyBody","Wireheading","Secret Weapon","Finesse","CutThroughFate","SashWhip","SpiritShield","ClearTheMind","LikeWater","Violence","Dark Shackles","SignatureMove","JustLucky","Wireheading","Prostrate","Wireheading","Indignation","Wallop","Mind Blast+1","FlyingSleeves","Magnetism","WreathOfFlame","MentalFortress","Vault","Consecrate","ForeignInfluence","Good Instincts+1","FollowUp","Chrysalis","Fasting2","WaveOfTheHand","SignatureMove","Secret Weapon","Dramatic Entrance","JustLucky","EmptyFist","BowlingBash","Swivel+1","ClearTheMind","Adaptation","Blind","Metamorphosis","FlyingSleeves","Consecrate","Pray","BattleHymn","Swift Strike","Chrysalis","ReachHeaven","BowlingBash","ClearTheMind","PathToVictory","BattleHymn","Blind","Secret Weapon","Fire Breathing","Prepared","Heel Hook","Heatsinks","After Image","DevaForm+1","Consecrate","Indignation","FollowUp","EmptyBody","Transmutation","Madness","EmptyFist","FlurryOfBlows","EmptyBody","LikeWater","Bandage Up","Transmutation","CrushJoints+1","Evaluate","Collect","BowlingBash+1","Nirvana","Madness","Metamorphosis","JustLucky+1","Consecrate+1","Prostrate+1","Sanctity+1","Adaptation","The Bomb+1","Finesse+1","TalkToTheHand+1","WaveOfTheHand+1","Scrawl+1","Vengeance+1","Warcry+1","Outmaneuver+1","Rainbow+1","Berserk","Protect+1","Turbo+1","Fiend Fire+1","Omniscience+1","Phantasmal Killer+1","Bludgeon+1","LessonLearned+1","FlurryOfBlows+1","Armaments+1","Study","Dramatic Entrance+1","Secret Weapon+1","Wallop+1","Madness+1","Madness+1","Exhume+1","Devotion","Wish+1","Panacea+1","Adaptation","Violence+1","Jack Of All Trades+1","Indignation+1"],"special_seed":0,"relics":["PureWater","Bronze Scales","Tiny Chest","PrismaticShard","DollysMirror","Pocketwatch","Potion Belt","Kunai","Torii","CloakClasp","Cauldron","Shovel","ClockworkSouvenir","Anchor","Happy Flower","Turnip","Membership Card","Du-Vu Doll","Oddly Smooth Stone","Gambling Chip","Medical Kit","Eternal Feather","StrikeDummy","Thread and Needle","Sling","Calipers","WingedGreaves","FossilizedHelix","Lee\u0027s Waffle","Damaru","Incense Burner","Bird Faced Urn","Toolbox","Omamori","Vajra","GoldenEye","TheAbacus","Bag of Preparation","Shuriken","Lizard Tail","Strange Spoon","Mango","Dream Catcher","Prayer Wheel","Chemical X","Ancient Tea Set","InkBottle","Ginger","Mummified Hand","StoneCalendar","Frozen Eye","Peace Pipe","TungstenRod","Dead Branch","Melange","Ice Cream","Centennial Puzzle","Blood Vial","HandDrill","Unceasing Top","Gremlin Horn","Art of War","Orrery","CaptainsWheel","TeardropLocket","Bottled Tornado","OrangePellets","Circlet","Singing Bowl","Molten Egg 2","Meat on the Bone","Matryoshka","Toxic Egg 2","MawBank","Question Card","Boot","Bag of Marbles","War Paint","Akabeko","PreservedInsect","Snecko Eye","HornCleat","MealTicket","Orichalcum","Juzu Bracelet","Runic Dome","Bottled Lightning","Lantern","Nunchaku","White Beast Statue"],"potions_floor_usage":[48,54,56,56,56,56],"damage_taken":[{"damage":0.0,"enemies":"Small Slimes","floor":1.0,"turns":1.0},{"damage":0.0,"enemies":"Lagavulin","floor":7.0,"turns":1.0},{"damage":0.0,"enemies":"Cultist","floor":8.0,"turns":1.0},{"damage":0.0,"enemies":"Gremlin Nob","floor":10.0,"turns":1.0},{"damage":0.0,"enemies":"Jaw Worm","floor":13.0,"turns":1.0},{"damage":0.0,"enemies":"3 Louse","floor":14.0,"turns":1.0},{"damage":0.0,"enemies":"The Guardian","floor":16.0,"turns":1.0},{"damage":0.0,"enemies":"Spheric Guardian","floor":18.0,"turns":1.0},{"damage":0.0,"enemies":"2 Thieves","floor":20.0,"turns":1.0},{"damage":0.0,"enemies":"Centurion and Healer","floor":21.0,"turns":1.0},{"damage":0.0,"enemies":"Snecko","floor":22.0,"turns":1.0},{"damage":0.0,"enemies":"Slavers","floor":24.0,"turns":2.0},{"damage":0.0,"enemies":"Chosen and Byrds","floor":25.0,"turns":1.0},{"damage":0.0,"enemies":"Sentry and Sphere","floor":27.0,"turns":1.0},{"damage":0.0,"enemies":"Book of Stabbing","floor":28.0,"turns":1.0},{"damage":0.0,"enemies":"Cultist and Chosen","floor":29.0,"turns":1.0},{"damage":0.0,"enemies":"Gremlin Leader","floor":30.0,"turns":1.0},{"damage":0.0,"enemies":"Centurion and Healer","floor":31.0,"turns":1.0},{"damage":0.0,"enemies":"Automaton","floor":33.0,"turns":3.0},{"damage":0,"enemies":"Orb Walker","floor":35,"turns":1},{"damage":0,"enemies":"3 Darklings","floor":36,"turns":2},{"damage":0,"enemies":"4 Shapes","floor":38,"turns":1},{"damage":0,"enemies":"Nemesis","floor":40,"turns":1},{"damage":0,"enemies":"Giant Head","floor":42,"turns":3},{"damage":0,"enemies":"Nemesis","floor":44,"turns":1},{"damage":0,"enemies":"Writhing Mass","floor":45,"turns":1},{"damage":0,"enemies":"Spire Growth","floor":48,"turns":1},{"damage":0,"enemies":"Time Eater","floor":50,"turns":1},{"damage":0,"enemies":"Donu and Deca","floor":51,"turns":3},{"damage":0,"enemies":"Shield and Spear","floor":55,"turns":1},{"damage":6,"enemies":"The Heart","floor":56,"turns":5}],"seed_played":"-689585837358110739","potions_obtained":[{"floor":0.0,"key":"AttackPotion"},{"floor":0.0,"key":"LiquidBronze"},{"floor":0.0,"key":"Block Potion"},{"floor":0.0,"key":"FearPotion"},{"floor":0.0,"key":"Block Potion"},{"floor":0.0,"key":"LiquidBronze"},{"floor":0.0,"key":"AttackPotion"},{"floor":0.0,"key":"FearPotion"},{"floor":0.0,"key":"Block Potion"},{"floor":0.0,"key":"Block Potion"},{"floor":1.0,"key":"SneckoOil"},{"floor":7.0,"key":"DistilledChaos"},{"floor":22.0,"key":"CultistPotion"},{"floor":27.0,"key":"Fruit Juice"},{"floor":31.0,"key":"Fruit Juice"},{"floor":33.0,"key":"Strength Potion"},{"floor":48,"key":"CultistPotion"},{"floor":55,"key":"BlessingOfTheForge"}],"is_trial":false,"path_per_floor":["M","$","$","?","?","R","E","M","T","E","?","T","M","M","R","B",null,"M","?","M","M","M","R","E","M","T","M","E","M","E","M","R","B",null,"M","M","$","M","?","E","R","E","T","E","M","R","$","M","R","B","B",null,"R","$","E","B",null],"character_chosen":"WATCHER","items_purchased":["Bronze Scales","Tiny Chest","PrismaticShard","Finesse","BattleHymn","ThirdEye","Mayhem","Perseverance","Wallop","JustLucky","Fruit Juice","DollysMirror","Pocketwatch","EmptyFist","Evaluate","Tantrum","MasterReality","EmptyBody","Potion Belt","Secret Weapon","Good Instincts","Kunai","Torii","BattleHymn","WreathOfFlame","EmptyBody","ReachHeaven","Swift Strike","Chrysalis","CutThroughFate","Cauldron","ClockworkSouvenir","Anchor","Happy Flower","Master of Strategy","Trip","EmptyFist","SashWhip","Prostrate","Blasphemy","Fasting2","Membership Card","Oddly Smooth Stone","Gambling Chip","Study","ForeignInfluence","Meditate","CutThroughFate","Mayhem","Trip","SignatureMove","Medical Kit","Eternal Feather","StrikeDummy","Blind","Transmutation","CultistPotion","MentalFortress","Consecrate","Wallop","Protect","ForeignInfluence","Sling","Calipers","WingedGreaves","Transmutation","Purity","Weave","ReachHeaven","Evaluate","EmptyBody","Wireheading","Lee\u0027s Waffle","Damaru","Incense Burner","Secret Weapon","Finesse","CutThroughFate","SashWhip","SpiritShield","ClearTheMind","LikeWater","Toolbox","Omamori","Vajra","Violence","Dark Shackles","SignatureMove","JustLucky","PathToVictory","Wireheading","Prostrate","TheAbacus","Bag of Preparation","Shuriken","Wireheading","Indignation","Wallop","Mind Blast","FlyingSleeves","Magnetism","WreathOfFlame","Strange Spoon","Mango","Dream Catcher","MentalFortress","Vault","Consecrate","ForeignInfluence","Good Instincts","FollowUp","Chrysalis","CultistPotion","Chemical X","Ancient Tea Set","InkBottle","Fasting2","WaveOfTheHand","ThirdEye","SignatureMove","Secret Weapon","Dramatic Entrance","JustLucky","Mummified Hand","StoneCalendar","Frozen Eye","EmptyFist","BowlingBash","Swivel","ClearTheMind","Adaptation","Blind","Metamorphosis","TungstenRod","Dead Branch","Melange","FlyingSleeves","Consecrate","Pray","BattleHymn","Evaluate","Swift Strike","Chrysalis","Centennial Puzzle","Blood Vial","HandDrill","ReachHeaven","BowlingBash","ClearTheMind","PathToVictory","BattleHymn","Blind","Secret Weapon","Gremlin Horn","Art of War","Orrery","DevaForm","Consecrate","Indignation","FollowUp","EmptyBody","Transmutation","Madness","TeardropLocket","Bottled Tornado","OrangePellets","EmptyFist","PathToVictory","FlurryOfBlows","EmptyBody","LikeWater","Bandage Up","Transmutation","Singing Bowl","Molten Egg 2","Meat on the Bone","CrushJoints+1","Evaluate","Collect","BowlingBash+1","Nirvana","Madness","Metamorphosis","Matryoshka","Circlet","Toxic Egg 2","JustLucky+1","Consecrate+1","Prostrate+1","Sanctity+1","Adaptation","The Bomb+1","Finesse+1","CultistPotion","Scrawl+1","Vengeance+1","Bottled Lightning","Study","Dramatic Entrance+1","Secret Weapon+1","Wallop+1","Devotion","Wish+1","Panacea+1","Adaptation","Violence+1","Jack Of All Trades+1","Indignation+1","Fruit Juice"],"campfire_rested":0,"item_purchase_floors":[0,0,0,0,0,0,0,0,0,0,0,0,0,0,0,0,0,0,0,0,0,0,0,0,0,0,0,0,0,0,0,0,0,0,0,0,0,0,0,0,0,0,0,0,0,0,0,0,0,0,0,0,0,0,0,0,0,0,0,0,0,0,0,0,0,0,0,0,0,0,0,0,0,0,0,0,0,0,0,0,0,0,0,0,0,0,0,0,0,0,0,0,0,0,0,0,0,0,0,0,0,0,0,0,0,0,0,0,0,0,0,0,0,0,0,0,0,0,0,0,0,0,0,0,0,0,0,0,0,0,0,0,0,0,0,0,0,0,0,0,0,0,0,0,0,0,0,0,0,0,0,0,0,0,0,0,0,0,0,0,0,0,0,0,0,0,0,0,0,0,0,0,0,0,0,0,0,0,0,0,0,0,0,0,0,0,0,0,0,0,0,0,0,0,2,2,37,37,37,37,37,47,47,47,54,54,54,54,54],"current_hp_per_floor":[94,94,94,88,79,94,94,94,94,94,90,90,92,98,98,98,98,102,72,82,88,94,119,121,125,125,132,132,134,136,145,145,145,145,145,149,149,153,126,132,155,157,157,157,161,161,161,165,165,165,165,165,165,170,172,172],"gold":177,"neow_bonus":"","is_prod":false,"is_daily":false,"chose_seed":false,"campfire_upgraded":3,"win_rate":0,"timestamp":1607594933,"path_taken":["M","$","$","?","?","E","R","E","M","T","E","?","?","M","?","R","BOSS","M","?","M","M","M","R","E","M","T","M","E","M","E","M","R","BOSS","M","M","$","M","?","E","R","E","T","E","M","R","$","M","R","BOSS","BOSS","R","$","E","BOSS"],"build_version":"2020-11-30","purchased_purges":17,"victory":true,"max_hp_per_floor":[94,94,94,94,94,94,94,94,94,94,94,94,94,98,98,98,98,102,107,111,115,119,119,121,125,125,132,132,134,136,145,145,145,145,145,149,149,153,153,155,155,157,157,157,161,161,161,165,165,165,165,165,165,170,172,172],"card_choices":[{"not_picked":["SashWhip","Clothesline"],"picked":"Fire Breathing","floor":0.0},{"not_picked":["Darkness","FollowUp"],"picked":"Prepared","floor":0.0},{"not_picked":["Conclude","Leg Sweep"],"picked":"Heel Hook","floor":0.0},{"not_picked":["Sucker Punch","Beam Cell"],"picked":"Heatsinks","floor":0.0},{"not_picked":["Sentinel","Dash"],"picked":"After Image","floor":0.0},{"not_picked":["Backflip+1","Sweeping Beam+1"],"picked":"TalkToTheHand+1","floor":1.0},{"not_picked":["FollowUp+1","Shrug It Off+1"],"picked":"WaveOfTheHand+1","floor":1.0},{"not_picked":["Heavy Blade+1","Prepared+1","Clothesline+1"],"picked":"Warcry+1","floor":7.0},{"not_picked":["Acrobatics+1","Anger+1","Madness+1"],"picked":"Outmaneuver+1","floor":8.0},{"not_picked":["WreathOfFlame+1","Flame Barrier+1","FlyingSleeves+1"],"picked":"Rainbow+1","floor":8.0},{"not_picked":["Tempest+1","MentalFortress","Good Instincts+1"],"picked":"Berserk","floor":10.0},{"not_picked":["PathToVictory+1","Reprogram+1","Cold Snap+1"],"picked":"Protect+1","floor":13.0},{"not_picked":["Steam+1","Pummel+1","Gash+1"],"picked":"Turbo+1","floor":13.0},{"not_picked":["Cloak And Dagger+1","Magnetism","InnerPeace+1","Dark Embrace"],"picked":"Singing Bowl","floor":14.0},{"not_picked":["Blood for Blood+1","Hologram+1","Pommel Strike+1","Clash+1"],"picked":"Singing Bowl","floor":14.0},{"not_picked":["Barricade","Judgement+1","Wish+1"],"picked":"Fiend Fire+1","floor":16.0},{"not_picked":["FlyingSleeves+1","Streamline+1","FlurryOfBlows+1","Expertise+1"],"picked":"Singing Bowl","floor":18.0},{"not_picked":["Caltrops","FollowUp+1","Beam Cell+1","Flechettes+1"],"picked":"Singing Bowl","floor":18.0},{"not_picked":["Go for the Eyes+1","Tempest+1","Flechettes+1","Pommel Strike+1"],"picked":"Singing Bowl","floor":20.0},{"not_picked":["Pommel Strike+1","Dark Shackles+1","Flying Knee+1","MentalFortress"],"picked":"Singing Bowl","floor":20.0},{"not_picked":["Blur+1","Dagger Throw+1","Iron Wave+1","Cleave+1"],"picked":"Singing Bowl","floor":21.0},{"not_picked":["Flex+1","Core Surge+1","Headbutt+1","Tempest+1"],"picked":"Singing Bowl","floor":21.0},{"not_picked":["Good Instincts+1","Havoc+1","Consecrate+1","Acrobatics+1"],"picked":"Singing Bowl","floor":22.0},{"not_picked":["Evaluate+1","Heavy Blade+1","Bane+1","Underhanded Strike+1"],"picked":"Singing Bowl","floor":22.0},{"not_picked":["FollowUp+1","Well Laid Plans","Dark Shackles+1","Caltrops"],"picked":"Singing Bowl","floor":24.0},{"not_picked":["Pommel Strike+1","ClearTheMind+1","Impatience+1","BootSequence+1"],"picked":"Singing Bowl","floor":25.0},{"not_picked":["Enlightenment+1","Purity+1","Meditate+1","Hemokinesis+1"],"picked":"Singing Bowl","floor":25.0},{"not_picked":["Deflect+1","Anger+1","Armaments+1"],"picked":"Omniscience+1","floor":27.0},{"not_picked":["FollowUp+1","Cold Snap+1","Dodge and Roll+1","Steam+1"],"picked":"Singing Bowl","floor":27.0},{"not_picked":["White Noise+1","Flash of Steel+1","Blizzard+1"],"picked":"Phantasmal Killer+1","floor":28.0},{"not_picked":["Reinforced Body+1","Flying Knee+1","JustLucky+1","Prepared+1"],"picked":"Singing Bowl","floor":29.0},{"not_picked":["Well Laid Plans+1","Perfected Strike+1","Clash+1"],"picked":"Bludgeon+1","floor":29.0},{"not_picked":["PiercingWail+1","Coolheaded+1","Swivel+1","Recycle+1"],"picked":"Singing Bowl","floor":30.0},{"not_picked":["Prepared+1","Finesse+1","Gash+1","Shrug It Off+1"],"picked":"Singing Bowl","floor":31.0},{"not_picked":["Caltrops","Riddle With Holes+1","Crescendo+1","Spot Weakness+1"],"picked":"Singing Bowl","floor":31.0},{"not_picked":["Judgement+1","DeusExMachina+1","Wish+1"],"picked":"LessonLearned+1","floor":33.0},{"not_picked":["Turbo+1","Anger+1","Leap+1"],"picked":"FlurryOfBlows+1","floor":35},{"not_picked":["Spot Weakness+1","Underhanded Strike+1","Beam Cell+1"],"picked":"Armaments+1","floor":35},{"not_picked":["Aggregate+1","Compile Driver+1","Shrug It Off+1","FlurryOfBlows+1"],"picked":"Singing Bowl","floor":36},{"not_picked":["Wireheading+1","True Grit+1","FearNoEvil+1","Omniscience+1"],"picked":"Singing Bowl","floor":36},{"not_picked":["Flying Knee+1","Deadly Poison+1","Barrage+1","Redo+1"],"picked":"Singing Bowl","floor":38},{"not_picked":["Secret Technique+1","Rebound+1","Perfected Strike+1","Setup+1"],"picked":"Singing Bowl","floor":38},{"not_picked":["Discovery+1","Cold Snap+1","Rage+1","Static Discharge"],"picked":"Singing Bowl","floor":40},{"not_picked":["Finesse+1","Wallop+1","Flying Knee+1","WaveOfTheHand+1"],"picked":"Singing Bowl","floor":42},{"not_picked":["True Grit+1","Trip+1","PiercingWail+1"],"picked":"Exhume+1","floor":44},{"not_picked":["Dagger Spray+1","Noxious Fumes+1","Gash+1","PathToVictory+1"],"picked":"Singing Bowl","floor":45},{"not_picked":["Clothesline+1","Backflip+1","DeceiveReality+1","Prostrate+1"],"picked":"Singing Bowl","floor":45},{"not_picked":["Evolve","Sever Soul+1","Trip+1","Dagger Spray+1"],"picked":"Singing Bowl","floor":48},{"not_picked":["Reckless Charge+1","Coolheaded+1","Sword Boomerang+1","Well Laid Plans"],"picked":"Singing Bowl","floor":48},{"not_picked":["Compile Driver+1","Rampage+1","Halt+1","Bouncing Flask+1"],"picked":"Singing Bowl","floor":55}],"player_experience":898103,"relics_obtained":[{"floor":6.0,"key":"Question Card"},{"floor":7.0,"key":"Boot"},{"floor":9.0,"key":"Bag of Marbles"},{"floor":10.0,"key":"War Paint"},{"floor":12.0,"key":"Akabeko"},{"floor":12.0,"key":"PreservedInsect"},{"floor":23.0,"key":"HornCleat"},{"floor":24.0,"key":"MealTicket"},{"floor":26.0,"key":"Circlet"},{"floor":28.0,"key":"Orichalcum"},{"floor":30.0,"key":"Juzu Bracelet"},{"floor":40,"key":"Circlet"},{"floor":42,"key":"Lantern"},{"floor":43,"key":"Nunchaku"},{"floor":44,"key":"White Beast Statue"},{"floor":55,"key":"Circlet"}],"event_choices":[{"cards_removed":["ThirdEye"],"damage_healed":0.0,"max_hp_gain":0.0,"max_hp_loss":0.0,"gold_gain":0.0,"event_name":"Golden Wing","player_choice":"Card Removal","floor":4.0,"gold_loss":0.0,"damage_taken":7.0},{"damage_healed":0.0,"max_hp_gain":0.0,"max_hp_loss":0.0,"gold_gain":0.0,"event_name":"Scrap Ooze","player_choice":"Success","floor":5.0,"gold_loss":0.0,"damage_taken":11.0,"relics_obtained":["MawBank"]},{"damage_healed":0.0,"max_hp_gain":0.0,"max_hp_loss":0.0,"gold_gain":0.0,"event_name":"The Woman in Blue","player_choice":"Bought 0 Potions","floor":11.0,"gold_loss":0.0,"damage_taken":0.0},{"damage_healed":0.0,"max_hp_gain":5.0,"max_hp_loss":0.0,"gold_gain":0.0,"event_name":"Forgotten Altar","player_choice":"Shed Blood","floor":19.0,"gold_loss":0.0,"damage_taken":36.0},{"damage_healed":0,"gold_gain":0,"player_choice":"Embrace Madness","damage_taken":28,"max_hp_gain":0,"max_hp_loss":0,"event_name":"Winding Halls","floor":39,"gold_loss":0,"cards_obtained":["Madness","Madness"]}],"is_beta":false,"boss_relics":[{"not_picked":["SlaversCollar","Tiny House"],"picked":"Snecko Eye"},{"not_picked":["HolyWater","Philosopher\u0027s Stone"],"picked":"Runic Dome"}],"items_purged_floors":[0,0,0,0,0,0,0,0,0,0,0,0,0,0,0,0,47],"is_endless":false,"potions_floor_spawned":[1,7,14,22,24,27,31,33,36,40,42,45,48,55],"ascension_level":20}}