{"host":"0tiuc76yumknr6qf","time":1607558459,"event":{"gold_per_floor":[17,17,38,61,75,75,108,108,159,159,235,235,254,267,267,363,363,387,387,387,402,402,402,417,417,443,443,443],"floor_reached":27,"playtime":1158,"items_purged":[],"score":451,"play_id":"88b2a13f-0073-42c2-9066-36378ea88530","local_time":"20201209180059","is_ascension_mode":true,"campfire_choices":[{"data":"Doom and Gloom","floor":6.0,"key":"SMITH"},{"data":"Streamline","floor":8.0,"key":"SMITH"},{"data":"Buffer","floor":10.0,"key":"SMITH"},{"floor":15.0,"key":"REST"},{"floor":23.0,"key":"REST"},{"data":"Chill","floor":25.0,"key":"SMITH"}],"neow_cost":"NO_GOLD","seed_source_timestamp":45471426529000,"circlet_count":0,"master_deck":["AscendersBane","Defend_B","Defend_B","Defend_B","Defend_B","Zap","Dualcast","Master of Strategy","Streamline+1","Coolheaded","Ball Lightning","Doom and Gloom+1","Buffer+1","Skim","Leap","Chill+1","Multi-Cast","Stack+1","Bite","Bite","Bite","Bite","Bite","Go for the Eyes","Cold Snap","Leap"],"special_seed":0,"relics":["Cracked Core","Golden Idol","Sundial","Bag of Preparation","Dream Catcher","SlaversCollar"],"potions_floor_usage":[],"damage_taken":[{"damage":8.0,"enemies":"Small Slimes","floor":1.0,"turns":3.0},{"damage":2.0,"enemies":"Jaw Worm","floor":3.0,"turns":3.0},{"damage":0.0,"enemies":"2 Louse","floor":4.0,"turns":2.0},{"damage":6.0,"enemies":"Looter","floor":5.0,"turns":2.0},{"damage":34.0,"enemies":"3 Sentries","floor":7.0,"turns":6.0},{"damage":0.0,"enemies":"Gremlin Nob","floor":11.0,"turns":4.0},{"damage":1.0,"enemies":"2 Fungi Beasts","floor":13.0,"turns":2.0},{"damage":0.0,"enemies":"Large Slime","floor":14.0,"turns":3.0},{"damage":10.0,"enemies":"Hexaghost","floor":16.0,"turns":8.0},{"damage":20.0,"enemies":"2 Thieves","floor":18.0,"turns":3.0},{"damage":24.0,"enemies":"3 Byrds","floor":21.0,"turns":3.0},{"damage":34.0,"enemies":"Snake Plant","floor":24.0,"turns":7.0},{"damage":26,"enemies":"Chosen and Byrds","floor":27,"turns":5}],"seed_played":"4668034883508057926","potions_obtained":[{"floor":1.0,"key":"FairyPotion"},{"floor":7.0,"key":"SmokeBomb"},{"floor":11.0,"key":"FocusPotion"}],"is_trial":false,"path_per_floor":["M","?","M","M","M","R","E","R","T","R","?","?","M","M","R","B",null,"M","?","?","M","?","R","M","R","T","M"],"character_chosen":"DEFECT","items_purchased":[],"campfire_rested":2,"item_purchase_floors":[],"current_hp_per_floor":[56,56,54,54,48,48,14,14,14,14,14,14,13,13,32,22,54,34,34,34,12,12,25,17,17,17,0,0],"gold":443,"neow_bonus":"RANDOM_COLORLESS_2","is_prod":false,"is_daily":false,"chose_seed":false,"campfire_upgraded":4,"win_rate":0,"timestamp":1607558459,"path_taken":["M","?","M","M","M","R","E","R","T","R","?","?","M","M","R","BOSS","M","?","?","M","?","R","M","R","T","M"],"build_version":"2020-11-30","purchased_purges":0,"victory":false,"max_hp_per_floor":[71,64,64,64,64,64,64,64,64,64,64,64,64,64,64,64,64,64,44,44,44,44,44,44,44,44,44,44],"card_choices":[{"not_picked":["Secret Technique","Metamorphosis"],"picked":"Master of Strategy","floor":0.0},{"not_picked":["Compile Driver","Redo"],"picked":"Streamline","floor":1.0},{"not_picked":["Fusion","Tempest"],"picked":"Coolheaded","floor":3.0},{"not_picked":["Hologram","Steam"],"picked":"Ball Lightning","floor":4.0},{"not_picked":["Static Discharge","Stack"],"picked":"Doom and Gloom","floor":5.0},{"not_picked":["Turbo","Gash"],"picked":"Buffer","floor":7.0},{"not_picked":["Compile Driver","Streamline"],"picked":"Skim","floor":11.0},{"not_picked":["Force Field","Rebound","Barrage"],"picked":"SKIP","floor":13.0},{"not_picked":["Compile Driver","Gash"],"picked":"Leap","floor":14.0},{"not_picked":["Rip and Tear","Cold Snap"],"picked":"Chill","floor":15.0},{"not_picked":["Reboot","Amplify"],"picked":"Multi-Cast","floor":16.0},{"not_picked":["Cold Snap","Compile Driver"],"picked":"Stack+1","floor":18.0},{"not_picked":["Skim+1","Ball Lightning"],"picked":"Go for the Eyes","floor":21.0},{"not_picked":["BootSequence","Melter+1"],"picked":"Cold Snap","floor":23.0},{"not_picked":["Beam Cell","Gash"],"picked":"Leap","floor":24.0}],"player_experience":1760306,"relics_obtained":[{"floor":7.0,"key":"Sundial"},{"floor":9.0,"key":"Bag of Preparation"},{"floor":11.0,"key":"Dream Catcher"}],"event_choices":[{"damage_healed":0.0,"max_hp_gain":0.0,"max_hp_loss":7.0,"gold_gain":0.0,"event_name":"Golden Idol","player_choice":"Lose Max HP","floor":2.0,"gold_loss":0.0,"damage_taken":0.0,"relics_obtained":["Golden Idol"]},{"damage_healed":0.0,"max_hp_gain":0.0,"max_hp_loss":0.0,"gold_gain":0.0,"event_name":"Dead Adventurer","player_choice":"Searched \u00271\u0027 times","floor":11.0,"gold_loss":0.0,"damage_taken":0.0},{"damage_healed":0.0,"max_hp_gain":0.0,"max_hp_loss":0.0,"gold_gain":0.0,"event_name":"Liars Game","player_choice":"Ignored","floor":12.0,"gold_loss":0.0,"damage_taken":0.0},{"damage_healed":0.0,"max_hp_gain":0.0,"max_hp_loss":20.0,"gold_gain":0.0,"event_name":"Vampires","player_choice":"Became a vampire","floor":19.0,"gold_loss":0.0,"damage_taken":0.0,"cards_obtained":["Bite","Bite","Bite","Bite","Bite"]},{"damage_healed":0.0,"max_hp_gain":0.0,"max_hp_loss":0.0,"gold_gain":0.0,"event_name":"Cursed Tome","player_choice":"Ignored","floor":20.0,"gold_loss":0.0,"damage_taken":0.0},{"damage_healed":0.0,"max_hp_gain":0.0,"max_hp_loss":0.0,"gold_gain":0.0,"event_name":"The Mausoleum","player_choice":"Ignored","floor":22.0,"gold_loss":0.0,"damage_taken":0.0}],"is_beta":false,"boss_relics":[{"not_picked":["Nuclear Battery","Cursed Key"],"picked":"SlaversCollar"}],"items_purged_floors":[],"is_endless":false,"potions_floor_spawned":[1,7,11,13],"killed_by":"Chosen and Byrds","ascension_level":20}}