{"host":"121m0oxswv9tg9hk","time":1607618582,"event":{"mods":["BaseMod","StSLib","AchievementEnabler","Downfall","Replay The Spire","Hubris","Infinite Spire","Minty Spire (QoL Compilation)","Better Third Choice","MarisaÅiñ∂âJÅ@ñÇóùçπÅj","The Construct","The Mystic","Hermit","The Cursed","Shade Mod","The Hierophant","The Gatherer","Aspiration","The Dragon Tamer"],"gold_per_floor":[116,128,141,36,36,36,67,30,30,41,75,75,128,148,148,247,247,264,282,282,309,28,28,40,40,66,66,77,77,77,92,92,192,192,205,215,215,227,240,240,271,281,281,281,296,296,296,315,315,315,315,315,9,41,41,41],"floor_reached":55,"playtime":4325,"items_purged":["mysticmod:Strike_Mystic","hubris:Sniper","mysticmod:Defend_Mystic"],"score":855,"play_id":"3f08d901-99c1-4594-b061-77e1bc6e6b57","local_time":"20201210174302","is_ascension_mode":true,"campfire_choices":[{"data":"mysticmod:HeavyStrike","floor":6,"key":"SMITH"},{"data":"mysticmod:LightningBolt","floor":12,"key":"SMITH"},{"data":"mysticmod:Daze","floor":23,"key":"SMITH"},{"data":"Replay:Fractal Strike","floor":27,"key":"SMITH"},{"data":"mysticmod:ArcaneDodge","floor":30,"key":"SMITH"},{"data":"mysticmod:VorpalThrust","floor":40,"key":"SMITH"},{"floor":44,"key":"REST"},{"floor":47,"key":"RECALL"},{"floor":49,"key":"REST"},{"data":"mysticmod:ArcaneAccuracy","floor":52,"key":"SMITH"}],"circlet_count":0,"master_deck":["mysticmod:Strike_Mystic","mysticmod:Defend_Mystic","mysticmod:ArcaneDodge+1","mysticmod:ShockingGrasp","mysticmod:PowerSlash","mysticmod:TomeOfSpells","mysticmod:HeavyStrike+1","mysticmod:BulkUp","mysticmod:ComboCaster+1","Bane+1","Dash","mysticmod:CureLightWounds","mysticmod:Shield+1","mysticmod:Shield+1","mysticmod:SuddenClarity","mysticmod:LightningBolt+1","mysticmod:Momentum+1","mysticmod:MysticalShield+1","mysticmod:CureLightWounds","mysticmod:Daze+1","mysticmod:PowerSlash+1","Replay:Fractal Strike+1","mysticmod:Fly+1","mysticmod:Alacrity+1","mysticmod:VorpalThrust+1","mysticmod:Doublecast+1","mysticmod:ArcaneAccuracy+1","mysticmod:Feint+1","mysticmod:Fireball+1","mysticmod:Shield+1"],"relics":["mysticmod:SpellBook","aspiration:DSix","Golden Egg","infinitespire:Lucky Rock","hubris:ScarierMask","Ring of Fangs","mysticmod:TrainingManual","Oddly Smooth Stone","hubris:DeckOfHolding","infinitespire:ShieldingShard","Replay:Bronze Core","infinitespire:Beetle Shell","Shuriken","ClockworkSouvenir","infinitespire:EmpoweringShard"],"acts_visited":["Exordium","TheCity","TheBeyond","TheEnding"],"potions_floor_usage":[10,16,28,33,33,41,50,55,55],"damage_taken":[{"damage":0,"enemies":"Small Slimes","floor":1,"turns":4},{"damage":0,"enemies":"Jaw Worm","floor":2,"turns":4},{"damage":0,"enemies":"2 Louse","floor":3,"turns":2},{"damage":27,"enemies":"Lagavulin","floor":7,"turns":10},{"damage":5,"enemies":"Exordium Thugs","floor":10,"turns":7},{"damage":20,"enemies":"3 Sentries","floor":11,"turns":11},{"damage":0,"enemies":"Looter","floor":14,"turns":3},{"damage":42,"enemies":"Fading Forest","floor":16,"turns":11},{"damage":1,"enemies":"3 Byrds","floor":18,"turns":6},{"damage":0,"enemies":"Spheric Guardian","floor":19,"turns":3},{"damage":14,"enemies":"Centurion and Healer","floor":24,"turns":4},{"damage":12,"enemies":"Snake Plant","floor":28,"turns":6},{"damage":10,"enemies":"Snecko","floor":31,"turns":8},{"damage":61,"enemies":"Champ","floor":33,"turns":17},{"damage":0,"enemies":"3 Darklings","floor":35,"turns":5},{"damage":0,"enemies":"3 Shapes","floor":36,"turns":4},{"damage":8,"enemies":"Maw","floor":38,"turns":8},{"damage":5,"enemies":"3 Darklings","floor":39,"turns":4},{"damage":40,"enemies":"Reptomancer","floor":41,"turns":8},{"damage":0,"enemies":"Sphere and 2 Shapes","floor":42,"turns":6},{"damage":19,"enemies":"Maw","floor":45,"turns":10},{"damage":0,"enemies":"4 Shapes","floor":48,"turns":6},{"damage":71,"enemies":"Awakened One","floor":50,"turns":16},{"damage":9,"enemies":"Shield and Spear","floor":54,"turns":4},{"damage":78,"enemies":"The Heart","floor":55,"turns":6}],"seed_played":"2025410654080882543","potions_obtained":[{"floor":3,"key":"SpeedPotion"},{"floor":7,"key":"DistilledChaos"},{"floor":11,"key":"Adrenaline Potion"},{"floor":16,"key":"SteroidPotion"},{"floor":19,"key":"mysticmod:EssenceOfMagic"},{"floor":28,"key":"Strength Potion"},{"floor":39,"key":"Strength Potion"},{"floor":42,"key":"infinitespire:BlackPotion"},{"floor":45,"key":"Fire Potion"}],"is_trial":false,"path_per_floor":["M","M","M","$","?","R","E","$","T","M","E","R","T","M","R","B",null,"M","M","?","T","$","R","M","AVR","T","R","M","$","R","M","R","B",null,"M","M","?","M","M","R","E","M","T","R","M","?","R","M","R","B",null,"R","$","E","B"],"character_chosen":"MYSTIC_CLASS","items_purchased":["mysticmod:BulkUp","mysticmod:ComboCaster+1","mysticmod:Shield","mysticmod:PowerSlash","Oddly Smooth Stone","ClockworkSouvenir","PowerPotion"],"campfire_rested":2,"item_purchase_floors":[4,4,8,22,22,53,53],"current_hp_per_floor":[77,77,77,77,77,77,50,50,50,48,31,31,31,33,56,27,65,67,72,72,72,72,72,63,63,63,63,59,59,59,55,55,4,59,64,67,67,65,63,63,29,37,37,60,47,47,47,53,76,10,60,60,60,60,0,0],"gold":41,"neow_bonus":"DSIX","is_daily":false,"chose_seed":false,"campfire_upgraded":7,"win_rate":0,"timestamp":1607618582,"path_taken":["M","M","M","$","?","R","E","$","T","M","E","R","?","M","R","BOSS","M","M","?","?","$","R","M","AVR","T","R","M","$","R","M","R","BOSS","M","M","?","M","M","R","E","M","T","R","M","?","R","M","R","BOSS","R","$","E","BOSS"],"build_version":"2020-11-30","purchased_purges":3,"victory":false,"max_hp_per_floor":[77,77,77,77,77,77,77,77,77,77,77,77,77,77,77,77,77,77,77,77,77,77,77,77,77,77,77,77,77,77,77,77,77,77,77,77,77,77,77,77,77,77,77,77,77,77,77,77,77,77,77,77,77,77,77,77],"card_choices":[{"not_picked":["mysticmod:DiviningBlow","mysticmod:PowerAttack"],"picked":"mysticmod:PowerSlash","floor":1},{"not_picked":["mysticmod:KeenEdge","mysticmod:Probe"],"picked":"mysticmod:TomeOfSpells","floor":2},{"not_picked":["mysticmod:LightningBolt","mysticmod:ArcaneAccuracy"],"picked":"mysticmod:HeavyStrike","floor":3},{"not_picked":["mysticmod:AllIn","mysticmod:ComponentsPouch"],"picked":"mysticmod:CureLightWounds","floor":7},{"not_picked":["mysticmod:Daze","mysticmod:RapidCaster"],"picked":"mysticmod:SuddenClarity","floor":10},{"not_picked":["mysticmod:Snowball","mysticmod:IllusionOfCalm"],"picked":"mysticmod:LightningBolt","floor":11},{"not_picked":["mysticmod:HunkerDown","mysticmod:LightningBolt"],"picked":"mysticmod:Momentum","floor":14},{"not_picked":["mysticmod:Haste","mysticmod:KnowledgePool"],"picked":"mysticmod:MysticalShield","floor":16},{"not_picked":["mysticmod:Feint+1","mysticmod:MightyMagic"],"picked":"mysticmod:CureLightWounds","floor":18},{"not_picked":["mysticmod:SuddenClarity","mysticmod:DiviningBlow+1"],"picked":"mysticmod:Daze","floor":19},{"not_picked":["mysticmod:BladeMaster","mysticmod:Grease","mysticmod:TomeOfSpells+1"],"picked":"SKIP","floor":24},{"not_picked":["mysticmod:DiviningBlow","mysticmod:MightyMagic"],"picked":"mysticmod:Fly+1","floor":28},{"not_picked":["mysticmod:BulkUp+1","mysticmod:Shield"],"picked":"mysticmod:Alacrity+1","floor":31},{"not_picked":["mysticmod:Spellstrike","mysticmod:SpellRecall"],"picked":"mysticmod:Doublecast","floor":33},{"not_picked":["mysticmod:EbbAndFlow","mysticmod:RapidCaster+1"],"picked":"mysticmod:ArcaneAccuracy","floor":35},{"not_picked":["mysticmod:PowerSlash+1","mysticmod:Probe+1"],"picked":"mysticmod:Feint+1","floor":36},{"not_picked":["mysticmod:PureInstinct+1","mysticmod:IllusionOfCalm+1","mysticmod:PowerAttack+1"],"picked":"SKIP","floor":38},{"not_picked":["mysticmod:Probe","mysticmod:Sideswipe","mysticmod:Alacrity"],"picked":"SKIP","floor":39},{"not_picked":["mysticmod:Shield+1","mysticmod:Sideswipe+1"],"picked":"mysticmod:Fireball+1","floor":41},{"not_picked":["mysticmod:KeenEdge+1","mysticmod:Momentum","mysticmod:Feint+1"],"picked":"SKIP","floor":42},{"not_picked":["mysticmod:PureInstinct","mysticmod:TomeOfSpells+1"],"picked":"mysticmod:Shield+1","floor":45},{"not_picked":["mysticmod:EarthenWall+1","mysticmod:Riposte","mysticmod:Disengage+1"],"picked":"SKIP","floor":48},{"not_picked":["mysticmod:RapidCaster","mysticmod:Snowball+1","mysticmod:Shield"],"picked":"SKIP","floor":54}],"player_experience":2790665,"relics_obtained":[{"floor":7,"key":"Golden Egg"},{"floor":11,"key":"infinitespire:Lucky Rock"},{"floor":20,"key":"Ring of Fangs"},{"floor":21,"key":"mysticmod:TrainingManual"},{"floor":26,"key":"infinitespire:ShieldingShard"},{"floor":41,"key":"infinitespire:Beetle Shell"},{"floor":43,"key":"Shuriken"},{"floor":54,"key":"infinitespire:EmpoweringShard"}],"event_choices":[{"damage_healed":0,"gold_gain":0,"player_choice":"Ignored","damage_taken":0,"max_hp_gain":0,"max_hp_loss":0,"event_name":"Mysterious Sphere","floor":37,"gold_loss":0},{"damage_healed":0,"gold_gain":0,"player_choice":"Bought 0 Potions","damage_taken":0,"max_hp_gain":0,"max_hp_loss":0,"event_name":"The Woman in Blue","floor":46,"gold_loss":0}],"is_beta":false,"boss_relics":[{"not_picked":["construct:ClawGrip","hubris:Stopwatch"],"picked":"hubris:ScarierMask"},{"not_picked":["Tiny House","Black Star"],"picked":"Replay:Bronze Core"}],"items_purged_floors":[22,25,53],"is_endless":false,"potions_floor_spawned":[3,7,11,16,19,24,28,39,42,45],"killed_by":"The Heart","ascension_level":5}}