{"host":"dpbezu80jg8zk7un","time":1607566784,"event":{"gold_per_floor":[362,373,386,397,413,413,446,446,446,465,303,303,329,343,343,415,415,430,430,280,294,294,294,625,625,625,625,642,408,418,418,418,492,492,510,530,530,530,410,439,439,464,464,464,483,497,526,536,536,536,536,536,536,44,78,78],"floor_reached":57,"playtime":2992,"items_purged":["Strike_R","Strike_R","Strike_R","Strike_R","Defend_R"],"score":3034,"play_id":"9251d394-2957-41e0-9cb4-7e0e2a188690","local_time":"20201210111944","is_ascension_mode":true,"campfire_choices":[{"data":"Armaments","floor":6.0,"key":"SMITH"},{"floor":8.0,"key":"REST"},{"data":"Offering","floor":15.0,"key":"SMITH"},{"floor":23.0,"key":"RECALL"},{"floor":25.0,"key":"REST"},{"floor":32.0,"key":"REST"},{"floor":41.0,"key":"REST"},{"floor":44.0,"key":"REST"},{"floor":49.0,"key":"REST"},{"floor":53,"key":"REST"}],"neow_cost":"TEN_PERCENT_HP_LOSS","seed_source_timestamp":65466854871800,"circlet_count":0,"master_deck":["AscendersBane","Defend_R","Defend_R","Defend_R","Bash","Battle Trance","Armaments+1","Body Slam","Power Through","Offering+1","Shrug It Off","True Grit","Fire Breathing","Evolve","Offering","Dark Embrace","Shockwave","Offering","Body Slam","Master of Strategy","Seeing Red+1","Second Wind","Barricade","Entrench+1","Sentinel+1","Feel No Pain"],"special_seed":0,"relics":["Burning Blood","Dream Catcher","Bronze Scales","The Courier","Fusion Hammer","Old Coin","Strawberry","ClockworkSouvenir","Runic Cube","Torii","Question Card","StrikeDummy","Anchor","Bag of Preparation","Thread and Needle"],"potions_floor_usage":[],"damage_taken":[{"damage":1.0,"enemies":"Cultist","floor":1.0,"turns":3.0},{"damage":9.0,"enemies":"Small Slimes","floor":2.0,"turns":5.0},{"damage":4.0,"enemies":"Jaw Worm","floor":3.0,"turns":5.0},{"damage":7.0,"enemies":"2 Fungi Beasts","floor":4.0,"turns":4.0},{"damage":24.0,"enemies":"Large Slime","floor":5.0,"turns":9.0},{"damage":42.0,"enemies":"Gremlin Nob","floor":7.0,"turns":4.0},{"damage":6.0,"enemies":"Exordium Wildlife","floor":10.0,"turns":5.0},{"damage":18.0,"enemies":"Lagavulin","floor":13.0,"turns":8.0},{"damage":7.0,"enemies":"Lots of Slimes","floor":14.0,"turns":2.0},{"damage":14.0,"enemies":"Hexaghost","floor":16.0,"turns":10.0},{"damage":6.0,"enemies":"Chosen","floor":18.0,"turns":4.0},{"damage":0.0,"enemies":"3 Byrds","floor":21.0,"turns":3.0},{"damage":12.0,"enemies":"Slavers","floor":24.0,"turns":4.0},{"damage":12.0,"enemies":"Cultist and Chosen","floor":28.0,"turns":3.0},{"damage":18.0,"enemies":"Snake Plant","floor":30.0,"turns":1.0},{"damage":32.0,"enemies":"Automaton","floor":33.0,"turns":7.0},{"damage":18.0,"enemies":"3 Darklings","floor":35.0,"turns":5.0},{"damage":12.0,"enemies":"Orb Walker","floor":36.0,"turns":3.0},{"damage":19.0,"enemies":"Nemesis","floor":40.0,"turns":5.0},{"damage":18.0,"enemies":"Mind Bloom Boss Battle","floor":42.0,"turns":4.0},{"damage":18.0,"enemies":"3 Darklings","floor":45.0,"turns":4.0},{"damage":12.0,"enemies":"4 Shapes","floor":46.0,"turns":2.0},{"damage":18.0,"enemies":"Giant Head","floor":47.0,"turns":1.0},{"damage":13.0,"enemies":"Transient","floor":48.0,"turns":5.0},{"damage":18.0,"enemies":"Donu and Deca","floor":50.0,"turns":2.0},{"damage":24,"enemies":"Awakened One","floor":51,"turns":6},{"damage":12,"enemies":"Shield and Spear","floor":55,"turns":1},{"damage":18,"enemies":"The Heart","floor":56,"turns":7}],"seed_played":"-5315191671645619191","potions_obtained":[{"floor":1.0,"key":"DistilledChaos"},{"floor":2.0,"key":"Regen Potion"},{"floor":13.0,"key":"Fruit Juice"},{"floor":14.0,"key":"Swift Potion"},{"floor":16.0,"key":"EntropicBrew"},{"floor":30.0,"key":"DistilledChaos"},{"floor":45.0,"key":"LiquidMemories"},{"floor":46.0,"key":"DistilledChaos"},{"floor":48.0,"key":"Regen Potion"},{"floor":55,"key":"Weak Potion"}],"is_trial":false,"path_per_floor":["M","M","M","M","M","R","E","R","T","M","$","?","E","M","R","B",null,"M","?","$","M","?","R","E","R","T","?","M","$","M","?","R","B",null,"M","M","?","?","$","E","R","?","T","R","M","M","E","M","R","B","B",null,"R","$","E","B",null],"character_chosen":"IRONCLAD","items_purchased":["Fire Breathing","Dark Embrace","ClockworkSouvenir","Feel No Pain","Anchor","Bag of Preparation","Explosive Potion"],"campfire_rested":7,"item_purchase_floors":[11,20,29,54,54,54,54],"current_hp_per_floor":[68,65,67,66,48,48,12,32,32,32,32,32,20,19,19,16,59,59,59,59,65,65,65,59,73,80,68,62,62,50,50,74,48,72,60,54,54,44,44,31,53,41,41,63,51,45,33,26,48,41,23,63,76,76,70,58],"gold":78,"neow_bonus":"TWO_FIFTY_GOLD","is_prod":false,"is_daily":false,"chose_seed":false,"campfire_upgraded":2,"win_rate":0,"timestamp":1607566784,"path_taken":["M","M","M","M","?","R","E","R","T","M","$","?","E","M","R","BOSS","M","?","$","M","?","R","E","R","T","?","M","$","?","?","R","BOSS","M","M","?","?","$","E","R","?","T","R","M","M","E","M","R","BOSS","BOSS","R","$","E","BOSS"],"build_version":"2020-11-30","purchased_purges":5,"victory":true,"max_hp_per_floor":[68,68,68,68,68,68,68,68,68,68,68,68,68,68,68,73,73,73,73,73,73,73,73,73,73,80,80,80,80,80,80,80,80,80,80,80,76,76,76,76,76,76,76,76,76,76,76,76,76,76,76,76,76,76,76,76],"card_choices":[{"not_picked":["Havoc","Flex"],"picked":"Battle Trance","floor":1.0},{"not_picked":["Shrug It Off","Shockwave"],"picked":"Armaments","floor":2.0},{"not_picked":["Combust","Wild Strike"],"picked":"Body Slam","floor":3.0},{"not_picked":["True Grit","Seeing Red"],"picked":"Power Through","floor":4.0},{"not_picked":["Feel No Pain","Cleave"],"picked":"Offering","floor":5.0},{"not_picked":["Rupture","Flex","Twin Strike"],"picked":"SKIP","floor":7.0},{"not_picked":["Thunderclap","Sword Boomerang"],"picked":"Shrug It Off","floor":8.0},{"not_picked":["Pommel Strike","Flex"],"picked":"True Grit","floor":10.0},{"not_picked":["Juggernaut","Sword Boomerang"],"picked":"Evolve","floor":13.0},{"not_picked":["Infernal Blade","Clash","Perfected Strike"],"picked":"SKIP","floor":14.0},{"not_picked":["Corruption","Feed"],"picked":"Offering","floor":16.0},{"not_picked":["Clash","Anger","Reckless Charge"],"picked":"SKIP","floor":18.0},{"not_picked":["Armaments","True Grit","Pommel Strike"],"picked":"SKIP","floor":21.0},{"not_picked":["Warcry","Rupture+1"],"picked":"Offering","floor":24.0},{"not_picked":["Hemokinesis","Perfected Strike"],"picked":"Body Slam","floor":25.0},{"not_picked":["Iron Wave","Clash","Headbutt"],"picked":"SKIP","floor":28.0},{"not_picked":["Clash","Sword Boomerang","Searing Blow"],"picked":"SKIP","floor":30.0},{"not_picked":["Perfected Strike","Flex","Body Slam"],"picked":"SKIP","floor":35.0},{"not_picked":["Havoc","True Grit","Clash+1"],"picked":"SKIP","floor":36.0},{"not_picked":["Bandage Up","Discovery"],"picked":"Master of Strategy","floor":38.0},{"not_picked":["Clash","Sword Boomerang","Hemokinesis"],"picked":"SKIP","floor":40.0},{"not_picked":["Disarm","Battle Trance"],"picked":"Seeing Red+1","floor":41.0},{"not_picked":["Perfected Strike","Armaments+1"],"picked":"Second Wind","floor":42.0},{"not_picked":["Warcry","Flex","Hemokinesis","Twin Strike+1"],"picked":"SKIP","floor":45.0},{"not_picked":["Headbutt","Havoc","Hemokinesis","Heavy Blade"],"picked":"SKIP","floor":46.0},{"not_picked":["Carnage","Heavy Blade+1","Anger"],"picked":"Barricade","floor":47.0},{"not_picked":["Combust+1","Twin Strike","Warcry"],"picked":"Entrench+1","floor":48.0},{"not_picked":["Havoc","Power Through","Battle Trance"],"picked":"Sentinel+1","floor":53},{"not_picked":["Clash","Havoc+1","Feed","Anger"],"picked":"SKIP","floor":55}],"player_experience":2730779,"relics_obtained":[{"floor":7.0,"key":"Dream Catcher"},{"floor":13.0,"key":"The Courier"},{"floor":24.0,"key":"Old Coin"},{"floor":26.0,"key":"Strawberry"},{"floor":42.0,"key":"Torii"},{"floor":43.0,"key":"Question Card"},{"floor":47.0,"key":"StrikeDummy"},{"floor":55,"key":"Thread and Needle"}],"event_choices":[{"damage_healed":0.0,"max_hp_gain":0.0,"max_hp_loss":0.0,"gold_gain":0.0,"event_name":"WeMeetAgain","player_choice":"Gave Potion","floor":12.0,"gold_loss":0.0,"damage_taken":0.0,"relics_obtained":["Bronze Scales"]},{"cards_removed":["Strike_R"],"damage_healed":0.0,"max_hp_gain":0.0,"max_hp_loss":0.0,"gold_gain":0.0,"event_name":"Back to Basics","player_choice":"Elegance","floor":19.0,"gold_loss":0.0,"damage_taken":0.0},{"damage_healed":0.0,"max_hp_gain":0.0,"max_hp_loss":0.0,"gold_gain":0.0,"event_name":"The Library","player_choice":"Read","floor":22.0,"gold_loss":0.0,"damage_taken":0.0,"cards_obtained":["Shockwave"]},{"damage_healed":0.0,"max_hp_gain":0.0,"max_hp_loss":0.0,"gold_gain":0.0,"event_name":"Wheel of Change","player_choice":"Damaged","floor":27.0,"gold_loss":0.0,"damage_taken":12.0},{"damage_healed":0.0,"max_hp_gain":0.0,"max_hp_loss":0.0,"gold_gain":0.0,"event_name":"The Mausoleum","player_choice":"Ignored","floor":31.0,"gold_loss":0.0,"damage_taken":0.0},{"damage_healed":0.0,"max_hp_gain":0.0,"max_hp_loss":4.0,"gold_gain":0.0,"event_name":"Winding Halls","player_choice":"Max HP","floor":37.0,"gold_loss":0.0,"damage_taken":0.0},{"damage_healed":0.0,"max_hp_gain":0.0,"max_hp_loss":0.0,"gold_gain":0.0,"event_name":"SensoryStone","player_choice":"Memory 3","floor":38.0,"gold_loss":0.0,"damage_taken":10.0},{"damage_healed":0.0,"max_hp_gain":0.0,"max_hp_loss":0.0,"gold_gain":0.0,"event_name":"MindBloom","player_choice":"Fight","floor":42.0,"gold_loss":0.0,"damage_taken":0.0}],"is_beta":false,"boss_relics":[{"not_picked":["Tiny House","SlaversCollar"],"picked":"Fusion Hammer"},{"not_picked":["SacredBark","Calling Bell"],"picked":"Runic Cube"}],"items_purged_floors":[11,20,29,39,54],"is_endless":false,"potions_floor_spawned":[1,2,13,14,16,21,28,30,33,40,45,46,48,55],"ascension_level":20}}