{"host":"1tl36azeqm6yhdgj","time":1607603502,"event":{"gold_per_floor":[118,118,293,293,10,45,45,59,59,59,78,9,26,53,53,155,155,174,84,103,123,137,164,164,197,223,242,275,288,288,288,288,288,288],"floor_reached":33,"playtime":1278,"items_purged":[],"score":527,"play_id":"c13d2245-a894-495f-809b-896ca7500123","local_time":"20201210073142","is_ascension_mode":true,"campfire_choices":[{"floor":7.0,"key":"RECALL"},{"data":"Flex","floor":10.0,"key":"SMITH"},{"data":"Immolate","floor":15.0,"key":"SMITH"},{"floor":24.0,"key":"REST"},{"floor":32.0,"key":"REST"}],"neow_cost":"NONE","seed_source_timestamp":50299001740400,"circlet_count":0,"master_deck":["AscendersBane","Strike_R","Strike_R","Strike_R","Strike_R","Defend_R","Defend_R","Defend_R","Defend_R","Bash","Battle Trance+1","Finesse","Flex+1","Clash","Immolate+1","Shockwave","Exhume","Rampage+1","Inflame","Rage","Sever Soul+1","Iron Wave+1","Cleave+1","Whirlwind+1","Fire Breathing","Decay"],"special_seed":0,"relics":["Burning Blood","NeowsBlessing","Strawberry","Orichalcum","Mummified Hand","Gambling Chip","Molten Egg 2","Juzu Bracelet","Bottled Lightning","Nunchaku","Blood Vial","The Courier"],"potions_floor_usage":[],"damage_taken":[{"damage":0.0,"enemies":"2 Louse","floor":1.0,"turns":1.0},{"damage":0.0,"enemies":"Lagavulin","floor":6.0,"turns":1.0},{"damage":0.0,"enemies":"Small Slimes","floor":8.0,"turns":1.0},{"damage":0.0,"enemies":"Cultist","floor":11.0,"turns":2.0},{"damage":9.0,"enemies":"Exordium Thugs","floor":13.0,"turns":3.0},{"damage":20.0,"enemies":"Gremlin Nob","floor":14.0,"turns":4.0},{"damage":2.0,"enemies":"Slime Boss","floor":16.0,"turns":7.0},{"damage":2.0,"enemies":"Chosen","floor":18.0,"turns":4.0},{"damage":33.0,"enemies":"Shell Parasite","floor":20.0,"turns":4.0},{"damage":3.0,"enemies":"Centurion and Healer","floor":21.0,"turns":2.0},{"damage":18.0,"enemies":"Snake Plant","floor":22.0,"turns":3.0},{"damage":30.0,"enemies":"Book of Stabbing","floor":23.0,"turns":5.0},{"damage":7.0,"enemies":"Slavers","floor":25.0,"turns":3.0},{"damage":11.0,"enemies":"Shelled Parasite and Fungi","floor":27.0,"turns":4.0},{"damage":15.0,"enemies":"Gremlin Leader","floor":28.0,"turns":4.0},{"damage":19.0,"enemies":"Snecko","floor":29.0,"turns":5.0},{"damage":74,"enemies":"Champ","floor":33,"turns":10}],"seed_played":"-262226458455143229","potions_obtained":[{"floor":1.0,"key":"Ancient Potion"},{"floor":6.0,"key":"DistilledChaos"},{"floor":14.0,"key":"Swift Potion"},{"floor":20.0,"key":"Block Potion"},{"floor":21.0,"key":"Dexterity Potion"},{"floor":23.0,"key":"Weak Potion"},{"floor":27.0,"key":"ColorlessPotion"}],"is_trial":false,"path_per_floor":["M","?","?","?","$","E","R","M","T","R","M","$","M","E","R","B",null,"M","?","M","M","M","E","R","E","T","M","E","M","?","?","R","B"],"character_chosen":"IRONCLAD","items_purchased":["Orichalcum","Finesse","Flex","Immolate"],"campfire_rested":2,"item_purchase_floors":[5,5,5,12],"current_hp_per_floor":[78,82,82,82,82,87,87,87,87,87,87,87,84,70,70,74,84,87,87,60,63,51,27,53,52,52,47,38,27,27,27,53,0,0],"gold":288,"neow_bonus":"THREE_ENEMY_KILL","is_prod":false,"is_daily":false,"chose_seed":false,"campfire_upgraded":2,"win_rate":0,"timestamp":1607603502,"path_taken":["M","?","?","?","$","E","R","M","T","R","?","?","M","E","R","BOSS","M","?","M","M","?","E","R","E","T","M","E","M","?","?","R","BOSS"],"build_version":"2020-11-30","purchased_purges":0,"victory":false,"max_hp_per_floor":[80,87,87,87,87,87,87,87,87,87,87,87,87,87,87,87,87,87,87,87,87,87,87,87,87,87,87,87,87,87,87,87,87,87],"card_choices":[{"not_picked":["Blood for Blood","Sword Boomerang"],"picked":"Battle Trance","floor":1.0},{"not_picked":["Warcry","Sword Boomerang"],"picked":"Clash","floor":6.0},{"not_picked":["Entrench","Iron Wave","Wild Strike"],"picked":"SKIP","floor":8.0},{"not_picked":["Clash","Seeing Red","Sentinel"],"picked":"SKIP","floor":11.0},{"not_picked":["True Grit","Searing Blow"],"picked":"Shockwave","floor":13.0},{"not_picked":["Dark Embrace","Battle Trance","Flex"],"picked":"SKIP","floor":14.0},{"not_picked":["Berserk","Brutality"],"picked":"Exhume","floor":16.0},{"not_picked":["True Grit+1","Clothesline+1"],"picked":"Rampage+1","floor":18.0},{"not_picked":["Havoc","Wild Strike+1"],"picked":"Inflame","floor":20.0},{"not_picked":["Combust","Iron Wave+1"],"picked":"Rage","floor":21.0},{"not_picked":["Ghostly Armor","Seeing Red"],"picked":"Sever Soul+1","floor":22.0},{"not_picked":["Spot Weakness","Shockwave"],"picked":"Iron Wave+1","floor":23.0},{"not_picked":["Clash+1","Twin Strike+1"],"picked":"Cleave+1","floor":25.0},{"not_picked":["Cleave+1","Reckless Charge+1","Clothesline+1"],"picked":"SKIP","floor":27.0},{"not_picked":["Iron Wave+1","Blood for Blood+1"],"picked":"Whirlwind+1","floor":28.0},{"not_picked":["Shrug It Off","Wild Strike+1"],"picked":"Fire Breathing","floor":29.0}],"player_experience":1896321,"relics_obtained":[{"floor":6.0,"key":"Mummified Hand"},{"floor":9.0,"key":"Gambling Chip"},{"floor":14.0,"key":"Molten Egg 2"},{"floor":23.0,"key":"Juzu Bracelet"},{"floor":25.0,"key":"Bottled Lightning"},{"floor":26.0,"key":"Nunchaku"},{"floor":28.0,"key":"Blood Vial"}],"event_choices":[{"damage_healed":0.0,"max_hp_gain":0.0,"max_hp_loss":0.0,"gold_gain":0.0,"event_name":"Scrap Ooze","player_choice":"Success","floor":2.0,"gold_loss":0.0,"damage_taken":3.0,"relics_obtained":["Strawberry"]},{"damage_healed":0.0,"max_hp_gain":0.0,"max_hp_loss":0.0,"gold_gain":175.0,"event_name":"Liars Game","player_choice":"AGREE","floor":3.0,"gold_loss":0.0,"damage_taken":0.0,"cards_obtained":["Doubt"]},{"cards_removed":["Doubt"],"damage_healed":0.0,"max_hp_gain":0.0,"max_hp_loss":0.0,"gold_gain":0.0,"event_name":"Wheel of Change","player_choice":"Card Removal","floor":4.0,"gold_loss":0.0,"damage_taken":0.0},{"cards_removed":["Strike_R"],"damage_healed":0.0,"max_hp_gain":0.0,"max_hp_loss":0.0,"gold_gain":0.0,"event_name":"Designer","player_choice":"Upgrade and Remove","floor":19.0,"gold_loss":90.0,"damage_taken":0.0,"cards_upgraded":["Battle Trance"]},{"damage_healed":0.0,"max_hp_gain":0.0,"max_hp_loss":0.0,"gold_gain":0.0,"event_name":"The Mausoleum","player_choice":"Opened","floor":30.0,"gold_loss":0.0,"damage_taken":0.0,"relics_obtained":["The Courier"]},{"damage_healed":0.0,"max_hp_gain":0.0,"max_hp_loss":0.0,"gold_gain":0.0,"event_name":"Wheel of Change","player_choice":"Cursed","floor":31.0,"gold_loss":0.0,"damage_taken":0.0,"cards_obtained":["Decay"]}],"is_beta":false,"boss_relics":[{"not_picked":["Calling Bell","Fusion Hammer","Velvet Choker"]}],"items_purged_floors":[],"is_endless":false,"potions_floor_spawned":[1,6,14,20,21,23,27],"killed_by":"Champ","ascension_level":11}}