{"host":"a1eatafr7pisesky","time":1607610723,"event":{"mods":["BaseMod","StSLib","SuperFastMode","Colored Map","DeckTracker","Highlight Path","Keyboard Shortcuts","Minty Spire (QoL Compilation)","Permanent Neow","Random Character Button","everything is the same but u backflip on backflip"],"gold_per_floor":[111,111,128,147,167,199,199,230,230,258,258,292,44,44,44,139,189,202,219,236,247,259,259,286,286,286,299,314,7,7,42,42,137,137,152,152,167,67,67,67,82,82,82,82,82,82,96,111,111,111,111,111,37,64,64],"floor_reached":56,"playtime":2048,"items_purged":["Strike_B","Strike_B"],"score":1376,"play_id":"816ec820-5b3f-4025-8da0-c28173a92949","local_time":"20201210233203","is_ascension_mode":true,"campfire_choices":[{"floor":7.0,"key":"REST"},{"floor":11.0,"key":"REST"},{"data":"Machine Learning","floor":15.0,"key":"SMITH"},{"data":"Loop","floor":23.0,"key":"SMITH"},{"floor":25.0,"key":"REST"},{"floor":30.0,"key":"REST"},{"floor":32.0,"key":"REST"},{"data":"Double Energy","floor":40.0,"key":"SMITH"},{"data":"Static Discharge","floor":42.0,"key":"SMITH"},{"data":"Skim","floor":45.0,"key":"SMITH"},{"floor":49.0,"key":"RECALL"},{"data":"Thunder Strike","floor":52.0,"key":"SMITH"}],"circlet_count":0,"master_deck":["Strike_B","Defend_B","Defend_B","Defend_B","Zap+1","Dualcast","Conserve Battery","Conserve Battery","Conserve Battery","Machine Learning+1","Sweeping Beam","Double Energy+1","Static Discharge+1","Loop+1","Echo Form","Barrage","Coolheaded","Redo","Compile Driver","Cold Snap+1","Rainbow","Tempest+1","Lockon","Force Field","Skim+1","Core Surge","Capacitor","Storm","Thunder Strike+1","Biased Cognition"],"special_seed":0,"relics":["Cracked Core","Oddly Smooth Stone","Lantern","HornCleat","Gambling Chip","Mango","InkBottle","Mummified Hand","Tiny House","Blood Vial","Ancient Tea Set","Orrery","Singing Bowl","Inserter","Eternal Feather","StoneCalendar"],"acts_visited":["Exordium","TheCity","TheBeyond","TheEnding"],"potions_floor_usage":[55,55,55],"damage_taken":[{"damage":6.0,"enemies":"Jaw Worm","floor":1.0,"turns":3.0},{"damage":6.0,"enemies":"Cultist","floor":3.0,"turns":3.0},{"damage":0.0,"enemies":"2 Louse","floor":4.0,"turns":3.0},{"damage":0.0,"enemies":"Blue Slaver","floor":5.0,"turns":4.0},{"damage":36.0,"enemies":"Gremlin Nob","floor":6.0,"turns":5.0},{"damage":18.0,"enemies":"3 Sentries","floor":8.0,"turns":7.0},{"damage":12.0,"enemies":"Lagavulin","floor":10.0,"turns":7.0},{"damage":8.0,"enemies":"3 Sentries","floor":12.0,"turns":5.0},{"damage":15.0,"enemies":"Slime Boss","floor":16.0,"turns":6.0},{"damage":6.0,"enemies":"Spheric Guardian","floor":18.0,"turns":5.0},{"damage":14.0,"enemies":"Shell Parasite","floor":19.0,"turns":5.0},{"damage":26.0,"enemies":"Chosen and Byrds","floor":20.0,"turns":7.0},{"damage":25.0,"enemies":"Centurion and Healer","floor":21.0,"turns":7.0},{"damage":0.0,"enemies":"Snecko","floor":22.0,"turns":7.0},{"damage":12.0,"enemies":"Book of Stabbing","floor":24.0,"turns":6.0},{"damage":16.0,"enemies":"Sentry and Sphere","floor":27.0,"turns":6.0},{"damage":16.0,"enemies":"Shelled Parasite and Fungi","floor":28.0,"turns":4.0},{"damage":19.0,"enemies":"Slavers","floor":31.0,"turns":5.0},{"damage":10.0,"enemies":"Collector","floor":33.0,"turns":7.0},{"damage":26.0,"enemies":"3 Darklings","floor":35.0,"turns":4.0},{"damage":24.0,"enemies":"Orb Walker","floor":37.0,"turns":4.0},{"damage":15.0,"enemies":"4 Shapes","floor":41.0,"turns":5.0},{"damage":2.0,"enemies":"Jaw Worm Horde","floor":47.0,"turns":4.0},{"damage":0.0,"enemies":"Sphere and 2 Shapes","floor":48.0,"turns":2.0},{"damage":39.0,"enemies":"Time Eater","floor":50.0,"turns":5.0},{"damage":15.0,"enemies":"Shield and Spear","floor":54.0,"turns":4.0},{"damage":91,"enemies":"The Heart","floor":55,"turns":7}],"seed_played":"4189018577447726286","potions_obtained":[{"floor":3.0,"key":"DistilledChaos"},{"floor":8.0,"key":"SkillPotion"},{"floor":10.0,"key":"PowerPotion"},{"floor":16.0,"key":"PowerPotion"},{"floor":17.0,"key":"ColorlessPotion"},{"floor":18.0,"key":"Explosive Potion"},{"floor":21.0,"key":"SneckoOil"},{"floor":27.0,"key":"DistilledChaos"},{"floor":28.0,"key":"Fire Potion"},{"floor":35.0,"key":"Energy Potion"},{"floor":54.0,"key":"LiquidMemories"}],"is_trial":false,"path_per_floor":["M","?","M","M","M","E","R","E","T","E","R","E","$","?","R","B",null,"M","M","M","M","M","R","E","R","T","M","M","$","R","E","R","B",null,"M","?","M","$","?","R","M","R","T","?","R","T","M","M","R","B",null,"R","$","E","B",null],"character_chosen":"DEFECT","items_purchased":["Mummified Hand","Orrery","Capacitor","DuplicationPotion"],"campfire_rested":5,"item_purchase_floors":[13,29,29,53],"current_hp_per_floor":[69,69,63,63,63,27,49,31,31,33,59,51,51,51,51,36,94,88,74,48,23,23,23,11,39,39,25,11,11,39,22,50,42,94,70,70,48,48,48,48,37,37,37,33,33,33,35,39,57,20,108,108,108,95,6],"gold":64,"neow_bonus":"RANDOM_COMMON_RELIC","is_daily":false,"chose_seed":false,"campfire_upgraded":6,"win_rate":0,"timestamp":1607610723,"path_taken":["M","?","?","M","M","E","R","E","T","E","R","E","$","?","R","BOSS","M","M","M","M","M","R","E","R","T","M","M","?","R","E","R","BOSS","M","?","M","$","?","R","M","R","T","?","R","?","M","M","R","BOSS","R","$","E","BOSS"],"build_version":"2020-11-30","purchased_purges":2,"victory":true,"max_hp_per_floor":[75,75,75,75,75,75,75,75,75,89,89,89,89,89,89,89,94,94,94,94,94,94,94,94,94,94,94,94,94,94,94,94,94,94,96,96,96,96,96,96,98,98,98,104,104,104,106,108,108,108,108,108,108,110,110],"card_choices":[{"not_picked":["Streamline","Rebound"],"picked":"Conserve Battery","floor":1.0},{"not_picked":["Barrage","Stack"],"picked":"Conserve Battery","floor":3.0},{"not_picked":["Gash","Stack"],"picked":"Conserve Battery","floor":4.0},{"not_picked":["Coolheaded","Rebound"],"picked":"Machine Learning","floor":5.0},{"not_picked":["Chaos","Fusion"],"picked":"Sweeping Beam","floor":6.0},{"not_picked":["Turbo","Auto Shields"],"picked":"Double Energy","floor":8.0},{"not_picked":["Gash","Reinforced Body"],"picked":"Static Discharge","floor":10.0},{"not_picked":["Hologram","Blizzard"],"picked":"Loop","floor":12.0},{"not_picked":["Seek","All For One"],"picked":"Echo Form","floor":16.0},{"not_picked":["Streamline","Steam"],"picked":"Barrage","floor":17.0},{"not_picked":["Scrape","Aggregate"],"picked":"Coolheaded","floor":18.0},{"not_picked":["Glacier+1","Steam"],"picked":"Redo","floor":19.0},{"not_picked":["BootSequence","Rebound"],"picked":"Compile Driver","floor":20.0},{"not_picked":["Beam Cell","Force Field"],"picked":"Go for the Eyes","floor":21.0},{"not_picked":["Genetic Algorithm","Reinforced Body+1"],"picked":"Cold Snap+1","floor":22.0},{"not_picked":["Stack","Beam Cell"],"picked":"Rainbow","floor":24.0},{"not_picked":["Steam","Leap"],"picked":"Tempest+1","floor":27.0},{"not_picked":["Hologram","Compile Driver"],"picked":"Lockon","floor":28.0},{"not_picked":["Conserve Battery","Gash"],"picked":"Force Field","floor":29.0},{"not_picked":["Tempest","Go for the Eyes"],"picked":"Skim","floor":29.0},{"not_picked":["Compile Driver","Ball Lightning"],"picked":"Core Surge","floor":29.0},{"not_picked":["Defragment","Recycle"],"picked":"Storm","floor":31.0},{"not_picked":["Electrodynamics","Biased Cognition"],"picked":"Thunder Strike","floor":33.0},{"not_picked":["Turbo+1","Steam","Streamline"],"picked":"Singing Bowl","floor":35.0},{"not_picked":["Ball Lightning+1","Cold Snap+1"],"picked":"Biased Cognition","floor":37.0},{"not_picked":["Cold Snap","Defragment","Tempest+1"],"picked":"Singing Bowl","floor":41.0},{"not_picked":["Thinking Ahead","Forethought","Transmutation"],"picked":"Singing Bowl","floor":44.0},{"not_picked":["Impatience","Dramatic Entrance","Violence"],"picked":"Singing Bowl","floor":44.0},{"not_picked":["Madness","Blind","PanicButton"],"picked":"Singing Bowl","floor":44.0},{"not_picked":["Steam","Steam Power+1","Redo"],"picked":"Singing Bowl","floor":47.0},{"not_picked":["Auto Shields+1","Steam","Sweeping Beam"],"picked":"Singing Bowl","floor":48.0},{"not_picked":["Turbo+1","Reinforced Body","All For One"],"picked":"Singing Bowl","floor":54.0}],"player_experience":195372,"relics_obtained":[{"floor":6.0,"key":"Lantern"},{"floor":8.0,"key":"HornCleat"},{"floor":9.0,"key":"Gambling Chip"},{"floor":10.0,"key":"Mango"},{"floor":12.0,"key":"InkBottle"},{"floor":24.0,"key":"Blood Vial"},{"floor":26.0,"key":"Ancient Tea Set"},{"floor":31.0,"key":"Singing Bowl"},{"floor":46.0,"key":"Eternal Feather"},{"floor":54.0,"key":"StoneCalendar"}],"event_choices":[{"cards_removed":["Defend_B"],"damage_healed":0.0,"max_hp_gain":0.0,"max_hp_loss":0.0,"gold_gain":0.0,"event_name":"Bonfire Elementals","player_choice":"Offered Basic","floor":2.0,"gold_loss":0.0,"damage_taken":0.0},{"cards_removed":["Strike_B"],"damage_healed":0.0,"max_hp_gain":0.0,"max_hp_loss":0.0,"gold_gain":0.0,"event_name":"Purifier","player_choice":"Purged","floor":14.0,"gold_loss":0.0,"damage_taken":0.0},{"damage_healed":0.0,"max_hp_gain":0.0,"max_hp_loss":0.0,"gold_gain":0.0,"event_name":"Tomb of Lord Red Mask","player_choice":"Ignored","floor":36.0,"gold_loss":0.0,"damage_taken":0.0},{"cards_removed":["Go for the Eyes"],"damage_healed":0.0,"max_hp_gain":0.0,"max_hp_loss":0.0,"gold_gain":0.0,"event_name":"Falling","player_choice":"Removed Attack","floor":39.0,"gold_loss":0.0,"damage_taken":0.0},{"damage_healed":0.0,"max_hp_gain":0.0,"max_hp_loss":0.0,"gold_gain":0.0,"event_name":"SensoryStone","player_choice":"Memory 3","floor":44.0,"gold_loss":0.0,"damage_taken":10.0}],"is_beta":false,"boss_relics":[{"not_picked":["Cursed Key","Runic Dome"],"picked":"Tiny House"},{"not_picked":["SlaversCollar","Sozu"],"picked":"Inserter"}],"items_purged_floors":[29,38],"is_endless":false,"potions_floor_spawned":[3,8,10,16,18,19,21,27,28,35,54],"ascension_level":3}}