{"host":"2461dio7vetlq1z3","time":1607604674,"event":{"gold_per_floor":[116,131,131,81,6,6,33,33,33,67,78,98,114,141,141,242,242,253,76,76,92,92,120,120,149,149,149,163,163,193,206,206,305,305,318,338,386,386,401,401,426,3,3,3,20,20,53,53,53,53,53,53,3,37,37,37],"floor_reached":55,"playtime":4614,"items_purged":["Strike_P","Defend_P","Defend_P","Judgement"],"score":1007,"play_id":"b7daa728-38de-4f44-9cb7-00d4421c085a","local_time":"20201210135114","is_ascension_mode":true,"campfire_choices":[{"data":"BowlingBash","floor":6,"key":"SMITH"},{"floor":15,"key":"REST"},{"data":"Omniscience","floor":24,"key":"SMITH"},{"data":"Ragnarok","floor":27,"key":"SMITH"},{"data":"WreathOfFlame","floor":32,"key":"SMITH"},{"floor":40,"key":"REST"},{"floor":44,"key":"RECALL"},{"floor":49,"key":"REST"},{"floor":52,"key":"REST"}],"neow_cost":"NONE","seed_source_timestamp":440941269975700,"circlet_count":0,"master_deck":["Defend_P","Eruption","Vigilance","CutThroughFate","CrushJoints","Wallop","EmptyBody","Omniscience+1","Vengeance+1","Ragnarok+1","Wallop+1","Vault+1","SandsOfTime+1","LikeWater+1","WreathOfFlame+1","ClearTheMind+1","CrushJoints+1","MentalFortress","ThirdEye+1","Adaptation+1","LessonLearned","ThirdEye+1","Wireheading","InnerPeace+1","SpiritShield","Fasting2","WreathOfFlame+1","Wish+1","WaveOfTheHand+1"],"relics":["Velvet Choker","Regal Pillow","Question Card","Orichalcum","Blue Candle","MutagenicStrength","Smiling Mask","Meat on the Bone","Nloth\u0027s Gift","Unceasing Top","Fusion Hammer","FossilizedHelix","TeardropLocket","Thread and Needle","Frozen Egg 2","Singing Bowl","Pantograph","Pocketwatch"],"potions_floor_usage":[7,14,39,39,39,47],"damage_taken":[{"damage":8,"enemies":"Small Slimes","floor":1,"turns":4},{"damage":7,"enemies":"Jaw Worm","floor":2,"turns":3},{"damage":24,"enemies":"Lagavulin","floor":7,"turns":7},{"damage":17,"enemies":"3 Sentries","floor":10,"turns":5},{"damage":0,"enemies":"Cultist","floor":11,"turns":2},{"damage":0,"enemies":"Looter","floor":12,"turns":2},{"damage":0,"enemies":"Large Slime","floor":13,"turns":4},{"damage":0,"enemies":"Gremlin Nob","floor":14,"turns":2},{"damage":48,"enemies":"The Guardian","floor":16,"turns":12},{"damage":4,"enemies":"3 Byrds","floor":18,"turns":4},{"damage":0,"enemies":"Chosen","floor":21,"turns":3},{"damage":0,"enemies":"Gremlin Leader","floor":23,"turns":5},{"damage":0,"enemies":"Book of Stabbing","floor":25,"turns":2},{"damage":0,"enemies":"Sentry and Sphere","floor":28,"turns":2},{"damage":0,"enemies":"Gremlin Leader","floor":30,"turns":3},{"damage":0,"enemies":"Snecko","floor":31,"turns":3},{"damage":27,"enemies":"Champ","floor":33,"turns":12},{"damage":19,"enemies":"3 Darklings","floor":35,"turns":3},{"damage":0,"enemies":"Orb Walker","floor":36,"turns":2},{"damage":15,"enemies":"2 Orb Walkers","floor":37,"turns":5},{"damage":42,"enemies":"3 Darklings","floor":39,"turns":6},{"damage":38,"enemies":"Nemesis","floor":41,"turns":7},{"damage":0,"enemies":"Transient","floor":45,"turns":6},{"damage":26,"enemies":"Giant Head","floor":47,"turns":9},{"damage":18,"enemies":"Awakened One","floor":50,"turns":15},{"damage":58,"enemies":"Shield and Spear","floor":54,"turns":10},{"damage":58,"enemies":"The Heart","floor":55,"turns":10}],"seed_played":"2009403438388653973","potions_obtained":[{"floor":2,"key":"EssenceOfSteel"},{"floor":10,"key":"BlessingOfTheForge"},{"floor":14,"key":"Fire Potion"},{"floor":28,"key":"DistilledChaos"},{"floor":33,"key":"Weak Potion"},{"floor":35,"key":"Block Potion"}],"is_trial":false,"path_per_floor":["M","M","?","?","$","R","E","$","T","E","M","M","M","E","R","B",null,"M","$","?","M","?","E","R","E","T","R","M","?","E","M","R","B",null,"M","M","?","?","M","R","E","$","T","R","M","T","E","?","R","B",null,"R","$","E","B"],"character_chosen":"WATCHER","items_purchased":["WreathOfFlame","Fasting2","Thread and Needle","SteroidPotion"],"campfire_rested":4,"item_purchase_floors":[19,42,42,42],"current_hp_per_floor":[64,57,62,62,62,62,38,38,38,21,21,21,21,21,59,11,77,73,73,73,73,73,73,73,73,73,73,73,73,73,73,73,46,77,58,58,43,43,13,51,25,25,25,25,37,37,23,23,61,59,77,77,77,31,0,0],"gold":37,"neow_bonus":"BOSS_RELIC","is_prod":false,"is_daily":false,"chose_seed":false,"campfire_upgraded":4,"win_rate":0,"timestamp":1607604674,"path_taken":["M","M","?","?","$","R","E","?","T","E","M","?","M","E","R","BOSS","M","$","?","M","?","E","R","E","T","R","M","?","E","M","R","BOSS","M","?","?","?","M","R","E","$","T","R","M","?","E","?","R","BOSS","R","$","E","BOSS"],"build_version":"2020-11-30","purchased_purges":4,"victory":false,"max_hp_per_floor":[72,72,77,77,77,77,77,77,77,77,77,77,77,77,77,77,77,77,77,77,77,77,77,77,77,77,77,77,77,77,77,77,77,77,77,77,77,77,77,77,77,77,77,77,77,77,77,77,77,77,77,77,77,77,77,77],"relic_stats":{"Regal Pillow":45,"Singing Bowl":0,"counters":[27,148],"Blue Candle":[0],"Orichalcum":[150],"Question Card":22,"Smiling Mask":175,"Pantograph":41,"Nloth\u0027s Gift":4,"obtain_stats":[{"Regal Pillow":7,"Singing Bowl":46,"Blue Candle":14,"Astrolabe":17,"Velvet Choker":0,"Thread and Needle":42,"TeardropLocket":41,"Orichalcum":10,"Frozen Egg 2":43,"Question Card":9,"Smiling Mask":23,"MutagenicStrength":20,"Pantograph":47,"Fusion Hammer":34,"Nloth\u0027s Gift":29,"PureWater":0,"Unceasing Top":30,"FossilizedHelix":37,"Meat on the Bone":25,"Pocketwatch":54},{"Regal Pillow":3,"Singing Bowl":23,"Blue Candle":8,"Astrolabe":9,"Velvet Choker":0,"Thread and Needle":22,"TeardropLocket":22,"Orichalcum":4,"Frozen Egg 2":22,"Question Card":3,"Smiling Mask":12,"MutagenicStrength":10,"Pantograph":24,"Fusion Hammer":17,"Nloth\u0027s Gift":14,"PureWater":0,"Unceasing Top":15,"FossilizedHelix":20,"Meat on the Bone":13,"Pocketwatch":26},{"Regal Pillow":14,"Singing Bowl":104,"Blue Candle":29,"Astrolabe":41,"Velvet Choker":0,"Thread and Needle":98,"TeardropLocket":98,"Orichalcum":19,"Frozen Egg 2":98,"Question Card":14,"Smiling Mask":53,"MutagenicStrength":45,"Pantograph":113,"Fusion Hammer":75,"Nloth\u0027s Gift":57,"PureWater":0,"Unceasing Top":60,"FossilizedHelix":85,"Meat on the Bone":55,"Pocketwatch":138}],"Unceasing Top":[4],"Meat on the Bone":60,"Pocketwatch":[9]},"card_choices":[{"not_picked":["Consecrate","FollowUp"],"picked":"BowlingBash","floor":1},{"not_picked":["ClearTheMind","Evaluate"],"picked":"CutThroughFate","floor":2},{"not_picked":["Evaluate","ThirdEye"],"picked":"CrushJoints","floor":7},{"not_picked":["Crescendo","BowlingBash","FearNoEvil"],"picked":"Judgement","floor":10},{"not_picked":["BattleHymn","ReachHeaven","MentalFortress"],"picked":"Wallop","floor":11},{"not_picked":["FlyingSleeves","Evaluate","JustLucky"],"picked":"EmptyBody","floor":12},{"not_picked":["BowlingBash","Weave","Protect"],"picked":"Omniscience","floor":13},{"not_picked":["ReachHeaven","ClearTheMind","PathToVictory"],"picked":"Vengeance","floor":14},{"not_picked":["DeusExMachina","Judgement","Scrawl"],"picked":"Ragnarok","floor":16},{"not_picked":["CutThroughFate","Collect+1","Evaluate"],"picked":"LikeWater","floor":18},{"not_picked":["Consecrate","BattleHymn","Nirvana"],"picked":"ClearTheMind","floor":21},{"not_picked":["FollowUp","EmptyFist+1","Tantrum"],"picked":"CrushJoints+1","floor":23},{"not_picked":["SashWhip","JustLucky","FlurryOfBlows+1"],"picked":"MentalFortress","floor":25},{"not_picked":["WindmillStrike","JustLucky","CutThroughFate+1"],"picked":"ThirdEye+1","floor":28},{"not_picked":["DevaForm","Vengeance","FearNoEvil"],"picked":"Adaptation+1","floor":30},{"not_picked":["ThirdEye","Collect","CutThroughFate","CrushJoints"],"picked":"SKIP","floor":31},{"not_picked":["ConjureBlade","Establishment","SpiritShield"],"picked":"LessonLearned","floor":33},{"not_picked":["EmptyBody+1","CrushJoints","JustLucky+1"],"picked":"ThirdEye+1","floor":35},{"not_picked":["Halt","JustLucky","Blasphemy"],"picked":"Wireheading","floor":36},{"not_picked":["SignatureMove","Prostrate+1","CrushJoints"],"picked":"InnerPeace+1","floor":37},{"not_picked":["ClearTheMind","JustLucky","Indignation","EmptyFist+1"],"picked":"SKIP","floor":39},{"not_picked":["Vault","Perseverance","Prostrate"],"picked":"SpiritShield","floor":41},{"not_picked":["Prostrate","Crescendo+1","ClearTheMind+1"],"picked":"WreathOfFlame+1","floor":45},{"not_picked":["CarveReality","ReachHeaven","FlyingSleeves+1"],"picked":"Wish","floor":47},{"not_picked":["Vengeance+1","Meditate","DeusExMachina"],"picked":"WaveOfTheHand+1","floor":54}],"player_experience":599081,"relics_obtained":[{"floor":7,"key":"Regal Pillow"},{"floor":9,"key":"Question Card"},{"floor":10,"key":"Orichalcum"},{"floor":14,"key":"Blue Candle"},{"floor":23,"key":"Smiling Mask"},{"floor":25,"key":"Meat on the Bone"},{"floor":30,"key":"Unceasing Top"},{"floor":37,"key":"FossilizedHelix"},{"floor":41,"key":"TeardropLocket"},{"floor":43,"key":"Frozen Egg 2"},{"floor":46,"key":"Singing Bowl"},{"floor":47,"key":"Pantograph"},{"floor":54,"key":"Pocketwatch"}],"event_choices":[{"damage_healed":0,"gold_gain":0,"player_choice":"Donut","damage_taken":0,"max_hp_gain":5,"max_hp_loss":0,"event_name":"Big Fish","floor":3,"gold_loss":0},{"cards_removed":["Strike_P"],"damage_healed":0,"gold_gain":0,"player_choice":"Card Removal","damage_taken":0,"max_hp_gain":0,"max_hp_loss":0,"event_name":"The Cleric","floor":4,"gold_loss":50},{"damage_healed":0,"gold_gain":0,"player_choice":"Inject Mutagens","damage_taken":0,"relics_obtained":["MutagenicStrength"],"max_hp_gain":0,"max_hp_loss":0,"event_name":"Drug Dealer","floor":20,"gold_loss":0},{"damage_healed":0,"gold_gain":0,"player_choice":"Ignored","damage_taken":0,"max_hp_gain":0,"max_hp_loss":0,"event_name":"Vampires","floor":22,"gold_loss":0},{"damage_healed":0,"gold_gain":0,"player_choice":"Traded Relic","damage_taken":0,"relics_obtained":["Nloth\u0027s Gift"],"max_hp_gain":0,"max_hp_loss":0,"event_name":"N\u0027loth","floor":29,"relics_lost":["Astrolabe"],"gold_loss":0},{"damage_healed":0,"gold_gain":0,"player_choice":"Fight","damage_taken":0,"max_hp_gain":0,"max_hp_loss":0,"event_name":"Mysterious Sphere","floor":37,"gold_loss":0},{"damage_healed":0,"gold_gain":0,"player_choice":"Ignored","damage_taken":0,"max_hp_gain":0,"max_hp_loss":0,"event_name":"Tomb of Lord Red Mask","floor":38,"gold_loss":0},{"cards_removed":["BowlingBash"],"damage_healed":0,"gold_gain":0,"player_choice":"Purged","damage_taken":0,"max_hp_gain":0,"max_hp_loss":0,"event_name":"Purifier","floor":48,"gold_loss":0}],"is_beta":false,"boss_relics":[{"not_picked":["Ectoplasm","Sozu"],"picked":"Astrolabe"},{"not_picked":["Tiny House","Runic Dome"],"picked":"Fusion Hammer"}],"items_purged_floors":[5,19,42,53],"is_endless":false,"potions_floor_spawned":[2,10,14,28,33,35,36,37],"killed_by":"The Heart","ascension_level":3}}