{"host":"69rply1jf2d1wbmp","time":1607625599,"event":{"mods":["BaseMod","Minty Spire (QoL Compilation)","Quick Restart"],"gold_per_floor":[113,128,148,148,67,92,92,57,57,57,75,75,41,61,61,161,161,175,100,100,119,50,82,82,96,96,96,109,134,134,104,104,208,208,227,243,293,293,293,293],"floor_reached":39,"playtime":1317,"items_purged":["Strike_R"],"score":417,"play_id":"fde32e97-f820-42a7-9998-6d272329cd30","local_time":"20201210133959","is_ascension_mode":false,"campfire_choices":[{"floor":7,"key":"REST"},{"data":"Barricade","floor":10,"key":"SMITH"},{"data":"Body Slam","floor":12,"key":"SMITH"},{"data":"Body Slam","floor":15,"key":"SMITH"},{"floor":24,"key":"REST"},{"floor":30,"key":"REST"},{"floor":32,"key":"DIG"}],"circlet_count":0,"master_deck":["Strike_R","Strike_R","Strike_R","Strike_R","Defend_R","Defend_R","Defend_R","Defend_R","Bash","Barricade+1","Anger","Sword Boomerang","Body Slam+1","Whirlwind","Body Slam+1","Spot Weakness","Rampage","Shrug It Off","Juggernaut","Twin Strike+1","Metallicize","Demon Form","Armaments","Master of Strategy"],"relics":["Burning Blood","Centennial Puzzle","Gremlin Horn","Philosopher\u0027s Stone","Self Forming Clay","Bronze Scales","Singing Bowl","Shovel","Tiny Chest","Cursed Key","Prayer Wheel"],"acts_visited":["Exordium","TheCity","TheBeyond"],"potions_floor_usage":[16,25,29,31,33,39],"damage_taken":[{"damage":7,"enemies":"Small Slimes","floor":1,"turns":5},{"damage":1,"enemies":"2 Louse","floor":2,"turns":2},{"damage":1,"enemies":"Cultist","floor":3,"turns":3},{"damage":57,"enemies":"3 Sentries","floor":6,"turns":8},{"damage":6,"enemies":"Exordium Wildlife","floor":11,"turns":3},{"damage":16,"enemies":"3 Louse","floor":14,"turns":2},{"damage":12,"enemies":"Slime Boss","floor":16,"turns":10},{"damage":19,"enemies":"Spheric Guardian","floor":18,"turns":4},{"damage":0,"enemies":"3 Byrds","floor":21,"turns":4},{"damage":32,"enemies":"Book of Stabbing","floor":23,"turns":5},{"damage":31,"enemies":"Cultist and Chosen","floor":25,"turns":6},{"damage":8,"enemies":"Centurion and Healer","floor":28,"turns":3},{"damage":30,"enemies":"Slavers","floor":29,"turns":4},{"damage":63,"enemies":"Champ","floor":33,"turns":11},{"damage":4,"enemies":"3 Shapes","floor":35,"turns":3},{"damage":19,"enemies":"Orb Walker","floor":36,"turns":4},{"damage":48,"enemies":"Mind Bloom Boss Battle","floor":37,"turns":5},{"damage":41,"enemies":"Jaw Worm Horde","floor":39,"turns":3}],"seed_played":"5759554686738236575","potions_obtained":[{"floor":2,"key":"EssenceOfSteel"},{"floor":6,"key":"ColorlessPotion"},{"floor":16,"key":"BlessingOfTheForge"},{"floor":21,"key":"PowerPotion"},{"floor":29,"key":"LiquidMemories"},{"floor":31,"key":"BloodPotion"},{"floor":31,"key":"Strength Potion"},{"floor":33,"key":"EssenceOfSteel"}],"is_trial":false,"path_per_floor":["M","M","M","?","$","E","R","?","T","R","M","R","$","M","R","B",null,"M","$","?","M","$","E","R","M","T","?","M","E","R","?","R","B",null,"M","M","?","?","M"],"character_chosen":"IRONCLAD","items_purchased":["Whirlwind","Rampage","Metallicize"],"campfire_rested":3,"item_purchase_floors":[5,13,22],"current_hp_per_floor":[55,60,65,70,70,19,44,65,65,65,65,65,65,55,55,49,85,72,72,72,78,78,52,77,52,52,52,52,30,56,73,73,16,89,91,78,38,38,0,0],"gold":293,"neow_bonus":"THREE_RARE_CARDS","is_daily":false,"chose_seed":false,"campfire_upgraded":3,"win_rate":0,"timestamp":1607625599,"path_taken":["M","M","M","?","$","E","R","?","T","R","M","R","$","M","R","BOSS","M","$","?","M","$","E","R","M","T","?","M","E","R","?","R","BOSS","M","?","?","?","M"],"build_version":"2020-11-30","purchased_purges":1,"victory":false,"max_hp_per_floor":[80,80,80,85,85,85,85,85,85,85,85,85,85,85,85,85,85,85,85,85,85,85,85,85,85,85,85,87,89,89,89,89,89,89,91,91,93,93,93,93],"card_choices":[{"not_picked":["Berserk","Immolate"],"picked":"Barricade","floor":0},{"not_picked":["True Grit","Sword Boomerang"],"picked":"Anger","floor":1},{"not_picked":["Blood for Blood","Iron Wave"],"picked":"Sword Boomerang","floor":2},{"not_picked":["Perfected Strike","Cleave"],"picked":"Body Slam","floor":3},{"not_picked":["Burning Pact","Carnage"],"picked":"Body Slam","floor":6},{"not_picked":["Disarm","Evolve"],"picked":"Spot Weakness","floor":11},{"not_picked":["Flex","Havoc"],"picked":"Shrug It Off","floor":14},{"not_picked":["Brutality","Double Tap"],"picked":"Juggernaut","floor":16},{"not_picked":["Headbutt","Shockwave+1"],"picked":"Twin Strike+1","floor":18},{"not_picked":["Heavy Blade","Headbutt","Thunderclap"],"picked":"SKIP","floor":21},{"not_picked":["Limit Break","Thunderclap","Rupture+1"],"picked":"SKIP","floor":23},{"not_picked":["True Grit","Dark Embrace","Thunderclap"],"picked":"SKIP","floor":25},{"not_picked":["Ghostly Armor","Juggernaut","Body Slam"],"picked":"Singing Bowl","floor":28},{"not_picked":["Dropkick+1","Dual Wield+1","Headbutt"],"picked":"Singing Bowl","floor":29},{"not_picked":["Feed","Corruption"],"picked":"Demon Form","floor":33},{"not_picked":["Infernal Blade","Body Slam","Anger"],"picked":"Singing Bowl","floor":35},{"not_picked":["Flex+1","Rupture"],"picked":"Armaments","floor":36},{"not_picked":["Cleave+1","Havoc","Blood for Blood+1"],"picked":"Singing Bowl","floor":37},{"not_picked":["Finesse","Jack Of All Trades"],"picked":"Master of Strategy","floor":38}],"player_experience":332634,"relics_obtained":[{"floor":6,"key":"Centennial Puzzle"},{"floor":9,"key":"Gremlin Horn"},{"floor":23,"key":"Bronze Scales"},{"floor":26,"key":"Singing Bowl"},{"floor":29,"key":"Shovel"},{"floor":32,"key":"Tiny Chest"},{"floor":37,"key":"Prayer Wheel"}],"event_choices":[{"damage_healed":0,"gold_gain":0,"player_choice":"Donut","damage_taken":0,"max_hp_gain":5,"max_hp_loss":0,"event_name":"Big Fish","floor":4,"gold_loss":0},{"damage_healed":21,"gold_gain":0,"player_choice":"Healed","damage_taken":0,"max_hp_gain":0,"max_hp_loss":0,"event_name":"The Cleric","floor":8,"gold_loss":35},{"damage_healed":0,"gold_gain":0,"player_choice":"Opened","damage_taken":0,"relics_obtained":["Self Forming Clay"],"max_hp_gain":0,"max_hp_loss":0,"event_name":"The Mausoleum","floor":20,"gold_loss":0},{"damage_healed":0,"gold_gain":0,"player_choice":"Ignored","damage_taken":0,"max_hp_gain":0,"max_hp_loss":0,"event_name":"Vampires","floor":27,"gold_loss":0},{"damage_healed":0,"gold_gain":0,"player_choice":"Bought 2 Potions","damage_taken":0,"max_hp_gain":0,"max_hp_loss":0,"event_name":"The Woman in Blue","floor":31,"gold_loss":0},{"damage_healed":0,"gold_gain":0,"player_choice":"Fight","damage_taken":0,"max_hp_gain":0,"max_hp_loss":0,"event_name":"MindBloom","floor":37,"gold_loss":0},{"damage_healed":0,"gold_gain":0,"player_choice":"Memory 1","damage_taken":0,"max_hp_gain":0,"max_hp_loss":0,"event_name":"SensoryStone","floor":38,"gold_loss":0}],"is_beta":false,"boss_relics":[{"not_picked":["Tiny House","Velvet Choker"],"picked":"Philosopher\u0027s Stone"},{"not_picked":["Runic Dome","SacredBark"],"picked":"Cursed Key"}],"items_purged_floors":[19],"is_endless":false,"potions_floor_spawned":[2,6,16,21,29,33,35,37],"killed_by":"Jaw Worm Horde","ascension_level":0}}