{"host":"1tl36azeqm6yhdgj","time":1607604698,"event":{"gold_per_floor":[113,128,148,148,168,201,219,237,237,272,272,32,58,70,70,167,167,184,199,218,218,236,236,236,236],"floor_reached":24,"playtime":880,"items_purged":[],"score":344,"play_id":"804819e9-be93-4885-8ccd-b7dafeb5ccca","local_time":"20201210075138","is_ascension_mode":true,"campfire_choices":[{"data":"Disarm","floor":15.0,"key":"SMITH"},{"floor":23.0,"key":"REST"}],"neow_cost":"NONE","seed_source_timestamp":52441933329100,"circlet_count":0,"master_deck":["AscendersBane","Strike_R","Strike_R","Strike_R","Defend_R","Defend_R","Defend_R","Defend_R","Bash","Clash+1","Feel No Pain","Disarm+1","Immolate+1","Anger","Flex","Limit Break","Flame Barrier","Decay","Shockwave"],"special_seed":0,"relics":["Burning Blood","NeowsBlessing","Gambling Chip","Kunai","MealTicket","Meat on the Bone","The Courier","Empty Cage"],"potions_floor_usage":[24],"damage_taken":[{"damage":0.0,"enemies":"Small Slimes","floor":1.0,"turns":1.0},{"damage":0.0,"enemies":"2 Louse","floor":2.0,"turns":1.0},{"damage":0.0,"enemies":"Cultist","floor":3.0,"turns":1.0},{"damage":0.0,"enemies":"Large Slime","floor":5.0,"turns":5.0},{"damage":45.0,"enemies":"Lagavulin","floor":6.0,"turns":8.0},{"damage":5.0,"enemies":"Looter","floor":7.0,"turns":4.0},{"damage":8.0,"enemies":"Exordium Thugs","floor":8.0,"turns":4.0},{"damage":2.0,"enemies":"3 Sentries","floor":10.0,"turns":5.0},{"damage":12.0,"enemies":"Lagavulin","floor":13.0,"turns":6.0},{"damage":0.0,"enemies":"3 Louse","floor":14.0,"turns":1.0},{"damage":43.0,"enemies":"Hexaghost","floor":16.0,"turns":13.0},{"damage":1.0,"enemies":"Chosen","floor":18.0,"turns":4.0},{"damage":0.0,"enemies":"Shell Parasite","floor":19.0,"turns":1.0},{"damage":30.0,"enemies":"Snake Plant","floor":20.0,"turns":6.0},{"damage":38.0,"enemies":"Snecko","floor":22.0,"turns":7.0},{"damage":61,"enemies":"Book of Stabbing","floor":24,"turns":8}],"seed_played":"-870433590495841855","potions_obtained":[{"floor":1.0,"key":"Weak Potion"},{"floor":5.0,"key":"SkillPotion"},{"floor":7.0,"key":"Block Potion"},{"floor":13.0,"key":"LiquidMemories"},{"floor":16.0,"key":"FearPotion"},{"floor":22.0,"key":"SteroidPotion"}],"is_trial":false,"path_per_floor":["M","M","M","?","M","E","M","M","T","E","?","$","E","M","R","B",null,"M","M","M","?","M","R","E"],"character_chosen":"IRONCLAD","items_purchased":["Meat on the Bone"],"campfire_rested":1,"item_purchase_floors":[12],"current_hp_per_floor":[78,80,80,80,80,41,42,40,40,44,44,59,53,59,59,34,69,74,80,56,56,36,60,0,0],"gold":236,"neow_bonus":"THREE_ENEMY_KILL","is_prod":false,"is_daily":false,"chose_seed":false,"campfire_upgraded":1,"win_rate":0,"timestamp":1607604698,"path_taken":["M","M","M","?","M","E","M","M","T","E","?","$","E","M","R","BOSS","M","M","?","?","M","R","E"],"build_version":"2020-11-30","purchased_purges":0,"victory":false,"max_hp_per_floor":[80,80,80,80,80,80,80,80,80,80,80,80,80,80,80,80,80,80,80,80,80,80,80,80,80],"card_choices":[{"not_picked":["Combust","Ghostly Armor"],"picked":"Clash","floor":1.0},{"not_picked":["Headbutt","Wild Strike"],"picked":"Feel No Pain","floor":2.0},{"not_picked":["Havoc","Seeing Red","Armaments"],"picked":"SKIP","floor":3.0},{"not_picked":["Iron Wave","Havoc","Bloodletting"],"picked":"SKIP","floor":5.0},{"not_picked":["Body Slam","Cleave"],"picked":"Disarm","floor":6.0},{"not_picked":["Rage","Dark Embrace"],"picked":"Immolate","floor":7.0},{"not_picked":["Perfected Strike","Entrench","Battle Trance"],"picked":"SKIP","floor":8.0},{"not_picked":["Havoc","Blood for Blood","Bloodletting"],"picked":"SKIP","floor":10.0},{"not_picked":["Offering","Sword Boomerang"],"picked":"Anger","floor":13.0},{"not_picked":["Seeing Red","Evolve"],"picked":"Flex","floor":14.0},{"not_picked":["Fiend Fire","Berserk"],"picked":"Limit Break","floor":16.0},{"not_picked":["Heavy Blade","Feel No Pain","Wild Strike"],"picked":"SKIP","floor":18.0},{"not_picked":["Shrug It Off","Armaments+1"],"picked":"Flame Barrier","floor":19.0},{"not_picked":["Sword Boomerang","Clothesline","Heavy Blade"],"picked":"SKIP","floor":20.0},{"not_picked":["Headbutt","Sword Boomerang"],"picked":"Shockwave","floor":22.0}],"player_experience":1897599,"relics_obtained":[{"floor":6.0,"key":"Gambling Chip"},{"floor":9.0,"key":"Kunai"},{"floor":10.0,"key":"MealTicket"},{"floor":13.0,"key":"The Courier"}],"event_choices":[{"damage_healed":0.0,"max_hp_gain":0.0,"max_hp_loss":0.0,"gold_gain":0.0,"event_name":"Living Wall","player_choice":"Grow","floor":4.0,"gold_loss":0.0,"damage_taken":0.0,"cards_upgraded":["Clash"]},{"damage_healed":0.0,"max_hp_gain":0.0,"max_hp_loss":0.0,"gold_gain":0.0,"event_name":"Upgrade Shrine","player_choice":"Upgraded","floor":11.0,"gold_loss":0.0,"damage_taken":0.0,"cards_upgraded":["Immolate"]},{"damage_healed":0.0,"max_hp_gain":0.0,"max_hp_loss":0.0,"gold_gain":0.0,"event_name":"Forgotten Altar","player_choice":"Smashed Altar","floor":21.0,"gold_loss":0.0,"damage_taken":0.0,"cards_obtained":["Decay"]}],"is_beta":false,"boss_relics":[{"not_picked":["Mark of Pain","Ectoplasm"],"picked":"Empty Cage"}],"items_purged_floors":[],"is_endless":false,"potions_floor_spawned":[1,5,7,13,16,22],"killed_by":"Book of Stabbing","ascension_level":11}}