{"host":"981nlwu0905dw1bz","time":1607624914,"event":{"mods":["BaseMod","Minty Spire (QoL Compilation)","Rare Cards Sparkle","SuperFastMode","DeckTracker"],"gold_per_floor":[119,119,7,18,18,18,29,48,97,97,109,109,32,32,32,32,32],"floor_reached":16,"playtime":388,"items_purged":["Strike_G"],"score":225,"play_id":"38503ac4-ccb2-4a92-b7cc-fe4bc0c7f043","local_time":"20201211032834","is_ascension_mode":true,"campfire_choices":[{"data":"Accuracy","floor":6.0,"key":"SMITH"},{"floor":10.0,"key":"REST"},{"data":"Accuracy","floor":15.0,"key":"SMITH"}],"circlet_count":0,"master_deck":["AscendersBane","Strike_G","Strike_G","Strike_G","Defend_G","Defend_G","Defend_G","Defend_G","Defend_G","Survivor","Neutralize","Dagger Spray","Accuracy+1","Leg Sweep","Finisher","Accuracy+1","Blur"],"special_seed":0,"relics":["Ring of the Snake","MealTicket","Paper Crane"],"acts_visited":["Exordium"],"potions_floor_usage":[16],"damage_taken":[{"damage":4.0,"enemies":"Small Slimes","floor":1.0,"turns":6.0},{"damage":3.0,"enemies":"Jaw Worm","floor":4.0,"turns":5.0},{"damage":3.0,"enemies":"2 Louse","floor":7.0,"turns":3.0},{"damage":15.0,"enemies":"Exordium Thugs","floor":8.0,"turns":6.0},{"damage":1.0,"enemies":"Blue Slaver","floor":11.0,"turns":7.0},{"damage":0.0,"enemies":"3 Sentries","floor":14.0,"turns":1.0},{"damage":28,"enemies":"Hexaghost","floor":16,"turns":9}],"seed_played":"-4699062313527061932","potions_obtained":[{"floor":1.0,"key":"SmokeBomb"},{"floor":7.0,"key":"Strength Potion"}],"is_trial":false,"path_per_floor":["M","?","$","M","?","R","M","M","T","R","M","T","$","E","R","B"],"character_chosen":"THE_SILENT","items_purchased":["Accuracy","Blur"],"campfire_rested":1,"item_purchase_floors":[3,13],"current_hp_per_floor":[59,59,59,56,56,56,53,38,38,59,58,58,70,70,70,42,42],"gold":32,"neow_bonus":"TRANSFORM_CARD","is_daily":false,"chose_seed":false,"campfire_upgraded":2,"win_rate":0,"timestamp":1607624914,"path_taken":["M","?","$","M","?","R","M","M","T","R","M","?","$","E","R","BOSS"],"build_version":"2020-11-30","purchased_purges":1,"victory":false,"max_hp_per_floor":[70,70,70,70,70,70,70,70,70,70,70,70,70,70,70,70,70],"card_choices":[{"not_picked":["Leg Sweep","Underhanded Strike"],"picked":"Dagger Spray","floor":1.0},{"not_picked":["Dagger Throw","Slice"],"picked":"Leg Sweep","floor":4.0},{"not_picked":["PiercingWail","Expertise"],"picked":"Finisher","floor":7.0},{"not_picked":["Calculated Gamble","Concentrate"],"picked":"Accuracy","floor":8.0},{"not_picked":["Eviscerate","Heel Hook","Expertise"],"picked":"SKIP","floor":11.0}],"player_experience":428245,"relics_obtained":[{"floor":9.0,"key":"MealTicket"},{"floor":12.0,"key":"Paper Crane"}],"event_choices":[{"damage_healed":0.0,"max_hp_gain":0.0,"max_hp_loss":0.0,"gold_gain":0.0,"event_name":"Golden Wing","player_choice":"Ignored","floor":2.0,"gold_loss":0.0,"damage_taken":0.0},{"damage_healed":0.0,"max_hp_gain":0.0,"max_hp_loss":0.0,"gold_gain":0.0,"event_name":"Liars Game","player_choice":"Ignored","floor":5.0,"gold_loss":0.0,"damage_taken":0.0}],"is_beta":false,"boss_relics":[],"items_purged_floors":[3],"is_endless":false,"potions_floor_spawned":[1,7,14],"killed_by":"Hexaghost","ascension_level":10}}