{"host":"78hrz0ylpj9lzvi8","time":1607630642,"event":{"mods":["BaseMod","Bestiary","Minty Spire (QoL Compilation)","StSLib","Quick Restart","Random Character Button","Relic Stats"],"gold_per_floor":[116,134,134,145,156,181,132,132,132],"floor_reached":8,"playtime":161,"items_purged":[],"score":116,"play_id":"3ecfbb69-c473-48a1-baff-16d6b4fef846","local_time":"20201210170402","is_ascension_mode":true,"campfire_choices":[],"circlet_count":0,"master_deck":["AscendersBane","Strike_P","Strike_P","Strike_P","Strike_P","Defend_P","Defend_P","Defend_P","Defend_P","Eruption","Vigilance","Conclude","EmptyFist","Wallop","Halt"],"relics":["PureWater","NeowsBlessing","Shovel","Pear"],"acts_visited":["Exordium"],"potions_floor_usage":[],"damage_taken":[{"damage":0,"enemies":"Small Slimes","floor":1,"turns":2},{"damage":0,"enemies":"2 Louse","floor":2,"turns":1},{"damage":0,"enemies":"Jaw Worm","floor":4,"turns":1},{"damage":2,"enemies":"Looter","floor":5,"turns":3},{"damage":32,"enemies":"Lagavulin","floor":6,"turns":6},{"damage":32,"enemies":"Gremlin Nob","floor":8,"turns":3}],"seed_played":"-1427673119473039165","potions_obtained":[{"floor":1,"key":"BottledMiracle"}],"is_trial":false,"path_per_floor":["M","M","?","M","M","E","?","E"],"character_chosen":"WATCHER","items_purchased":[],"campfire_rested":0,"item_purchase_floors":[],"current_hp_per_floor":[61,61,50,50,48,26,26,0,0],"gold":132,"neow_bonus":"THREE_ENEMY_KILL","is_daily":false,"chose_seed":false,"campfire_upgraded":0,"win_rate":0,"timestamp":1607630642,"path_taken":["M","M","?","M","M","E","?","E"],"build_version":"2020-11-30","purchased_purges":0,"victory":false,"max_hp_per_floor":[68,68,68,68,68,78,78,78,78],"relic_stats":{"Shovel":0,"counters":[6,16],"obtain_stats":[{"Shovel":3,"Pear":6,"NeowsBlessing":0,"PureWater":0},{"Shovel":2,"Pear":5,"NeowsBlessing":0,"PureWater":0},{"Shovel":3,"Pear":13,"NeowsBlessing":0,"PureWater":0}]},"card_choices":[{"not_picked":["JustLucky","Protect"],"picked":"Conclude","floor":1},{"not_picked":["EmptyMind","Protect"],"picked":"EmptyFist","floor":2},{"not_picked":["ClearTheMind","Indignation","Prostrate"],"picked":"SKIP","floor":4},{"not_picked":["ReachHeaven","Evaluate"],"picked":"Wallop","floor":5},{"not_picked":["Prostrate","InnerPeace"],"picked":"Halt","floor":6}],"player_experience":909100,"relics_obtained":[{"floor":6,"key":"Pear"}],"event_choices":[{"damage_healed":0,"gold_gain":0,"player_choice":"Success","damage_taken":11,"relics_obtained":["Shovel"],"max_hp_gain":0,"max_hp_loss":0,"event_name":"Scrap Ooze","floor":3,"gold_loss":0},{"damage_healed":0,"gold_gain":0,"player_choice":"Left Gold","damage_taken":0,"max_hp_gain":0,"max_hp_loss":0,"event_name":"World of Goop","floor":7,"gold_loss":49}],"is_beta":false,"boss_relics":[],"items_purged_floors":[],"is_endless":false,"potions_floor_spawned":[1],"killed_by":"Gremlin Nob","ascension_level":20}}