{"host":"t9kv9izdsodfo791","time":1607560388,"event":{"gold_per_floor":[115,115,176,186,196,229,9,37,37,54,4,4,4,15,15,111,111,125,65,65,65,83,103,103,103,103,120,120,78,111,131,131,228,228,244,244,72,84,84,84,84,174,222,241,268,287,287,25,25,25],"floor_reached":51,"playtime":2875,"items_purged":["Overencumbered","Strike_R"],"score":803,"play_id":"c0f97ce6-21f4-4632-bc51-c4f54f3935e8","local_time":"20201209193308","is_ascension_mode":false,"campfire_choices":[{"data":"Armaments","floor":13,"key":"SMITH"},{"data":"Barricade","floor":13,"key":"SMITH"},{"data":"Armaments","floor":15,"key":"SMITH"},{"data":"Entrench","floor":15,"key":"SMITH"},{"data":"Double Tap","floor":24,"key":"SMITH"},{"data":"Impervious","floor":24,"key":"SMITH"},{"floor":32,"key":"REST"},{"data":"Metallicize","floor":40,"key":"SMITH"},{"data":"Madness","floor":40,"key":"SMITH"},{"floor":49,"key":"REST"}],"neow_cost":"NONE","seed_source_timestamp":5644110292000,"circlet_count":0,"master_deck":["Strike_R","Strike_R","Defend_R","Defend_R+1","Defend_R","Defend_R","Bash","Reckless Charge","Armaments+1","Pommel Strike","Bludgeon","Thunderclap","Entrench+1","Armaments+1","Barricade+1","Carnage+1","Sword Boomerang+1","Cleave+1","Flame Barrier","Inflame","Impervious+1","Body Slam+1","Body Slam+1","Iron Wave+1","Double Tap+1","Thunderclap+1","Body Slam+1","Shrug It Off","Run Through+1","Madness+1","Madness+1","Metallicize+1","Armaments+1","Battle Trance","Iron Wave+1","Metallicize","Exhume","Iron Wave+1","Iron Wave+1","Body Slam+1","ReplayUltimateDefense"],"relics":["Burning Blood","Oddly Smooth Stone","Molten Egg 2","Prayer Wheel","Replay:Arrowhead","Runic Dome","Ornamental Fan","Paper Frog","The Courier","Nilry\u0027s Codex","Akabeko","Ooze Armor","Bronze Scales","ReplayTheSpireMod:CursedCoin","Bag of Marbles","Snack Pack"],"potions_floor_usage":[6,8,16,22,27,30,31,44,50,50],"damage_taken":[{"damage":8,"enemies":"Small Slimes","floor":1,"turns":3},{"damage":0,"enemies":"2 Louse","floor":4,"turns":2},{"damage":0,"enemies":"Cultist","floor":5,"turns":2},{"damage":24,"enemies":"3 Sentries","floor":6,"turns":8},{"damage":14,"enemies":"Gremlin Nob","floor":8,"turns":3},{"damage":0,"enemies":"Red Slaver","floor":10,"turns":4},{"damage":0,"enemies":"3 Louse","floor":14,"turns":3},{"damage":32,"enemies":"The Guardian","floor":16,"turns":10},{"damage":11,"enemies":"3 Byrds","floor":18,"turns":5},{"damage":0,"enemies":"2 Thieves","floor":22,"turns":3},{"damage":0,"enemies":"Cultist and Chosen","floor":23,"turns":4},{"damage":0,"enemies":"Chosen and Byrds","floor":27,"turns":4},{"damage":50,"enemies":"Slavers","floor":30,"turns":6},{"damage":9,"enemies":"3 Cultists","floor":31,"turns":6},{"damage":19,"enemies":"Automaton","floor":33,"turns":9},{"damage":10,"enemies":"3 Darklings","floor":35,"turns":7},{"damage":1,"enemies":"Orb Walker","floor":38,"turns":3},{"damage":7,"enemies":"Transient","floor":44,"turns":5},{"damage":40,"enemies":"Giant Head","floor":45,"turns":9},{"damage":0,"enemies":"4 Shapes","floor":46,"turns":1},{"damage":53,"enemies":"Donu and Deca","floor":50,"turns":26}],"seed_played":"9010644950834177840","potions_obtained":[{"floor":1,"key":"Regen Potion"},{"floor":3,"key":"Milkshake"},{"floor":5,"key":"Toxic Potion"},{"floor":8,"key":"Swift Potion"},{"floor":18,"key":"PowerPotion"},{"floor":23,"key":"DistilledChaos"},{"floor":30,"key":"SkillPotion"},{"floor":33,"key":"SpeedPotion"},{"floor":38,"key":"SkillPotion"},{"floor":44,"key":"HeartOfIron"}],"is_trial":false,"path_per_floor":["M","?","?","M","M","E","$","E","T","M","?","$","R","M","R","B",null,"M","?","?","?","M","M","R","T","T","M","?","$","E","M","R","B",null,"M","?","$","M","?","R","?","$","T","M","E","M","T","$","R","B",null],"character_chosen":"IRONCLAD","items_purchased":["Barricade","Carnage+1","Shrug It Off","Metallicize","Bronze Scales","ReplayTheSpireMod:CursedCoin","Body Slam+1","ReplayUltimateDefense"],"campfire_rested":2,"item_purchase_floors":[7,7,29,37,37,42,48,48],"current_hp_per_floor":[78,78,58,64,70,67,67,59,59,65,65,65,65,71,71,45,80,75,75,75,75,80,80,80,80,80,80,64,64,20,17,41,28,80,76,66,66,71,71,71,71,71,71,70,36,42,42,42,66,27],"gold":25,"neow_bonus":"RANDOM_EVENT","is_prod":false,"is_daily":false,"chose_seed":false,"campfire_upgraded":8,"win_rate":0,"timestamp":1607560388,"path_taken":["M","?","?","M","?","E","?","E","T","M","?","$","R","M","R","BOSS","M","?","?","?","?","M","R","?","T","M","?","?","E","M","R","BOSS","M","?","$","M","?","R","?","$","T","M","E","?","?","?","R","BOSS"],"build_version":"2020-11-30","purchased_purges":2,"victory":true,"max_hp_per_floor":[80,80,80,80,80,80,80,80,80,80,80,80,80,80,80,80,80,80,80,80,80,80,80,80,80,80,80,80,80,80,80,80,80,80,80,80,80,80,80,80,80,80,80,80,80,80,80,80,80,80],"card_choices":[{"not_picked":["ReplayTheSpireMod:Muscle Training","Cleave"],"picked":"Armaments","floor":1},{"not_picked":["Havoc","Power Through"],"picked":"Pommel Strike","floor":3},{"not_picked":["Clash","Ghostly Armor"],"picked":"Bludgeon","floor":3},{"not_picked":["Pommel Strike","Flame Barrier"],"picked":"Thunderclap","floor":4},{"not_picked":["Havoc","Iron Wave"],"picked":"Entrench","floor":5},{"not_picked":["Defy Death","Wild Strike+1"],"picked":"Armaments","floor":6},{"not_picked":["Whirlwind+1","Feel No Pain"],"picked":"Sword Boomerang+1","floor":8},{"not_picked":["Battle Trance","Havoc"],"picked":"Cleave+1","floor":10},{"not_picked":["Massacre+1","ReplayTheSpireMod:Muscle Training"],"picked":"Flame Barrier","floor":10},{"not_picked":["Havoc","Dark Embrace"],"picked":"Inflame","floor":14},{"not_picked":["Rage","Power Through","Replay:Undeath\u0027s Touch+1"],"picked":"SKIP","floor":14},{"not_picked":["Immolate+1","Berserk"],"picked":"Impervious","floor":16},{"not_picked":["Thunderclap+1","Perfected Strike+1"],"picked":"Body Slam+1","floor":18},{"not_picked":["Flex","Searing Blow+1"],"picked":"Body Slam+1","floor":18},{"not_picked":["Sever Soul+1","Whirlwind+1","Twin Strike+1"],"picked":"SKIP","floor":22},{"not_picked":["ReplayTheSpireMod:Corrosion Curse","Evolve+1","Clothesline+1"],"picked":"SKIP","floor":22},{"not_picked":["Intimidate+1","True Grit+1"],"picked":"Iron Wave+1","floor":23},{"not_picked":["Perfected Strike+1","Replay:Undeath\u0027s Touch+1"],"picked":"Double Tap","floor":23},{"not_picked":["ReplayTheSpireMod:Strike From Hell+1","Whirlwind+1"],"picked":"Thunderclap+1","floor":27},{"not_picked":["Armaments","ReplayTheSpireMod:Limb From Limb+1"],"picked":"Body Slam+1","floor":27},{"not_picked":["Wild Strike+1","Whirlwind+1","Corruption"],"picked":"SKIP","floor":30},{"not_picked":["Carnage+1","Searing Blow+1"],"picked":"Run Through+1","floor":31},{"not_picked":["Anger+1","ReplayTheSpireMod:LeadingStrike+1","Perfected Strike+1"],"picked":"SKIP","floor":31},{"not_picked":["Wild Strike+1","Heavy Blade+1","Blood for Blood+1"],"picked":"SKIP","floor":35},{"not_picked":["Feel No Pain","Flex","Headbutt+1"],"picked":"SKIP","floor":35},{"not_picked":["Replay:Undeath\u0027s Touch+1","Cleave+1"],"picked":"Armaments+1","floor":38},{"not_picked":["Flex+1","Dropkick+1"],"picked":"Battle Trance","floor":38},{"not_picked":["Corruption","ReplayTheSpireMod:Strike From Hell+1"],"picked":"Iron Wave+1","floor":44},{"not_picked":["Headbutt+1","Sword Boomerang+1"],"picked":"Metallicize","floor":44},{"not_picked":["Clash+1","Twin Strike+1"],"picked":"Exhume","floor":45},{"not_picked":["Pommel Strike+1","Fiend Fire+1"],"picked":"Iron Wave+1","floor":46},{"not_picked":["Flex","Rupture+1"],"picked":"Iron Wave+1","floor":46}],"player_experience":116097,"relics_obtained":[{"floor":3,"key":"Oddly Smooth Stone"},{"floor":6,"key":"Molten Egg 2"},{"floor":8,"key":"Prayer Wheel"},{"floor":9,"key":"Replay:Arrowhead"},{"floor":21,"key":"Ornamental Fan"},{"floor":25,"key":"Paper Frog"},{"floor":26,"key":"The Courier"},{"floor":28,"key":"Nilry\u0027s Codex"},{"floor":30,"key":"Akabeko"},{"floor":45,"key":"Bag of Marbles"},{"floor":47,"key":"Snack Pack"}],"event_choices":[{"damage_healed":0,"gold_gain":0,"cards_transformed":["Strike_R"],"player_choice":"Change","damage_taken":0,"max_hp_gain":0,"max_hp_loss":0,"event_name":"Living Wall","floor":0,"gold_loss":0,"cards_obtained":["Reckless Charge"]},{"cards_removed":["Strike_R"],"damage_healed":0,"gold_gain":0,"player_choice":"Card Removal","damage_taken":0,"max_hp_gain":0,"max_hp_loss":0,"event_name":"The Cleric","floor":11,"gold_loss":50},{"damage_healed":0,"gold_gain":0,"player_choice":"Ignored","damage_taken":0,"max_hp_gain":0,"max_hp_loss":0,"event_name":"Ghosts","floor":20,"gold_loss":0},{"damage_healed":0,"gold_gain":0,"player_choice":"Relic","damage_taken":0,"max_hp_gain":0,"max_hp_loss":0,"event_name":"Wheel of Change","floor":21,"gold_loss":0},{"damage_healed":0,"gold_gain":0,"player_choice":"Obtained Book","damage_taken":16,"max_hp_gain":0,"max_hp_loss":0,"event_name":"Cursed Tome","floor":28,"gold_loss":0},{"damage_healed":0,"gold_gain":0,"player_choice":"Embrace Madness","damage_taken":10,"max_hp_gain":0,"max_hp_loss":0,"event_name":"Winding Halls","floor":36,"gold_loss":0,"cards_obtained":["Madness","Madness"]},{"damage_healed":0,"gold_gain":0,"player_choice":"Ignored","damage_taken":0,"max_hp_gain":0,"max_hp_loss":0,"event_name":"Mysterious Sphere","floor":39,"gold_loss":0},{"damage_healed":0,"gold_gain":0,"player_choice":"Upgraded","damage_taken":0,"max_hp_gain":0,"max_hp_loss":0,"event_name":"Upgrade Shrine","floor":41,"gold_loss":0,"cards_upgraded":["Madness"]}],"is_beta":false,"boss_relics":[{"not_picked":["Velvet Choker","SlaversCollar"],"picked":"Runic Dome"},{"not_picked":["SacredBark","Philosopher\u0027s Stone"],"picked":"Ooze Armor"}],"items_purged_floors":[42,48],"is_endless":false,"potions_floor_spawned":[1,5,8,18,23,30,33,38,44],"ascension_level":0}}