{"host":"1tl36azeqm6yhdgj","time":1607633879,"event":{"mods":["BaseMod","AchievementEnabler","Minty Spire (QoL Compilation)","StSLib","everything is the same but u backflip on backflip","The IronCluck"],"gold_per_floor":[118,118,131,149,168,168,196,196,273,298,315,327,345,359,359,455,455,468,468,483,483,483,483,500,40,40,52,52,64,15,15,15,111,111,122,122,122,122,0,0,0],"floor_reached":40,"playtime":1122,"items_purged":["Strike_R"],"score":645,"play_id":"f9d40bfe-665c-4286-abb8-e244a2bd5798","local_time":"20201210155759","is_ascension_mode":true,"campfire_choices":[{"data":"Shrug It Off","floor":6.0,"key":"SMITH"},{"data":"Panacea","floor":8.0,"key":"SMITH"},{"floor":15.0,"key":"RECALL"},{"floor":23.0,"key":"REST"},{"floor":28.0,"key":"REST"},{"floor":32.0,"key":"REST"}],"circlet_count":0,"master_deck":["AscendersBane","Strike_R","Strike_R","Strike_R","Strike_R","Defend_R","Defend_R","Defend_R","Defend_R","Bash","Thunderclap","Bludgeon","Clash","Panacea+1","Anger","Shrug It Off+1","Feel No Pain","Intimidate","Demon Form","Headbutt","Exhume","Intimidate","Decay","Cleave+1","Warcry","Bandage Up","Immolate","Shrug It Off+1","Shame","Corruption","Rampage","Discovery","Dark Shackles","Chrysalis","Madness","Madness"],"special_seed":0,"relics":["Black Blood","NeowsBlessing","Charon\u0027s Ashes","Gremlin Horn","Art of War","Black Star","Unceasing Top","Pantograph","Tiny Chest","Blood Vial","Red Mask"],"acts_visited":["Exordium","TheCity","TheBeyond"],"potions_floor_usage":[40],"damage_taken":[{"damage":0.0,"enemies":"Cultist","floor":1.0,"turns":1.0},{"damage":0.0,"enemies":"Jaw Worm","floor":3.0,"turns":1.0},{"damage":0.0,"enemies":"Small Slimes","floor":4.0,"turns":1.0},{"damage":11.0,"enemies":"Looter","floor":5.0,"turns":2.0},{"damage":8.0,"enemies":"Lagavulin","floor":7.0,"turns":4.0},{"damage":24.0,"enemies":"Gremlin Nob","floor":10.0,"turns":4.0},{"damage":5.0,"enemies":"3 Louse","floor":11.0,"turns":2.0},{"damage":8.0,"enemies":"Blue Slaver","floor":12.0,"turns":3.0},{"damage":11.0,"enemies":"Looter","floor":13.0,"turns":2.0},{"damage":8.0,"enemies":"Large Slime","floor":14.0,"turns":4.0},{"damage":24.0,"enemies":"Slime Boss","floor":16.0,"turns":10.0},{"damage":43.0,"enemies":"Shell Parasite","floor":18.0,"turns":8.0},{"damage":9.0,"enemies":"3 Byrds","floor":20.0,"turns":6.0},{"damage":0.0,"enemies":"Snake Plant","floor":21.0,"turns":1.0},{"damage":26.0,"enemies":"3 Cultists","floor":24.0,"turns":5.0},{"damage":27.0,"enemies":"Snecko","floor":27.0,"turns":4.0},{"damage":33.0,"enemies":"Snake Plant","floor":29.0,"turns":4.0},{"damage":116.0,"enemies":"Champ","floor":33.0,"turns":14.0},{"damage":5.0,"enemies":"Orb Walker","floor":35.0,"turns":4.0},{"damage":78,"enemies":"Reptomancer","floor":40,"turns":4}],"seed_played":"498265252777353124","potions_obtained":[{"floor":1.0,"key":"AttackPotion"},{"floor":7.0,"key":"EssenceOfSteel"},{"floor":13.0,"key":"DuplicationPotion"},{"floor":14.0,"key":"LiquidMemories"},{"floor":18.0,"key":"SmokeBomb"},{"floor":20.0,"key":"EntropicBrew"}],"is_trial":false,"path_per_floor":["M","?","M","M","M","R","E","R","T","E","M","M","M","M","R","B",null,"M","?","M","M","T","R","M","$","T","M","R","M","$","?","R","B",null,"M","?","?","T","?","E"],"character_chosen":"IRONCLAD","items_purchased":["Pantograph","Bandage Up","Swift Potion","BloodPotion"],"campfire_rested":3,"item_purchase_floors":[25,25,25,30],"current_hp_per_floor":[78,78,80,80,75,75,73,73,73,55,56,54,49,47,47,29,67,30,30,27,33,33,57,37,37,37,16,40,17,17,17,41,8,62,75,65,55,55,55,0,0],"gold":0,"neow_bonus":"THREE_ENEMY_KILL","is_daily":false,"chose_seed":false,"campfire_upgraded":2,"win_rate":0,"timestamp":1607633879,"path_taken":["M","?","?","M","M","R","E","R","T","E","M","M","M","?","R","BOSS","M","?","M","M","?","R","?","$","T","M","R","M","$","?","R","BOSS","M","?","?","?","?","E"],"build_version":"2020-11-30","purchased_purges":1,"victory":false,"max_hp_per_floor":[80,80,80,80,80,80,80,80,80,80,80,80,80,80,80,80,80,80,80,80,80,80,80,80,80,80,80,80,80,80,80,80,80,80,80,80,80,80,80,80,80],"card_choices":[{"not_picked":["Shrug It Off","Heavy Blade"],"picked":"Thunderclap","floor":1.0},{"not_picked":["Flex","Heavy Blade"],"picked":"Anger","floor":3.0},{"not_picked":["Anger","Battle Trance"],"picked":"Shrug It Off","floor":4.0},{"not_picked":["Pommel Strike","Havoc"],"picked":"Feel No Pain","floor":5.0},{"not_picked":["Blood for Blood","Bloodletting"],"picked":"Intimidate","floor":7.0},{"not_picked":["Shrug It Off","Bloodletting","Perfected Strike"],"picked":"SKIP","floor":10.0},{"not_picked":["Heavy Blade","Cleave"],"picked":"Demon Form","floor":11.0},{"not_picked":["Headbutt","Sword Boomerang","Second Wind"],"picked":"SKIP","floor":12.0},{"not_picked":["True Grit","Heavy Blade"],"picked":"Headbutt","floor":13.0},{"not_picked":["Headbutt","Sword Boomerang","Ghostly Armor"],"picked":"SKIP","floor":14.0},{"not_picked":["Demon Form","Berserk"],"picked":"Exhume","floor":16.0},{"not_picked":["Thunderclap","Heavy Blade"],"picked":"Intimidate","floor":18.0},{"not_picked":["Dark Embrace","Power Through+1"],"picked":"Cleave+1","floor":20.0},{"not_picked":["Armaments","Clothesline+1"],"picked":"Warcry","floor":24.0},{"not_picked":["Shrug It Off","Clash+1"],"picked":"Immolate","floor":27.0},{"not_picked":["Thunderclap","Sever Soul"],"picked":"Shrug It Off+1","floor":29.0},{"not_picked":["Feed","Fiend Fire"],"picked":"Corruption","floor":33.0},{"not_picked":["Shrug It Off+1","Sentinel"],"picked":"Rampage","floor":35.0},{"not_picked":["Forethought","Good Instincts"],"picked":"Discovery","floor":36.0},{"not_picked":["Forethought","Trip"],"picked":"Dark Shackles","floor":36.0},{"not_picked":["Transmutation","Thinking Ahead"],"picked":"Chrysalis","floor":36.0}],"player_experience":1904073,"relics_obtained":[{"floor":7.0,"key":"Charon\u0027s Ashes"},{"floor":9.0,"key":"Gremlin Horn"},{"floor":10.0,"key":"Art of War"},{"floor":22.0,"key":"Unceasing Top"},{"floor":26.0,"key":"Tiny Chest"}],"event_choices":[{"damage_healed":0.0,"max_hp_gain":0.0,"max_hp_loss":0.0,"gold_gain":0.0,"event_name":"Match and Keep!","player_choice":"3 cards matched","floor":2.0,"gold_loss":0.0,"damage_taken":0.0,"cards_obtained":["Bludgeon","Clash","Panacea"]},{"damage_healed":0.0,"max_hp_gain":0.0,"max_hp_loss":0.0,"gold_gain":0.0,"event_name":"Forgotten Altar","player_choice":"Smashed Altar","floor":19.0,"gold_loss":0.0,"damage_taken":0.0,"cards_obtained":["Decay"]},{"damage_healed":0.0,"max_hp_gain":0.0,"max_hp_loss":0.0,"gold_gain":0.0,"event_name":"Addict","player_choice":"Stole Relic","floor":31.0,"gold_loss":0.0,"damage_taken":0.0,"relics_obtained":["Blood Vial"],"cards_obtained":["Shame"]},{"damage_healed":0.0,"max_hp_gain":0.0,"max_hp_loss":0.0,"gold_gain":0.0,"event_name":"SensoryStone","player_choice":"Memory 3","floor":36.0,"gold_loss":0.0,"damage_taken":10.0},{"damage_healed":0.0,"max_hp_gain":0.0,"max_hp_loss":0.0,"gold_gain":0.0,"event_name":"Winding Halls","player_choice":"Embrace Madness","floor":37.0,"gold_loss":0.0,"damage_taken":10.0,"cards_obtained":["Madness","Madness"]},{"damage_healed":0.0,"max_hp_gain":0.0,"max_hp_loss":0.0,"gold_gain":0.0,"event_name":"Tomb of Lord Red Mask","player_choice":"Paid","floor":39.0,"gold_loss":122.0,"damage_taken":0.0,"relics_obtained":["Red Mask"]}],"is_beta":false,"boss_relics":[{"not_picked":["Sozu","Runic Cube"],"picked":"Black Star"},{"not_picked":["Snecko Eye","Fusion Hammer"],"picked":"Black Blood"}],"items_purged_floors":[25],"is_endless":false,"potions_floor_spawned":[1,7,13,14,18,20,21],"killed_by":"Reptomancer","ascension_level":11}}