{"host":"4c7oxphrh4ok8x7u","time":1607615719,"event":{"mods":["BaseMod","StSLib","Act Like it!","GifTheSpireLib","2.2 Compatiblity","Custom Start","Challenge The Spire","Dota2Spire","HololiveMod","Hubris","Kratos Character Expansion","MostiFishMod","Prisma Mod","TheWitcher","Ascension Reborn","Conspire","Aspiration","Conjunction","Better Skull","Better Vampires","BetterRewards","Friendly Minions","FruityMod","Halation","Hyrulean Relics","Jedi Mod","Minty Spire (QoL Compilation)","Permanent Neow","Quarter Circle Forward PUNCH!","RatMod","Replay The Spire","Robot Space Explorer","SCP261 Mod","Shade Mod","Slay the Relics Exporter","Small Relic Pack","Spicy Shops","Spikes Relics","Spires And Sneckos","Steal the Spire","Stuff the Spire","The Blue Laboratory","The Edgeheg","The Fake Hero","Wandering Minibosses","The Death Knight","Hermit","The Animator"],"gold_per_floor":[110,110,60,60,76,96,56,56,83,113,119,147,158,174,174,277,277,288,299,312,328,343,370,370,370,370,60,60,76,109,315,315,415,415,431,448,448,466,477,507,507,542,542,103,132,158,158,174,174,174],"floor_reached":51,"playtime":2379,"items_purged":["Voices","Shade:Strike_Shade"],"score":1139,"play_id":"cf8c981a-9337-46fa-9869-fdf800090081","local_time":"20201210185519","is_ascension_mode":true,"campfire_choices":[{"data":"Shade:SkeletonArmy","floor":8,"key":"SMITH"},{"data":"Shade:Strike_Shade","floor":15,"key":"PURGE"},{"data":"Shade:LichForm","floor":24,"key":"SMITH"},{"data":"Shade:Putrefaction","floor":32,"key":"SMITH"},{"data":"Shade:Coordination","floor":41,"key":"SMITH"},{"data":"Shade:SkeletonArmy","floor":47,"key":"SMITH"},{"data":"Shade:FreshBones","floor":49,"key":"SMITH"}],"circlet_count":0,"master_deck":["Shade:Defend_Shade","Shade:Defend_Shade","Shade:Defend_Shade","Shade:AnimateDead","Shade:CarefulCut","Shade:GraveStillness","Shade:FreshBones","Shade:ClawBack","Shade:SkeletonArmy+1","Shade:StitchTogether","Shade:UnbarTheGrave","Shade:WallOfFlesh","Shade:FleshToFlesh","Shade:FreshBones","Shade:LichForm+1","Shade:Brains","Shade:ClawBack+1","Shade:LyeBath","Shade:Frenzy","Shade:GreyBargain+1","Shade:Putrefaction+1","Shade:Coordination+1","Shade:Bite_Shade+1","Shade:FreshBones+1","Shade:GraveStillness+1","Shade:FleshLikeOak","Shade:SkeletonArmy+1","Shade:FreshBones+1"],"relics":["Shade:YorickSkull","DaveBox","NightmareShop","Question Card","halation:PrussianBluePaint","StuffTheSpire:Nightcore","hubris:BundleOfHerbs","ImportantClient","Hololive_ChaosS","Dota2Spire:Satanic","ReplayTheSpireMod:Ring of Exchange","Ring of Peace","aspiration:StickyExplosives_weak","SuspiciousGoo","Orichalcum","Strange Spoon","wanderingMiniBosses:CarrionFlame","relicPack:DSword","halation:BlackBeret","qcfpunch:Red_Headband","The Courier","Dota2Spire:AghanimScepter","Replay:Baseball","PreservedInsect","Oddly Smooth Stone","MealTicket"],"acts_visited":["Exordium","TheCity","TheBeyond"],"potions_floor_usage":[19,20,39,50],"damage_taken":[{"damage":0,"enemies":"Small Slimes","floor":1,"turns":4},{"damage":0,"enemies":"Cultist","floor":5,"turns":5},{"damage":0,"enemies":"2 Louse","floor":6,"turns":3},{"damage":4,"enemies":"3 Sentries","floor":10,"turns":4},{"damage":0,"enemies":"Large Slime","floor":11,"turns":3},{"damage":0,"enemies":"Lagavulin","floor":12,"turns":2},{"damage":0,"enemies":"3 Louse","floor":13,"turns":3},{"damage":0,"enemies":"2 Fungi Beasts","floor":14,"turns":2},{"damage":8,"enemies":"Hexaghost","floor":16,"turns":8},{"damage":8,"enemies":"Shell Parasite","floor":18,"turns":4},{"damage":42,"enemies":"3 Byrds","floor":19,"turns":5},{"damage":0,"enemies":"Centurion and Healer","floor":20,"turns":4},{"damage":0,"enemies":"Cultist and Chosen","floor":21,"turns":3},{"damage":0,"enemies":"Chosen and Byrds","floor":22,"turns":4},{"damage":0,"enemies":"Book of Stabbing","floor":23,"turns":2},{"damage":0,"enemies":"Centurion and Healer","floor":29,"turns":4},{"damage":0,"enemies":"Slavers","floor":30,"turns":4},{"damage":0,"enemies":"Champ","floor":33,"turns":5},{"damage":15,"enemies":"3 Shapes","floor":35,"turns":4},{"damage":0,"enemies":"Orb Walker","floor":36,"turns":2},{"damage":0,"enemies":"Sphere and 2 Shapes","floor":38,"turns":3},{"damage":0,"enemies":"4 Shapes","floor":39,"turns":2},{"damage":0,"enemies":"Nemesis","floor":40,"turns":3},{"damage":0,"enemies":"R_Hoarder","floor":42,"turns":5},{"damage":0,"enemies":"Reptomancer","floor":45,"turns":3},{"damage":0,"enemies":"conspire:MimicChest","floor":46,"turns":3},{"damage":0,"enemies":"Writhing Mass","floor":48,"turns":3},{"damage":0,"enemies":"Donu and Deca","floor":50,"turns":4}],"seed_played":"6478758377951655166","potions_obtained":[{"floor":5,"key":"Dota2Spire:HealingSalve"},{"floor":11,"key":"AttackPotion"},{"floor":20,"key":"SkillPotion"},{"floor":23,"key":"Block Potion"},{"floor":30,"key":"Strength Potion"},{"floor":38,"key":"blueLaboratory:FruitPunch"},{"floor":39,"key":"jedi:wingpotion"},{"floor":46,"key":"blueLaboratory:FruitPunch"}],"is_trial":false,"path_per_floor":["M","?","?","?","M","M","$","R","T","E","M","E","M","M","R","B",null,"M","M","M","M","M","E","R","?","T","$","?","M","E","?","R","B",null,"M","M","?","M","M","E","R","E","T","$","E","?","R","M","R","B",null],"character_chosen":"SHADE","items_purchased":["Shade:SkeletonArmy","SuspiciousGoo","Dota2Spire:AghanimScepter","Replay:Baseball","PreservedInsect"],"campfire_rested":0,"item_purchase_floors":[7,27,44,44,44],"current_hp_per_floor":[65,65,65,65,65,65,65,65,65,61,65,65,65,65,65,57,65,57,22,37,44,51,51,51,51,51,51,58,65,65,65,65,65,65,50,50,15,27,29,29,29,33,33,33,47,47,47,47,47,49],"gold":174,"neow_bonus":"REMOVE_CARD","is_daily":false,"chose_seed":false,"campfire_upgraded":6,"win_rate":0.0,"timestamp":1607615719,"path_taken":["M","?","?","?","M","?","$","R","T","E","M","E","?","M","R","BOSS","M","M","M","M","M","E","R","?","T","$","?","M","E","?","R","BOSS","M","M","?","M","M","E","R","E","T","$","E","?","R","M","R","BOSS"],"build_version":"2020-11-30","purchased_purges":2,"victory":true,"max_hp_per_floor":[65,65,65,65,65,65,65,65,65,65,65,65,65,65,65,65,65,65,65,65,65,65,65,65,65,65,65,65,65,65,65,65,65,65,65,65,65,65,67,67,67,67,67,67,67,67,67,67,67,69],"card_choices":[{"not_picked":["Shade:ScuttlingHand","Shade:SpontaneousRitual"],"picked":"Shade:GraveStillness","floor":1},{"not_picked":["Shade:GreyBargain","Shade:AuraOfUnlife","Shade:WallOfFlesh"],"picked":"Shade:FreshBones","floor":5},{"not_picked":["Shade:ExtraLimbs","Shade:CloudOfShrapnel","Shade:Frenzy"],"picked":"Shade:ClawBack","floor":6},{"not_picked":["Shade:SkeletonArmy","Shade:FreshBones","Shade:FleshOffering"],"picked":"Shade:StitchTogether","floor":10},{"not_picked":["Shade:ClawBack","Shade:SkeletonArmy","Shade:Trample"],"picked":"Shade:UnbarTheGrave","floor":11},{"not_picked":["Shade:Brains","Shade:FuneraryJewels","Shade:AncientSpear"],"picked":"Shade:WallOfFlesh","floor":12},{"not_picked":["Shade:AblativeArmor","Shade:CoffinDance","Shade:Bonestorm"],"picked":"Shade:FleshToFlesh","floor":13},{"not_picked":["Shade:BoneShards","Shade:Premonition","Shade:Bonestorm"],"picked":"Shade:FreshBones","floor":14},{"not_picked":["Shade:OfferingToTheBeyond","Shade:UnbarTheGrave","Shade:DarkOfNight"],"picked":"Shade:LichForm","floor":16},{"not_picked":["Shade:SoulToxin","Shade:DangerousRitual+1","Shade:CoffinDance"],"picked":"Shade:Brains","floor":18},{"not_picked":["Shade:FuneraryArmor","Shade:BoneShards","Shade:AncientSpear"],"picked":"Shade:ClawBack+1","floor":19},{"not_picked":["Shade:Bonestorm+1","Shade:SanguineRitual","Shade:Premonition"],"picked":"Shade:LyeBath","floor":20},{"not_picked":["Shade:AncientSpear","Shade:Trample","Shade:FingerOfDeath"],"picked":"Shade:Frenzy","floor":21},{"not_picked":["Shade:Doomsay","Shade:FleshToFlesh","Shade:SoulToxin"],"picked":"Shade:GreyBargain+1","floor":22},{"not_picked":["Shade:MadHubris","Shade:Patience","Shade:AblativeArmor+1","Shade:Excise"],"picked":"SKIP","floor":23},{"not_picked":["Shade:SanguineRitual","Shade:Haruspicy","Shade:ExtraLimbs","Shade:BoneShards+1"],"picked":"SKIP","floor":29},{"not_picked":["Shade:RitualOffering","Shade:SkeletonHug","Shade:AncientSpear","Shade:Premonition"],"picked":"SKIP","floor":30},{"not_picked":["Shade:WallOfFlesh","Shade:GreyBargain","Shade:Bonestorm+1"],"picked":"Shade:Putrefaction","floor":31},{"not_picked":["Shade:LichForm","Shade:OneIsEnough","Shade:SelfBurial"],"picked":"Shade:Coordination","floor":33},{"not_picked":["Shade:WallOfFlesh","Shade:FingerOfDeath+1","Shade:PotionOfRestlessness+1","Shade:BoneShards+1"],"picked":"SKIP","floor":35},{"not_picked":["Shade:WallOfFlesh","Shade:FeralStrike+1","Shade:GraveStillness+1"],"picked":"Shade:Bite_Shade+1","floor":36},{"not_picked":["Shade:Patience+1","Shade:ClawBack+1","Shade:ExtraLimbs","Shade:FuneraryJewels+1"],"picked":"SKIP","floor":38},{"not_picked":["Shade:LastGasp","Shade:FeralStrike","Shade:ClawBack+1"],"picked":"Shade:FreshBones+1","floor":39},{"not_picked":["Shade:Bonestorm","Shade:AncientSpear+1","Shade:UnbarTheGrave"],"picked":"Shade:GraveStillness+1","floor":40},{"not_picked":["Shade:Awaken","Shade:FuneraryArmor","Shade:ExtraLimbs+1"],"picked":"Shade:FleshLikeOak","floor":42},{"not_picked":["Shade:AncientSpear","Shade:ExtraLimbs+1","Shade:WallOfFlesh+1","Shade:PoundOfFlesh+1"],"picked":"SKIP","floor":45},{"not_picked":["Shade:Bonestorm","Shade:FeralStrike+1","Shade:RavenousHorde+1"],"picked":"Shade:SkeletonArmy","floor":46},{"not_picked":["Shade:Bonestorm","Shade:Doomsay","Shade:Premonition"],"picked":"Shade:FreshBones","floor":48}],"player_experience":553688,"relics_obtained":[{"floor":1,"key":"Question Card"},{"floor":9,"key":"halation:PrussianBluePaint"},{"floor":10,"key":"StuffTheSpire:Nightcore"},{"floor":12,"key":"hubris:BundleOfHerbs"},{"floor":16,"key":"ImportantClient"},{"floor":23,"key":"Dota2Spire:Satanic"},{"floor":25,"key":"ReplayTheSpireMod:Ring of Exchange"},{"floor":25,"key":"Ring of Peace"},{"floor":26,"key":"aspiration:StickyExplosives_weak"},{"floor":30,"key":"Orichalcum"},{"floor":35,"key":"wanderingMiniBosses:CarrionFlame"},{"floor":40,"key":"halation:BlackBeret"},{"floor":42,"key":"qcfpunch:Red_Headband"},{"floor":43,"key":"The Courier"},{"floor":45,"key":"Oddly Smooth Stone"},{"floor":46,"key":"MealTicket"}],"event_choices":[{"cards_removed":["Shade:Strike_Shade"],"damage_healed":0,"gold_gain":0,"player_choice":"Card Removal","damage_taken":0,"max_hp_gain":0,"max_hp_loss":0,"event_name":"The Cleric","floor":3,"gold_loss":50},{"cards_removed":["Shade:Defend_Shade"],"damage_healed":0,"gold_gain":0,"player_choice":"Offered Basic","damage_taken":0,"max_hp_gain":0,"max_hp_loss":0,"event_name":"Bonfire Elementals","floor":4,"gold_loss":0}],"is_beta":false,"boss_relics":[{"not_picked":["conspire:RunicOctahedron","Transparent"],"picked":"Hololive_ChaosS"},{"not_picked":["Dota2Spire:RefresherOrb","Frozen Eye"],"picked":"Strange Spoon"}],"items_purged_floors":[27,44],"is_endless":false,"potions_floor_spawned":[5,11,13,20,23,30,33,38,39,40,46],"ascension_level":0}}