{"host":"f5n4tidiz2n5sooh","time":1607570024,"event":{"gold_per_floor":[109,109,127,13,28,28,56,66,66,10,43,54,54,382,382,382,382],"floor_reached":16,"playtime":454,"items_purged":["Strike_R"],"score":240,"play_id":"4e20e211-a3df-442c-a5bb-18e885b3bc0a","local_time":"20201209211344","is_ascension_mode":true,"campfire_choices":[{"data":"Uppercut","floor":6,"key":"SMITH"},{"floor":13,"key":"REST"},{"data":"Flame Barrier","floor":15,"key":"SMITH"}],"neow_cost":"NONE","seed_source_timestamp":2329044736700,"circlet_count":0,"master_deck":["AscendersBane","Strike_R","Strike_R","Strike_R","Strike_R","Defend_R","Defend_R","Defend_R","Defend_R+1","Bash","Spot Weakness+1","Shrug It Off","Uppercut+1","Pommel Strike","Disarm","Injury","Pommel Strike+1","Pummel+1","Pommel Strike+1","Flame Barrier+1"],"relics":["Cursed Key","TungstenRod","Molten Egg 2","Kunai","Old Coin"],"potions_floor_usage":[7,11,14,16],"damage_taken":[{"damage":6,"enemies":"Small Slimes","floor":1,"turns":4},{"damage":7,"enemies":"Jaw Worm","floor":3,"turns":2},{"damage":0,"enemies":"2 Louse","floor":5,"turns":3},{"damage":15,"enemies":"3 Sentries","floor":7,"turns":7},{"damage":3,"enemies":"2 Fungi Beasts","floor":8,"turns":4},{"damage":3,"enemies":"Gremlin Nob","floor":11,"turns":3},{"damage":0,"enemies":"Gremlin Gang","floor":12,"turns":4},{"damage":9,"enemies":"3 Sentries","floor":14,"turns":6},{"damage":34,"enemies":"Slime Boss","floor":16,"turns":4}],"seed_played":"-8326418499380592274","potions_obtained":[{"floor":5,"key":"Block Potion"},{"floor":7,"key":"LiquidBronze"},{"floor":8,"key":"DuplicationPotion"},{"floor":11,"key":"Energy Potion"},{"floor":14,"key":"Strength Potion"}],"is_trial":false,"path_per_floor":["M","?","M","$","M","R","E","M","T","$","E","M","R","E","R","B"],"character_chosen":"IRONCLAD","items_purchased":["Uppercut","Pommel Strike+1"],"campfire_rested":1,"item_purchase_floors":[4,10],"current_hp_per_floor":[62,39,32,32,32,32,17,14,14,14,11,11,33,24,24,0,0],"gold":382,"neow_bonus":"BOSS_RELIC","is_prod":false,"is_daily":false,"chose_seed":false,"campfire_upgraded":2,"win_rate":0,"timestamp":1607570024,"path_taken":["M","?","M","?","M","R","E","M","T","$","E","M","R","E","R","BOSS"],"build_version":"2020-11-30","purchased_purges":1,"victory":false,"max_hp_per_floor":[75,75,75,75,75,75,75,75,75,75,75,75,75,75,75,75,75],"relic_stats":{"counters":[9,37],"Kunai":[4],"Cursed Key":1,"obtain_stats":[{"Molten Egg 2":9,"Kunai":11,"Cursed Key":0,"Burning Blood":0,"TungstenRod":7,"Old Coin":14},{"Molten Egg 2":5,"Kunai":6,"Cursed Key":0,"Burning Blood":0,"TungstenRod":4,"Old Coin":8},{"Molten Egg 2":20,"Kunai":23,"Cursed Key":0,"Burning Blood":0,"TungstenRod":16,"Old Coin":33}],"TungstenRod":7},"card_choices":[{"not_picked":["Headbutt","Bloodletting"],"picked":"Spot Weakness","floor":1},{"not_picked":["Clothesline","True Grit"],"picked":"Shrug It Off","floor":3},{"not_picked":["Evolve","Dual Wield"],"picked":"Pommel Strike","floor":5},{"not_picked":["Thunderclap","Reckless Charge"],"picked":"Disarm","floor":7},{"not_picked":["Body Slam","Clash","Wild Strike"],"picked":"SKIP","floor":8},{"not_picked":["Rage","Cleave+1"],"picked":"Pummel+1","floor":11},{"not_picked":["Burning Pact","Sever Soul+1"],"picked":"Pommel Strike+1","floor":12},{"not_picked":["Infernal Blade","Uppercut+1"],"picked":"Flame Barrier","floor":14}],"player_experience":1865483,"relics_obtained":[{"floor":7,"key":"TungstenRod"},{"floor":9,"key":"Molten Egg 2"},{"floor":11,"key":"Kunai"},{"floor":14,"key":"Old Coin"}],"event_choices":[{"damage_healed":0,"gold_gain":0,"player_choice":"Entered Light","damage_taken":23,"max_hp_gain":0,"max_hp_loss":0,"event_name":"Shining Light","floor":2,"gold_loss":0,"cards_upgraded":["Defend_R","Spot Weakness"]}],"is_beta":false,"boss_relics":[],"items_purged_floors":[4],"is_endless":false,"potions_floor_spawned":[5,7,8,11,14],"killed_by":"Slime Boss","ascension_level":20}}