{"host":"0azimyi6n3ugndj4","time":1607601155,"event":{"gold_per_floor":[99,79,127,151,151,241,241,334,334,334,334,334,427,427,427],"floor_reached":14,"playtime":219,"items_purged":[],"score":379,"play_id":"9f07e41c-de4e-4f39-8ba1-0de5e1e0de4c","local_time":"20201210205235","daily_mods":["Draft","Hoarder","Insanity","Chimera","Specialized","Vintage","ControlledChaos","Allstar","Diverse","Colorless Cards","Heirloom","Time Dilation","Flight","DeadlyEvents","Cursed Run","Elite Swarm","Lethality","Midas","Night Terrors","Binary"],"is_ascension_mode":true,"campfire_choices":[{"floor":12,"key":"REST"}],"neow_cost":"NONE","seed_source_timestamp":0,"circlet_count":0,"master_deck":["Demon Form","Wraith Form v2","Echo Form","DevaForm","AscendersBane","Bash","Survivor","Zap","Eruption","Strike_R","Strike_G","Strike_B","Defend_R","Defend_G","Defend_P","Enlightenment","Chill","ReplayTheSpireMod:LeadingStrike","Warcry","DeceiveReality","Perfected Strike","Thunderclap","Turbo","ReplaySolidLightProjector","Sucker Punch","Heel Hook","Replay:Battleflow","Rebound","Conserve Battery","Outmaneuver","Sneak Up","Cold Snap","ClearTheMind","PathToVictory","Streamline","Dodge and Roll","Finesse","EmptyBody","Consume","Forethought","Beam Cell","CrushJoints","Replay:AtTheReady","FIFO Queue","Swivel","Panic Button","Replay:ManipulateFuture","Recycle","Flying Knee","FlurryOfBlows","Prepared","Cloak And Dagger","Force Field","Bane","MentalFortress","ClearTheMind","Turbo","Cold Snap","Turbo","Havoc","EmptyMind","Evolve","Ball Lightning","Thunderclap","Coolheaded","Corpse Explosion","Corpse Explosion","Corpse Explosion","Corpse Explosion","Corpse Explosion","Corpse Explosion","Corpse Explosion","Corpse Explosion","Corpse Explosion","Corpse Explosion","Corpse Explosion","Corpse Explosion","Corpse Explosion","Corpse Explosion","REME_Scribble","REME_Scribble","REME_Scribble","WindmillStrike","WindmillStrike","WindmillStrike","REME_TheoryOfElimination","REME_TheoryOfElimination","REME_TheoryOfElimination","REME_ShadowStrike","REME_ShadowStrike","REME_ShadowStrike","Headbutt","Headbutt","Headbutt","Warcry","Warcry","Warcry","Disarm","Disarm","Disarm","Halt","Halt","Halt","BasicCrystalCard","BasicCrystalCard","BasicCrystalCard","Body Slam","Body Slam","Body Slam","Purity","Purity","Purity","PathToVictory","PathToVictory","PathToVictory","Beam Cell","Beam Cell","Beam Cell","FlurryOfBlows","FlurryOfBlows","FlurryOfBlows","Flechettes","Flechettes","Flechettes","Night Terror+1","Night Terror+1","Night Terror+1","Dark Shackles+1","Dark Shackles+1","Dark Shackles+1"],"relics":["Snecko Eye","Unceasing Top","Busted Crown","REME_ComplimentaryCards","Replay:Arrowhead","Toxic Egg 2","zeldaRelics:CourageTriforce","zeldaRelics:WisdomPiece"],"potions_floor_usage":[14,14],"damage_taken":[{"damage":13,"enemies":"2 Louse","floor":3,"turns":4},{"damage":44,"enemies":"3 Sentries","floor":6,"turns":5},{"damage":16,"enemies":"Gremlin Nob","floor":8,"turns":3},{"damage":57,"enemies":"3 Sentries","floor":13,"turns":6},{"damage":26,"enemies":"Gremlin Nob","floor":14,"turns":3}],"seed_played":"2803856560071483055","potions_obtained":[{"floor":2,"key":"Milkshake"},{"floor":3,"key":"ColorlessPotion"}],"is_trial":true,"path_per_floor":["?","?","M","T","$","E","WH","E","PTL","PTL","T","R","E","E"],"character_chosen":"DEFECT","items_purchased":[],"campfire_rested":1,"item_purchase_floors":[],"current_hp_per_floor":[64,64,57,57,57,13,20,4,4,4,4,79,22,0,0],"gold":427,"neow_bonus":"TEN_PERCENT_HP_BONUS","is_prod":false,"is_daily":false,"chose_seed":false,"campfire_upgraded":0,"win_rate":0,"timestamp":1607601155,"path_taken":["?","?","?","?","$","E","WH","E","PTL","PTL","T","R","?","E"],"build_version":"2020-11-30","purchased_purges":0,"victory":false,"max_hp_per_floor":[71,71,77,77,77,77,84,84,84,84,84,79,79,79,79],"relic_stats":{"Busted Crown":8,"counters":[5,21],"Snecko Eye":[38,38,46,41],"obtain_stats":[{"zeldaRelics:WisdomPiece":11,"Busted Crown":0,"Snecko Eye":0,"zeldaRelics:CouragePiece":4,"Toxic Egg 2":3,"Unceasing Top":0,"Replay:Arrowhead":0,"zeldaRelics:CourageTriforce":8,"REME_ComplimentaryCards":0},{"zeldaRelics:WisdomPiece":3,"Busted Crown":0,"Snecko Eye":0,"zeldaRelics:CouragePiece":1,"Toxic Egg 2":1,"Unceasing Top":0,"Replay:Arrowhead":0,"zeldaRelics:CourageTriforce":3,"REME_ComplimentaryCards":0},{"zeldaRelics:WisdomPiece":12,"Busted Crown":0,"Snecko Eye":0,"zeldaRelics:CouragePiece":4,"Toxic Egg 2":4,"Unceasing Top":0,"Replay:Arrowhead":0,"zeldaRelics:CourageTriforce":12,"REME_ComplimentaryCards":0}],"Unceasing Top":[10]},"card_choices":[{"not_picked":["Rebound","Chill"],"picked":"REME_Scribble","floor":0},{"not_picked":["Warcry","Reinforced Body"],"picked":"WindmillStrike","floor":0},{"not_picked":["Replay:Undeath\u0027s Touch","Heavy Blade"],"picked":"REME_TheoryOfElimination","floor":0},{"not_picked":["Dark Shackles","Replay:Undeath\u0027s Touch"],"picked":"REME_ShadowStrike","floor":0},{"not_picked":["Replay:Hum","Panic Button"],"picked":"Headbutt","floor":0},{"not_picked":["Acrobatics","FlurryOfBlows"],"picked":"Warcry","floor":0},{"not_picked":["Terror","Headbutt"],"picked":"Disarm","floor":0},{"not_picked":["Abandon","Forethought"],"picked":"Halt","floor":0},{"not_picked":["CrushJoints","Consume"],"picked":"BasicCrystalCard","floor":0},{"not_picked":["BowlingBash","TalkToTheHand"],"picked":"Body Slam","floor":0},{"not_picked":["Crescendo","Replay:BluntJabs"],"picked":"Purity","floor":0},{"not_picked":["BasicCrystalCard","Prepared"],"picked":"PathToVictory","floor":0},{"not_picked":["Outmaneuver","Replay:BluntJabs"],"picked":"Beam Cell","floor":0},{"not_picked":["Protect","CrushJoints"],"picked":"FlurryOfBlows","floor":0},{"not_picked":["Pommel Strike","Flying Knee"],"picked":"Flechettes","floor":0}],"player_experience":1418722,"relics_obtained":[{"floor":3,"key":"Toxic Egg 2"},{"floor":4,"key":"zeldaRelics:CouragePiece"},{"floor":6,"key":"zeldaRelics:CouragePiece"},{"floor":8,"key":"zeldaRelics:CouragePiece"},{"floor":11,"key":"zeldaRelics:WisdomPiece"},{"floor":13,"key":"zeldaRelics:WisdomPiece"}],"event_choices":[{"damage_healed":0,"gold_gain":0,"player_choice":"Bought 1 Potion","damage_taken":0,"max_hp_gain":0,"max_hp_loss":0,"event_name":"The Woman in Blue","floor":2,"gold_loss":0}],"is_beta":false,"boss_relics":[],"items_purged_floors":[],"is_endless":false,"potions_floor_spawned":[3,6],"killed_by":"Gremlin Nob","ascension_level":20}}