{"host":"dpbezu80jg8zk7un","time":1607561071,"event":{"gold_per_floor":[116,116,132,144,69,101,101,128,154,172,198,218,237,273,273,352,352,368,368,383,383,283,283,283],"floor_reached":23,"playtime":677,"items_purged":["Pain","Strike_P"],"score":592,"play_id":"d6ce7e11-7ef9-4463-bdec-4ce8cf58df18","local_time":"20201210094431","is_ascension_mode":true,"campfire_choices":[{"data":"Eruption","floor":7.0,"key":"SMITH"},{"data":"WheelKick","floor":15.0,"key":"SMITH"}],"neow_cost":"NONE","seed_source_timestamp":62127535977800,"circlet_count":0,"master_deck":["AscendersBane","Strike_P","Strike_P","Strike_P","Defend_P","Defend_P","Defend_P","Eruption+1","Vigilance","Crescendo","Consecrate","FlurryOfBlows","WheelKick+1","EmptyFist","InnerPeace"],"special_seed":0,"relics":["PureWater","WarpedTongs","Anchor","Ancient Tea Set","Juzu Bracelet","Coffee Dripper","Nloth\u0027s Gift"],"potions_floor_usage":[18],"damage_taken":[{"damage":7.0,"enemies":"Small Slimes","floor":1.0,"turns":4.0},{"damage":3.0,"enemies":"Cultist","floor":3.0,"turns":3.0},{"damage":10.0,"enemies":"Jaw Worm","floor":4.0,"turns":4.0},{"damage":11.0,"enemies":"Lagavulin","floor":6.0,"turns":4.0},{"damage":0.0,"enemies":"Gremlin Nob","floor":8.0,"turns":2.0},{"damage":5.0,"enemies":"Exordium Wildlife","floor":10.0,"turns":2.0},{"damage":0.0,"enemies":"Lagavulin","floor":11.0,"turns":4.0},{"damage":0.0,"enemies":"Red Slaver","floor":12.0,"turns":2.0},{"damage":0.0,"enemies":"Large Slime","floor":13.0,"turns":2.0},{"damage":0.0,"enemies":"3 Sentries","floor":14.0,"turns":3.0},{"damage":21,"enemies":"Slime Boss","floor":16,"turns":4},{"damage":0,"enemies":"Chosen","floor":18,"turns":3},{"damage":13,"enemies":"2 Thieves","floor":20,"turns":3},{"damage":52,"enemies":"Book of Stabbing","floor":23,"turns":4}],"seed_played":"8146605326084261621","potions_obtained":[{"floor":4.0,"key":"EssenceOfSteel"},{"floor":6.0,"key":"Energy Potion"},{"floor":11.0,"key":"SkillPotion"},{"floor":18,"key":"Energy Potion"}],"is_trial":false,"path_per_floor":["M","?","M","M","$","E","R","E","T","M","E","M","M","E","R","B",null,"M","?","M","?","$","E"],"character_chosen":"WATCHER","items_purchased":[],"campfire_rested":0,"item_purchase_floors":[],"current_hp_per_floor":[54,54,51,41,41,30,30,30,30,25,25,25,25,25,25,4,52,52,52,39,39,39,0,0],"gold":283,"neow_bonus":"TRANSFORM_CARD","is_prod":false,"is_daily":false,"chose_seed":false,"campfire_upgraded":2,"win_rate":0,"timestamp":1607561071,"path_taken":["M","?","M","M","$","E","R","E","T","?","E","M","M","E","R","BOSS","M","?","M","?","$","E"],"build_version":"2020-11-30","purchased_purges":2,"victory":false,"max_hp_per_floor":[68,68,68,68,68,68,68,68,68,68,68,68,68,68,68,68,68,68,68,68,68,68,68,68],"card_choices":[{"not_picked":["Worship","Prostrate"],"picked":"Consecrate","floor":1.0},{"not_picked":["Vengeance","Sanctity"],"picked":"FlurryOfBlows","floor":3.0},{"not_picked":["Evaluate","EmptyFist"],"picked":"WheelKick","floor":4.0},{"not_picked":["WaveOfTheHand","BowlingBash","WindmillStrike"],"picked":"SKIP","floor":6.0},{"not_picked":["ThirdEye","Crescendo","SandsOfTime"],"picked":"SKIP","floor":8.0},{"not_picked":["MasterReality","Vengeance","FlurryOfBlows"],"picked":"SKIP","floor":10.0},{"not_picked":["Wireheading","Wallop","ClearTheMind"],"picked":"SKIP","floor":11.0},{"not_picked":["Protect","EmptyBody"],"picked":"EmptyFist","floor":12.0},{"not_picked":["Evaluate","JustLucky","FlyingSleeves"],"picked":"SKIP","floor":13.0},{"not_picked":["Tantrum","ForeignInfluence"],"picked":"InnerPeace","floor":14.0},{"not_picked":["FollowUp","Sanctity","PathToVictory"],"picked":"SKIP","floor":18},{"not_picked":["ThirdEye","EmptyBody","JustLucky"],"picked":"SKIP","floor":20}],"player_experience":2727680,"relics_obtained":[{"floor":6.0,"key":"Anchor"},{"floor":8.0,"key":"Ancient Tea Set"},{"floor":11.0,"key":"Juzu Bracelet"},{"floor":14.0,"key":"CeramicFish"}],"event_choices":[{"damage_healed":0.0,"max_hp_gain":0.0,"max_hp_loss":0.0,"gold_gain":0.0,"event_name":"Accursed Blacksmith","player_choice":"Rummage","floor":2.0,"gold_loss":0.0,"damage_taken":0.0,"relics_obtained":["WarpedTongs"],"cards_obtained":["Pain"]},{"damage_healed":0,"gold_gain":0,"player_choice":"Traded Relic","damage_taken":0,"relics_obtained":["Nloth\u0027s Gift"],"max_hp_gain":0,"max_hp_loss":0,"event_name":"N\u0027loth","floor":19,"relics_lost":["CeramicFish"],"gold_loss":0},{"damage_healed":0,"gold_gain":0,"player_choice":"Ignored","damage_taken":0,"max_hp_gain":0,"max_hp_loss":0,"event_name":"Vampires","floor":21,"gold_loss":0}],"is_beta":false,"boss_relics":[{"not_picked":["Busted Crown","Fusion Hammer"],"picked":"Coffee Dripper"}],"items_purged_floors":[5,22],"is_endless":false,"potions_floor_spawned":[4,6,11,13,14,18],"killed_by":"Book of Stabbing","ascension_level":20}}