{"host":"xrdu44lqyrrw1kvr","time":1607558786,"event":{"gold_per_floor":[116,116,127,144,144,144,155,155,178,178,213,224,241,269,269,369,369,389,488,413,393,411,445,463,476,556,588,118,118,118,134,219,324,374,384,399,418,436,283,283,316,316,341,371,0,0,11,30,30,30,30,30,30,64,64],"floor_reached":56,"playtime":4080,"items_purged":["TheSimpletonMod:Strike_TheSimpleton","TheSimpletonMod:Defend_TheSimpleton"],"score":1386,"play_id":"d92f71d0-18fa-4b6d-a221-03e650535457","local_time":"20201210030626","is_ascension_mode":false,"campfire_choices":[{"data":"TheSimpletonMod:SoilSample","floor":6.0,"key":"SMITH"},{"data":"TheSimpletonMod:Swelter","floor":8.0,"key":"SMITH"},{"data":"TheSimpletonMod:ReapAndSow","floor":10.0,"key":"SMITH"},{"data":"TheSimpletonMod:OnionBloom","floor":15.0,"key":"SMITH"},{"floor":30.0,"key":"REST"},{"floor":40.0,"key":"RECALL"},{"floor":46,"key":"REST"},{"floor":49,"key":"REST"},{"floor":52,"key":"REST"}],"neow_cost":"NONE","seed_source_timestamp":2013516664371600,"circlet_count":0,"master_deck":["TheSimpletonMod:Strike_TheSimpleton+1","TheSimpletonMod:Strike_TheSimpleton","TheSimpletonMod:Defend_TheSimpleton","TheSimpletonMod:Defend_TheSimpleton","TheSimpletonMod:Defend_TheSimpleton+1","TheSimpletonMod:Haymaker+1","TheSimpletonMod:ReapAndSow+1","TheSimpletonMod:Potatoes","TheSimpletonMod:SoilSample+1","TheSimpletonMod:BumperCrop","TheSimpletonMod:Swelter+1","TheSimpletonMod:OnionBloom+1","TheSimpletonMod:Thresh","TheSimpletonMod:Aerate+1","TheSimpletonMod:ToughenUp","TheSimpletonMod:VolatileFumes","TheSimpletonMod:Potatoes","TheSimpletonMod:SlashAndBurn","TheSimpletonMod:SoilSample","TheSimpletonMod:SlashAndBurn+1","TheSimpletonMod:OnionBloom+1","Finesse+1","TheSimpletonMod:StockTheCellar","TheSimpletonMod:ResistantStrain","TheSimpletonMod:Potatoes+1","TheSimpletonMod:DoubleBarrel+1","TheSimpletonMod:RootDown+1","TheSimpletonMod:PestManagement+1","TheSimpletonMod:Potatoes","TheSimpletonMod:Asparagus","TheSimpletonMod:BumperCrop"],"special_seed":0,"relics":["TheSimpletonMod:SpudOfTheInnocent","TheSimpletonMod:NightSoil","TheSimpletonMod:TheHarvester","relicPack:DSword","Strawberry","potionbrewer:Torch","Fusion Hammer","aspiration:Stabinomicon","Meat on the Bone","Orichalcum","Bronze Scales","Gremlin Food","aspiration:PoetsPen","Tiny House","aspiration:ChemicalBlood","Vajra","jedi:cryingmask","Strange Spoon","Mirror"],"potions_floor_usage":[55,55,55],"damage_taken":[{"damage":2.0,"enemies":"Small Slimes","floor":1.0,"turns":6.0},{"damage":1.0,"enemies":"Cultist","floor":3.0,"turns":4.0},{"damage":2.0,"enemies":"2 Louse","floor":4.0,"turns":2.0},{"damage":5.0,"enemies":"Looter","floor":7.0,"turns":3.0},{"damage":0.0,"enemies":"Gremlin Nob","floor":11.0,"turns":4.0},{"damage":0.0,"enemies":"Blue Slaver","floor":12.0,"turns":3.0},{"damage":0.0,"enemies":"Large Slime","floor":13.0,"turns":3.0},{"damage":4.0,"enemies":"3 Sentries","floor":14.0,"turns":5.0},{"damage":0.0,"enemies":"Slime Boss","floor":16.0,"turns":7.0},{"damage":10.0,"enemies":"3 Byrds","floor":18.0,"turns":4.0},{"damage":11.0,"enemies":"2 Thieves","floor":21.0,"turns":4.0},{"damage":19.0,"enemies":"Snake Plant","floor":22.0,"turns":4.0},{"damage":12.0,"enemies":"Book of Stabbing","floor":23.0,"turns":5.0},{"damage":6.0,"enemies":"Centurion and Healer","floor":24.0,"turns":5.0},{"damage":7.0,"enemies":"3 Cultists","floor":25.0,"turns":4.0},{"damage":26.0,"enemies":"Slavers","floor":27.0,"turns":5.0},{"damage":10.0,"enemies":"Shelled Parasite and Fungi","floor":31.0,"turns":2.0},{"damage":11.0,"enemies":"Automaton","floor":33.0,"turns":6.0},{"damage":0.0,"enemies":"3 Shapes","floor":35.0,"turns":2.0},{"damage":0.0,"enemies":"Orb Walker","floor":36.0,"turns":2.0},{"damage":0.0,"enemies":"4 Shapes","floor":37.0,"turns":5.0},{"damage":14.0,"enemies":"Transient","floor":38.0,"turns":5.0},{"damage":37.0,"enemies":"Reptomancer","floor":41.0,"turns":3.0},{"damage":0.0,"enemies":"Giant Head","floor":44.0,"turns":2.0},{"damage":0,"enemies":"Maw","floor":47,"turns":2},{"damage":0,"enemies":"Sphere and 2 Shapes","floor":48,"turns":2},{"damage":8,"enemies":"Awakened One","floor":50,"turns":4},{"damage":0,"enemies":"Shield and Spear","floor":54,"turns":2},{"damage":19,"enemies":"The Heart","floor":55,"turns":4}],"seed_played":"-8407720746892521753","potions_obtained":[{"floor":3.0,"key":"jedi:StrikingPotion"},{"floor":7.0,"key":"PowerPotion"},{"floor":12.0,"key":"SteroidPotion"},{"floor":14.0,"key":"FearPotion"},{"floor":16.0,"key":"Milkshake"},{"floor":18.0,"key":"jedi:holywater"},{"floor":22.0,"key":"Dexterity Potion"},{"floor":23.0,"key":"Elixir"},{"floor":31.0,"key":"Dexterity Potion"},{"floor":34.0,"key":"Toxic Potion"},{"floor":35.0,"key":"potionbrewer:FreezingPotion"},{"floor":38.0,"key":"potionbrewer:DiscountPotion"},{"floor":41.0,"key":"ColorlessPotion"},{"floor":48,"key":"PowerPotion"},{"floor":54,"key":"jedi:StrikingPotion"}],"is_trial":false,"path_per_floor":["M","?","M","M","?","R","M","R","T","R","E","M","M","E","R","B",null,"M","?","?","M","M","E","M","M","T","E","$","?","R","M","R","B",null,"M","M","M","M","$","R","E","?","T","E","?","R","M","M","R","B",null,"R","$","E","B",null],"character_chosen":"THE_SIMPLETON","items_purchased":["Bronze Scales","Gremlin Food","Finesse","TheSimpletonMod:Potatoes"],"campfire_rested":4,"item_purchase_floors":[28,28,28,39],"current_hp_per_floor":[82,82,82,82,47,47,48,48,48,48,61,67,73,75,75,81,89,85,85,85,80,67,61,61,60,60,52,52,52,67,63,63,56,72,72,72,72,64,64,64,45,52,52,52,52,72,72,72,72,70,72,72,72,72,56],"gold":64,"neow_bonus":"TEN_PERCENT_HP_BONUS","is_prod":false,"is_daily":false,"chose_seed":false,"campfire_upgraded":4,"win_rate":0.0,"timestamp":1607558786,"path_taken":["M","?","?","M","?","R","M","R","T","R","E","M","M","E","R","BOSS","M","?","?","M","M","E","M","M","T","E","$","?","R","?","R","BOSS","M","M","M","M","$","R","E","?","T","E","?","R","?","?","R","BOSS","R","$","E","BOSS"],"build_version":"2020-11-30","purchased_purges":2,"victory":true,"max_hp_per_floor":[82,82,82,82,82,82,82,82,82,82,89,89,89,89,89,89,89,89,89,89,89,89,89,89,89,89,89,89,67,67,67,67,67,72,72,72,72,72,72,72,72,72,72,72,72,72,72,72,72,72,72,72,72,72,72],"relic_stats":{"Strange Spoon":[34],"counters":[29,107],"Bronze Scales":[102],"Orichalcum":[0],"obtain_stats":[{"Gremlin Food":28,"relicPack:DSword":5,"Tiny House":34,"Vajra":43,"aspiration:Stabinomicon":23,"jedi:command_boss":29,"Orichalcum":27,"TheSimpletonMod:TheHarvester":0,"potionbrewer:Torch":14,"Strange Spoon":45,"aspiration:PoetsPen":29,"Strawberry":11,"Bronze Scales":28,"jedi:cryingmask":44,"Fusion Hammer":17,"TheSimpletonMod:SpudOfTheInnocent":0,"jedi:command_shop":45,"TheSimpletonMod:NightSoil":0,"Mirror":54,"Meat on the Bone":26,"aspiration:ChemicalBlood":41},{"Gremlin Food":16,"relicPack:DSword":3,"Tiny House":18,"Vajra":23,"aspiration:Stabinomicon":13,"jedi:command_boss":16,"Orichalcum":16,"TheSimpletonMod:TheHarvester":0,"potionbrewer:Torch":8,"Strange Spoon":24,"aspiration:PoetsPen":16,"Strawberry":5,"Bronze Scales":16,"jedi:cryingmask":24,"Fusion Hammer":9,"TheSimpletonMod:SpudOfTheInnocent":0,"jedi:command_shop":24,"TheSimpletonMod:NightSoil":0,"Mirror":28,"Meat on the Bone":15,"aspiration:ChemicalBlood":23},{"Gremlin Food":67,"relicPack:DSword":12,"Tiny House":75,"Vajra":91,"aspiration:Stabinomicon":53,"jedi:command_boss":67,"Orichalcum":67,"TheSimpletonMod:TheHarvester":0,"potionbrewer:Torch":29,"Strange Spoon":93,"aspiration:PoetsPen":67,"Strawberry":18,"Bronze Scales":67,"jedi:cryingmask":93,"Fusion Hammer":36,"TheSimpletonMod:SpudOfTheInnocent":0,"jedi:command_shop":93,"TheSimpletonMod:NightSoil":0,"Mirror":103,"Meat on the Bone":62,"aspiration:ChemicalBlood":91}],"Meat on the Bone":24},"card_choices":[{"not_picked":["TheSimpletonMod:DoubleBarrel","TheSimpletonMod:SaladShooter"],"picked":"TheSimpletonMod:Potatoes","floor":1.0},{"not_picked":["TheSimpletonMod:Aerate","TheSimpletonMod:SaltTheEarth"],"picked":"TheSimpletonMod:SoilSample","floor":3.0},{"not_picked":["TheSimpletonMod:Rake","TheSimpletonMod:DoubleBarrel"],"picked":"TheSimpletonMod:BumperCrop","floor":4.0},{"not_picked":["TheSimpletonMod:Aerate","TheSimpletonMod:Potatoes"],"picked":"TheSimpletonMod:Swelter","floor":7.0},{"not_picked":["TheSimpletonMod:Pruning","TheSimpletonMod:Biorefinement"],"picked":"TheSimpletonMod:OnionBloom","floor":11.0},{"not_picked":["TheSimpletonMod:CullingStrike","TheSimpletonMod:SaladShooter"],"picked":"TheSimpletonMod:Thresh","floor":12.0},{"not_picked":["TheSimpletonMod:CropRotation","TheSimpletonMod:CloseScrape"],"picked":"TheSimpletonMod:Aerate","floor":13.0},{"not_picked":["TheSimpletonMod:Mulch","TheSimpletonMod:Corn"],"picked":"TheSimpletonMod:ToughenUp","floor":14.0},{"not_picked":["TheSimpletonMod:Photosynthesis","TheSimpletonMod:ErosionControl"],"picked":"TheSimpletonMod:VolatileFumes","floor":16.0},{"not_picked":["TheSimpletonMod:SpiceUp+1","TheSimpletonMod:Ferment"],"picked":"TheSimpletonMod:Potatoes","floor":18.0},{"not_picked":["TheSimpletonMod:Rake+1","TheSimpletonMod:GoToMarket"],"picked":"TheSimpletonMod:SlashAndBurn","floor":21.0},{"not_picked":["TheSimpletonMod:GoToMarket","TheSimpletonMod:CullingStrike"],"picked":"TheSimpletonMod:SoilSample","floor":22.0},{"not_picked":["TheSimpletonMod:HitTheSack","TheSimpletonMod:Sunchoke","TheSimpletonMod:SaladShooter"],"picked":"SKIP","floor":23.0},{"not_picked":["TheSimpletonMod:HitTheSack","TheSimpletonMod:Sunchoke","TheSimpletonMod:SaladShooter"],"picked":"SKIP","floor":23.0},{"not_picked":["TheSimpletonMod:Ferment","TheSimpletonMod:PestManagement","TheSimpletonMod:Fertilaser+1"],"picked":"SKIP","floor":24.0},{"not_picked":["TheSimpletonMod:Potatoes","TheSimpletonMod:SaladShooter"],"picked":"TheSimpletonMod:SlashAndBurn","floor":25.0},{"not_picked":["TheSimpletonMod:Mulch","TheSimpletonMod:Biorefinement"],"picked":"TheSimpletonMod:OnionBloom+1","floor":27.0},{"not_picked":["TheSimpletonMod:ToughenUp","TheSimpletonMod:CullingStrike"],"picked":"TheSimpletonMod:StockTheCellar","floor":31.0},{"not_picked":["TheSimpletonMod:Surplus","TheSimpletonMod:Biorefinement"],"picked":"TheSimpletonMod:ResistantStrain","floor":33.0},{"not_picked":["TheSimpletonMod:Rototilling","TheSimpletonMod:CropRotation"],"picked":"TheSimpletonMod:Potatoes+1","floor":35.0},{"not_picked":["TheSimpletonMod:BumperCrop","TheSimpletonMod:RootDown+1"],"picked":"TheSimpletonMod:DoubleBarrel+1","floor":36.0},{"not_picked":["TheSimpletonMod:DesperatePlunge","TheSimpletonMod:Germinate+1"],"picked":"TheSimpletonMod:RootDown+1","floor":37.0},{"not_picked":["TheSimpletonMod:BumperCrop+1","TheSimpletonMod:SlashAndBurn"],"picked":"TheSimpletonMod:PestManagement+1","floor":38.0},{"not_picked":["TheSimpletonMod:Swelter","TheSimpletonMod:SlashAndBurn","TheSimpletonMod:PestManagement"],"picked":"SKIP","floor":41.0},{"not_picked":["TheSimpletonMod:OnionBloom","TheSimpletonMod:GoToMarket","TheSimpletonMod:ControlledBurn"],"picked":"SKIP","floor":44.0},{"not_picked":["TheSimpletonMod:Germinate","TheSimpletonMod:Corn","TheSimpletonMod:SeedCoat+1"],"picked":"SKIP","floor":47},{"not_picked":["TheSimpletonMod:DoubleBarrel","TheSimpletonMod:Rototilling"],"picked":"TheSimpletonMod:Asparagus","floor":48},{"not_picked":["TheSimpletonMod:CloseScrape+1","TheSimpletonMod:Potatoes"],"picked":"TheSimpletonMod:BumperCrop","floor":54}],"player_experience":2041295,"relics_obtained":[{"floor":11.0,"key":"Strawberry"},{"floor":14.0,"key":"potionbrewer:Torch"},{"floor":23.0,"key":"aspiration:Stabinomicon"},{"floor":26.0,"key":"Meat on the Bone"},{"floor":27.0,"key":"Orichalcum"},{"floor":41.0,"key":"aspiration:ChemicalBlood"},{"floor":43.0,"key":"Vajra"},{"floor":44.0,"key":"jedi:cryingmask"},{"floor":54,"key":"Mirror"}],"event_choices":[{"damage_healed":0.0,"max_hp_gain":0.0,"max_hp_loss":0.0,"gold_gain":0.0,"event_name":"Upgrade Shrine","player_choice":"Upgraded","floor":2.0,"gold_loss":0.0,"damage_taken":0.0,"cards_upgraded":["TheSimpletonMod:Haymaker"]},{"damage_healed":0.0,"max_hp_gain":0.0,"max_hp_loss":0.0,"gold_gain":99.0,"event_name":"Nest","player_choice":"Stole From Cult","floor":19.0,"gold_loss":0.0,"damage_taken":0.0},{"cards_removed":["TheSimpletonMod:Strike_TheSimpleton"],"damage_healed":0.0,"max_hp_gain":0.0,"max_hp_loss":0.0,"gold_gain":0.0,"event_name":"Beggar","player_choice":"Gave Gold","floor":20.0,"gold_loss":75.0,"damage_taken":0.0}],"is_beta":false,"boss_relics":[{"not_picked":["aspiration:IroncladSkillbook","conspire:SlowCooker"],"picked":"Fusion Hammer"},{"not_picked":["Replay:Wanted Poster","Coffee Dripper"],"picked":"Tiny House"}],"items_purged_floors":[28,39],"is_endless":false,"potions_floor_spawned":[3,7,12,14,16,18,22,23,31,35,37,38,41,48,54],"ascension_level":0}}