{"host":"wshh0nphwn6jv7vj","time":1607591814,"event":{"gold_per_floor":[19,19,38,62,86,86,121,141,141,141,141],"floor_reached":10,"playtime":358,"items_purged":[],"score":163,"play_id":"2b97cbd7-c054-4e5d-960d-ce59eb82641c","local_time":"20201210041654","is_ascension_mode":true,"campfire_choices":[{"data":"Bludgeon","floor":6,"key":"SMITH"}],"neow_cost":"NO_GOLD","seed_source_timestamp":0,"circlet_count":0,"master_deck":["AscendersBane","Strike_R","Strike_R","Strike_R","Strike_R","Strike_R","Defend_R","Defend_R","Defend_R+1","Defend_R+1","Bash","Bludgeon+1","Armaments","Anger","Shrug It Off","Shrug It Off","Spot Weakness"],"special_seed":0,"relics":["Burning Blood","Golden Idol","War Paint","Blue Candle"],"potions_floor_usage":[7,10],"damage_taken":[{"damage":2,"enemies":"2 Louse","floor":1,"turns":3},{"damage":12,"enemies":"Jaw Worm","floor":3,"turns":2},{"damage":0,"enemies":"Cultist","floor":5,"turns":2},{"damage":0,"enemies":"3 Sentries","floor":7,"turns":7},{"damage":18,"enemies":"Lots of Slimes","floor":8,"turns":9},{"damage":58,"enemies":"Gremlin Nob","floor":10,"turns":4}],"seed_played":"2789560122854217730","potions_obtained":[{"floor":5,"key":"Block Potion"},{"floor":8,"key":"SteroidPotion"}],"is_trial":false,"path_per_floor":["M","?","M","T","M","R","E","M","T","E"],"character_chosen":"IRONCLAD","items_purchased":[],"campfire_rested":0,"item_purchase_floors":[],"current_hp_per_floor":[72,46,40,40,46,46,52,40,40,0,0],"gold":141,"neow_bonus":"THREE_RARE_CARDS","is_prod":false,"is_daily":false,"chose_seed":false,"campfire_upgraded":1,"win_rate":0,"timestamp":1607591814,"path_taken":["M","?","M","?","M","R","E","?","T","E"],"build_version":"2020-11-30","purchased_purges":0,"victory":false,"max_hp_per_floor":[75,75,75,75,75,75,75,75,75,75,75],"card_choices":[{"not_picked":["Exhume","Brutality"],"picked":"Bludgeon","floor":0},{"not_picked":["Body Slam","Second Wind"],"picked":"Armaments","floor":1},{"not_picked":["Sever Soul","Havoc"],"picked":"Anger","floor":3},{"not_picked":["Sever Soul","Iron Wave"],"picked":"Shrug It Off","floor":5},{"not_picked":["Sword Boomerang","Thunderclap"],"picked":"Shrug It Off","floor":7},{"not_picked":["Combust","Entrench"],"picked":"Spot Weakness","floor":8}],"player_experience":1356648,"relics_obtained":[{"floor":4,"key":"War Paint"},{"floor":7,"key":"Blue Candle"}],"event_choices":[{"damage_healed":0,"gold_gain":0,"player_choice":"Take Damage","damage_taken":26,"relics_obtained":["Golden Idol"],"max_hp_gain":0,"max_hp_loss":0,"event_name":"Golden Idol","floor":2,"gold_loss":0}],"is_beta":false,"boss_relics":[],"items_purged_floors":[],"is_endless":false,"potions_floor_spawned":[5,8],"killed_by":"Gremlin Nob","ascension_level":15}}