{"host":"uxx7prhn9zlu6i2v","time":1607638132,"event":{"mods":["BaseMod","StSLib","Act Like it!","Gensokyo","AchievementEnabler","Bard","Colored Powertips","KomeijiMod","Marisa????????","Permanent Neow","Quick Restart","Reimu??????","Relic Filter","Better Note","Minty Spire (QoL Compilation)","Rare Cards Sparkle","Relic Sorter","Relic Stats","CapriCore","The Immortal","Hermit","The Bug Knight","Faster Ascension Climbing","Spicy Shops","Better Altar","Better Match","Better Sensory Stone","Better Skull","RNG Fix","Better Third Choice","ChefMod","Conspire","GifTheSpireLib","Stuff the Spire","The Blue Laboratory","???????????mod","2.2 Compatiblity","Hubris","??????REMEMod","Reworked Bosses","Lobotomy","LobotomyExtend","Replay The Spire"],"gold_per_floor":[116,129,145,162,162,162,172,172,172,188,205,205,205,270,270,396,396,440,50,50,75,97,282,282,282,282,342,371,437,469,477,477,699,699,760,862,862,924,966,991,1067,1079,1091,1103,1112,1121,1228,725,725,807],"floor_reached":51,"playtime":4908,"items_purged":["SomewhereSpear+1","RapturousDream+1"],"score":2350,"play_id":"5f81dfa9-9e98-4698-b20a-9ec22bafb20b","local_time":"20201210160852","is_ascension_mode":true,"campfire_choices":[],"circlet_count":0,"master_deck":["QueenOfHatred","WhiteNight","HereticApostle","DespairKnight","LongBird","SpecialBullet","SpecialBullet","SpecialBullet","SpecialBullet","SpecialBullet","SpecialBullet","SpecialBullet","InformationCode","SecurityCode","ExtractionCode","BloodyDesire+1","RemiliaStalker+1","UniverseFragment","RedEyes+1","ScreamingWedge+1","Spore+1","Spore+1","RapturousDream+1","Twilight+1","GoldRush+1","SpiderBud","DaCapo+1","DisciplinaryCode","TodaysExpression+1","Diffraction+1","WristCuter+1","WristCuter+1","RedShoes","Pot Of Greed+1","Pot Of Greed+1","Pot Of Greed+1","Regret_ego+1","Pot Of Greed+1","Laetitia_ego+1","PunishingBird","Spore+1","ParadiseLost+3","Mimicry+1","Pinks+1","SingingMachine","Spore+1","Adoration+1","Pot Of Greed+1","BlackSwan","CentralCode","Moonlight+1","SnowQueen","ReplayUltimateDefense+1"],"relics":["CogitoBucket","WantedRequest","RabbitCall","REME_ComplimentaryCards","LetterFromLob","YidongShenshe:ReiMu","Thread and Needle","Boot","HellTrain","MagicBullet_r","Pondfish Scales","Black Star","StuffTheSpire:HeavyRock","LuminousBracelet","Grinning Jar","Du-Vu Doll","InkBottle","Orichalcum","conspire:TopHat","Justitia_r","hubris:TenFootPole","Shuriken","ChangeAnything","KyoryuNoHagoromo","White Beast Statue","SwordSharpenedByTears_r","MawBank","StuffTheSpire:Mouthbags","Juzu Bracelet","DeathAngel","Art of War","Whetstone","StuffTheSpire:OldFever","Ginger","InTheNameOfLoveAndHate_r"],"acts_visited":["Exordium","TheCity","TheBeyond"],"potions_floor_usage":[7,22,31,51],"damage_taken":[{"damage":9,"enemies":"2 Louse","floor":1,"turns":3},{"damage":5,"enemies":"Cultist","floor":2,"turns":5},{"damage":5,"enemies":"Jaw Worm","floor":3,"turns":4},{"damage":30,"enemies":"Exordium Thugs","floor":4,"turns":5},{"damage":9,"enemies":"Lagavulin","floor":7,"turns":5},{"damage":16,"enemies":"3 Louse","floor":10,"turns":6},{"damage":25,"enemies":"Large Slime","floor":11,"turns":6},{"damage":0,"enemies":"Gremlin Nob","floor":14,"turns":2},{"damage":5,"enemies":"Hexaghost","floor":16,"turns":10},{"damage":5,"enemies":"3 Byrds","floor":18,"turns":6},{"damage":24,"enemies":"Shell Parasite","floor":22,"turns":5},{"damage":13,"enemies":"Slavers","floor":23,"turns":3},{"damage":29,"enemies":"Gremlin Leader","floor":27,"turns":5},{"damage":2,"enemies":"Snecko","floor":28,"turns":3},{"damage":5,"enemies":"Cultist and Chosen","floor":29,"turns":5},{"damage":5,"enemies":"Book of Stabbing","floor":30,"turns":4},{"damage":6,"enemies":"Centurion and Healer","floor":31,"turns":8},{"damage":3,"enemies":"Automaton","floor":33,"turns":8},{"damage":20,"enemies":"3 Shapes","floor":35,"turns":2},{"damage":7,"enemies":"3 Darklings","floor":36,"turns":5},{"damage":17,"enemies":"Maw","floor":38,"turns":6},{"damage":72,"enemies":"Transient","floor":39,"turns":6},{"damage":0,"enemies":"Giant Head","floor":41,"turns":3},{"damage":0,"enemies":"Sphere and 2 Shapes","floor":45,"turns":7},{"damage":20,"enemies":"Sphere and 2 Shapes","floor":46,"turns":12},{"damage":26,"enemies":"Nemesis","floor":47,"turns":5},{"damage":18,"enemies":"FixerMidnight","floor":50,"turns":7},{"damage":12,"enemies":"Malkuth","floor":51,"turns":4},{"damage":26,"enemies":"Netzach","floor":51,"turns":4},{"damage":16,"enemies":"Geburah","floor":51,"turns":10},{"damage":0,"enemies":"Hokma","floor":51,"turns":16}],"seed_played":"8223512297463905244","potions_obtained":[{"floor":2,"key":"blueLaboratory:HorrorPotion"},{"floor":19,"key":"FearPotion"},{"floor":28,"key":"blueLaboratory:BottleOfVodka"},{"floor":29,"key":"blueLaboratory:StoneskinPotion"},{"floor":35,"key":"EssenceOfSteel"},{"floor":38,"key":"blueLaboratory:LouseDecoction"},{"floor":39,"key":"blueLaboratory:HeartbeatPotion"}],"is_trial":false,"path_per_floor":["M","M","M","M","?","R","E","R","T","M","M","R","M","E","R","B",null,"M","?","?","?","M","E","R","?","T","E","M","M","E","M","R","B",null,"M","M","?","M","M","R","E","R","T","R","M","?","E","$","R","B",null],"character_chosen":"Angela","items_purchased":["StuffTheSpire:OldFever","Ginger","ReplayUltimateDefense+1"],"campfire_rested":0,"item_purchase_floors":[48,48,48],"current_hp_per_floor":[62,65,68,46,46,46,37,37,37,29,12,12,12,24,24,31,60,67,67,67,67,70,70,70,70,70,58,72,90,93,93,93,83,83,80,91,91,80,38,38,54,54,54,54,56,73,65,65,65,77],"gold":981,"neow_bonus":"THREE_CARDS","is_daily":false,"chose_seed":false,"campfire_upgraded":0,"win_rate":0,"timestamp":1607638132,"path_taken":["M","M","M","M","?","R","E","R","T","M","M","R","M","E","R","BOSS","M","?","?","?","M","E","R","?","T","E","M","M","E","M","R","BOSS","M","M","?","M","M","R","E","R","T","R","M","?","E","$","R","BOSS"],"build_version":"2020-11-30","purchased_purges":2,"victory":true,"max_hp_per_floor":[70,70,70,70,70,70,70,70,70,70,70,70,70,70,70,70,70,70,70,70,70,85,85,85,85,85,85,89,93,93,93,93,83,83,87,91,91,85,89,89,93,93,93,93,83,73,77,77,77,77],"relic_stats":{"counters":[36,187],"Shuriken":[43],"Black Star":5,"Juzu Bracelet":1,"Art of War":[10],"Whetstone":["ParadiseLost"],"Ginger":[7],"Orichalcum":[36],"Boot":[101],"MawBank":84,"obtain_stats":[{"RabbitCall":0,"InTheNameOfLoveAndHate_r":51,"LuminousBracelet":22,"Juzu Bracelet":43,"Whetstone":47,"Ginger":48,"Boot":9,"conspire:TopHat":27,"CogitoBucket":0,"StuffTheSpire:HeavyRock":19,"InkBottle":26,"WantedRequest":41,"MagicBullet_r":13,"Thread and Needle":7,"DeathAngel":45,"Orichalcum":27,"KyoryuNoHagoromo":34,"MawBank":41,"White Beast Statue":37,"SwordSharpenedByTears_r":39,"Du-Vu Doll":23,"Pondfish Scales":14,"StuffTheSpire:Mouthbags":41,"Shuriken":30,"LetterFromLob":1,"YidongShenshe:ReiMu":5,"Black Star":17,"hubris:TenFootPole":30,"Art of War":47,"HellTrain":10,"Grinning Jar":23,"ChangeAnything":31,"Justitia_r":29,"StuffTheSpire:OldFever":48,"REME_ComplimentaryCards":0},{"RabbitCall":0,"InTheNameOfLoveAndHate_r":32,"LuminousBracelet":13,"Juzu Bracelet":26,"Whetstone":30,"Ginger":30,"Boot":5,"conspire:TopHat":15,"CogitoBucket":0,"StuffTheSpire:HeavyRock":11,"InkBottle":14,"WantedRequest":26,"MagicBullet_r":8,"Thread and Needle":5,"DeathAngel":28,"Orichalcum":15,"KyoryuNoHagoromo":21,"MawBank":26,"White Beast Statue":23,"SwordSharpenedByTears_r":25,"Du-Vu Doll":14,"Pondfish Scales":9,"StuffTheSpire:Mouthbags":26,"Shuriken":18,"LetterFromLob":1,"YidongShenshe:ReiMu":4,"Black Star":10,"hubris:TenFootPole":18,"Art of War":30,"HellTrain":7,"Grinning Jar":14,"ChangeAnything":20,"Justitia_r":17,"StuffTheSpire:OldFever":30,"REME_ComplimentaryCards":0},{"RabbitCall":0,"InTheNameOfLoveAndHate_r":151,"LuminousBracelet":59,"Juzu Bracelet":117,"Whetstone":142,"Ginger":142,"Boot":22,"conspire:TopHat":67,"CogitoBucket":0,"StuffTheSpire:HeavyRock":53,"InkBottle":62,"WantedRequest":115,"MagicBullet_r":35,"Thread and Needle":22,"DeathAngel":125,"Orichalcum":67,"KyoryuNoHagoromo":96,"MawBank":117,"White Beast Statue":103,"SwordSharpenedByTears_r":114,"Du-Vu Doll":62,"Pondfish Scales":37,"StuffTheSpire:Mouthbags":117,"Shuriken":79,"LetterFromLob":3,"YidongShenshe:ReiMu":17,"Black Star":47,"hubris:TenFootPole":79,"Art of War":142,"HellTrain":29,"Grinning Jar":62,"ChangeAnything":88,"Justitia_r":75,"StuffTheSpire:OldFever":142,"REME_ComplimentaryCards":0}],"InkBottle":[73]},"card_choices":[{"not_picked":["FourthMatchFlame","BlackSwan_ego"],"picked":"BloodyDesire","floor":0},{"not_picked":["Wellcheers","GalaxyChild"],"picked":"UniverseFragment","floor":1},{"not_picked":["FourthMatchFlame"],"picked":"RedEyes","floor":1},{"not_picked":["GreenStem","CherryBlossom"],"picked":"SKIP","floor":1},{"not_picked":["FeatherOfHonor"],"picked":"ScreamingWedge","floor":2},{"not_picked":["Harmony"],"picked":"Spore","floor":3},{"not_picked":["FairyFestival","CrumblingArmor"],"picked":"LittleHelper","floor":3},{"not_picked":["Regret_ego"],"picked":"Spore","floor":3},{"not_picked":["SwordSharpenedByTears","Discord"],"picked":"RapturousDream","floor":4},{"not_picked":["InTheNameOfLoveAndHate","Harvest","Lantern"],"picked":"SKIP","floor":4},{"not_picked":["Murderer","OldLady","Wellcheers"],"picked":"Singing Bowl","floor":7},{"not_picked":["LifeForTheDareDevil","RedEyes"],"picked":"Moonlight","floor":7},{"not_picked":["FourthMatchFlame","Horn","SomewhereSpear"],"picked":"SKIP","floor":7},{"not_picked":["CUTE+1","CherryBlossom+1"],"picked":"SomewhereSpear+1","floor":10},{"not_picked":["VoidDream","Mercenary","NakedNest"],"picked":"Singing Bowl","floor":10},{"not_picked":["Noise+1","Tough+1","RedEyes+1"],"picked":"SKIP","floor":10},{"not_picked":["FourthMatchFlame+1","CrimsonScar+1"],"picked":"RapturousDream+1","floor":11},{"not_picked":["CherryBlossoms","Woodsman","MHz"],"picked":"Singing Bowl","floor":11},{"not_picked":["BlackSwan_ego+1","LifeForTheDareDevil+1","Justitia+1"],"picked":"SKIP","floor":11},{"not_picked":["Laetitia","OldLady"],"picked":"LongBird","floor":14},{"not_picked":["Noise+1","CrimsonScar+1"],"picked":"Twilight+1","floor":14},{"not_picked":["RedEyes+1","Noise+1","BlueScar+1"],"picked":"SKIP","floor":14},{"not_picked":["DaCapo+1","Justitia+1"],"picked":"GoldRush+1","floor":16},{"not_picked":["MeatLantern","Wellcheers"],"picked":"SpiderBud","floor":16},{"not_picked":["CENSORED_ego+1","GoldRush+1"],"picked":"DaCapo+1","floor":16},{"not_picked":["MHz","GalaxyChild","OSAHOGD"],"picked":"Singing Bowl","floor":18},{"not_picked":["Ecstasy+1","CUTE+1"],"picked":"TodaysExpression+1","floor":18},{"not_picked":["Wingbeat+1","CUTE+1","Tough+1"],"picked":"SKIP","floor":18},{"not_picked":["BlueScar+1","CherryBlossom+1"],"picked":"Diffraction+1","floor":19},{"not_picked":["Laetitia_ego+1","Galaxy+1"],"picked":"WristCuter+1","floor":19},{"not_picked":["QueenBee","Bloodbath","WallGazer"],"picked":"Singing Bowl","floor":22},{"not_picked":["Heaven+1","Loneliness+1"],"picked":"WristCuter+1","floor":22},{"not_picked":["CherryBlossoms","OSAHOGD","LittleHelper"],"picked":"Singing Bowl","floor":23},{"not_picked":["OldLady","Scarecrow"],"picked":"RedShoes","floor":23},{"not_picked":["CherryBlossom+1","Soda+1"],"picked":"Regret_ego+1","floor":23},{"not_picked":["DreamingCurrent","FieryBird","MHz"],"picked":"Singing Bowl","floor":27},{"not_picked":["BlueScar+1","CUTE+1"],"picked":"Laetitia_ego+1","floor":27},{"not_picked":["Rudolta","GalaxyChild"],"picked":"PunishingBird","floor":28},{"not_picked":["Harmony+1","Amita+1","SomewhereSpear+1"],"picked":"SKIP","floor":28},{"not_picked":["SingingMachine","MHz"],"picked":"DespairKnight","floor":29},{"not_picked":["Pleasure+1","Penitence+1"],"picked":"Spore+1","floor":29},{"not_picked":["Scarecrow","LittleHelper","Laetitia"],"picked":"Singing Bowl","floor":30},{"not_picked":["Discord+1","RedEyes+1","DaCapo+1"],"picked":"SKIP","floor":30},{"not_picked":["Murderer","OSAHOGD","ShyLook"],"picked":"Singing Bowl","floor":31},{"not_picked":["CrimsonScar+1","Lantern+1","Loneliness+1"],"picked":"SKIP","floor":31},{"not_picked":["Justitia+1","DaCapo+1"],"picked":"ParadiseLost+1","floor":33},{"not_picked":["GoldRush+1","Adoration+1"],"picked":"Mimicry+1","floor":33},{"not_picked":["Freischutz","BlackArmy","Bloodbath"],"picked":"Singing Bowl","floor":33},{"not_picked":["SoundOfStar+1","Justitia+1"],"picked":"Pinks+1","floor":33},{"not_picked":["FairyFestival","Bloodbath"],"picked":"SingingMachine","floor":35},{"not_picked":["TodaysExpression+1","CherryBlossom+1"],"picked":"Spore+1","floor":35},{"not_picked":["ShyLook","Variant"],"picked":"Mercenary","floor":36},{"not_picked":["SomewhereSpear+1","Soda+1"],"picked":"Adoration+1","floor":36},{"not_picked":["CherryBlossom+1","Lantern+1","MagicBullet+1"],"picked":"SKIP","floor":36},{"not_picked":["BlackArmy","OldLady"],"picked":"QueenOfHatred","floor":38},{"not_picked":["Loneliness+1","CUTE+1","Harvest+1"],"picked":"SKIP","floor":38},{"not_picked":["DreamingCurrent","LittlePrince"],"picked":"BlackSwan","floor":39},{"not_picked":["RedEyes+1","Heaven+1","Penitence+1"],"picked":"SKIP","floor":39},{"not_picked":["ShyLook","LaLuna"],"picked":"WhiteNight","floor":41},{"not_picked":["Tough+1","Penitence+1","Heaven+1"],"picked":"SKIP","floor":41},{"not_picked":["Murderer","Freischutz","LittleHelper"],"picked":"Singing Bowl","floor":45},{"not_picked":["Laetitia","BlueStar","GreedKing"],"picked":"Singing Bowl","floor":47},{"not_picked":["Funeral","HeroicMonk"],"picked":"SnowQueen","floor":47},{"not_picked":["Horn+1","CherryBlossom+1","FourthMatchFlame+1"],"picked":"SKIP","floor":47}],"player_experience":1402097,"relics_obtained":[{"floor":1,"key":"LetterFromLob"},{"floor":7,"key":"Thread and Needle"},{"floor":9,"key":"Boot"},{"floor":14,"key":"Pondfish Scales"},{"floor":19,"key":"StuffTheSpire:HeavyRock"},{"floor":23,"key":"Grinning Jar"},{"floor":23,"key":"Du-Vu Doll"},{"floor":26,"key":"InkBottle"},{"floor":27,"key":"Orichalcum"},{"floor":27,"key":"conspire:TopHat"},{"floor":30,"key":"hubris:TenFootPole"},{"floor":30,"key":"Shuriken"},{"floor":41,"key":"MawBank"},{"floor":41,"key":"StuffTheSpire:Mouthbags"},{"floor":43,"key":"Juzu Bracelet"},{"floor":45,"key":"DeathAngel"},{"floor":47,"key":"Art of War"},{"floor":47,"key":"Whetstone"}],"event_choices":[{"damage_healed":0,"gold_gain":0,"player_choice":"Take Tiny Shrine away","damage_taken":0,"relics_obtained":["YidongShenshe:ReiMu"],"max_hp_gain":0,"max_hp_loss":0,"event_name":"yidonshenshe","floor":5,"gold_loss":0,"cards_obtained":["Poor:ReiMu"]},{"cards_removed":["LittleHelper"],"damage_healed":0,"gold_gain":0,"player_choice":"Elegance","damage_taken":0,"max_hp_gain":0,"max_hp_loss":0,"event_name":"betterThird:BetterWriting","floor":21,"gold_loss":0},{"damage_healed":0,"gold_gain":0,"player_choice":"Gave Potion","damage_taken":0,"relics_obtained":["White Beast Statue"],"max_hp_gain":0,"max_hp_loss":0,"event_name":"WeMeetAgain","floor":37,"gold_loss":0}],"is_beta":false,"boss_relics":[{"not_picked":["Tiny House","Honey Jar"],"picked":"Black Star"},{"not_picked":["Runic Pyramid","Replay:Drink Me"],"picked":"KyoryuNoHagoromo"}],"items_purged_floors":[48,48],"is_endless":false,"potions_floor_spawned":[2,28,29,35,38,39,46,51,51,51],"ascension_level":20}}