{"host":"p084pgp93u1tv48k","time":1607639786,"event":{"mods":["BaseMod","StSLib","AchievementEnabler","Hermit","Quick Restart","Minty Spire (QoL Compilation)","A Magickal Journey","The Mystic"],"gold_per_floor":[116,126,138,23,39,39,39,53,78,78,113,113,13,23,23,121,121,133,153,28,28,28],"floor_reached":21,"playtime":900,"items_purged":["hermit:Defend_Hermit","hermit:Strike_Hermit","hermit:Strike_Hermit"],"score":181,"play_id":"80147984-c978-45b3-9c5a-b8e791cd7b6a","local_time":"20201210180626","is_ascension_mode":false,"campfire_choices":[{"data":"hermit:Combo","floor":6,"key":"SMITH"},{"data":"hermit:Combo","floor":10,"key":"SMITH"},{"data":"hermit:Dive","floor":12,"key":"SMITH"},{"data":"hermit:CalledShot","floor":15,"key":"SMITH"}],"circlet_count":0,"master_deck":["hermit:Strike_Hermit","hermit:Strike_Hermit","hermit:Defend_Hermit","hermit:Defend_Hermit","hermit:Defend_Hermit","hermit:Snapshot","hermit:Covet","hermit:Dive+1","hermit:CalledShot+1","hermit:Combo+1","hermit:Combo+1","hermit:Headshot","hermit:TrackingShot","CurseOfTheBell"],"relics":["hermit:Momento","NeowsBlessing","Tiny Chest","Bronze Scales","Bag of Marbles","Calling Bell","Oddly Smooth Stone","Kunai","TungstenRod"],"acts_visited":["Exordium","TheCity"],"potions_floor_usage":[16,16,18,18],"damage_taken":[{"damage":0,"enemies":"Small Slimes","floor":1,"turns":1},{"damage":0,"enemies":"2 Louse","floor":2,"turns":1},{"damage":0,"enemies":"Jaw Worm","floor":3,"turns":1},{"damage":9,"enemies":"Looter","floor":5,"turns":4},{"damage":5,"enemies":"Red Slaver","floor":8,"turns":5},{"damage":23,"enemies":"Lagavulin","floor":11,"turns":5},{"damage":0,"enemies":"Large Slime","floor":14,"turns":1},{"damage":25,"enemies":"Slime Boss","floor":16,"turns":6},{"damage":14,"enemies":"2 Thieves","floor":18,"turns":4},{"damage":27,"enemies":"Chosen","floor":19,"turns":7},{"damage":27,"enemies":"3 Cultists","floor":21,"turns":5}],"seed_played":"-3497540855022129402","potions_obtained":[{"floor":5,"key":"Ancient Potion"},{"floor":8,"key":"Strength Potion"},{"floor":16,"key":"Block Potion"},{"floor":18,"key":"Fruit Juice"},{"floor":19,"key":"SteroidPotion"}],"is_trial":false,"path_per_floor":["M","M","M","$","M","R","?","M","T","R","E","R","$","M","R","B",null,"M","M","$","M"],"character_chosen":"HERMIT","items_purchased":["hermit:Combo"],"campfire_rested":0,"item_purchase_floors":[4],"current_hp_per_floor":[75,75,75,75,66,66,66,61,61,61,38,38,38,38,38,13,75,66,39,39,12,12],"gold":28,"neow_bonus":"THREE_ENEMY_KILL","is_daily":false,"chose_seed":false,"campfire_upgraded":4,"win_rate":0.0,"timestamp":1607639786,"path_taken":["M","M","M","$","M","R","?","M","T","R","E","R","$","M","R","BOSS","M","M","$","M"],"build_version":"2020-11-30","purchased_purges":3,"victory":false,"max_hp_per_floor":[75,75,75,75,75,75,75,75,75,75,75,75,75,75,75,75,75,80,80,80,80,80],"card_choices":[{"not_picked":["hermit:Feint","hermit:Misfire"],"picked":"hermit:Dive","floor":1},{"not_picked":["hermit:Vantage","hermit:HoleUp","hermit:Glare"],"picked":"SKIP","floor":2},{"not_picked":["hermit:Roulette","hermit:Gestalt"],"picked":"hermit:CalledShot","floor":3},{"not_picked":["hermit:LoneWolf","hermit:Manifest"],"picked":"hermit:Combo","floor":5},{"not_picked":["hermit:Quickdraw","hermit:FlashPowder"],"picked":"hermit:Headshot","floor":8},{"not_picked":["hermit:Showdown","hermit:Feint","hermit:Misfire"],"picked":"SKIP","floor":11},{"not_picked":["hermit:RoundhouseKick","hermit:Quickdraw"],"picked":"hermit:TrackingShot","floor":14},{"not_picked":["hermit:WideOpen+1","hermit:Maintenance","hermit:HoleUp"],"picked":"SKIP","floor":18},{"not_picked":["hermit:GhostlyPresence","hermit:Gestalt+1","hermit:Snipe"],"picked":"SKIP","floor":19}],"player_experience":83532,"relics_obtained":[{"floor":9,"key":"Bronze Scales"},{"floor":11,"key":"Bag of Marbles"},{"floor":17,"key":"Oddly Smooth Stone"},{"floor":17,"key":"Kunai"},{"floor":17,"key":"TungstenRod"}],"event_choices":[{"damage_healed":0,"gold_gain":0,"player_choice":"Searched \u00272\u0027 times","damage_taken":0,"relics_obtained":["Tiny Chest"],"max_hp_gain":0,"max_hp_loss":0,"event_name":"Dead Adventurer","floor":7,"gold_loss":0}],"is_beta":false,"boss_relics":[{"not_picked":["hermit:ClaspedLocket","Tiny House"],"picked":"Calling Bell"}],"items_purged_floors":[4,13,20],"is_endless":false,"potions_floor_spawned":[5,8,16,18,19],"killed_by":"3 Cultists","ascension_level":0}}