{"host":"J","time":1607629103,"event":{"mods":["BaseMod","AchievementEnabler","Block Reminder","Minty Spire (QoL Compilation)","UnlockEverythingMod","Permanent Neow","Relic Stats","Highlight Path","Quick Restart"],"gold_per_floor":[118,129,279,279,292,292,325,325,325,345,370,370,370,387,387,461,461,473,57,77,88,103,103,103],"floor_reached":23,"playtime":2298,"items_purged":["Doubt"],"score":406,"play_id":"bbe2032a-ae6c-4723-9641-0fc2049e0b63","local_time":"20201210203823","is_ascension_mode":true,"campfire_choices":[{"data":"Hologram","floor":6.0,"key":"SMITH"},{"floor":8.0,"key":"REST"},{"data":"Doom and Gloom","floor":12.0,"key":"SMITH"},{"data":"Dualcast","floor":15.0,"key":"SMITH"}],"circlet_count":0,"master_deck":["AscendersBane","Strike_B","Defend_B","Defend_B","Defend_B","Defend_B","Zap","Dualcast+1","Ball Lightning","Hologram+1","Doom and Gloom+1","Loop","Leap","Barrage","Multi-Cast","Streamline+1","Barrage+1","Seek+1","Auto Shields","Conserve Battery","Fusion","Self Repair"],"special_seed":0,"relics":["Nuclear Battery","Mercury Hourglass","Bottled Flame","Orichalcum","Lantern","Astrolabe","Bag of Preparation","Anchor"],"acts_visited":["Exordium","TheCity"],"potions_floor_usage":[],"damage_taken":[{"damage":7.0,"enemies":"2 Louse","floor":1.0,"turns":3.0},{"damage":5.0,"enemies":"Small Slimes","floor":2.0,"turns":3.0},{"damage":6.0,"enemies":"Cultist","floor":5.0,"turns":4.0},{"damage":39.0,"enemies":"Gremlin Nob","floor":7.0,"turns":4.0},{"damage":0.0,"enemies":"Exordium Thugs","floor":10.0,"turns":3.0},{"damage":10.0,"enemies":"3 Sentries","floor":11.0,"turns":4.0},{"damage":0.0,"enemies":"Gremlin Gang","floor":14.0,"turns":2.0},{"damage":7.0,"enemies":"Slime Boss","floor":16.0,"turns":6.0},{"damage":25,"enemies":"2 Thieves","floor":18,"turns":3},{"damage":0,"enemies":"Chosen","floor":20,"turns":2},{"damage":18,"enemies":"Snake Plant","floor":21,"turns":3},{"damage":0,"enemies":"Centurion and Healer","floor":22,"turns":4},{"damage":0,"enemies":"Book of Stabbing","floor":23,"turns":2}],"seed_played":"759812261788370662","potions_obtained":[{"floor":5.0,"key":"Fruit Juice"},{"floor":10.0,"key":"GamblersBrew"},{"floor":11.0,"key":"Energy Potion"},{"floor":14.0,"key":"ColorlessPotion"},{"floor":16.0,"key":"Dexterity Potion"},{"floor":20,"key":"LiquidMemories"}],"is_trial":false,"path_per_floor":["M","M","?","?","M","R","E","R","T","M","E","R","T","M","R","B",null,"M","$","M","M","M","E"],"character_chosen":"DEFECT","items_purchased":["Bag of Preparation","Anchor"],"campfire_rested":1,"item_purchase_floors":[19,19],"current_hp_per_floor":[57,52,52,42,36,36,2,24,24,24,14,14,14,14,14,7,59,34,34,34,16,16,16,16],"gold":103,"neow_bonus":"BOSS_RELIC","is_daily":false,"chose_seed":false,"campfire_upgraded":3,"win_rate":0,"timestamp":1607629103,"path_taken":["M","M","?","?","M","R","E","R","T","?","E","R","?","M","R","BOSS","M","$","M","M","M","E"],"build_version":"2020-12-07","purchased_purges":1,"victory":false,"max_hp_per_floor":[71,71,71,71,71,71,76,76,76,76,76,76,76,76,76,76,76,76,76,76,76,76,76,76],"relic_stats":{"counters":[13,42],"Astrolabe":["Streamline","Barrage","Seek"],"Bag of Preparation":[8],"Orichalcum":[30],"obtain_stats":[{"Bottled Flame":9,"Lantern":13,"Anchor":19,"Astrolabe":17,"Bag of Preparation":19,"Orichalcum":11,"Cracked Core":0,"Nuclear Battery":0,"Mercury Hourglass":7},{"Bottled Flame":4,"Lantern":6,"Anchor":9,"Astrolabe":8,"Bag of Preparation":9,"Orichalcum":6,"Cracked Core":0,"Nuclear Battery":0,"Mercury Hourglass":4},{"Bottled Flame":14,"Lantern":20,"Anchor":31,"Astrolabe":28,"Bag of Preparation":31,"Orichalcum":20,"Cracked Core":0,"Nuclear Battery":0,"Mercury Hourglass":14}],"Mercury Hourglass":[131]},"card_choices":[{"not_picked":["Scrape","Stack"],"picked":"Ball Lightning","floor":1.0},{"not_picked":["Go for the Eyes","Gash"],"picked":"Hologram","floor":2.0},{"not_picked":["Rip and Tear","Rebound"],"picked":"Doom and Gloom","floor":5.0},{"not_picked":["Reinforced Body","Aggregate"],"picked":"Loop","floor":7.0},{"not_picked":["Stack","Scrape"],"picked":"Leap","floor":10.0},{"not_picked":["Aggregate","Hyperbeam"],"picked":"Barrage","floor":11.0},{"not_picked":["Barrage","Blizzard","Turbo"],"picked":"SKIP","floor":14.0},{"not_picked":["Amplify","All For One"],"picked":"Multi-Cast","floor":16.0},{"not_picked":["Lockon+1","Turbo"],"picked":"Auto Shields","floor":18},{"not_picked":["Leap","Genetic Algorithm"],"picked":"Conserve Battery","floor":20},{"not_picked":["Conserve Battery","Capacitor"],"picked":"Fusion","floor":21},{"not_picked":["Steam","Cold Snap+1"],"picked":"Self Repair","floor":22}],"player_experience":142802,"relics_obtained":[{"floor":7.0,"key":"Mercury Hourglass"},{"floor":9.0,"key":"Bottled Flame"},{"floor":11.0,"key":"Orichalcum"},{"floor":13.0,"key":"Lantern"}],"event_choices":[{"damage_healed":0.0,"max_hp_gain":0.0,"max_hp_loss":0.0,"gold_gain":150.0,"event_name":"Liars Game","player_choice":"AGREE","floor":3.0,"gold_loss":0.0,"damage_taken":0.0,"cards_obtained":["Doubt"]},{"damage_healed":0.0,"max_hp_gain":0.0,"max_hp_loss":0.0,"gold_gain":0.0,"event_name":"Wheel of Change","player_choice":"Damaged","floor":4.0,"gold_loss":0.0,"damage_taken":10.0}],"is_beta":true,"boss_relics":[{"not_picked":["Runic Pyramid","Coffee Dripper"],"picked":"Astrolabe"}],"items_purged_floors":[19],"is_endless":false,"potions_floor_spawned":[5,10,11,14,16,20,21],"killed_by":"Book of Stabbing","ascension_level":20}}