{"host":"qk12ohyvrq6bwjad","time":1607577185,"event":{"gold_per_floor":[112,112,112,124,137,167,167,199,223,223,243,271,271,271,271,367,367,379,429,429,439,453,487,487,517,542,560,185,215,233,267,267,363,363,380,392,403,403,403,403,414,21,93,108,142,142,154,20,20,20],"floor_reached":51,"playtime":2064,"items_purged":["Strike_P","Defend_P","Strike_P"],"score":1270,"play_id":"cf37a47f-8dc0-4464-a960-fb7ddd2f9f91","local_time":"20201210141305","is_ascension_mode":true,"campfire_choices":[{"data":"Eruption","floor":7,"key":"SMITH"},{"data":"Wallop","floor":13,"key":"SMITH"},{"floor":15,"key":"REST"},{"floor":32,"key":"REST"},{"floor":40,"key":"REST"},{"floor":49,"key":"REST"}],"neow_cost":"NONE","seed_source_timestamp":4506042080875,"circlet_count":0,"master_deck":["Defend_P","Defend_P","Defend_P","Eruption+1","Vigilance+1","FlurryOfBlows","Halt","Wallop+1","EmptyFist","CrushJoints+1","Sanctity","Fasting2","MasterReality","ClearTheMind+1","Crescendo+1","Halt","Scrawl","Tantrum+1","FlurryOfBlows+1","TalkToTheHand","Worship+1","Brilliance","Parasite","Metamorphosis","Evaluate+1","Adaptation","FlyingSleeves+1","SpiritShield","Madness","Madness","BattleHymn","FlurryOfBlows","Pray"],"special_seed":0,"relics":["PureWater","NeowsBlessing","Smiling Mask","Strawberry","Regal Pillow","WingedGreaves","Black Star","Nloth\u0027s Gift","Bag of Preparation","Toy Ornithopter","Dream Catcher","Matryoshka","War Paint","Pen Nib","Membership Card","Happy Flower","Bronze Scales","Centennial Puzzle","Kunai","Thread and Needle","Boot","Busted Crown","Bottled Tornado","HandDrill","Meat on the Bone","Omamori","Pantograph","Nunchaku","Juzu Bracelet"],"potions_floor_usage":[6,22,25,25,33,33,36,44,45,50,50],"damage_taken":[{"damage":0,"enemies":"Jaw Worm","floor":1,"turns":1},{"damage":0,"enemies":"Small Slimes","floor":4,"turns":1},{"damage":0,"enemies":"Cultist","floor":5,"turns":1},{"damage":40,"enemies":"Lagavulin","floor":6,"turns":4},{"damage":29,"enemies":"Gremlin Nob","floor":8,"turns":4},{"damage":11,"enemies":"Blue Slaver","floor":11,"turns":4},{"damage":35,"enemies":"Lagavulin","floor":12,"turns":4},{"damage":0,"enemies":"Slime Boss","floor":16,"turns":7},{"damage":19,"enemies":"Chosen","floor":18,"turns":4},{"damage":13,"enemies":"Shell Parasite","floor":21,"turns":6},{"damage":32,"enemies":"3 Cultists","floor":22,"turns":5},{"damage":51,"enemies":"Slavers","floor":23,"turns":4},{"damage":0,"enemies":"Gremlin Leader","floor":25,"turns":5},{"damage":0,"enemies":"Centurion and Healer","floor":27,"turns":3},{"damage":13,"enemies":"Book of Stabbing","floor":29,"turns":3},{"damage":0,"enemies":"Shelled Parasite and Fungi","floor":30,"turns":2},{"damage":0,"enemies":"Gremlin Leader","floor":31,"turns":1},{"damage":51,"enemies":"Collector","floor":33,"turns":7},{"damage":0,"enemies":"3 Shapes","floor":35,"turns":2},{"damage":33,"enemies":"3 Darklings","floor":36,"turns":5},{"damage":24,"enemies":"Writhing Mass","floor":37,"turns":6},{"damage":7,"enemies":"Spire Growth","floor":41,"turns":3},{"damage":13,"enemies":"Transient","floor":44,"turns":5},{"damage":0,"enemies":"Nemesis","floor":45,"turns":3},{"damage":2,"enemies":"Sphere and 2 Shapes","floor":47,"turns":4},{"damage":54,"enemies":"Time Eater","floor":50,"turns":5}],"seed_played":"247470611036711517","potions_obtained":[{"floor":5,"key":"SkillPotion"},{"floor":8,"key":"BottledMiracle"},{"floor":12,"key":"BottledMiracle"},{"floor":18,"key":"SteroidPotion"},{"floor":23,"key":"AttackPotion"},{"floor":30,"key":"LiquidBronze"},{"floor":31,"key":"SpeedPotion"},{"floor":33,"key":"Fire Potion"},{"floor":36,"key":"BlessingOfTheForge"},{"floor":37,"key":"Fire Potion"},{"floor":45,"key":"SteroidPotion"}],"is_trial":false,"path_per_floor":["M","?","?","M","M","E","R","E","T","?","M","E","R","?","R","B",null,"M","T","?","M","M","E","?","E","T","M","$","E","M","E","R","B",null,"M","M","M","?","?","R","M","$","T","M","E","?","M","$","R","B",null],"character_chosen":"WATCHER","items_purchased":["Membership Card","BottledMiracle","Happy Flower","Bronze Scales","Adaptation","Bottled Tornado","HandDrill","Meat on the Bone","BattleHymn","FlurryOfBlows","Pray"],"campfire_rested":4,"item_purchase_floors":[28,28,28,28,42,42,42,42,48,48,48],"current_hp_per_floor":[65,65,72,72,72,32,32,10,10,36,25,44,44,44,79,79,79,60,60,60,47,15,28,28,38,38,38,38,25,25,25,63,22,65,65,37,13,13,13,51,44,44,44,48,53,43,41,41,79,37],"gold":20,"neow_bonus":"THREE_ENEMY_KILL","is_prod":false,"is_daily":false,"chose_seed":false,"campfire_upgraded":2,"win_rate":0,"timestamp":1607577185,"path_taken":["M","?","?","?","M","E","R","E","T","?","M","E","R","?","R","BOSS","M","?","?","M","?","E","?","E","T","?","$","E","M","E","R","BOSS","M","M","M","?","?","R","M","$","T","M","E","?","M","?","R","BOSS"],"build_version":"2020-11-30","purchased_purges":3,"victory":true,"max_hp_per_floor":[72,72,72,72,72,72,72,79,79,79,79,79,79,79,79,79,79,79,79,79,79,79,79,79,79,79,79,79,79,79,79,79,79,79,79,79,79,79,79,79,79,79,79,79,79,79,79,79,79,79],"card_choices":[{"not_picked":["Prostrate","FearNoEvil"],"picked":"FlurryOfBlows","floor":1},{"not_picked":["Perseverance","Indignation"],"picked":"Halt","floor":4},{"not_picked":["Sanctity","Meditate"],"picked":"Wallop","floor":5},{"not_picked":["DeusExMachina","PathToVictory"],"picked":"EmptyFist","floor":6},{"not_picked":["CutThroughFate","WreathOfFlame"],"picked":"CrushJoints","floor":8},{"not_picked":["Fasting2","SashWhip"],"picked":"Sanctity","floor":11},{"not_picked":["Judgement","PathToVictory"],"picked":"Fasting2","floor":12},{"not_picked":["Brilliance","Alpha"],"picked":"MasterReality","floor":16},{"not_picked":["Study","CutThroughFate"],"picked":"ClearTheMind","floor":18},{"not_picked":["SandsOfTime","BattleHymn"],"picked":"Crescendo+1","floor":21},{"not_picked":["EmptyBody","ThirdEye"],"picked":"Halt","floor":22},{"not_picked":["Wish","Blasphemy"],"picked":"Scrawl","floor":23},{"not_picked":["EmptyFist","Wireheading+1","Blasphemy"],"picked":"SKIP","floor":25},{"not_picked":["ThirdEye","ClearTheMind+1"],"picked":"Tantrum+1","floor":27},{"not_picked":["CrushJoints+1","BowlingBash","Wallop"],"picked":"SKIP","floor":29},{"not_picked":["CutThroughFate+1","Crescendo"],"picked":"FlurryOfBlows+1","floor":30},{"not_picked":["Evaluate","Judgement"],"picked":"TalkToTheHand","floor":31},{"not_picked":["FlyingSleeves","PathToVictory"],"picked":"Worship+1","floor":32},{"not_picked":["SpiritShield","Scrawl"],"picked":"Brilliance","floor":33},{"not_picked":["BowlingBash+1"],"picked":"SKIP","floor":35},{"not_picked":["JustLucky+1"],"picked":"SKIP","floor":36},{"not_picked":["FollowUp"],"picked":"SKIP","floor":37},{"not_picked":[],"picked":"Metamorphosis","floor":39},{"not_picked":[],"picked":"Evaluate+1","floor":40},{"not_picked":["Wireheading"],"picked":"SKIP","floor":41},{"not_picked":[],"picked":"FlyingSleeves+1","floor":44},{"not_picked":[],"picked":"SpiritShield","floor":45},{"not_picked":["Crescendo"],"picked":"SKIP","floor":47}],"player_experience":1595898,"relics_obtained":[{"floor":6,"key":"Smiling Mask"},{"floor":8,"key":"Strawberry"},{"floor":9,"key":"Regal Pillow"},{"floor":12,"key":"WingedGreaves"},{"floor":19,"key":"Anchor"},{"floor":23,"key":"Bag of Preparation"},{"floor":23,"key":"Toy Ornithopter"},{"floor":25,"key":"Dream Catcher"},{"floor":25,"key":"Matryoshka"},{"floor":26,"key":"War Paint"},{"floor":26,"key":"Pen Nib"},{"floor":29,"key":"Centennial Puzzle"},{"floor":29,"key":"Kunai"},{"floor":31,"key":"Thread and Needle"},{"floor":31,"key":"Boot"},{"floor":43,"key":"Omamori"},{"floor":43,"key":"Pantograph"},{"floor":45,"key":"Nunchaku"},{"floor":45,"key":"Juzu Bracelet"}],"event_choices":[{"damage_healed":0,"gold_gain":0,"cards_transformed":["Strike_P"],"player_choice":"Change","damage_taken":0,"max_hp_gain":0,"max_hp_loss":0,"event_name":"Living Wall","floor":2,"gold_loss":0,"cards_obtained":["WaveOfTheHand"]},{"cards_removed":["WaveOfTheHand"],"damage_healed":7,"gold_gain":0,"player_choice":"Offered Uncommon","damage_taken":0,"max_hp_gain":0,"max_hp_loss":0,"event_name":"Bonfire Elementals","floor":3,"gold_loss":0},{"damage_healed":26,"gold_gain":0,"player_choice":"Banana","damage_taken":0,"max_hp_gain":0,"max_hp_loss":0,"event_name":"Big Fish","floor":10,"gold_loss":0},{"damage_healed":0,"gold_gain":0,"player_choice":"Forge","damage_taken":0,"max_hp_gain":0,"max_hp_loss":0,"event_name":"Accursed Blacksmith","floor":14,"gold_loss":0,"cards_upgraded":["CrushJoints"]},{"damage_healed":0,"gold_gain":0,"player_choice":"Traded Relic","damage_taken":0,"relics_obtained":["Nloth\u0027s Gift"],"max_hp_gain":0,"max_hp_loss":0,"event_name":"N\u0027loth","floor":20,"relics_lost":["Anchor"],"gold_loss":0},{"cards_removed":["Strike_P"],"damage_healed":0,"gold_gain":0,"player_choice":"Purged","damage_taken":0,"max_hp_gain":0,"max_hp_loss":0,"event_name":"Purifier","floor":24,"gold_loss":0},{"damage_healed":0,"gold_gain":0,"player_choice":"Ignored","damage_taken":0,"max_hp_gain":0,"max_hp_loss":0,"event_name":"Tomb of Lord Red Mask","floor":38,"gold_loss":0},{"damage_healed":0,"gold_gain":0,"player_choice":"Memory 1","damage_taken":0,"max_hp_gain":0,"max_hp_loss":0,"event_name":"SensoryStone","floor":39,"gold_loss":0},{"damage_healed":0,"gold_gain":0,"player_choice":"Embrace Madness","damage_taken":10,"max_hp_gain":0,"max_hp_loss":0,"event_name":"Winding Halls","floor":46,"gold_loss":0,"cards_obtained":["Madness","Madness"]}],"is_beta":false,"boss_relics":[{"not_picked":["Cursed Key","Coffee Dripper"],"picked":"Black Star"},{"not_picked":["Tiny House","Runic Dome"],"picked":"Busted Crown"}],"items_purged_floors":[28,42,48],"is_endless":false,"potions_floor_spawned":[4,5,8,12,18,23,30,31,33,36,37,45],"ascension_level":6}}