{"host":"8ryqzxm5jok1fscm","time":1607586509,"event":{"gold_per_floor":[113,31,31,46,46,75,75,75,75,85,115,115,145,145,145,249,249,267,267,286,286,201,201,231,56,82,82,100,100,0,12,12,117,117,130,5,5,5,55,82,92,126,152,2,28,28,28,41,41,41],"floor_reached":51,"playtime":2219,"items_purged":["Writhe","Strike_G","Strike_G","Shame"],"score":865,"play_id":"285c5588-d8ca-4655-ab71-007bca230527","local_time":"20201210084829","is_ascension_mode":false,"campfire_choices":[{"data":"Infinite Blades","floor":12.0,"key":"SMITH"},{"data":"Footwork","floor":15.0,"key":"SMITH"},{"data":"Regret","floor":23,"key":"PURGE"},{"data":"Choke","floor":29,"key":"SMITH"},{"data":"Footwork","floor":32,"key":"SMITH"},{"floor":47,"key":"REST"},{"data":"Injury","floor":49,"key":"PURGE"}],"neow_cost":"NONE","seed_source_timestamp":578404784937900,"circlet_count":0,"master_deck":["Strike_G","Defend_G","Defend_G","Defend_G","Defend_G","Defend_G","Survivor","Neutralize","Well Laid Plans","Infinite Blades+1","Poisoned Stab","Poisoned Stab","Escape Plan","Blade Dance+1","Footwork+1","Envenom","Blade Dance+1","Backflip+1","Night Terror+1","Footwork+1","Backflip+1","Choke+1","Sucker Punch","Bullet Time+1","expansioncontent:QuickStudy+1","Finisher","Blade Dance+1"],"special_seed":0,"relics":["Ring of the Serpent","NeowsBlessing","Pen Nib","Ice Cream","Bottled Tornado","Toxic Egg 2","MealTicket","Cursed Key","Peace Pipe","Nunchaku","Vajra","Eternal Feather","Boot","Tough Bandages","Gambling Chip","Regal Pillow","Centennial Puzzle","Anchor","Happy Flower"],"potions_floor_usage":[20,28,35,45,50],"damage_taken":[{"damage":0.0,"enemies":"Small Slimes","floor":1.0,"turns":1.0},{"damage":0.0,"enemies":"Jaw Worm","floor":4.0,"turns":1.0},{"damage":0.0,"enemies":"3 Sentries","floor":6.0,"turns":1.0},{"damage":0.0,"enemies":"2 Louse","floor":10.0,"turns":3.0},{"damage":0.0,"enemies":"Gremlin Nob","floor":11.0,"turns":3.0},{"damage":12.0,"enemies":"3 Sentries","floor":13.0,"turns":10.0},{"damage":8.0,"enemies":"Hexaghost","floor":16.0,"turns":10.0},{"damage":0.0,"enemies":"Chosen","floor":18.0,"turns":4.0},{"damage":15,"enemies":"2 Thieves","floor":20,"turns":4},{"damage":18,"enemies":"Book of Stabbing","floor":24,"turns":5},{"damage":2,"enemies":"Shelled Parasite and Fungi","floor":28,"turns":4},{"damage":0,"enemies":"Centurion and Healer","floor":31,"turns":5},{"damage":14,"enemies":"Automaton","floor":33,"turns":8},{"damage":0,"enemies":"3 Shapes","floor":35,"turns":3},{"damage":0,"enemies":"Mind Bloom Boss Battle","floor":39,"turns":7},{"damage":24,"enemies":"Nemesis","floor":40,"turns":5},{"damage":3,"enemies":"3 Darklings","floor":41,"turns":2},{"damage":0,"enemies":"Giant Head","floor":42,"turns":8},{"damage":48,"enemies":"Nemesis","floor":45,"turns":5},{"damage":0,"enemies":"Maw","floor":48,"turns":4},{"damage":34,"enemies":"Donu and Deca","floor":50,"turns":7}],"seed_played":"1112579621029226219","potions_obtained":[{"floor":1.0,"key":"SkillPotion"},{"floor":6.0,"key":"LiquidBronze"},{"floor":10.0,"key":"EssenceOfSteel"},{"floor":13.0,"key":"BlessingOfTheForge"},{"floor":18.0,"key":"FearPotion"},{"floor":24,"key":"EssenceOfSteel"},{"floor":33,"key":"Fire Potion"},{"floor":40,"key":"Poison Potion"},{"floor":42,"key":"Weak Potion"}],"is_trial":false,"path_per_floor":["M","$","?","M","$","E","?","?","T","M","E","R","E","?","R","B",null,"M","?","M","T","?","R","E","$","T","?","M","R","$","M","R","B",null,"M","$","?","T","?","E","M","E","T","$","E","$","R","M","R","B",null],"character_chosen":"THE_SILENT","items_purchased":["Infinite Blades","Footwork","Backflip+1"],"campfire_rested":1,"item_purchase_floors":[2,25,25],"current_hp_per_floor":[70,70,75,75,75,75,75,72,72,72,72,72,60,53,53,45,75,75,75,60,60,60,60,42,57,57,57,55,67,75,75,75,61,75,75,75,75,75,75,51,48,48,48,63,15,30,75,75,75,41],"gold":41,"neow_bonus":"THREE_ENEMY_KILL","is_prod":false,"is_daily":false,"chose_seed":false,"campfire_upgraded":4,"win_rate":1,"timestamp":1607586509,"path_taken":["M","$","?","M","$","E","?","?","T","M","E","R","E","?","R","BOSS","M","?","M","?","?","R","E","$","T","?","M","R","$","?","R","BOSS","M","$","?","?","?","E","M","E","T","?","E","$","R","M","R","BOSS"],"build_version":"2020-11-30","purchased_purges":4,"victory":true,"max_hp_per_floor":[70,70,75,75,75,75,75,75,75,75,75,75,75,75,75,75,75,75,75,75,75,75,75,75,75,75,75,75,75,75,75,75,75,75,75,75,75,75,75,75,75,75,75,75,75,75,75,75,75,75],"card_choices":[{"not_picked":["Choke","Backflip"],"picked":"Well Laid Plans","floor":1.0},{"not_picked":["Deflect","Heel Hook"],"picked":"Poisoned Stab","floor":4.0},{"not_picked":["Riddle With Holes","Skewer"],"picked":"Poisoned Stab","floor":6.0},{"not_picked":["Quick Slash","Terror"],"picked":"Escape Plan","floor":10.0},{"not_picked":["Prepared+1","Backstab"],"picked":"Blade Dance+1","floor":11.0},{"not_picked":["Bouncing Flask+1","Prepared+1"],"picked":"Footwork","floor":13.0},{"not_picked":["Phantasmal Killer+1","Unload"],"picked":"Envenom","floor":16.0},{"not_picked":["Finisher","Reflex+1"],"picked":"Blade Dance+1","floor":18.0},{"not_picked":["Riddle With Holes+1","Flying Knee"],"picked":"Backflip+1","floor":20},{"not_picked":["Distraction+1","Flying Knee"],"picked":"Night Terror+1","floor":24},{"not_picked":["Slice","PiercingWail+1"],"picked":"Choke","floor":28},{"not_picked":["Expertise+1","Dagger Spray+1"],"picked":"Sucker Punch","floor":31},{"not_picked":["Venomology+1","Die Die Die"],"picked":"Bullet Time+1","floor":33},{"not_picked":["Flying Knee+1","Underhanded Strike","Sucker Punch"],"picked":"SKIP","floor":35},{"not_picked":["expansioncontent:Sear","Dramatic Entrance"],"picked":"expansioncontent:QuickStudy+1","floor":37},{"not_picked":["Skewer","Terror+1"],"picked":"Finisher","floor":40},{"not_picked":["Deadly Poison+1","Heel Hook","Endless Agony+1"],"picked":"SKIP","floor":41},{"not_picked":["PiercingWail+1","Acrobatics+1"],"picked":"Blade Dance+1","floor":42},{"not_picked":["Underhanded Strike+1","All Out Attack","Backstab"],"picked":"SKIP","floor":45},{"not_picked":["Underhanded Strike+1","Sucker Punch+1","Quick Slash+1"],"picked":"SKIP","floor":48}],"player_experience":1785,"relics_obtained":[{"floor":6.0,"key":"Pen Nib"},{"floor":9.0,"key":"Bottled Tornado"},{"floor":11.0,"key":"Toxic Egg 2"},{"floor":13.0,"key":"MealTicket"},{"floor":21,"key":"Nunchaku"},{"floor":24,"key":"Eternal Feather"},{"floor":26,"key":"Boot"},{"floor":38,"key":"Tough Bandages"},{"floor":39,"key":"Gambling Chip"},{"floor":40,"key":"Regal Pillow"},{"floor":42,"key":"Centennial Puzzle"},{"floor":43,"key":"Anchor"},{"floor":45,"key":"Happy Flower"}],"event_choices":[{"damage_healed":0.0,"max_hp_gain":5.0,"max_hp_loss":0.0,"gold_gain":0.0,"event_name":"Big Fish","player_choice":"Donut","floor":3.0,"gold_loss":0.0,"damage_taken":0.0},{"cards_removed":["Strike_G"],"damage_healed":0.0,"max_hp_gain":0.0,"max_hp_loss":0.0,"gold_gain":0.0,"event_name":"Living Wall","player_choice":"Forget","floor":7.0,"gold_loss":0.0,"damage_taken":0.0},{"damage_healed":0.0,"max_hp_gain":0.0,"max_hp_loss":0.0,"gold_gain":0.0,"event_name":"Scrap Ooze","player_choice":"Success","floor":8.0,"gold_loss":0.0,"damage_taken":3.0,"relics_obtained":["Ice Cream"]},{"cards_removed":["Strike_G"],"damage_healed":0.0,"max_hp_gain":0.0,"max_hp_loss":0.0,"gold_gain":0.0,"event_name":"Golden Wing","player_choice":"Card Removal","floor":14.0,"gold_loss":0.0,"damage_taken":7.0},{"damage_healed":0.0,"max_hp_gain":0.0,"max_hp_loss":0.0,"gold_gain":0.0,"event_name":"The Mausoleum","player_choice":"Opened","floor":19.0,"gold_loss":0.0,"damage_taken":0.0,"relics_obtained":["Peace Pipe"],"cards_obtained":["Writhe"]},{"damage_healed":0,"gold_gain":0,"player_choice":"Obtained Relic","damage_taken":0,"relics_obtained":["Vajra"],"max_hp_gain":0,"max_hp_loss":0,"event_name":"Addict","floor":22,"gold_loss":85},{"cards_removed":["Normality"],"damage_healed":0,"gold_gain":0,"player_choice":"Removed Curses","damage_taken":0,"max_hp_gain":0,"max_hp_loss":0,"event_name":"Fountain of Cleansing","floor":27,"gold_loss":0},{"damage_healed":0,"gold_gain":0,"player_choice":"Memory 1","damage_taken":0,"max_hp_gain":0,"max_hp_loss":0,"event_name":"SensoryStone","floor":37,"gold_loss":0},{"damage_healed":0,"gold_gain":0,"player_choice":"Fight","damage_taken":0,"max_hp_gain":0,"max_hp_loss":0,"event_name":"MindBloom","floor":39,"gold_loss":0}],"is_beta":false,"boss_relics":[{"not_picked":["Ectoplasm","Astrolabe"],"picked":"Cursed Key"},{"not_picked":["Calling Bell","Fusion Hammer"],"picked":"Ring of the Serpent"}],"items_purged_floors":[25,30,36,44],"is_endless":false,"potions_floor_spawned":[1,6,10,13,18,24,33,40,42],"ascension_level":0}}