{"host":"k5dhp0bkccqfauyu","time":1607565224,"event":{"gold_per_floor":[119,130,140,152,162,191,191,191,191],"floor_reached":8,"playtime":383,"items_purged":[],"score":120,"play_id":"d595d750-e3d0-417c-b1a6-0c71714ad084","local_time":"20201210125344","is_ascension_mode":true,"campfire_choices":[{"floor":7,"key":"REST"}],"neow_cost":"NONE","seed_source_timestamp":57330053679500,"circlet_count":0,"master_deck":["AscendersBane","Strike_P","Strike_P","Strike_P","Strike_P","Defend_P","Defend_P","Defend_P","Defend_P","Eruption","Vigilance","SpiritShield","Worship","CutThroughFate","Meditate","ReachHeaven","FearNoEvil","Brilliance"],"relics":["PureWater","Bag of Preparation"],"potions_floor_usage":[4,5],"damage_taken":[{"damage":0,"enemies":"Cultist","floor":1,"turns":3},{"damage":0,"enemies":"2 Louse","floor":2,"turns":3},{"damage":1,"enemies":"Small Slimes","floor":3,"turns":4},{"damage":14,"enemies":"Exordium Wildlife","floor":4,"turns":7},{"damage":10,"enemies":"Lots of Slimes","floor":5,"turns":4},{"damage":31,"enemies":"Gremlin Nob","floor":6,"turns":4},{"damage":30,"enemies":"3 Sentries","floor":8,"turns":3}],"seed_played":"6018199240048543410","potions_obtained":[{"floor":1,"key":"BottledMiracle"},{"floor":3,"key":"SpeedPotion"}],"is_trial":false,"path_per_floor":["M","M","M","M","M","E","R","E"],"character_chosen":"WATCHER","items_purchased":[],"campfire_rested":1,"item_purchase_floors":[],"current_hp_per_floor":[61,61,60,46,36,5,25,0,0],"gold":191,"neow_bonus":"ONE_RANDOM_RARE_CARD","is_prod":false,"is_daily":false,"chose_seed":false,"campfire_upgraded":0,"win_rate":0,"timestamp":1607565224,"path_taken":["M","M","M","M","M","E","R","E"],"build_version":"2020-11-30","purchased_purges":0,"victory":false,"max_hp_per_floor":[68,68,68,68,68,68,68,68,68],"card_choices":[{"not_picked":["ClearTheMind","InnerPeace"],"picked":"Worship","floor":1},{"not_picked":["Consecrate","Crescendo"],"picked":"CutThroughFate","floor":2},{"not_picked":["EmptyFist","SashWhip"],"picked":"Meditate","floor":3},{"not_picked":["JustLucky","SashWhip"],"picked":"ReachHeaven","floor":4},{"not_picked":["WreathOfFlame","Collect"],"picked":"FearNoEvil","floor":5},{"not_picked":["Wireheading","CrushJoints"],"picked":"Brilliance","floor":6}],"player_experience":1744732,"relics_obtained":[{"floor":6,"key":"Bag of Preparation"}],"event_choices":[],"is_beta":false,"boss_relics":[],"items_purged_floors":[],"is_endless":false,"potions_floor_spawned":[1,3],"killed_by":"3 Sentries","ascension_level":20}}