{"host":"ecaj4hn004xnnrw9","time":1607558919,"event":{"gold_per_floor":[117,168,168,168,168,208,4,4,30,30,49,69,83,119,119,248,248,261,279,27,27,27],"floor_reached":21,"playtime":591,"items_purged":["Strike_R","Strike_R"],"score":296,"play_id":"5a045cdf-bba7-4936-a180-3020d8ef3c55","local_time":"20201210000839","is_ascension_mode":true,"campfire_choices":[{"floor":8,"key":"REST"},{"data":"Disarm","floor":10,"key":"SMITH"},{"floor":15,"key":"REST"}],"neow_cost":"NONE","seed_source_timestamp":31542415169200,"circlet_count":0,"master_deck":["Strike_R","Strike_R+1","Defend_R","Defend_R+2","Defend_R","Bash","Sword Boomerang","Fire Breathing+1","Cleave","Disarm+1","ReplayTheSpireMod:Muscle Training","ReplayTheSpireMod:Stacked","Pommel Strike","Feed+1","Limit Break+1","ReplayTheSpireMod:Muscle Training","Heavy Blade","Inflame","Shrug It Off"],"relics":["Black Star","Golden Idol","Replay:Accelerometer","Replay:Baseball","Membership Card","ReplayFunnel","Simple Rune","Meat on the Bone","Empty Cage","Guide Book"],"potions_floor_usage":[6,6,14,14,16,20,21],"damage_taken":[{"damage":9,"enemies":"Jaw Worm","floor":1,"turns":3},{"damage":12,"enemies":"3 Sentries","floor":6,"turns":3},{"damage":0,"enemies":"Small Slimes","floor":11,"turns":2},{"damage":1,"enemies":"2 Louse","floor":12,"turns":1},{"damage":11,"enemies":"Blue Slaver","floor":13,"turns":4},{"damage":10,"enemies":"Lagavulin","floor":14,"turns":5},{"damage":1,"enemies":"Slime Boss","floor":16,"turns":6},{"damage":32,"enemies":"Chosen","floor":18,"turns":6},{"damage":37,"enemies":"Shell Parasite","floor":19,"turns":4},{"damage":55,"enemies":"Cultist and Chosen","floor":21,"turns":6}],"seed_played":"-3548865346457532822","potions_obtained":[{"floor":2,"key":"SteroidPotion"},{"floor":2,"key":"Explosive Potion"},{"floor":2,"key":"Explosive Potion"},{"floor":11,"key":"FearPotion"},{"floor":13,"key":"CultistPotion"},{"floor":14,"key":"FearPotion"},{"floor":16,"key":"Elixir"}],"is_trial":false,"path_per_floor":["M","?","?","?","?","E","$","R","T","R","M","M","M","E","R","B",null,"M","M","$","M"],"character_chosen":"IRONCLAD","items_purchased":["Membership Card","Disarm","Inflame","Guide Book","Shrug It Off","Regen Potion","BloodPotion"],"campfire_rested":2,"item_purchase_floors":[7,7,20,20,20,20,20],"current_hp_per_floor":[71,39,23,23,23,11,11,33,33,33,33,32,21,11,33,44,67,47,25,40,0,0],"gold":27,"neow_bonus":"BOSS_RELIC","is_prod":false,"is_daily":false,"chose_seed":false,"campfire_upgraded":1,"win_rate":0,"timestamp":1607558919,"path_taken":["M","?","?","?","?","E","$","R","T","R","M","M","?","E","R","BOSS","M","M","$","M"],"build_version":"2020-11-30","purchased_purges":2,"victory":false,"max_hp_per_floor":[80,80,80,80,74,74,74,74,74,74,74,74,74,74,74,74,74,74,77,77,77,77],"card_choices":[{"not_picked":["Body Slam","Replay:Undeath\u0027s Touch"],"picked":"Sword Boomerang","floor":1},{"not_picked":["Life Link","Dropkick"],"picked":"Fire Breathing","floor":2},{"not_picked":["Replay:Undeath\u0027s Touch","Anger"],"picked":"Cleave","floor":6},{"not_picked":["Clothesline","Havoc"],"picked":"ReplayTheSpireMod:Muscle Training","floor":11},{"not_picked":["ReplayTheSpireMod:LeadingStrike","Clothesline"],"picked":"ReplayTheSpireMod:Stacked","floor":12},{"not_picked":["Anger","Thunderclap"],"picked":"Pommel Strike","floor":13},{"not_picked":["Dropkick","Wild Strike"],"picked":"Feed","floor":14},{"not_picked":["Demonic Infusion","Impervious"],"picked":"Limit Break","floor":16},{"not_picked":["Replay:Undeath\u0027s Touch+1","Flex"],"picked":"ReplayTheSpireMod:Muscle Training","floor":18},{"not_picked":["Twin Strike","Run Through"],"picked":"Heavy Blade","floor":19}],"player_experience":143906,"relics_obtained":[{"floor":6,"key":"Replay:Accelerometer"},{"floor":6,"key":"Replay:Baseball"},{"floor":9,"key":"ReplayFunnel"},{"floor":14,"key":"Simple Rune"},{"floor":14,"key":"Meat on the Bone"}],"event_choices":[{"damage_healed":0,"gold_gain":0,"player_choice":"Entered Light","damage_taken":16,"max_hp_gain":0,"max_hp_loss":0,"event_name":"Shining Light","floor":3,"gold_loss":0,"cards_upgraded":["Fire Breathing","Defend_R"]},{"damage_healed":0,"gold_gain":0,"player_choice":"Ignored","damage_taken":0,"max_hp_gain":0,"max_hp_loss":0,"event_name":"Liars Game","floor":4,"gold_loss":0},{"damage_healed":0,"gold_gain":0,"player_choice":"Lose Max HP","damage_taken":0,"relics_obtained":["Golden Idol"],"max_hp_gain":0,"max_hp_loss":6,"event_name":"Golden Idol","floor":5,"gold_loss":0}],"is_beta":false,"boss_relics":[{"not_picked":["Ectoplasm","Astrolabe"],"picked":"Empty Cage"}],"items_purged_floors":[7,20],"is_endless":false,"potions_floor_spawned":[11,13,14,16],"killed_by":"Cultist and Chosen","ascension_level":5}}