{"host":"0cnf9zf1gia27zti","time":1607630893,"event":{"mods":["BaseMod","Colored Map","Colored Powertips","StSLib","Downfall","Replay The Spire","BetterRewards","Minty Spire (QoL Compilation)","Quick Restart","Conspire","Shade Mod","Spicy Shops","Card Forge"],"gold_per_floor":[119,119,47,57,157,184,184,201,201,15,15,29,39,52,52,152,152,163,177,59,73,83,83,83,102,178,60,60,80,80,80],"floor_reached":30,"playtime":4000,"items_purged":["Normality"],"score":388,"play_id":"be4844ac-9aec-4e6d-b3f1-356c5aa5d2f9","local_time":"20201210200813","is_ascension_mode":true,"campfire_choices":[{"floor":7,"key":"DIG"},{"floor":11,"key":"DIG"},{"floor":15,"key":"DIG"},{"floor":23,"key":"REST"},{"floor":28,"key":"REST"}],"circlet_count":0,"master_deck":["AscendersBane","Survivor","Neutralize","Catalyst+1","Leg Sweep","Infinite Blades","Doppelganger","Skewer","Caltrops","Backflip","Replay:Bag of Tricks","Venomology","Deadly Poison","Bouncing Flask","Dash","Tools of the Trade","Backflip","Storm of Steel","Toxin Wave","Sucker Punch+1","Deflect+1","Footwork","PiercingWail","Catalyst","Catalyst","Blade Dance+1","Caltrops+1"],"relics":["Ring of the Snake","Hammer of Thor","Seething Fire","Anvil of the Gods","Shovel","Lee\u0027s Waffle","Replay:Wax Seal","Replay:Kaleidoscope","Oddly Smooth Stone","Dream Catcher","Vajra","Letter Opener","Membership Card","Orichalcum","ReplayTheSpireMod:Lightbulb","The Courier","Pandora\u0027s Box","InkBottle","Mango"],"acts_visited":["Exordium","TheCity"],"potions_floor_usage":[6,8,16,18,22,22,29,30],"damage_taken":[{"damage":2,"enemies":"2 Louse","floor":1,"turns":5},{"damage":0,"enemies":"Jaw Worm","floor":4,"turns":8},{"damage":8,"enemies":"Lagavulin","floor":6,"turns":12},{"damage":0,"enemies":"Cultist","floor":8,"turns":4},{"damage":1,"enemies":"Large Slime","floor":12,"turns":10},{"damage":5,"enemies":"Exordium Thugs","floor":13,"turns":6},{"damage":2,"enemies":"3 Louse","floor":14,"turns":5},{"damage":45,"enemies":"Hexaghost","floor":16,"turns":14},{"damage":24,"enemies":"2 Thieves","floor":18,"turns":5},{"damage":16,"enemies":"Spheric Guardian","floor":19,"turns":4},{"damage":10,"enemies":"Snake Plant","floor":21,"turns":3},{"damage":9,"enemies":"Sentry and Sphere","floor":22,"turns":6},{"damage":8,"enemies":"Shelled Parasite and Fungi","floor":25,"turns":5},{"damage":18,"enemies":"Chosen and Byrds","floor":29,"turns":6},{"damage":51,"enemies":"Cultist and Chosen","floor":30,"turns":6}],"seed_played":"5976561126615845328","potions_obtained":[{"floor":4,"key":"Adrenaline Potion"},{"floor":6,"key":"BlessingOfTheForge"},{"floor":14,"key":"AttackPotion"},{"floor":19,"key":"SteroidPotion"},{"floor":21,"key":"Dexterity Potion"}],"is_trial":false,"path_per_floor":["M","?","$","M","?","E","R","M","T","$","R","M","M","M","R","B",null,"M","M","$","M","M","R","?","M","T","$","R","M","M"],"character_chosen":"THE_SILENT","items_purchased":["Catalyst+1","Shovel","Lee\u0027s Waffle","Replay:Wax Seal","Replay:Kaleidoscope","Leg Sweep","Oddly Smooth Stone","Membership Card","Skewer","Orichalcum","Footwork","PiercingWail","Mango"],"campfire_rested":2,"item_purchase_floors":[0,0,0,0,0,0,3,10,10,10,20,20,27],"current_hp_per_floor":[75,68,68,68,68,60,60,60,60,60,60,59,54,52,52,7,60,36,20,20,10,1,24,24,16,16,30,57,39,0,0],"gold":80,"neow_bonus":"","is_daily":false,"chose_seed":false,"campfire_upgraded":0,"win_rate":0,"timestamp":1607630893,"path_taken":["M","?","$","M","?","E","R","M","T","$","R","M","?","M","R","BOSS","M","M","$","M","M","R","?","M","T","$","R","M","M"],"build_version":"2020-11-30","purchased_purges":1,"victory":false,"max_hp_per_floor":[77,77,77,77,77,77,77,77,77,77,77,77,77,77,77,77,77,77,77,77,77,77,77,77,77,77,91,91,91,91,91],"card_choices":[{"not_picked":["Quick Slash","Flying Knee","Flechettes"],"picked":"SKIP","floor":1},{"not_picked":["ReplayTheSpireMod:Shiv Toss","Distraction"],"picked":"Infinite Blades","floor":4},{"not_picked":["Underhanded Strike","Draining Mist"],"picked":"Doppelganger","floor":6},{"not_picked":["Deflect","Distraction","Underhanded Strike"],"picked":"SKIP","floor":8},{"not_picked":["Backstab","Dagger Spray"],"picked":"Caltrops","floor":12},{"not_picked":["Cloak And Dagger","Quick Slash","Endless Agony"],"picked":"SKIP","floor":13},{"not_picked":["Underhanded Strike","Draining Mist"],"picked":"Backflip","floor":14},{"not_picked":["Bullet Time","Corpse Explosion"],"picked":"Replay:Bag of Tricks","floor":16},{"not_picked":["Acrobatics","Bane"],"picked":"Sucker Punch+1","floor":18},{"not_picked":["Bouncing Flask","Skewer"],"picked":"Deflect+1","floor":19},{"not_picked":["All Out Attack","Backflip"],"picked":"Catalyst","floor":21},{"not_picked":["Dagger Spray","Backflip"],"picked":"Catalyst","floor":22},{"not_picked":["Unload","Backflip"],"picked":"Blade Dance+1","floor":25},{"not_picked":["Outmaneuver+1","Poisoned Stab"],"picked":"Caltrops+1","floor":28},{"not_picked":["Dodge and Roll","PiercingWail+1","Backflip"],"picked":"SKIP","floor":29}],"player_experience":1870868,"relics_obtained":[{"floor":6,"key":"Dream Catcher"},{"floor":7,"key":"Vajra"},{"floor":9,"key":"Letter Opener"},{"floor":11,"key":"ReplayTheSpireMod:Lightbulb"},{"floor":15,"key":"The Courier"},{"floor":26,"key":"InkBottle"}],"event_choices":[{"cards_removed":["Strike_G"],"damage_healed":0,"gold_gain":0,"player_choice":"Card Removal","damage_taken":7,"max_hp_gain":0,"max_hp_loss":0,"event_name":"Golden Wing","floor":2,"gold_loss":0},{"damage_healed":0,"gold_gain":100,"player_choice":"Pray","damage_taken":0,"max_hp_gain":0,"max_hp_loss":0,"event_name":"Golden Shrine","floor":5,"gold_loss":0},{"cards_removed":["Crippling Poison"],"damage_healed":0,"gold_gain":0,"player_choice":"Elegance","damage_taken":0,"max_hp_gain":0,"max_hp_loss":0,"event_name":"Back to Basics","floor":24,"gold_loss":0}],"is_beta":false,"boss_relics":[{"not_picked":["ReplayTheSpireMod:DimensionalGlitch","Painkiller Herb"],"picked":"Pandora\u0027s Box"}],"items_purged_floors":[20],"is_endless":false,"potions_floor_spawned":[4,6,14,19,21],"killed_by":"Cultist and Chosen","ascension_level":11}}