{"host":"tq11g1xvjhf4r9h6","time":1607590333,"event":{"gold_per_floor":[117,136,136,136,136,136,153,153,153,170,170,181,216,230,230,307,307,323,238,253,283,293,293,324,1,1,17,17,35,35,35,35,108,108,124,124,139,139,159,187,212,231,231,251,264,264,275,285,285,285,285],"floor_reached":50,"playtime":1431,"items_purged":[],"score":1071,"play_id":"7d642cd2-16d8-49a4-ba3f-2f543ebffad1","local_time":"20201210175213","is_ascension_mode":true,"campfire_choices":[{"data":"Catalyst","floor":6.0,"key":"SMITH"},{"floor":8.0,"key":"REST"},{"data":"Catalyst","floor":15.0,"key":"SMITH"},{"floor":23.0,"key":"REST"},{"floor":30.0,"key":"REST"},{"data":"Catalyst","floor":32.0,"key":"SMITH"},{"floor":46.0,"key":"REST"},{"floor":49.0,"key":"RECALL"}],"neow_cost":"NONE","seed_source_timestamp":51662313053200,"circlet_count":0,"master_deck":["AscendersBane","Defend_G","Defend_G","Defend_G","Defend_G","Survivor","Neutralize","Corpse Explosion","Dodge and Roll","Deadly Poison","Catalyst+1","Catalyst+1","Blur","Burst","Crippling Poison+1","Footwork+1","PiercingWail+1","Catalyst+1","Cloak And Dagger+1","Cloak And Dagger+1","Blur+1","Deadly Poison","Tools of the Trade+1"],"special_seed":0,"relics":["Ring of the Snake","Art of War","Frozen Egg 2","Mercury Hourglass","Empty Cage","MealTicket","Red Mask","Sundial","Membership Card","Letter Opener","Astrolabe","Mango","StoneCalendar","HornCleat"],"potions_floor_usage":[50],"damage_taken":[{"damage":1.0,"enemies":"Cultist","floor":1.0,"turns":4.0},{"damage":8.0,"enemies":"Small Slimes","floor":2.0,"turns":3.0},{"damage":2.0,"enemies":"Jaw Worm","floor":7.0,"turns":5.0},{"damage":11.0,"enemies":"Large Slime","floor":10.0,"turns":5.0},{"damage":0.0,"enemies":"Lots of Slimes","floor":12.0,"turns":1.0},{"damage":5.0,"enemies":"Gremlin Nob","floor":13.0,"turns":3.0},{"damage":7.0,"enemies":"Exordium Wildlife","floor":14.0,"turns":4.0},{"damage":16.0,"enemies":"Slime Boss","floor":16.0,"turns":7.0},{"damage":4.0,"enemies":"Chosen","floor":18.0,"turns":4.0},{"damage":14.0,"enemies":"2 Thieves","floor":20.0,"turns":2.0},{"damage":8.0,"enemies":"Masked Bandits","floor":21.0,"turns":4.0},{"damage":29.0,"enemies":"Cultist and Chosen","floor":22.0,"turns":4.0},{"damage":7.0,"enemies":"Gremlin Leader","floor":24.0,"turns":5.0},{"damage":18.0,"enemies":"Snake Plant","floor":27.0,"turns":2.0},{"damage":0.0,"enemies":"3 Cultists","floor":29.0,"turns":3.0},{"damage":13.0,"enemies":"Champ","floor":33.0,"turns":5.0},{"damage":8.0,"enemies":"Orb Walker","floor":35.0,"turns":2.0},{"damage":0.0,"enemies":"3 Darklings","floor":37.0,"turns":2.0},{"damage":16.0,"enemies":"Maw","floor":39.0,"turns":4.0},{"damage":3.0,"enemies":"Giant Head","floor":40.0,"turns":4.0},{"damage":1.0,"enemies":"Mind Bloom Boss Battle","floor":41.0,"turns":7.0},{"damage":13.0,"enemies":"Spire Growth","floor":42.0,"turns":3.0},{"damage":11.0,"enemies":"Sphere and 2 Shapes","floor":44.0,"turns":6.0},{"damage":0.0,"enemies":"Transient","floor":45.0,"turns":5.0},{"damage":0.0,"enemies":"Spire Growth","floor":47.0,"turns":4.0},{"damage":31.0,"enemies":"Writhing Mass","floor":48.0,"turns":6.0},{"damage":19,"enemies":"Awakened One","floor":50,"turns":3}],"seed_played":"5744652268800958670","potions_obtained":[{"floor":10.0,"key":"SneckoOil"},{"floor":11.0,"key":"EntropicBrew"},{"floor":11.0,"key":"AttackPotion"},{"floor":22.0,"key":"BlessingOfTheForge"},{"floor":39.0,"key":"Block Potion"},{"floor":48.0,"key":"GamblersBrew"}],"is_trial":false,"path_per_floor":["M","M","?","?","?","R","M","R","T","M","?","M","E","M","R","B",null,"M","?","M","?","M","R","E","$","T","M","?","M","R","?","R","B",null,"M","?","M","?","M","E","?","M","T","M","M","R","M","M","R","B"],"character_chosen":"THE_SILENT","items_purchased":["Membership Card","Letter Opener","Swift Potion"],"campfire_rested":4,"item_purchase_floors":[25,25,25],"current_hp_per_floor":[58,50,39,39,39,39,37,56,56,45,45,45,40,33,33,17,54,50,50,36,28,19,38,31,46,46,28,28,28,47,47,47,34,58,50,50,50,55,39,50,49,36,36,25,25,48,48,17,17,0,0],"gold":285,"neow_bonus":"ONE_RANDOM_RARE_CARD","is_prod":false,"is_daily":false,"chose_seed":false,"campfire_upgraded":3,"win_rate":0,"timestamp":1607590333,"path_taken":["M","?","?","?","?","R","M","R","T","M","?","?","E","M","R","BOSS","M","?","M","?","?","R","E","$","T","?","?","M","R","?","R","BOSS","M","?","M","?","?","E","?","M","T","M","M","R","M","M","R","BOSS"],"build_version":"2020-11-30","purchased_purges":0,"victory":false,"max_hp_per_floor":[66,66,66,66,66,66,66,66,66,66,66,66,66,66,66,66,66,66,66,66,66,66,66,66,66,66,66,66,66,66,66,66,66,66,66,63,63,63,63,77,77,77,77,77,77,77,77,77,77,77,77],"relic_stats":{"counters":[27,107],"Sundial":[4],"Astrolabe":["Cloak And Dagger","Underhanded Strike","Cloak And Dagger"],"MealTicket":15,"StoneCalendar":[0],"Art of War":[37],"Letter Opener":[195],"obtain_stats":[{"Astrolabe":34,"Mango":40,"StoneCalendar":41,"Letter Opener":25,"Frozen Egg 2":9,"Empty Cage":17,"Mercury Hourglass":13,"HornCleat":43,"Sundial":24,"MealTicket":19,"Art of War":3,"Red Mask":21,"Membership Card":25,"Ring of the Snake":0},{"Astrolabe":16,"Mango":20,"StoneCalendar":21,"Letter Opener":13,"Frozen Egg 2":3,"Empty Cage":8,"Mercury Hourglass":6,"HornCleat":22,"Sundial":13,"MealTicket":9,"Art of War":2,"Red Mask":11,"Membership Card":13,"Ring of the Snake":0},{"Astrolabe":61,"Mango":73,"StoneCalendar":80,"Letter Opener":51,"Frozen Egg 2":12,"Empty Cage":32,"Mercury Hourglass":21,"HornCleat":83,"Sundial":51,"MealTicket":36,"Art of War":7,"Red Mask":42,"Membership Card":51,"Ring of the Snake":0}],"Ring of the Snake":[54],"Mercury Hourglass":[351]},"card_choices":[{"not_picked":["Deflect","Underhanded Strike"],"picked":"Dodge and Roll","floor":1.0},{"not_picked":["Dagger Throw","Sucker Punch"],"picked":"Deadly Poison","floor":2.0},{"not_picked":["Unload","Endless Agony","Backstab"],"picked":"SKIP","floor":7.0},{"not_picked":["Skewer","Blade Dance"],"picked":"Catalyst","floor":10.0},{"not_picked":["Acrobatics","Flying Knee","Outmaneuver"],"picked":"SKIP","floor":12.0},{"not_picked":["Dagger Throw","Leg Sweep"],"picked":"Wraith Form v2+1","floor":13.0},{"not_picked":["Prepared","Leg Sweep"],"picked":"Blur","floor":14.0},{"not_picked":["After Image+1","Unload"],"picked":"Burst","floor":16.0},{"not_picked":["Flying Knee","Terror+1","Distraction"],"picked":"SKIP","floor":18.0},{"not_picked":["Bane","Reflex","Expertise"],"picked":"SKIP","floor":20.0},{"not_picked":["Backflip","Dash"],"picked":"Crippling Poison+1","floor":22.0},{"not_picked":["Blur","Skewer","Deflect"],"picked":"SKIP","floor":24.0},{"not_picked":["All Out Attack","Blur+1"],"picked":"Footwork+1","floor":27.0},{"not_picked":["Prepared+1","Sucker Punch+1"],"picked":"PiercingWail+1","floor":29.0},{"not_picked":["Acrobatics","Underhanded Strike","Flying Knee"],"picked":"SKIP","floor":35.0},{"not_picked":["Eviscerate+1","Endless Agony"],"picked":"Blur+1","floor":37.0},{"not_picked":["Dagger Throw","Terror","Bane+1"],"picked":"SKIP","floor":39.0},{"not_picked":["Deflect","Dagger Spray","Dagger Throw"],"picked":"SKIP","floor":40.0},{"not_picked":["Prepared+1","Poisoned Stab","Blade Dance"],"picked":"SKIP","floor":42.0},{"not_picked":["PiercingWail","Dodge and Roll"],"picked":"Deadly Poison","floor":44.0},{"not_picked":["Acrobatics","Terror"],"picked":"Tools of the Trade+1","floor":45.0},{"not_picked":["PiercingWail","Noxious Fumes+1","Cloak And Dagger+1"],"picked":"SKIP","floor":47.0},{"not_picked":["Cloak And Dagger+1","Finisher+1","Acrobatics"],"picked":"SKIP","floor":48.0}],"player_experience":348646,"relics_obtained":[{"floor":9.0,"key":"Frozen Egg 2"},{"floor":13.0,"key":"Mercury Hourglass"},{"floor":21.0,"key":"Red Mask"},{"floor":24.0,"key":"Sundial"},{"floor":40.0,"key":"Mango"},{"floor":41.0,"key":"StoneCalendar"},{"floor":43.0,"key":"HornCleat"}],"event_choices":[{"damage_healed":0.0,"max_hp_gain":0.0,"max_hp_loss":0.0,"gold_gain":0.0,"event_name":"Scrap Ooze","player_choice":"Success","floor":3.0,"gold_loss":0.0,"damage_taken":11.0,"relics_obtained":["Art of War"]},{"damage_healed":0.0,"max_hp_gain":0.0,"max_hp_loss":0.0,"gold_gain":0.0,"cards_transformed":["Strike_G"],"event_name":"Living Wall","player_choice":"Change","floor":4.0,"gold_loss":0.0,"damage_taken":0.0,"cards_obtained":["Catalyst"]},{"damage_healed":0.0,"max_hp_gain":0.0,"max_hp_loss":0.0,"gold_gain":0.0,"event_name":"Shining Light","player_choice":"Ignored","floor":5.0,"gold_loss":0.0,"damage_taken":0.0},{"damage_healed":0.0,"max_hp_gain":0.0,"max_hp_loss":0.0,"gold_gain":0.0,"event_name":"Lab","player_choice":"Got Potions","floor":11.0,"gold_loss":0.0,"damage_taken":0.0},{"damage_healed":0.0,"max_hp_gain":0.0,"max_hp_loss":0.0,"gold_gain":0.0,"event_name":"Addict","player_choice":"Obtained Relic","floor":19.0,"gold_loss":85.0,"damage_taken":0.0,"relics_obtained":["MealTicket"]},{"damage_healed":0.0,"max_hp_gain":0.0,"max_hp_loss":0.0,"gold_gain":0.0,"event_name":"Masked Bandits","player_choice":"Fought Bandits","floor":21.0,"gold_loss":0.0,"damage_taken":0.0},{"cards_removed":["Wraith Form v2"],"damage_healed":0.0,"max_hp_gain":0.0,"max_hp_loss":0.0,"gold_gain":0.0,"event_name":"Back to Basics","player_choice":"Elegance","floor":28.0,"gold_loss":0.0,"damage_taken":0.0},{"damage_healed":0.0,"max_hp_gain":0.0,"max_hp_loss":0.0,"gold_gain":0.0,"event_name":"The Library","player_choice":"Read","floor":31.0,"gold_loss":0.0,"damage_taken":0.0,"cards_obtained":["Catalyst"]},{"damage_healed":0.0,"max_hp_gain":0.0,"max_hp_loss":3.0,"gold_gain":0.0,"event_name":"Winding Halls","player_choice":"Max HP","floor":36.0,"gold_loss":0.0,"damage_taken":0.0},{"cards_removed":["Underhanded Strike"],"damage_healed":5.0,"max_hp_gain":0.0,"max_hp_loss":0.0,"gold_gain":0.0,"event_name":"Bonfire Elementals","player_choice":"Offered Common","floor":38.0,"gold_loss":0.0,"damage_taken":0.0},{"cards_removed":["Underhanded Strike"],"damage_healed":5.0,"max_hp_gain":0.0,"max_hp_loss":0.0,"gold_gain":0.0,"event_name":"Bonfire Elementals","player_choice":"Offered Special","floor":38.0,"gold_loss":0.0,"damage_taken":0.0},{"damage_healed":0.0,"max_hp_gain":0.0,"max_hp_loss":0.0,"gold_gain":0.0,"event_name":"MindBloom","player_choice":"Fight","floor":41.0,"gold_loss":0.0,"damage_taken":0.0}],"is_beta":false,"boss_relics":[{"not_picked":["Fusion Hammer","Pandora\u0027s Box"],"picked":"Empty Cage"},{"not_picked":["SacredBark","Black Star"],"picked":"Astrolabe"}],"items_purged_floors":[],"is_endless":false,"potions_floor_spawned":[10,13,14,16,20,22,27,29,33,37,39,41,48],"killed_by":"Awakened One","ascension_level":20}}