{"host":"kosfzzvw61a59szc","time":1607604461,"event":{"gold_per_floor":[118,118,118,118,118,149,112,144,144,169,169,200,214,214,214],"floor_reached":14,"playtime":1175,"items_purged":[],"score":144,"play_id":"6a618c3f-db10-4555-bf06-463b72c76429","local_time":"20201210204741","is_ascension_mode":true,"campfire_choices":[{"data":"Echo Form","floor":11,"key":"SMITH"}],"neow_cost":"NONE","seed_source_timestamp":23163478352400,"circlet_count":0,"master_deck":["TheCursedMod:Strike_TheCursed","TheCursedMod:Strike_TheCursed","TheCursedMod:Strike_TheCursed","TheCursedMod:Defend_TheCursed+1","TheCursedMod:Defend_TheCursed+1","TheCursedMod:Defend_TheCursed+1","TheCursedMod:Defend_TheCursed+1","TheCursedMod:CursedWand","TheCursedMod:CleanUpWorkshop+1","TheCursedMod:Dregs","TheCursedMod:SurpriseAttack","TheCursedMod:AbyssShockwave","Hallucinations","Echo Form+1","TheCursedMod:StingEye","TheCursedMod:SpitefulStrike","Pain","TheCursedMod:CircleOfFocus","TheCursedMod:HellfireBreathing","TheCursedMod:CursedBoomerang","TheCursedMod:SpitefulPlan","TheCursedMod:ManaCirculation","TheCursedMod:TroublousMinions"],"relics":["TheCursedMod:BlackMagic101","REME_ComplimentaryCards","ReplayTheSpireMod:Ring of Challenge","Ring of Fury","Mango","Gensokyo:LunaticRedEyes","Pantograph","Gambling Chip","War Paint","Replay:Bottled Eggs"],"potions_floor_usage":[14,14],"damage_taken":[{"damage":1,"enemies":"Gensokyo:2_Kodama","floor":1,"turns":3},{"damage":7,"enemies":"Gensokyo:Mamizou","floor":6,"turns":6},{"damage":14,"enemies":"Gensokyo:Aya","floor":8,"turns":4},{"damage":6,"enemies":"Gensokyo:Mamizou","floor":10,"turns":4},{"damage":23,"enemies":"Gensokyo:Aya","floor":12,"turns":4},{"damage":0,"enemies":"Gensokyo:Python","floor":13,"turns":2},{"damage":17,"enemies":"Gensokyo:Mamizou","floor":14,"turns":6}],"seed_played":"-7538416068046391934","potions_obtained":[{"floor":1,"key":"PowerPotion"},{"floor":6,"key":"Toxic Potion"}],"is_trial":false,"path_per_floor":["M","?","?","?","?","E","$","E","T","E","R","E","M","E"],"character_chosen":"THE_CURSED","items_purchased":["TheCursedMod:HellfireBreathing"],"campfire_rested":0,"item_purchase_floors":[7],"current_hp_per_floor":[74,74,74,67,67,60,60,46,46,40,40,17,17,0,0],"gold":214,"neow_bonus":"TRANSFORM_CARD","is_prod":false,"is_daily":false,"chose_seed":false,"campfire_upgraded":1,"win_rate":0,"timestamp":1607604461,"path_taken":["M","?","?","?","?","E","$","E","T","E","R","E","M","E"],"build_version":"2020-11-30","purchased_purges":0,"victory":false,"max_hp_per_floor":[75,75,75,89,89,89,89,89,89,89,89,89,89,89,89],"card_choices":[{"not_picked":["TheCursedMod:Obscuration","TheCursedMod:RavingStaff"],"picked":"TheCursedMod:AbyssShockwave","floor":1},{"not_picked":["TheCursedMod:AshesToAshes","TheCursedMod:Stretching"],"picked":"TheCursedMod:StingEye","floor":3},{"not_picked":["TheCursedMod:Obscuration","TheCursedMod:RavingStaff"],"picked":"TheCursedMod:SpitefulStrike","floor":3},{"not_picked":["TheCursedMod:SurpriseAttack","TheCursedMod:VitalStrike"],"picked":"TheCursedMod:CircleOfFocus","floor":6},{"not_picked":["TheCursedMod:CursedShiv","TheCursedMod:DarkBarrier"],"picked":"TheCursedMod:CursedBoomerang","floor":8},{"not_picked":["TheCursedMod:Wield","TheCursedMod:CursedShiv"],"picked":"TheCursedMod:SpitefulPlan","floor":10},{"not_picked":["TheCursedMod:SurpriseAttack","TheCursedMod:RapidMovement"],"picked":"TheCursedMod:ManaCirculation","floor":12},{"not_picked":["TheCursedMod:CursedBlade","TheCursedMod:CircleOfCorruption"],"picked":"TheCursedMod:TroublousMinions","floor":13}],"player_experience":1255019,"relics_obtained":[{"floor":2,"key":"ReplayTheSpireMod:Ring of Challenge"},{"floor":2,"key":"Ring of Fury"},{"floor":6,"key":"Pantograph"},{"floor":8,"key":"Gambling Chip"},{"floor":10,"key":"War Paint"},{"floor":12,"key":"Replay:Bottled Eggs"}],"event_choices":[],"is_beta":false,"boss_relics":[],"items_purged_floors":[],"is_endless":false,"potions_floor_spawned":[1,6],"killed_by":"Gensokyo:Mamizou","ascension_level":1}}