{"host":"xxi53rn2ndafw16n","time":1607632518,"event":{"mods":["BaseMod","StSLib","Marisa（F雨　魔理沙）","【角色mod】十八桐人","Remilia（蕾米莉亚）","RumiaBox-露米娅的神秘盒子","Youmu（魂魄妖梦）","vexMod","Act Like it!","Gensokyo","Remove Card Discount Mod","Colored Map","Gold Saver","Replay The Spire","【功能Mod】混沌之环修复补丁","Minty Spire (QoL Compilation)","篝火指南","Reimu（博丽灵梦）","HololiveMod","Waifu the Spire","WarShipGirlsR/战舰少女R mod","Downfall","Dota2Spire","MostiFishMod","【东方二次创作】八云紫mod","The Bug Knight"],"gold_per_floor":[113,113,113,130,140,175,167,201,201,235,246,258,65,77,77,196,196,207,230,230,245,265,293,305,334,379,109,109,109,109,141,141,236,236,256,148,159,178,178,204,221,231,231,249,280,280,334,349,349,349],"floor_reached":51,"playtime":1397,"items_purged":["Strike_Black","Strike_Black","Defend_Black","Defend_Black","Defend_Black","Defend_Black","StarBurstStream_Black","MostiFishMod:FantasySummer","WithoutFear_Black+1","SwordDance_Black","Strike_Black+1","Strike_Black+1","Attacker_Black","MostiFishMod:Neptune","SunBlade_Black"],"score":1609,"play_id":"4017e2b5-865e-430c-a918-05111b571aba","local_time":"20201211043518","is_ascension_mode":true,"campfire_choices":[{"data":"SwordDance_Black","floor":15,"key":"SMITH"},{"data":"MostiFishMod:TheEndOfMoonlight","floor":30,"key":"SMITH"},{"data":"SpeedBlade1_Black","floor":32,"key":"SMITH"},{"data":"MostiFishMod:SparklingWater","floor":46,"key":"SMITH"},{"data":"MostiFishMod:NightSea","floor":49,"key":"SMITH"}],"circlet_count":0,"master_deck":["Observe_Black","Defender_Black+1","Stab_Black","Master of Strategy","SwordDance_Black+1","MostiFishMod:TheEndOfMoonlight+1","MostiFishMod:SparklingWater+1","MostiFishMod:NightSea+1","ThespeedofsoundToattack_Black","SpeedBlade1_Black+1","Track_Black+1","ThespeedofsoundToattack_Black+1"],"relics":["TheHeartOfYui","Aincard","DaveBox","FeatherPendant","NeowsBlessing","Question Card","vexMod:ConsolationPrize","The Courier","Replay:Bottled Eggs","Meat on the Bone","ImportantClient","MoonlightInvasionPlan","ScarletDevilRocket","Quantum Egg","Happy Flower","Bottled Lightning","Strange Spoon","MutagenicStrength","Dota2Spire:EtherealBlade","OneHitWonderSystem","Dodecahedron","Bronze Scales","Singing Bowl","MidnightCoat","FossilizedHelix"],"acts_visited":["Exordium","TheCity","TheBeyond"],"potions_floor_usage":[16],"damage_taken":[{"damage":0,"enemies":"Jaw Worm","floor":1,"turns":1},{"damage":0,"enemies":"2 Louse","floor":4,"turns":1},{"damage":0,"enemies":"Small Slimes","floor":5,"turns":1},{"damage":10,"enemies":"3 Sentries","floor":6,"turns":6},{"damage":1,"enemies":"Lagavulin","floor":8,"turns":4},{"damage":3,"enemies":"Gremlin Nob","floor":10,"turns":3},{"damage":0,"enemies":"3 Louse","floor":11,"turns":3},{"damage":0,"enemies":"Looter","floor":12,"turns":3},{"damage":0,"enemies":"Exordium Thugs","floor":14,"turns":2},{"damage":23,"enemies":"Hexaghost","floor":16,"turns":4},{"damage":0,"enemies":"Shell Parasite","floor":18,"turns":1},{"damage":6,"enemies":"2 Thieves","floor":19,"turns":2},{"damage":0,"enemies":"3 Cultists","floor":21,"turns":2},{"damage":0,"enemies":"Shelled Parasite and Fungi","floor":22,"turns":1},{"damage":0,"enemies":"HollowMod:Nosk","floor":23,"turns":2},{"damage":0,"enemies":"Sentry and Sphere","floor":24,"turns":1},{"damage":0,"enemies":"Replay:Snechameleon","floor":25,"turns":2},{"damage":0,"enemies":"HollowMod:Nosk","floor":31,"turns":1},{"damage":0,"enemies":"Pondfish","floor":33,"turns":2},{"damage":0,"enemies":"3 Darklings","floor":35,"turns":1},{"damage":0,"enemies":"3 Shapes","floor":37,"turns":1},{"damage":0,"enemies":"Spire Growth","floor":38,"turns":1},{"damage":0,"enemies":"Reptomancer","floor":40,"turns":1},{"damage":0,"enemies":"Writhing Mass","floor":41,"turns":1},{"damage":0,"enemies":"Sphere and 2 Shapes","floor":42,"turns":1},{"damage":0,"enemies":"Maw","floor":44,"turns":1},{"damage":0,"enemies":"R_Hoarder","floor":45,"turns":2},{"damage":0,"enemies":"2 Orb Walkers","floor":47,"turns":1},{"damage":0,"enemies":"4 Shapes","floor":48,"turns":1},{"damage":0,"enemies":"Replay:Hell Engine","floor":50,"turns":1}],"seed_played":"5343998020362477438","potions_obtained":[{"floor":4,"key":"SpeedPotion"},{"floor":8,"key":"Regen Potion"},{"floor":11,"key":"LiquidBronze"},{"floor":19,"key":"Dota2Spire:Clarity"},{"floor":24,"key":"FearPotion"},{"floor":25,"key":"BlessingOfTheForge"},{"floor":42,"key":"SpeedPotion"}],"is_trial":false,"path_per_floor":["M","?","?","M","M","E","$","E","T","E","M","M","$","M","R","B",null,"M","M","?","M","M","E","M","E","T","$","?","?","R","E","R","B",null,"M","$","M","M","?","E","M","M","T","M","E","R","?","M","R","B",null],"character_chosen":"THE_KIRITO","items_purchased":["Master of Strategy","SwordDance_Black","Bottled Lightning","Strange Spoon","Dodecahedron"],"campfire_rested":0,"item_purchase_floors":[13,13,27,27,36],"current_hp_per_floor":[72,72,72,72,72,62,62,61,61,58,58,58,58,58,58,47,72,72,66,66,66,66,66,66,66,66,66,66,66,66,66,66,66,1,1,1,1,1,1,1,1,1,1,3,3,1,3,1,1,1],"gold":349,"neow_bonus":"THREE_ENEMY_KILL","is_daily":false,"chose_seed":false,"campfire_upgraded":5,"win_rate":0,"timestamp":1607632518,"path_taken":["M","?","?","M","M","E","$","E","T","E","M","M","$","M","R","BOSS","M","M","?","M","M","E","M","E","T","$","?","?","R","E","R","BOSS","M","$","M","M","?","E","M","M","T","M","E","R","?","M","R","BOSS"],"build_version":"2020-11-30","purchased_purges":15,"victory":true,"max_hp_per_floor":[80,80,80,80,80,80,80,80,80,80,80,80,80,80,80,80,80,80,80,80,80,80,80,80,80,80,80,80,80,80,80,80,80,1,1,1,1,1,1,1,1,1,1,3,3,1,3,1,1,1],"card_choices":[{"not_picked":["SunBlade_Black","Guard_Black"],"picked":"Defender_Black","floor":1},{"not_picked":["DoubleAttack_Black","Mark_Black","WeakHit_Black","Track_Black"],"picked":"SKIP","floor":4},{"not_picked":["Thrust_Black","PrewarPrepare_Black","Guard_Black","FlashPuncture_Black"],"picked":"SKIP","floor":5},{"not_picked":["DoubleCut_Black","Kiriko_Black","Exercise2_Black"],"picked":"Stab_Black","floor":6},{"not_picked":["Beater_Black","SmokeScreen_Black","WithoutFear_Black"],"picked":"StarBurstStream_Black","floor":8},{"not_picked":["HeroicBearing_Black","SmokeScreen_Black","Track_Black","Intimidate_Black"],"picked":"SKIP","floor":10},{"not_picked":["BrokenRibs_Black","HeartyMeal_Black","Defender_Black"],"picked":"Attacker_Black","floor":11},{"not_picked":["MentalSkills_Black","WartimeReply_Black","WithoutFear_Black","Smile_Black"],"picked":"SKIP","floor":12},{"not_picked":["Spitting_Black","StarSpatter_Black","SmokeScreen_Black"],"picked":"SwordDance_Black","floor":14},{"not_picked":["HighSpeedReaction_Black","Guard_Black+1","Smile_Black"],"picked":"SunBlade_Black","floor":18},{"not_picked":["PrewarPrepare_Black+1","HighSpeedReaction_Black","HeroicBearing_Black","BrokenRibs_Black"],"picked":"SKIP","floor":19},{"not_picked":["BrokenRibs_Black+1","Attacker_Black","DoubleAttack_Black"],"picked":"WithoutFear_Black+1","floor":21},{"not_picked":["BrokenRibs_Black+1","BrilliantBlade_Black","DoubleCut_Black+1","Defender_Black"],"picked":"SKIP","floor":22},{"not_picked":["Exercise1_Black+1","StrengthTransform_Black+1","PrewarPrepare_Black+1","TrueLove_Black"],"picked":"SKIP","floor":23},{"not_picked":["HeroicBearing_Black","Stab_Black+1","HorizontalSquareChopping_Black","SmokeScreen_Black"],"picked":"SKIP","floor":24},{"not_picked":["StarBurstStream_Black+1","Stab_Black","StrengthTransform_Black","Smile_Black"],"picked":"SKIP","floor":25},{"not_picked":["MentalSkills_Black","Defender_Black","SunBlade_Black"],"picked":"SpeedBlade1_Black","floor":31},{"not_picked":["DexterityTransform_Black+1","HorizontalSquareChopping_Black","HeroicBearing_Black+1","SunBlade_Black+1"],"picked":"SKIP","floor":35},{"not_picked":["GunFight_Black+1","Defender_Black+1","SwordDance_Black","SelfCongested_Black"],"picked":"SKIP","floor":37},{"not_picked":["Smile_Black","HeartyMeal_Black+1","WithoutFear_Black+1","SwordDance_Black+1"],"picked":"SKIP","floor":38},{"not_picked":["Defender_Black+1","Intimidate_Black","SmokeScreen_Black+1"],"picked":"Track_Black+1","floor":40},{"not_picked":["SunBlade_Black","BrokenRibs_Black+1","Beater_Black","Guard_Black+1"],"picked":"SKIP","floor":41},{"not_picked":["BrokenRibs_Black+1","CuttingEdge_Black","Attacker_Black+1"],"picked":"ThespeedofsoundToattack_Black+1","floor":42},{"not_picked":["HorizontalSquareChopping_Black","CuttingEdge_Black+1","Stab_Black+1","SmokeScreen_Black+1"],"picked":"Singing Bowl","floor":44},{"not_picked":["BrilliantBlade_Black","DoubleAttack_Black","WeakHit_Black","DefensiveStance_Black+1"],"picked":"Singing Bowl","floor":45},{"not_picked":["Exercise2_Black+1","WeakHit_Black+1","DoubleAttack_Black","StarSpatter_Black+1"],"picked":"Singing Bowl","floor":47},{"not_picked":["DoubleAttack_Black","StrengthTransform_Black","Spitting_Black","Defender_Black"],"picked":"SKIP","floor":48}],"player_experience":448146,"relics_obtained":[{"floor":1,"key":"Question Card"},{"floor":6,"key":"vexMod:ConsolationPrize"},{"floor":8,"key":"The Courier"},{"floor":9,"key":"Replay:Bottled Eggs"},{"floor":10,"key":"Meat on the Bone"},{"floor":16,"key":"ImportantClient"},{"floor":23,"key":"ScarletDevilRocket"},{"floor":25,"key":"Quantum Egg"},{"floor":26,"key":"Happy Flower"},{"floor":31,"key":"Dota2Spire:EtherealBlade"},{"floor":40,"key":"Bronze Scales"},{"floor":43,"key":"Singing Bowl"},{"floor":45,"key":"MidnightCoat"},{"floor":47,"key":"FossilizedHelix"}],"event_choices":[{"damage_healed":0,"gold_gain":0,"player_choice":"Leave","damage_taken":0,"max_hp_gain":0,"max_hp_loss":0,"event_name":"The Cleric","floor":2,"gold_loss":0},{"damage_healed":0,"gold_gain":0,"player_choice":"Grow","damage_taken":0,"max_hp_gain":0,"max_hp_loss":0,"event_name":"Living Wall","floor":3,"gold_loss":0,"cards_upgraded":["Defender_Black"]},{"damage_healed":0,"gold_gain":0,"player_choice":"Read","damage_taken":0,"max_hp_gain":0,"max_hp_loss":0,"event_name":"The Library","floor":20,"gold_loss":0,"cards_obtained":["ThespeedofsoundToattack_Black"]},{"damage_healed":0,"gold_gain":0,"player_choice":"Inject Mutagens","damage_taken":0,"relics_obtained":["MutagenicStrength"],"max_hp_gain":0,"max_hp_loss":0,"event_name":"Drug Dealer","floor":28,"gold_loss":0},{"damage_healed":0,"gold_gain":0,"player_choice":"Ignored","damage_taken":0,"max_hp_gain":0,"max_hp_loss":0,"event_name":"Vampires","floor":29,"gold_loss":0},{"damage_healed":0,"gold_gain":0,"player_choice":"Fight","damage_taken":0,"max_hp_gain":0,"max_hp_loss":0,"event_name":"Mysterious Sphere","floor":47,"gold_loss":0}],"is_beta":false,"boss_relics":[{"not_picked":["vexMod:DeviousBotling","Hololive_ChaosS"],"picked":"MoonlightInvasionPlan"},{"not_picked":["Replay:Ancient Bell","Kintsugi"],"picked":"OneHitWonderSystem"}],"items_purged_floors":[7,7,7,7,27,27,27,27,27,27,36,36,36,36,36],"is_endless":false,"potions_floor_spawned":[4,8,10,11,12,14,19,24,25,40,42,47,48],"ascension_level":9}}