{"host":"pl1fbpkom0aq337f","time":1607597200,"event":{"gold_per_floor":[215,140,151,168,69,82,82,126,182,231,231,276,276,331,331,331,481,481,527,332,350,359,127,170,170,229,229,254,279,35,35,35,137,169,169,169,349,349,454,329,394,485,818,818,818,884,884,960,969,1009,1009,0,15,15,24,24],"floor_reached":57,"playtime":3008,"items_purged":["Strike_MRS","Shame","Strike_MRS"],"score":1306,"play_id":"4ffb1041-3dad-46ba-ac5e-f3abe903c8c1","local_time":"20201210114640","is_ascension_mode":true,"campfire_choices":[{"data":"WitchOfGreed","floor":7.0,"key":"SMITH"},{"floor":16.0,"key":"REST"},{"data":"OortCloud","floor":25.0,"key":"SMITH"},{"data":"MachineGunSpark","floor":32.0,"key":"SMITH"},{"data":"StarDustReverie","floor":35,"key":"SMITH"},{"floor":36,"key":"REST"},{"floor":44,"key":"REST"},{"data":"EventHorizon","floor":51,"key":"SMITH"},{"data":"SprinkleStarSeal","floor":54,"key":"SMITH"},{"floor":55,"key":"REST"}],"neow_cost":"NONE","seed_source_timestamp":63247896553300,"circlet_count":0,"master_deck":["AscendersBane","Strike_MRS","Strike_MRS","Defend_MRS","Defend_MRS","Defend_MRS","Defend_MRS","MasterSpark","UpSweep","GrandCross","StarDustReverie+1","WitchOfGreed+1","DoubleSpark","AsteroidBelt","ShootingEcho","MilkyWay","AsteroidBelt","SprinkleStarSeal+1","CasketOfStar","MysteriousBeam","GrandCross","IllusionStar","AsteroidBelt","MachineGunSpark+1","OortCloud+1","GrandCross","WitchOfGreed","NonDirectionalLaser","WitchOfGreed+1","OrrerysSun+1","CasketOfStar","ShootTheMoon","EventHorizon+1","EventHorizon+1","Doubt","GrandCross+1","MilkyWay+1"],"special_seed":0,"relics":["MiniHakkero","HornCleat","Dream Catcher","Shuriken","ExperimentalFamiliar","CeramicFish","Sling","Strawberry","Oddly Smooth Stone","Blood Vial","Boot","Torii","Black Star","CatCart","Molten Egg 2","Mercury Hourglass","Toxic Egg 2","Centennial Puzzle","Happy Flower","Nunchaku","Vajra","Red Mask"],"potions_floor_usage":[33,33,34,39,41,42,42,56,56],"damage_taken":[{"damage":0.0,"enemies":"Cultist","floor":1.0,"turns":3.0},{"damage":7.0,"enemies":"Jaw Worm","floor":3.0,"turns":3.0},{"damage":1.0,"enemies":"2 Louse","floor":4.0,"turns":3.0},{"damage":6.0,"enemies":"Looter","floor":6.0,"turns":2.0},{"damage":17.0,"enemies":"Exordium Thugs","floor":8.0,"turns":5.0},{"damage":10.0,"enemies":"Gremlin Nob","floor":9.0,"turns":3.0},{"damage":0.0,"enemies":"3 Louse","floor":12.0,"turns":4.0},{"damage":1.0,"enemies":"Exordium Wildlife","floor":14.0,"turns":3.0},{"damage":28.0,"enemies":"The Guardian","floor":17.0,"turns":12.0},{"damage":2.0,"enemies":"Chosen","floor":19.0,"turns":2.0},{"damage":0.0,"enemies":"Spheric Guardian","floor":21.0,"turns":1.0},{"damage":28.0,"enemies":"Gremlin Leader","floor":24.0,"turns":7.0},{"damage":16.0,"enemies":"Snake Plant","floor":26.0,"turns":3.0},{"damage":0,"enemies":"Slavers","floor":33,"turns":5},{"damage":0,"enemies":"Snecko","floor":34,"turns":3},{"damage":38,"enemies":"Automaton","floor":37,"turns":8},{"damage":10,"enemies":"Orb Walker","floor":39,"turns":3},{"damage":9,"enemies":"3 Darklings","floor":41,"turns":5},{"damage":37,"enemies":"Orin","floor":42,"turns":8},{"damage":1,"enemies":"Reptomancer","floor":46,"turns":6},{"damage":22,"enemies":"Giant Head","floor":48,"turns":7},{"damage":28,"enemies":"Nemesis","floor":50,"turns":6},{"damage":0,"enemies":"Jaw Worm Horde","floor":53,"turns":3},{"damage":68,"enemies":"Awakened One","floor":56,"turns":8}],"seed_played":"-6307117500624122919","potions_obtained":[{"floor":6.0,"key":"ShroomBrew"},{"floor":8.0,"key":"Strength Potion"},{"floor":9.0,"key":"FearPotion"},{"floor":9.0,"key":"LiquidMemories"},{"floor":17.0,"key":"Block Potion"},{"floor":19.0,"key":"Regen Potion"},{"floor":26.0,"key":"LiquidBronze"},{"floor":26.0,"key":"Swift Potion"},{"floor":33,"key":"CultistPotion"},{"floor":33,"key":"Fruit Juice"},{"floor":34,"key":"Strength Potion"},{"floor":39,"key":"Dexterity Potion"},{"floor":39,"key":"BottledSpark"},{"floor":41,"key":"ColorlessPotion"},{"floor":42,"key":"DuplicationPotion"},{"floor":46,"key":"Strength Potion"},{"floor":53,"key":"DuplicationPotion"}],"is_trial":false,"path_per_floor":["M","$","M","M","$","M","R","M","E","T","?","M","?","M","?","R","B",null,"M","$","M","?","$","E","R","M","?","T","T","$","$","R","E","M","R","R","B",null,"M","$","M","?","?","R","?","E","T","E","?","E","R","?","M","R","R","B",null],"character_chosen":"MARISA","items_purchased":["StarDustReverie","DoubleSpark","FearPotion","GrandCross","IllusionStar","AsteroidBelt","OortCloud","GrandCross","Sling","Boot"],"campfire_rested":4,"item_purchase_floors":[2,5,5,20,20,20,23,23,23,30],"current_hp_per_floor":[68,68,61,60,60,54,54,37,27,27,27,27,27,26,19,39,11,55,53,53,53,53,53,47,47,31,31,31,31,31,31,31,33,40,40,64,28,68,60,60,53,18,18,42,42,43,43,23,81,53,53,53,55,55,79,13],"gold":24,"neow_bonus":"HUNDRED_GOLD","is_prod":false,"is_daily":false,"chose_seed":false,"campfire_upgraded":6,"win_rate":0,"timestamp":1607597200,"path_taken":["M","$","M","?","$","M","R","M","E","T","?","M","?","M","?","R","BOSS","M","$","M","?","$","E","R","M","?","T","T","?","$","R","E","M","R","R","BOSS","M","$","?","?","?","R","?","E","T","E","?","E","R","?","M","R","R","BOSS"],"build_version":"2020-11-30","purchased_purges":3,"victory":true,"max_hp_per_floor":[75,75,75,75,75,75,75,75,75,75,69,69,69,69,69,69,69,69,69,69,69,69,69,76,76,76,76,76,76,76,76,76,76,81,81,81,81,81,81,81,81,81,81,81,81,81,81,81,81,81,81,81,81,81,81,81],"card_choices":[{"not_picked":["GalacticHalo","DoubleSpark"],"picked":"GrandCross","floor":1.0},{"not_picked":["DragonMeteor","LuminesStrike","EscapeVelocity"],"picked":"SKIP","floor":3.0},{"not_picked":["ManaConvection","DarkSpark"],"picked":"WitchOfGreed","floor":4.0},{"not_picked":["Singularity","LuminesStrike"],"picked":"AsteroidBelt","floor":6.0},{"not_picked":["GravityBeat","RefractionSpark"],"picked":"ShootingEcho","floor":8.0},{"not_picked":["LuminesStrike","SuperPerseids"],"picked":"MilkyWay","floor":9.0},{"not_picked":["OneTimeOff","PowerUp","MilkyWay"],"picked":"SKIP","floor":12.0},{"not_picked":["MilkyWay","SporeBomb"],"picked":"AsteroidBelt","floor":14.0},{"not_picked":["LuminesStrike","WitchOfGreed"],"picked":"SprinkleStarSeal","floor":16.0},{"not_picked":["BigCrunch","SuperNova"],"picked":"CasketOfStar","floor":17.0},{"not_picked":["ChargingUp","BlazeAway"],"picked":"MysteriousBeam","floor":19.0},{"not_picked":["OpenUniverse","DoubleSpark"],"picked":"MachineGunSpark","floor":21.0},{"not_picked":["MilkyWay","CollectingQuirk"],"picked":"WitchOfGreed","floor":24.0},{"not_picked":["Acceleration","GrandCross"],"picked":"NonDirectionalLaser","floor":26.0},{"not_picked":["EnergyRecoil","EarthLightRay"],"picked":"WitchOfGreed+1","floor":33},{"not_picked":["ShootingEcho","LuminesStrike"],"picked":"OrrerysSun+1","floor":34},{"not_picked":["BigCrunch","ManaRampage"],"picked":"CasketOfStar","floor":37},{"not_picked":["WitchLeyline","DoubleSpark"],"picked":"ShootTheMoon","floor":39},{"not_picked":["Acceleration","ShootingEcho","SporeBomb"],"picked":"SKIP","floor":41},{"not_picked":["ShootTheMoon+1","MagicChant+1"],"picked":"EventHorizon","floor":46},{"not_picked":["PulseMagic+1","PowerUp+1"],"picked":"EventHorizon+1","floor":48},{"not_picked":["SporeBomb+1","GravityBeat+1"],"picked":"GrandCross+1","floor":50},{"not_picked":["WitchLeyline+1","DoubleSpark+1","Acceleration+1"],"picked":"SKIP","floor":53},{"not_picked":["MysteriousBeam+1","GalacticHalo+1"],"picked":"MilkyWay+1","floor":55}],"player_experience":439006,"relics_obtained":[{"floor":9.0,"key":"HornCleat"},{"floor":10.0,"key":"Dream Catcher"},{"floor":24.0,"key":"Strawberry"},{"floor":28.0,"key":"Oddly Smooth Stone"},{"floor":29.0,"key":"Blood Vial"},{"floor":33,"key":"Torii"},{"floor":42,"key":"CatCart"},{"floor":46,"key":"Molten Egg 2"},{"floor":46,"key":"Mercury Hourglass"},{"floor":47,"key":"Toxic Egg 2"},{"floor":48,"key":"Centennial Puzzle"},{"floor":48,"key":"Happy Flower"},{"floor":50,"key":"Nunchaku"},{"floor":50,"key":"Vajra"}],"event_choices":[{"damage_healed":0.0,"max_hp_gain":0.0,"max_hp_loss":6.0,"gold_gain":0.0,"event_name":"Golden Idol","player_choice":"Lose Max HP","floor":11.0,"gold_loss":0.0,"damage_taken":0.0,"relics_obtained":["Golden Idol"]},{"damage_healed":0.0,"max_hp_gain":0.0,"max_hp_loss":0.0,"gold_gain":0.0,"event_name":"Liars Game","player_choice":"Ignored","floor":13.0,"gold_loss":0.0,"damage_taken":0.0},{"damage_healed":0.0,"max_hp_gain":0.0,"max_hp_loss":0.0,"gold_gain":0.0,"event_name":"Scrap Ooze","player_choice":"Success","floor":15.0,"gold_loss":0.0,"damage_taken":7.0,"relics_obtained":["Shuriken"]},{"damage_healed":0.0,"max_hp_gain":0.0,"max_hp_loss":0.0,"gold_gain":0.0,"event_name":"Addict","player_choice":"Stole Relic","floor":22.0,"gold_loss":0.0,"damage_taken":0.0,"relics_obtained":["CeramicFish"],"cards_obtained":["Shame"]},{"damage_healed":0.0,"max_hp_gain":0.0,"max_hp_loss":0.0,"gold_gain":0.0,"event_name":"The Mausoleum","player_choice":"Ignored","floor":27.0,"gold_loss":0.0,"damage_taken":0.0},{"damage_healed":0,"gold_gain":0,"player_choice":"Fight","damage_taken":0,"max_hp_gain":0,"max_hp_loss":0,"event_name":"OrinTheCat","floor":42,"gold_loss":0},{"damage_healed":0,"gold_gain":333,"player_choice":"Gave Idol","damage_taken":0,"max_hp_gain":0,"max_hp_loss":0,"event_name":"The Moai Head","floor":43,"relics_lost":["Golden Idol"],"gold_loss":0},{"damage_healed":0,"gold_gain":0,"player_choice":"Memory 1","damage_taken":0,"max_hp_gain":0,"max_hp_loss":0,"event_name":"SensoryStone","floor":45,"gold_loss":0},{"damage_healed":58,"gold_gain":0,"player_choice":"Heal","damage_taken":0,"max_hp_gain":0,"max_hp_loss":0,"event_name":"MindBloom","floor":49,"gold_loss":0,"cards_obtained":["Doubt"]},{"damage_healed":0,"gold_gain":0,"player_choice":"Paid","damage_taken":0,"relics_obtained":["Red Mask"],"max_hp_gain":0,"max_hp_loss":0,"event_name":"Tomb of Lord Red Mask","floor":52,"gold_loss":1009}],"is_beta":false,"boss_relics":[{"not_picked":["Empty Cage","Cursed Key"],"picked":"ExperimentalFamiliar"},{"not_picked":["Astrolabe","Busted Crown"],"picked":"Black Star"}],"items_purged_floors":[20,30,40],"is_endless":false,"potions_floor_spawned":[6,9,17,26,34,41,48,53],"ascension_level":11}}