{"host":"ixl9a8gzl87gveif","time":1607558685,"event":{"gold_per_floor":[115,131,131,131,143,176,176,202,229,229,29,39,139,164,164,267,267,279,279,73,87,98,98,123,203,203,35,35,60,60,80,80,183,183,198,212,212,212,229,229,229,229,229,229,229],"floor_reached":44,"playtime":1715,"items_purged":["Strike_G","Regret"],"score":683,"play_id":"5e75c137-1011-482b-98ad-252660275233","local_time":"20201210000445","is_ascension_mode":true,"campfire_choices":[{"floor":7,"key":"REST"},{"floor":10,"key":"REST"},{"data":"A Thousand Cuts","floor":15,"key":"SMITH"},{"data":"Phantasmal Killer","floor":23,"key":"SMITH"},{"data":"Doppelganger","floor":30,"key":"SMITH"},{"data":"Reinforced Body","floor":32,"key":"SMITH"},{"data":"Panache","floor":40,"key":"SMITH"},{"data":"PiercingWail","floor":42,"key":"SMITH"}],"neow_cost":"NONE","seed_source_timestamp":370858446926600,"circlet_count":0,"master_deck":["Strike_G+1","Strike_G+1","Strike_G","Strike_G+1","Defend_G","Defend_G","Defend_G+1","Defend_G","Defend_G+1","Survivor","Neutralize","Backflip","Backstab","Slice","Sucker Punch+1","Cloak And Dagger","PiercingWail+1","Choke","Doppelganger+1","Dagger Throw","A Thousand Cuts+1","Phantasmal Killer+1","Calculated Gamble+1","Reinforced Body+1","Blade Dance","Sucker Punch+1","Deadly Poison+1","Regret","Caltrops","Ghostly","Ghostly","Ghostly","Ghostly","Ghostly","Poisoned Stab+1","Bullet Time","Catalyst+1","Crippling Poison+1","Panache+1","Master of Strategy","Swift Strike","Finisher+1","Doubt"],"relics":["Ring of the Snake","Centennial Puzzle","War Paint","Toy Ornithopter","Bag of Preparation","Whetstone","Thread and Needle","Cursed Key","Dream Catcher","Meat on the Bone","Turnip","Darkstone Periapt","HoveringKite","Tough Bandages"],"potions_floor_usage":[8,12,29,33,35,44],"damage_taken":[{"damage":2,"enemies":"2 Louse","floor":1,"turns":4},{"damage":3,"enemies":"Cultist","floor":2,"turns":5},{"damage":0,"enemies":"Jaw Worm","floor":5,"turns":4},{"damage":14,"enemies":"3 Sentries","floor":6,"turns":8},{"damage":14,"enemies":"Lagavulin","floor":8,"turns":6},{"damage":0,"enemies":"Exordium Wildlife","floor":12,"turns":2},{"damage":16,"enemies":"Gremlin Nob","floor":14,"turns":3},{"damage":20,"enemies":"Slime Boss","floor":16,"turns":8},{"damage":12,"enemies":"Spheric Guardian","floor":18,"turns":4},{"damage":0,"enemies":"Chosen","floor":21,"turns":4},{"damage":1,"enemies":"Centurion and Healer","floor":22,"turns":5},{"damage":19,"enemies":"Book of Stabbing","floor":24,"turns":5},{"damage":2,"enemies":"Gremlin Leader","floor":29,"turns":9},{"damage":15,"enemies":"Snecko","floor":31,"turns":5},{"damage":13,"enemies":"Collector","floor":33,"turns":8},{"damage":32,"enemies":"3 Darklings","floor":35,"turns":7},{"damage":1,"enemies":"3 Shapes","floor":36,"turns":7},{"damage":0,"enemies":"Maw","floor":39,"turns":7},{"damage":52,"enemies":"Giant Head","floor":44,"turns":7}],"seed_played":"6406165720112582961","potions_obtained":[{"floor":6,"key":"Fire Potion"},{"floor":8,"key":"GhostInAJar"},{"floor":12,"key":"CultistPotion"},{"floor":18,"key":"Weak Potion"},{"floor":22,"key":"Dexterity Potion"},{"floor":24,"key":"GhostInAJar"},{"floor":33,"key":"Regen Potion"},{"floor":39,"key":"PowerPotion"}],"is_trial":false,"path_per_floor":["M","M","?","?","M","E","R","E","T","R","$","M","?","E","R","B",null,"M","?","$","M","M","R","E","T","T","$","?","E","R","M","R","B",null,"M","M","?","?","M","R","?","R","T","E"],"character_chosen":"THE_SILENT","items_purchased":["PiercingWail","Choke","Doppelganger","Well Laid Plans","Blade Dance","Caltrops"],"campfire_rested":2,"item_purchase_floors":[11,11,11,20,20,27],"current_hp_per_floor":[61,58,33,19,19,5,26,17,17,38,38,43,43,27,27,7,54,42,42,42,42,41,41,22,22,22,22,22,25,25,22,22,26,33,18,29,29,19,19,19,19,19,25,0,0],"gold":229,"neow_bonus":"RANDOM_COMMON_RELIC","is_prod":false,"is_daily":false,"chose_seed":false,"campfire_upgraded":6,"win_rate":0,"timestamp":1607558685,"path_taken":["M","M","?","?","M","E","R","E","T","R","$","M","?","E","R","BOSS","M","?","$","M","M","R","E","?","T","$","?","E","R","M","R","BOSS","M","M","?","?","M","R","?","R","T","E"],"build_version":"2020-11-30","purchased_purges":2,"victory":false,"max_hp_per_floor":[70,70,70,70,70,70,70,70,70,70,70,70,70,70,70,70,70,70,70,70,70,70,70,70,70,70,70,35,35,35,35,35,35,35,35,35,35,35,35,35,35,35,41,41,41],"relic_stats":{"Darkstone Periapt":6,"counters":[19,108],"HoveringKite":[6],"Bag of Preparation":[28],"Whetstone":["Sucker Punch","Strike_G"],"War Paint":["Defend_G","Defend_G"],"Cursed Key":3,"Centennial Puzzle":[45],"Dream Catcher":0,"Tough Bandages":[3],"Turnip":[6],"obtain_stats":[{"Darkstone Periapt":29,"HoveringKite":34,"Thread and Needle":14,"Bag of Preparation":8,"Whetstone":9,"War Paint":3,"Cursed Key":17,"Centennial Puzzle":0,"Dream Catcher":24,"Tough Bandages":43,"Turnip":26,"Toy Ornithopter":6,"Ring of the Snake":0,"Meat on the Bone":25},{"Darkstone Periapt":13,"HoveringKite":15,"Thread and Needle":7,"Bag of Preparation":5,"Whetstone":5,"War Paint":2,"Cursed Key":8,"Centennial Puzzle":0,"Dream Catcher":12,"Tough Bandages":18,"Turnip":12,"Toy Ornithopter":4,"Ring of the Snake":0,"Meat on the Bone":12},{"Darkstone Periapt":67,"HoveringKite":80,"Thread and Needle":32,"Bag of Preparation":27,"Whetstone":27,"War Paint":9,"Cursed Key":40,"Centennial Puzzle":0,"Dream Catcher":58,"Tough Bandages":101,"Turnip":58,"Toy Ornithopter":21,"Ring of the Snake":0,"Meat on the Bone":58}],"Toy Ornithopter":30,"Ring of the Snake":[38],"Meat on the Bone":36},"card_choices":[{"not_picked":["Blade Dance","Outmaneuver"],"picked":"Backflip","floor":1},{"not_picked":["Dodge and Roll","Outmaneuver"],"picked":"Backstab","floor":2},{"not_picked":["Quick Slash","Choke"],"picked":"Slice","floor":5},{"not_picked":["Storm of Steel","Well Laid Plans"],"picked":"Sucker Punch","floor":6},{"not_picked":["Sucker Punch","Tactician"],"picked":"Cloak And Dagger","floor":8},{"not_picked":["Backflip","Bouncing Flask"],"picked":"Dagger Throw","floor":12},{"not_picked":["Expertise","Dagger Throw"],"picked":"A Thousand Cuts","floor":14},{"not_picked":["Unload","Corpse Explosion"],"picked":"Phantasmal Killer","floor":16},{"not_picked":["Choke","Underhanded Strike"],"picked":"Calculated Gamble+1","floor":18},{"not_picked":["Dodge and Roll","Underhanded Strike","Blade Dance+1"],"picked":"SKIP","floor":21},{"not_picked":["Finisher","Acrobatics"],"picked":"Sucker Punch+1","floor":22},{"not_picked":["Calculated Gamble","Flying Knee"],"picked":"Deadly Poison+1","floor":24},{"not_picked":["Acrobatics","Dodge and Roll"],"picked":"Poisoned Stab+1","floor":29},{"not_picked":["Acrobatics","Dagger Throw","Underhanded Strike"],"picked":"SKIP","floor":31},{"not_picked":["Unload","Grand Finale"],"picked":"Bullet Time","floor":33},{"not_picked":["Poisoned Stab+1","Blade Dance"],"picked":"Catalyst+1","floor":35},{"not_picked":["Quick Slash","Tactician"],"picked":"Crippling Poison+1","floor":36},{"not_picked":["Mayhem","Swift Strike"],"picked":"Panache","floor":38},{"not_picked":["Blind","Panacea"],"picked":"Master of Strategy","floor":38},{"not_picked":["Jack Of All Trades","Purity"],"picked":"Swift Strike","floor":38},{"not_picked":["Dodge and Roll+1","PiercingWail+1"],"picked":"Finisher+1","floor":39}],"player_experience":339803,"relics_obtained":[{"floor":6,"key":"Toy Ornithopter"},{"floor":8,"key":"Bag of Preparation"},{"floor":9,"key":"Whetstone"},{"floor":14,"key":"Thread and Needle"},{"floor":24,"key":"Dream Catcher"},{"floor":25,"key":"Meat on the Bone"},{"floor":26,"key":"Turnip"},{"floor":29,"key":"Darkstone Periapt"},{"floor":43,"key":"Tough Bandages"}],"event_choices":[{"damage_healed":0,"gold_gain":0,"player_choice":"Success","damage_taken":25,"relics_obtained":["War Paint"],"max_hp_gain":0,"max_hp_loss":0,"event_name":"Scrap Ooze","floor":3,"gold_loss":0},{"damage_healed":0,"gold_gain":0,"player_choice":"Entered Light","damage_taken":14,"max_hp_gain":0,"max_hp_loss":0,"event_name":"Shining Light","floor":4,"gold_loss":0,"cards_upgraded":["Strike_G","Strike_G"]},{"damage_healed":0,"gold_gain":100,"player_choice":"Pray","damage_taken":0,"max_hp_gain":0,"max_hp_loss":0,"event_name":"Golden Shrine","floor":13,"gold_loss":0},{"cards_removed":["A Thousand Cuts"],"damage_healed":0,"gold_gain":0,"player_choice":"Take \u0026 Give","damage_taken":0,"max_hp_gain":0,"max_hp_loss":0,"event_name":"betterNote:BetterNote","floor":19,"gold_loss":0,"cards_obtained":["Reinforced Body"]},{"damage_healed":0,"gold_gain":0,"player_choice":"Became a Ghost","damage_taken":0,"max_hp_gain":0,"max_hp_loss":35,"event_name":"Ghosts","floor":28,"gold_loss":0,"cards_obtained":["Ghostly","Ghostly","Ghostly","Ghostly","Ghostly"]},{"damage_healed":0,"gold_gain":0,"player_choice":"Ignored","damage_taken":0,"max_hp_gain":0,"max_hp_loss":0,"event_name":"Tomb of Lord Red Mask","floor":37,"gold_loss":0},{"damage_healed":0,"gold_gain":0,"player_choice":"Memory 3","damage_taken":10,"max_hp_gain":0,"max_hp_loss":0,"event_name":"SensoryStone","floor":38,"gold_loss":0},{"cards_removed":["Well Laid Plans"],"damage_healed":0,"gold_gain":0,"player_choice":"Removed Power","damage_taken":0,"max_hp_gain":0,"max_hp_loss":0,"event_name":"Falling","floor":41,"gold_loss":0}],"is_beta":false,"boss_relics":[{"not_picked":["Tiny House","Runic Dome"],"picked":"Cursed Key"},{"not_picked":["Sozu","Calling Bell"],"picked":"HoveringKite"}],"items_purged_floors":[20,27],"is_endless":false,"potions_floor_spawned":[6,8,12,18,22,24,33,39],"killed_by":"Giant Head","ascension_level":6}}