{"host":"n529wyrjhujcvty3","time":1607618111,"event":{"mods":["BaseMod","StSLib","Better Third Choice","Hermit","The Hierophant","Shop Mod","Act Like it!","Minty Spire (QoL Compilation)","The Poker Player"],"gold_per_floor":[217,71,91,41,41,68,90,20,20,31,58,58,93,107,107,210,210,222,233,433,307,322,322,352,365,388,419,432,432,482,508,508,606,606,626,210,210,210,210,210,227,241,316,343,343,374,388,436,436,436,436,436,342,375,375],"floor_reached":56,"playtime":8349,"items_purged":["PokerPlayerMod:Heart2","PokerPlayerMod:Club2"],"score":1657,"play_id":"6cdafd48-22e1-4ffd-aced-762b6d9f495a","local_time":"20201211003511","is_ascension_mode":true,"metric_token":598,"campfire_choices":[{"data":"PokerPlayerMod:FillThePot","floor":12.0,"key":"SMITH"},{"floor":15.0,"key":"DIG"},{"floor":23.0,"key":"DIG"},{"floor":29.0,"key":"DIG"},{"data":"PokerPlayerMod:WasteCollection","floor":32.0,"key":"SMITH"},{"data":"PokerPlayerMod:SecretDealer","floor":40.0,"key":"SMITH"},{"floor":45.0,"key":"RECALL"},{"data":"Thinking Ahead","floor":49.0,"key":"SMITH"},{"data":"PokerPlayerMod:TrumpStrike","floor":52.0,"key":"SMITH"}],"circlet_count":0,"master_deck":["PokerPlayerMod:Diamond2","PokerPlayerMod:Diamond3","PokerPlayerMod:Diamond4","PokerPlayerMod:Diamond5","PokerPlayerMod:Spade1","PokerPlayerMod:Spade2","PokerPlayerMod:Spade3","PokerPlayerMod:Spade4","PokerPlayerMod:Club1","PokerPlayerMod:Club2","PokerPlayerMod:TrumpStrike+1","PokerPlayerMod:BadJoker","PokerPlayerMod:Mulligan+1","PokerPlayerMod:PoorCopy","PokerPlayerMod:FillThePot+1","Apotheosis+1","PokerPlayerMod:Diamond7","PokerPlayerMod:DamnStraight","PokerPlayerMod:Spade5","PokerPlayerMod:Club6","PokerPlayerMod:DamnStraight","PokerPlayerMod:Club10+","PokerPlayerMod:CloakAndDiamond+1","PokerPlayerMod:Heart6","PokerPlayerMod:Spade8","PokerPlayerMod:WasteCollection+1","PokerPlayerMod:RiskyBet+1","PokerPlayerMod:Club10+","PokerPlayerMod:SecretDealer+1","PokerPlayerMod:RiskyBet+1","PokerPlayerMod:Raise","Thinking Ahead+1","Apotheosis+1","PokerPlayerMod:Diamond7","PokerPlayerMod:HiddenCard+1","PokerPlayerMod:ItsShowtime","PokerPlayerMod:Club6","PokerPlayerMod:Heart8"],"special_seed":0,"relics":["PokerPlayerMod:DeckCase","Frozen Eye","HornCleat","Odd Mushroom","Shovel","Omamori","Blue Candle","Lizard Tail","Cursed Key","PokerPlayerMod:BrokenClock","Juzu Bracelet","Orichalcum","War Paint","PokerPlayerMod:Splitter","Philosopher\u0027s Stone","PokerPlayerMod:StuffedPocket","White Beast Statue","Akabeko","Bronze Scales","Turnip"],"acts_visited":["Exordium","TheCity","TheBeyond","TheEnding"],"potions_floor_usage":[55],"damage_taken":[{"damage":0.0,"enemies":"Small Slimes","floor":1.0,"turns":1.0},{"damage":0.0,"enemies":"2 Louse","floor":3.0,"turns":1.0},{"damage":0.0,"enemies":"Gremlin Nob","floor":6.0,"turns":3.0},{"damage":0.0,"enemies":"The Mushroom Lair","floor":7.0,"turns":3.0},{"damage":0.0,"enemies":"Cultist","floor":10.0,"turns":3.0},{"damage":7.0,"enemies":"Lagavulin","floor":11.0,"turns":4.0},{"damage":15.0,"enemies":"Gremlin Nob","floor":13.0,"turns":5.0},{"damage":8.0,"enemies":"Lots of Slimes","floor":14.0,"turns":2.0},{"damage":3.0,"enemies":"The Guardian","floor":16.0,"turns":4.0},{"damage":12.0,"enemies":"3 Byrds","floor":18.0,"turns":3.0},{"damage":8.0,"enemies":"2 Thieves","floor":19.0,"turns":3.0},{"damage":25.0,"enemies":"Shelled Parasite and Fungi","floor":22.0,"turns":4.0},{"damage":15.0,"enemies":"Book of Stabbing","floor":24.0,"turns":4.0},{"damage":0.0,"enemies":"Sentry and Sphere","floor":25.0,"turns":2.0},{"damage":0.0,"enemies":"Gremlin Leader","floor":27.0,"turns":2.0},{"damage":0.0,"enemies":"Snake Plant","floor":28.0,"turns":2.0},{"damage":10.0,"enemies":"Book of Stabbing","floor":31.0,"turns":4.0},{"damage":0.0,"enemies":"Automaton","floor":33.0,"turns":3.0},{"damage":2.0,"enemies":"Orb Walker","floor":35.0,"turns":2.0},{"damage":0.0,"enemies":"3 Darklings","floor":41.0,"turns":2.0},{"damage":0.0,"enemies":"Sphere and 2 Shapes","floor":42.0,"turns":3.0},{"damage":18.0,"enemies":"Nemesis","floor":44.0,"turns":4.0},{"damage":0.0,"enemies":"Reptomancer","floor":46.0,"turns":3.0},{"damage":0.0,"enemies":"Jaw Worm Horde","floor":47.0,"turns":1.0},{"damage":13.0,"enemies":"2 Orb Walkers","floor":48.0,"turns":2.0},{"damage":0.0,"enemies":"Awakened One","floor":50.0,"turns":4.0},{"damage":36.0,"enemies":"Shield and Spear","floor":54.0,"turns":3.0},{"damage":8,"enemies":"The Heart","floor":55,"turns":4}],"seed_played":"3697837067612770481","potions_obtained":[{"floor":1.0,"key":"Ancient Potion"},{"floor":7.0,"key":"ColorlessPotion"},{"floor":11.0,"key":"ColorlessPotion"},{"floor":13.0,"key":"SteroidPotion"},{"floor":22.0,"key":"Fruit Juice"},{"floor":25.0,"key":"Explosive Potion"},{"floor":28.0,"key":"Explosive Potion"},{"floor":46.0,"key":"SpeedPotion"},{"floor":47.0,"key":"Regen Potion"},{"floor":48.0,"key":"AttackPotion"},{"floor":54,"key":"SpeedPotion"}],"is_trial":false,"path_per_floor":["M","$","M","?","?","E","?","$","T","M","E","R","E","M","R","B",null,"M","M","?","$","M","R","E","M","T","E","M","R","?","E","R","B",null,"M","$","?","$","?","R","M","M","T","E","R","E","M","?","R","B",null,"R","$","E","B",null],"character_chosen":"THE_POKER_PLAYER","items_purchased":["Frozen Eye","PokerPlayerMod:DamnStraight","PokerPlayerMod:Heart6","PokerPlayerMod:StuffedPocket","PokerPlayerMod:Raise","PokerPlayerMod:Club6"],"campfire_rested":0,"item_purchase_floors":[2,8,21,36,36,53],"current_hp_per_floor":[52,52,52,52,52,52,52,52,52,52,52,52,37,29,29,52,52,43,52,52,52,57,57,45,45,45,57,57,57,57,57,57,57,57,55,55,45,45,45,45,45,53,53,39,39,57,57,44,44,57,57,57,57,21,54],"gold":375,"neow_bonus":"HUNDRED_GOLD","is_daily":false,"chose_seed":false,"campfire_upgraded":5,"win_rate":0,"timestamp":1607618111,"path_taken":["M","$","M","?","?","E","?","$","T","M","E","R","E","M","R","BOSS","M","M","?","$","M","R","E","M","T","E","M","R","?","E","R","BOSS","M","$","?","$","?","R","M","M","T","E","R","E","M","?","R","BOSS","R","$","E","BOSS"],"build_version":"2020-11-30","purchased_purges":2,"victory":true,"max_hp_per_floor":[52,52,52,52,52,52,52,52,52,52,52,52,52,52,52,52,52,52,52,52,52,57,57,57,57,57,57,57,57,57,57,57,57,57,57,57,57,57,57,57,57,57,57,57,57,57,57,57,57,57,57,57,57,57,57],"card_choices":[{"not_picked":["PokerPlayerMod:Spade2","PokerPlayerMod:DiamondStrike"],"picked":"PokerPlayerMod:PoorCopy","floor":1.0},{"not_picked":["PokerPlayerMod:ClubsClub","PokerPlayerMod:Diamond6"],"picked":"PokerPlayerMod:FillThePot","floor":3.0},{"not_picked":["PokerPlayerMod:Club3","PokerPlayerMod:Club1"],"picked":"PokerPlayerMod:Diamond7","floor":6.0},{"not_picked":["PokerPlayerMod:Spade2","PokerPlayerMod:Diamond1","PokerPlayerMod:MagicTrick"],"picked":"SKIP","floor":10.0},{"not_picked":["PokerPlayerMod:Spade4","PokerPlayerMod:ClubStrike"],"picked":"PokerPlayerMod:Spade5","floor":11.0},{"not_picked":["PokerPlayerMod:Diamond2","PokerPlayerMod:Club3"],"picked":"PokerPlayerMod:Club6","floor":13.0},{"not_picked":["PokerPlayerMod:Heart3","PokerPlayerMod:Heart2"],"picked":"PokerPlayerMod:DamnStraight","floor":14.0},{"not_picked":["PokerPlayerMod:Diamond7","PokerPlayerMod:Spade10+"],"picked":"PokerPlayerMod:Club10+","floor":16.0},{"not_picked":["PokerPlayerMod:Diamond1","PokerPlayerMod:Club3"],"picked":"PokerPlayerMod:CloakAndDiamond+1","floor":18.0},{"not_picked":["PokerPlayerMod:Diamond2","PokerPlayerMod:Diamond5","PokerPlayerMod:Club3"],"picked":"SKIP","floor":19.0},{"not_picked":["PokerPlayerMod:HeartStrike","PokerPlayerMod:Spade5"],"picked":"PokerPlayerMod:Spade8","floor":22.0},{"not_picked":["PokerPlayerMod:Fold","PokerPlayerMod:DartThrow"],"picked":"PokerPlayerMod:WasteCollection","floor":24.0},{"not_picked":["PokerPlayerMod:DartThrow+1","PokerPlayerMod:Sharpen"],"picked":"PokerPlayerMod:Club2","floor":25.0},{"not_picked":["PokerPlayerMod:Spade6","PokerPlayerMod:StackedDeck"],"picked":"PokerPlayerMod:RiskyBet","floor":27.0},{"not_picked":["PokerPlayerMod:DartThrow","PokerPlayerMod:Spade6","PokerPlayerMod:SpadeStrike"],"picked":"SKIP","floor":28.0},{"not_picked":["PokerPlayerMod:Trickery","PokerPlayerMod:Spade6"],"picked":"PokerPlayerMod:Club10+","floor":31.0},{"not_picked":["PokerPlayerMod:Club9","PokerPlayerMod:GamblerForm"],"picked":"PokerPlayerMod:SecretDealer","floor":33.0},{"not_picked":["PokerPlayerMod:Spade2","PokerPlayerMod:Diamond3"],"picked":"PokerPlayerMod:RiskyBet+1","floor":35.0},{"not_picked":["The Bomb","Flash of Steel"],"picked":"Thinking Ahead","floor":37.0},{"not_picked":["Purity","Good Instincts"],"picked":"Apotheosis","floor":37.0},{"not_picked":["PokerPlayerMod:Club2","PokerPlayerMod:CloakAndDiamond","PokerPlayerMod:Fold+1"],"picked":"SKIP","floor":41.0},{"not_picked":["PokerPlayerMod:Trickery","PokerPlayerMod:Spade3","PokerPlayerMod:Spade5"],"picked":"SKIP","floor":42.0},{"not_picked":["PokerPlayerMod:CardPrinter+1","PokerPlayerMod:Fold"],"picked":"PokerPlayerMod:Diamond7","floor":44.0},{"not_picked":["PokerPlayerMod:Spade6","PokerPlayerMod:Spade2"],"picked":"PokerPlayerMod:HiddenCard+1","floor":46.0},{"not_picked":["PokerPlayerMod:CardBurn+1","PokerPlayerMod:SpadeStrike","PokerPlayerMod:Diamond1"],"picked":"SKIP","floor":47.0},{"not_picked":["PokerPlayerMod:Club4","PokerPlayerMod:CardBurn"],"picked":"PokerPlayerMod:ItsShowtime","floor":48.0},{"not_picked":["PokerPlayerMod:Diamond9","PokerPlayerMod:Heart5"],"picked":"PokerPlayerMod:Heart8","floor":54}],"player_experience":429594,"relics_obtained":[{"floor":6.0,"key":"HornCleat"},{"floor":7.0,"key":"Odd Mushroom"},{"floor":9.0,"key":"Shovel"},{"floor":11.0,"key":"Omamori"},{"floor":13.0,"key":"Blue Candle"},{"floor":15.0,"key":"Lizard Tail"},{"floor":23.0,"key":"PokerPlayerMod:BrokenClock"},{"floor":24.0,"key":"Juzu Bracelet"},{"floor":27.0,"key":"Orichalcum"},{"floor":29.0,"key":"War Paint"},{"floor":31.0,"key":"PokerPlayerMod:Splitter"},{"floor":43.0,"key":"White Beast Statue"},{"floor":44.0,"key":"Akabeko"},{"floor":46.0,"key":"Bronze Scales"},{"floor":48.0,"key":"Turnip"}],"event_choices":[{"cards_removed":["PokerPlayerMod:Diamond1"],"damage_healed":0.0,"max_hp_gain":0.0,"max_hp_loss":0.0,"gold_gain":0.0,"event_name":"The Cleric","player_choice":"Card Removal","floor":4.0,"gold_loss":50.0,"damage_taken":0.0},{"damage_healed":52.0,"max_hp_gain":0.0,"max_hp_loss":52.0,"gold_gain":0.0,"event_name":"betterThird:BetterShining","player_choice":"Embrace","floor":5.0,"gold_loss":0.0,"damage_taken":0.0},{"damage_healed":0.0,"max_hp_gain":0.0,"max_hp_loss":0.0,"gold_gain":0.0,"event_name":"Mushrooms","player_choice":"Fought Mushrooms","floor":7.0,"gold_loss":0.0,"damage_taken":0.0},{"damage_healed":0.0,"max_hp_gain":0.0,"max_hp_loss":0.0,"gold_gain":200.0,"event_name":"Wheel of Change","player_choice":"Gold","floor":20.0,"gold_loss":0.0,"damage_taken":0.0},{"damage_healed":0.0,"max_hp_gain":0.0,"max_hp_loss":0.0,"gold_gain":100.0,"event_name":"The Joust","player_choice":"Bet on Murderer","floor":30.0,"gold_loss":50.0,"damage_taken":0.0},{"damage_healed":0.0,"max_hp_gain":0.0,"max_hp_loss":0.0,"gold_gain":0.0,"event_name":"SensoryStone","player_choice":"Memory 3","floor":37.0,"gold_loss":0.0,"damage_taken":10.0},{"damage_healed":0.0,"max_hp_gain":0.0,"max_hp_loss":0.0,"gold_gain":0.0,"event_name":"Upgrade Shrine","player_choice":"Upgraded","floor":39.0,"gold_loss":0.0,"damage_taken":0.0,"cards_upgraded":["Apotheosis"]},{"damage_healed":0.0,"max_hp_gain":0.0,"max_hp_loss":0.0,"gold_gain":0.0,"event_name":"Mysterious Sphere","player_choice":"Fight","floor":48.0,"gold_loss":0.0,"damage_taken":0.0}],"is_beta":false,"boss_relics":[{"not_picked":["SacredBark","Ectoplasm"],"picked":"Cursed Key"},{"not_picked":["Tiny House","Velvet Choker"],"picked":"Philosopher\u0027s Stone"}],"items_purged_floors":[21,36],"is_endless":false,"potions_floor_spawned":[1,7,11,13,22,25,28,42,44,46,47,48,54],"ascension_level":4}}