{"host":"ktoxvvst1mwxww91","time":1607623978,"event":{"mods":["BaseMod","Minty Spire (QoL Compilation)","StSLib","Downfall","Hermit","The Blackbeard","The Hierophant","The Mystic","The Necromancer"],"gold_per_floor":[111,111,127,141,40,68,68,95,95,112,145,163,163,197,197,297,297,297,297,297,197,197,197,197,197,197,122,42,42,42,42,42,42,42,42,42,42,42,42,42],"floor_reached":39,"playtime":1588,"items_purged":["Strike_P","sneckomod:Bewildered"],"score":797,"play_id":"91c2bea6-86e5-45a9-8c0d-17503442cd91","local_time":"20201210191258","is_ascension_mode":true,"campfire_choices":[{"data":"CrushJoints","floor":7.0,"key":"SMITH"},{"floor":13,"key":"REST"},{"data":"Vigilance","floor":15,"key":"SMITH"},{"data":"Establishment","floor":24,"key":"SMITH"},{"data":"MentalFortress","floor":29,"key":"SMITH"},{"data":"FlurryOfBlows","floor":32,"key":"SMITH"}],"circlet_count":0,"master_deck":["Strike_P","Strike_P","Defend_P","Defend_P","Defend_P","Eruption","Vigilance+1","CrushJoints+1","ReachHeaven","Consecrate","ThirdEye","ThirdEye+1","ClearTheMind+1","Vault+1","Collect+1","CarveReality","Establishment+1","Protect+1","Ghostly+1","Ghostly+1","Ghostly+1","Ghostly+1","Ghostly+1","Swivel+1","SashWhip","MentalFortress+1","ClearTheMind+1","FlurryOfBlows+1","Devotion","EmptyBody+1","Protect+1","EmptyFist","Sanctity+1","DevaForm"],"special_seed":0,"relics":["PureWater","NeowsBlessing","Toxic Egg 2","Boot","Sundial","Pear","Prayer Wheel","Ectoplasm","sneckomod:BabySnecko","Blue Candle","Darkstone Periapt","FossilizedHelix","Anchor","Sozu"],"acts_visited":["Exordium","TheCity","TheBeyond"],"potions_floor_usage":[11,14,18,25,33,33],"damage_taken":[{"damage":0.0,"enemies":"2 Louse","floor":1.0,"turns":1.0},{"damage":0.0,"enemies":"Jaw Worm","floor":3.0,"turns":1.0},{"damage":0.0,"enemies":"Small Slimes","floor":4.0,"turns":1.0},{"damage":5.0,"enemies":"3 Sentries","floor":6.0,"turns":4.0},{"damage":27,"enemies":"Lagavulin","floor":8,"turns":5},{"damage":0,"enemies":"2 Fungi Beasts","floor":10,"turns":3},{"damage":2,"enemies":"3 Sentries","floor":11,"turns":8},{"damage":0,"enemies":"3 Louse","floor":12,"turns":3},{"damage":0,"enemies":"Gremlin Nob","floor":14,"turns":3},{"damage":25,"enemies":"Hexaghost","floor":16,"turns":7},{"damage":0,"enemies":"3 Byrds","floor":18,"turns":1},{"damage":13,"enemies":"Spheric Guardian","floor":19,"turns":4},{"damage":0,"enemies":"Book of Stabbing","floor":23,"turns":5},{"damage":0,"enemies":"Gremlin Leader","floor":25,"turns":7},{"damage":0,"enemies":"Centurion and Healer","floor":31,"turns":7},{"damage":0,"enemies":"Collector","floor":33,"turns":12},{"damage":0,"enemies":"3 Darklings","floor":35,"turns":7},{"damage":0,"enemies":"3 Shapes","floor":37,"turns":5},{"damage":0,"enemies":"Jaw Worm Horde","floor":38,"turns":6},{"damage":45,"enemies":"2 Orb Walkers","floor":39,"turns":9}],"seed_played":"9001951562784340583","potions_obtained":[{"floor":3.0,"key":"GamblersBrew"},{"floor":4.0,"key":"AttackPotion"},{"floor":8,"key":"Fire Potion"},{"floor":11,"key":"SmokeBomb"},{"floor":16,"key":"LiquidMemories"},{"floor":19,"key":"Explosive Potion"},{"floor":25,"key":"Strength Potion"}],"is_trial":false,"path_per_floor":["M","?","M","M","$","E","R","E","T","M","E","M","R","E","R","B",null,"M","M","?","$","?","E","R","E","T","?","$","R","?","M","R","B",null,"M","?","M","M","?"],"character_chosen":"WATCHER","items_purchased":["ThirdEye","MentalFortress"],"campfire_rested":1,"item_purchase_floors":[5,28],"current_hp_per_floor":[65,58,58,58,58,53,53,26,26,26,34,34,58,58,58,33,70,70,57,57,57,41,41,41,41,41,41,41,41,37,37,37,37,40,40,40,40,40,0,0],"gold":42,"neow_bonus":"THREE_ENEMY_KILL","is_daily":false,"chose_seed":false,"campfire_upgraded":5,"win_rate":0,"timestamp":1607623978,"path_taken":["M","?","M","M","$","E","R","E","T","M","E","M","R","E","R","BOSS","M","M","?","$","?","E","R","E","T","?","$","R","?","M","R","BOSS","M","?","?","M","?"],"build_version":"2020-11-30","purchased_purges":2,"victory":false,"max_hp_per_floor":[72,72,72,72,72,72,72,72,72,72,82,82,82,82,82,82,82,82,82,82,82,41,41,41,41,41,41,41,41,41,41,41,41,41,41,41,41,41,41,41],"card_choices":[{"not_picked":["JustLucky","Wallop"],"picked":"CrushJoints","floor":1.0},{"not_picked":["SashWhip","LikeWater"],"picked":"ReachHeaven","floor":3.0},{"not_picked":["WaveOfTheHand","Collect"],"picked":"Consecrate","floor":4.0},{"not_picked":["CrushJoints","Crescendo+1"],"picked":"ThirdEye+1","floor":6.0},{"not_picked":["Crescendo+1","Consecrate"],"picked":"ClearTheMind+1","floor":8},{"not_picked":["Halt+1","JustLucky"],"picked":"Vault+1","floor":10},{"not_picked":["Consecrate","Wireheading"],"picked":"Collect+1","floor":11},{"not_picked":["Perseverance+1","Vengeance+1"],"picked":"CarveReality","floor":12},{"not_picked":["Consecrate","CrushJoints","WheelKick"],"picked":"SKIP","floor":14},{"not_picked":["Blasphemy+1","DeusExMachina+1"],"picked":"Establishment","floor":16},{"not_picked":["Meditate+1","CutThroughFate"],"picked":"Protect+1","floor":19},{"not_picked":["Wallop","CrushJoints","Indignation+1"],"picked":"SKIP","floor":19},{"not_picked":["PathToVictory+1","FollowUp"],"picked":"Swivel+1","floor":23},{"not_picked":["ForeignInfluence+1","Collect+1"],"picked":"SashWhip","floor":25},{"not_picked":["Indignation+1","ThirdEye+1"],"picked":"ClearTheMind+1","floor":31},{"not_picked":["PathToVictory+1","Wallop"],"picked":"FlurryOfBlows","floor":31},{"not_picked":["Blasphemy+1","Wish+1"],"picked":"Devotion","floor":33},{"not_picked":["FlyingSleeves+1","Perseverance+1"],"picked":"EmptyBody+1","floor":35},{"not_picked":["SashWhip","CutThroughFate"],"picked":"Protect+1","floor":35},{"not_picked":["Conclude+1","ClearTheMind+1"],"picked":"EmptyFist","floor":37},{"not_picked":["PathToVictory+1","FlyingSleeves+1","Evaluate+1"],"picked":"SKIP","floor":37},{"not_picked":["ReachHeaven","Study+1"],"picked":"Sanctity+1","floor":38},{"not_picked":["PathToVictory+1","Crescendo+1"],"picked":"DevaForm","floor":38}],"player_experience":1007114,"relics_obtained":[{"floor":6.0,"key":"Toxic Egg 2"},{"floor":8,"key":"Boot"},{"floor":9,"key":"Sundial"},{"floor":11,"key":"Pear"},{"floor":14,"key":"Prayer Wheel"},{"floor":23,"key":"Blue Candle"},{"floor":25,"key":"Darkstone Periapt"},{"floor":26,"key":"FossilizedHelix"}],"event_choices":[{"cards_removed":["Defend_P"],"damage_healed":0.0,"max_hp_gain":0.0,"max_hp_loss":0.0,"gold_gain":0.0,"event_name":"Golden Wing","player_choice":"Card Removal","floor":2.0,"gold_loss":0.0,"damage_taken":7.0},{"damage_healed":0,"gold_gain":0,"player_choice":"Became a Ghost","damage_taken":0,"max_hp_gain":0,"max_hp_loss":41,"event_name":"Ghosts","floor":22,"gold_loss":0,"cards_obtained":["Ghostly","Ghostly","Ghostly","Ghostly","Ghostly"]},{"cards_removed":["Strike_P"],"damage_healed":0,"gold_gain":0,"player_choice":"Gave Gold","damage_taken":0,"max_hp_gain":0,"max_hp_loss":0,"event_name":"Beggar","floor":27,"gold_loss":75},{"damage_healed":0,"gold_gain":0,"player_choice":"Anchor","damage_taken":0,"relics_obtained":["Anchor"],"max_hp_gain":0,"max_hp_loss":0,"event_name":"blackbeard:ShipwreckEvent","floor":30,"gold_loss":0},{"damage_healed":0,"gold_gain":0,"player_choice":"Ignored","damage_taken":0,"max_hp_gain":0,"max_hp_loss":0,"event_name":"Golden Shrine","floor":36,"gold_loss":0},{"damage_healed":0,"gold_gain":0,"player_choice":"Fight","damage_taken":0,"max_hp_gain":0,"max_hp_loss":0,"event_name":"Mysterious Sphere","floor":39,"gold_loss":0}],"is_beta":false,"boss_relics":[{"not_picked":["VioletLotus","SacredBark"],"picked":"Ectoplasm"},{"not_picked":["Velvet Choker","Busted Crown"],"picked":"Sozu"}],"items_purged_floors":[5,21],"is_endless":false,"potions_floor_spawned":[3,4,8,11,16,19,25,38],"killed_by":"2 Orb Walkers","ascension_level":7}}