{"host":"2qv44oxt58ptq59r","time":1607618983,"event":{"mods":["BaseMod","StSLib","AchievementEnabler","Colored Powertips","Highlight Path","Minty Spire (QoL Compilation)","Permanent Neow"],"gold_per_floor":[112,112,127,139,139,139,168,168,192,206,220,231,15,0,0,98,98,118,133,144,144,144,144],"floor_reached":22,"playtime":2523,"items_purged":[],"score":188,"play_id":"80b76cf1-f560-45d3-a81c-1d4ca5053fed","local_time":"20201210164943","is_ascension_mode":false,"campfire_choices":[{"data":"Blood for Blood","floor":6.0,"key":"SMITH"},{"floor":8,"key":"REST"},{"data":"Armaments","floor":15,"key":"SMITH"}],"circlet_count":0,"master_deck":["Strike_R","Strike_R","Strike_R","Defend_R","Defend_R","Defend_R","Defend_R","Bash","True Grit","Shockwave","Blood for Blood+1","Armaments+1","Heavy Blade","Warcry","Enlightenment","Body Slam","Demon Form","Heavy Blade+1","Uppercut","Juggernaut"],"special_seed":0,"relics":["Burning Blood","Anchor","FaceOfCleric","Akabeko","Empty Cage","Happy Flower"],"acts_visited":["Exordium","TheCity"],"potions_floor_usage":[7,7,16,16,19],"damage_taken":[{"damage":10.0,"enemies":"Jaw Worm","floor":1.0,"turns":6.0},{"damage":0.0,"enemies":"2 Louse","floor":3.0,"turns":2.0},{"damage":1.0,"enemies":"Cultist","floor":4.0,"turns":4.0},{"damage":36,"enemies":"Gremlin Nob","floor":7,"turns":6},{"damage":4,"enemies":"Exordium Thugs","floor":10,"turns":5},{"damage":0,"enemies":"3 Louse","floor":11,"turns":3},{"damage":0,"enemies":"Blue Slaver","floor":12,"turns":3},{"damage":29,"enemies":"The Guardian","floor":16,"turns":13},{"damage":46,"enemies":"3 Byrds","floor":18,"turns":7},{"damage":5,"enemies":"Shell Parasite","floor":19,"turns":5},{"damage":18,"enemies":"Centurion and Healer","floor":20,"turns":7},{"damage":49,"enemies":"Chosen and Byrds","floor":22,"turns":6}],"seed_played":"2088785862558127599","potions_obtained":[{"floor":3.0,"key":"ColorlessPotion"},{"floor":4.0,"key":"Dexterity Potion"},{"floor":16,"key":"ElixirPotion"},{"floor":18,"key":"Energy Potion"}],"is_trial":false,"path_per_floor":["M","?","M","M","?","R","E","R","T","M","M","M","$","?","R","B",null,"M","M","M","?","M"],"character_chosen":"IRONCLAD","items_purchased":["Enlightenment","Body Slam","Block Potion","SpeedPotion"],"campfire_rested":1,"item_purchase_floors":[13,13,13,13],"current_hp_per_floor":[76,81,85,85,85,85,56,81,81,84,88,89,89,89,89,67,90,51,53,42,42,0,0],"gold":144,"neow_bonus":"RANDOM_COMMON_RELIC","is_daily":false,"chose_seed":false,"campfire_upgraded":2,"win_rate":0,"timestamp":1607618983,"path_taken":["M","?","M","M","?","R","E","R","T","?","M","M","$","?","R","BOSS","M","M","M","?","M"],"build_version":"2020-11-30","purchased_purges":0,"victory":false,"max_hp_per_floor":[80,85,85,85,85,85,86,86,86,87,88,89,89,89,89,90,90,91,92,93,93,93,93],"card_choices":[{"not_picked":["Anger","Dual Wield"],"picked":"True Grit","floor":1.0},{"not_picked":["True Grit","Thunderclap"],"picked":"Shockwave","floor":3.0},{"not_picked":["True Grit","Reckless Charge"],"picked":"Blood for Blood","floor":4.0},{"not_picked":["Headbutt","Berserk"],"picked":"Armaments","floor":7},{"not_picked":["True Grit","Wild Strike","Dual Wield"],"picked":"SKIP","floor":10},{"not_picked":["Combust","Rupture"],"picked":"Heavy Blade","floor":11},{"not_picked":["Searing Blow","Rampage"],"picked":"Warcry","floor":12},{"not_picked":["Corruption","Double Tap"],"picked":"Demon Form","floor":16},{"not_picked":["Clothesline+1","Thunderclap+1"],"picked":"Heavy Blade+1","floor":18},{"not_picked":["Seeing Red","Clash"],"picked":"Uppercut","floor":19},{"not_picked":["Dropkick+1","Fire Breathing+1"],"picked":"Juggernaut","floor":20}],"player_experience":4875047,"relics_obtained":[{"floor":7,"key":"Akabeko"}],"event_choices":[{"damage_healed":0.0,"max_hp_gain":5.0,"max_hp_loss":0.0,"gold_gain":0.0,"event_name":"Big Fish","player_choice":"Donut","floor":2.0,"gold_loss":0.0,"damage_taken":0.0},{"damage_healed":0.0,"max_hp_gain":0.0,"max_hp_loss":0.0,"gold_gain":0.0,"event_name":"FaceTrader","player_choice":"Trade","floor":5.0,"gold_loss":0.0,"damage_taken":0.0,"relics_obtained":["FaceOfCleric"]},{"damage_healed":0,"gold_gain":0,"player_choice":"Left Gold","damage_taken":0,"max_hp_gain":0,"max_hp_loss":0,"event_name":"World of Goop","floor":14,"gold_loss":15},{"damage_healed":0,"gold_gain":0,"player_choice":"Opened","damage_taken":0,"relics_obtained":["Happy Flower"],"max_hp_gain":0,"max_hp_loss":0,"event_name":"The Mausoleum","floor":21,"gold_loss":0}],"is_beta":false,"boss_relics":[{"not_picked":["Fusion Hammer","Coffee Dripper"],"picked":"Empty Cage"}],"items_purged_floors":[],"is_endless":false,"potions_floor_spawned":[3,4,16,18],"killed_by":"Chosen and Byrds","ascension_level":0}}