{"host":"zv85muor2723jdwz","time":1607561680,"event":{"gold_per_floor":[109,127,77,23,42,42,52,79,102,114,114,114,39,54,54,151,151,163,19,19,39,59,59,59,73,100,111,111,130,130,150,150,250,250,270,570,584,134,152,152,167,167,167,184,184,36,52,0,0,0],"floor_reached":51,"playtime":2420,"items_purged":["Defend_G","Survivor+1"],"score":678,"play_id":"1ba691a3-8b56-46b1-b5fd-9b4490e1af82","local_time":"20201210085440","is_ascension_mode":false,"campfire_choices":[{"data":"Outmaneuver","floor":6.0,"key":"SMITH"},{"data":"Predator","floor":11.0,"key":"SMITH"},{"data":"Underhanded Strike","floor":15.0,"key":"SMITH"},{"data":"Acrobatics","floor":23.0,"key":"SMITH"},{"data":"Blade Dance","floor":30.0,"key":"SMITH"},{"data":"Acrobatics","floor":32.0,"key":"SMITH"},{"data":"Choke","floor":40,"key":"SMITH"},{"data":"A Thousand Cuts","floor":42,"key":"SMITH"},{"data":"Calculated Gamble","floor":45,"key":"SMITH"},{"data":"Die Die Die","floor":49,"key":"SMITH"}],"neow_cost":"NONE","seed_source_timestamp":0,"circlet_count":0,"master_deck":["Strike_G","Strike_G","Strike_G","Strike_G","Strike_G","Defend_G","Defend_G","Defend_G+1","Neutralize","Acrobatics+1","Outmaneuver+1","Finisher","Underhanded Strike+1","Predator+1","Terror","Adrenaline","Calculated Gamble+1","Backflip","Infinite Blades+1","Blade Dance+1","Acrobatics+1","A Thousand Cuts+1","Flying Knee+1","Die Die Die+1","Choke+1","Expertise+1","Dagger Spray","Finisher+1"],"special_seed":0,"relics":["Ring of the Snake","NeowsBlessing","Bag of Marbles","Oddly Smooth Stone","Black Star","War Paint","Strawberry","Enchiridion","Runic Pyramid","Medical Kit","PreservedInsect","Kunai","Red Mask"],"potions_floor_usage":[],"damage_taken":[{"damage":0.0,"enemies":"Jaw Worm","floor":1.0,"turns":1.0},{"damage":0.0,"enemies":"Small Slimes","floor":2.0,"turns":3.0},{"damage":0.0,"enemies":"2 Louse","floor":5.0,"turns":1.0},{"damage":31.0,"enemies":"2 Fungi Beasts","floor":7.0,"turns":4.0},{"damage":18.0,"enemies":"3 Sentries","floor":8.0,"turns":7.0},{"damage":0.0,"enemies":"Lots of Slimes","floor":10.0,"turns":3.0},{"damage":0.0,"enemies":"Red Slaver","floor":14.0,"turns":4.0},{"damage":46.0,"enemies":"The Guardian","floor":16.0,"turns":7.0},{"damage":10.0,"enemies":"Spheric Guardian","floor":18.0,"turns":5.0},{"damage":0.0,"enemies":"Chosen","floor":21.0,"turns":4.0},{"damage":18.0,"enemies":"Snake Plant","floor":22.0,"turns":5.0},{"damage":0.0,"enemies":"Snecko","floor":25.0,"turns":5.0},{"damage":0.0,"enemies":"Sentry and Sphere","floor":27.0,"turns":4.0},{"damage":0.0,"enemies":"3 Cultists","floor":29.0,"turns":4.0},{"damage":0.0,"enemies":"Snecko","floor":31.0,"turns":4.0},{"damage":38.0,"enemies":"Collector","floor":33.0,"turns":6.0},{"damage":15,"enemies":"3 Shapes","floor":35,"turns":2},{"damage":0,"enemies":"3 Darklings","floor":37,"turns":4},{"damage":12,"enemies":"4 Shapes","floor":39,"turns":3},{"damage":0,"enemies":"Spire Growth","floor":41,"turns":3},{"damage":0,"enemies":"Transient","floor":44,"turns":6},{"damage":9,"enemies":"Sphere and 2 Shapes","floor":47,"turns":3},{"damage":32,"enemies":"Awakened One","floor":50,"turns":5}],"seed_played":"973856303960705554","potions_obtained":[{"floor":2.0,"key":"GamblersBrew"},{"floor":5.0,"key":"Swift Potion"},{"floor":10.0,"key":"Fruit Juice"},{"floor":25.0,"key":"Block Potion"}],"is_trial":false,"path_per_floor":["M","M","?","$","M","R","M","E","T","M","R","?","$","M","R","B",null,"M","$","?","M","M","R","?","M","T","M","?","M","R","M","R","B",null,"M","?","M","$","M","R","M","R","T","M","R","$","M","?","R","B",null],"character_chosen":"THE_SILENT","items_purchased":["Outmaneuver","War Paint","Die Die Die","Medical Kit","PreservedInsect","Dagger Spray"],"campfire_rested":0,"item_purchase_floors":[4,19,38,38,38,46],"current_hp_per_floor":[70,70,70,70,70,70,70,70,70,70,70,75,75,75,75,75,75,75,75,75,75,75,75,75,75,82,82,82,82,82,82,82,82,82,82,82,82,82,82,82,82,82,82,82,82,82,82,82,82,82],"gold":0,"neow_bonus":"THREE_ENEMY_KILL","is_prod":false,"is_daily":false,"chose_seed":false,"campfire_upgraded":10,"win_rate":0.0,"timestamp":1607561680,"path_taken":["M","M","?","$","M","R","M","E","T","M","R","?","$","M","R","BOSS","M","$","?","M","M","R","?","M","T","M","?","M","R","M","R","BOSS","M","?","?","?","M","R","M","R","T","M","R","$","M","?","R","BOSS"],"build_version":"2020-11-30","purchased_purges":2,"victory":true,"max_hp_per_floor":[70,70,70,70,70,70,70,70,70,70,70,75,75,75,75,75,75,75,75,75,75,75,75,75,75,82,82,82,82,82,82,82,82,82,82,82,82,82,82,82,82,82,82,82,82,82,82,82,82,82],"card_choices":[{"not_picked":["Dagger Spray","Sucker Punch"],"picked":"Acrobatics","floor":1.0},{"not_picked":["Dash","Eviscerate","Dagger Spray"],"picked":"SKIP","floor":2.0},{"not_picked":["Envenom","Bouncing Flask"],"picked":"Finisher","floor":5.0},{"not_picked":["Noxious Fumes","PiercingWail"],"picked":"Underhanded Strike","floor":7.0},{"not_picked":["Bullet Time","Slice"],"picked":"Predator","floor":8.0},{"not_picked":["Sucker Punch","Noxious Fumes"],"picked":"Terror","floor":10.0},{"not_picked":["Acrobatics","Quick Slash","Prepared"],"picked":"SKIP","floor":14.0},{"not_picked":["A Thousand Cuts","Wraith Form v2"],"picked":"Adrenaline","floor":16.0},{"not_picked":["PiercingWail","Sucker Punch","Deflect"],"picked":"SKIP","floor":18.0},{"not_picked":["Eviscerate","Escape Plan"],"picked":"Calculated Gamble","floor":21.0},{"not_picked":["Crippling Poison","Poisoned Stab"],"picked":"Backflip","floor":22.0},{"not_picked":["Predator","Slice"],"picked":"Infinite Blades+1","floor":25.0},{"not_picked":["Deflect","Reflex"],"picked":"Blade Dance","floor":27.0},{"not_picked":["Outmaneuver","Well Laid Plans","PiercingWail"],"picked":"SKIP","floor":29.0},{"not_picked":["Deadly Poison","Backflip"],"picked":"Acrobatics","floor":31.0},{"not_picked":["Doppelganger","Unload"],"picked":"A Thousand Cuts","floor":33.0},{"not_picked":["Dagger Throw","Deadly Poison+1","Sucker Punch"],"picked":"SKIP","floor":35},{"not_picked":["Dash","Reflex+1"],"picked":"Flying Knee+1","floor":37},{"not_picked":["Riddle With Holes","Sucker Punch"],"picked":"Choke","floor":39},{"not_picked":["Quick Slash","Calculated Gamble+1"],"picked":"Expertise+1","floor":41},{"not_picked":["Masterful Stab","Blur","Flying Knee"],"picked":"SKIP","floor":44},{"not_picked":["Noxious Fumes","Outmaneuver"],"picked":"Finisher+1","floor":47}],"player_experience":7668,"relics_obtained":[{"floor":8.0,"key":"Bag of Marbles"},{"floor":9.0,"key":"Oddly Smooth Stone"},{"floor":26.0,"key":"Strawberry"},{"floor":28.0,"key":"Enchiridion"},{"floor":43,"key":"Kunai"}],"event_choices":[{"cards_removed":["Defend_G"],"damage_healed":0.0,"max_hp_gain":0.0,"max_hp_loss":0.0,"gold_gain":0.0,"event_name":"The Cleric","player_choice":"Card Removal","floor":3.0,"gold_loss":50.0,"damage_taken":0.0},{"damage_healed":0.0,"max_hp_gain":5.0,"max_hp_loss":0.0,"gold_gain":0.0,"event_name":"Big Fish","player_choice":"Donut","floor":12.0,"gold_loss":0.0,"damage_taken":0.0},{"damage_healed":0.0,"max_hp_gain":0.0,"max_hp_loss":0.0,"gold_gain":0.0,"event_name":"Ghosts","player_choice":"Ignored","floor":20.0,"gold_loss":0.0,"damage_taken":0.0},{"damage_healed":0.0,"max_hp_gain":0.0,"max_hp_loss":0.0,"gold_gain":0.0,"event_name":"Cursed Tome","player_choice":"Obtained Book","floor":28.0,"gold_loss":0.0,"damage_taken":16.0},{"damage_healed":0,"gold_gain":300,"player_choice":"Gold","damage_taken":0,"max_hp_gain":0,"max_hp_loss":0,"event_name":"Wheel of Change","floor":36,"gold_loss":0},{"damage_healed":0,"gold_gain":0,"player_choice":"Paid","damage_taken":0,"relics_obtained":["Red Mask"],"max_hp_gain":0,"max_hp_loss":0,"event_name":"Tomb of Lord Red Mask","floor":48,"gold_loss":52}],"is_beta":false,"boss_relics":[{"not_picked":["Sozu","Cursed Key"],"picked":"Black Star"},{"not_picked":["Runic Dome","Ring of the Serpent"],"picked":"Runic Pyramid"}],"items_purged_floors":[13,46],"is_endless":false,"potions_floor_spawned":[2,5,10,14,25,27,29,33,35,39,41,47],"ascension_level":0}}