{"host":"mvlqq966zh3ccmv5","time":1607612764,"event":{"mods":["BaseMod","AchievementEnabler","SuperFastMode","Minty Spire (QoL Compilation)","DeckTracker"],"gold_per_floor":[119,119,119,129,142,142,162,177,177,197,211,211,60,79,79,79,79],"floor_reached":16,"playtime":361,"items_purged":["Strike_R"],"score":121,"play_id":"911a394e-7520-4b50-89cf-931c7cbea5d0","local_time":"20201211000604","is_ascension_mode":false,"campfire_choices":[{"data":"Feed","floor":6.0,"key":"SMITH"},{"data":"Armaments","floor":12,"key":"SMITH"},{"data":"Immolate","floor":15,"key":"SMITH"}],"circlet_count":0,"master_deck":["Strike_R","Strike_R","Strike_R","Defend_R","Defend_R","Defend_R","Defend_R","Bash","Feed+1","Warcry","Seeing Red","Armaments+1","Thunderclap","Battle Trance","Immolate+1"],"special_seed":0,"relics":["Burning Blood"],"acts_visited":["Exordium"],"potions_floor_usage":[8],"damage_taken":[{"damage":0.0,"enemies":"2 Louse","floor":1.0,"turns":3.0},{"damage":6.0,"enemies":"Cultist","floor":4.0,"turns":3.0},{"damage":5.0,"enemies":"Jaw Worm","floor":5.0,"turns":4.0},{"damage":13.0,"enemies":"2 Fungi Beasts","floor":7.0,"turns":4.0},{"damage":18,"enemies":"Large Slime","floor":8,"turns":8},{"damage":6,"enemies":"Blue Slaver","floor":10,"turns":5},{"damage":0,"enemies":"2 Fungi Beasts","floor":11,"turns":2},{"damage":0,"enemies":"Lots of Slimes","floor":14,"turns":2},{"damage":86,"enemies":"Hexaghost","floor":16,"turns":10}],"seed_played":"-2235411380077521929","potions_obtained":[{"floor":5.0,"key":"SteroidPotion"},{"floor":10,"key":"SteroidPotion"},{"floor":11,"key":"Swift Potion"}],"is_trial":false,"path_per_floor":["M","?","?","M","M","R","M","M","T","M","M","R","$","M","R","B"],"character_chosen":"IRONCLAD","items_purchased":["Immolate"],"campfire_rested":0,"item_purchase_floors":[13],"current_hp_per_floor":[83,76,76,76,80,80,77,65,65,65,75,75,75,85,85,0,0],"gold":79,"neow_bonus":"ONE_RANDOM_RARE_CARD","is_daily":false,"chose_seed":false,"campfire_upgraded":3,"win_rate":0,"timestamp":1607612764,"path_taken":["M","?","?","M","M","R","M","M","T","M","?","R","$","M","R","BOSS"],"build_version":"2020-11-30","purchased_purges":1,"victory":false,"max_hp_per_floor":[83,83,83,83,86,86,90,90,90,90,94,94,94,98,98,98,98],"card_choices":[{"not_picked":["Havoc","Anger"],"picked":"Warcry","floor":1.0},{"not_picked":["Headbutt","Combust","Havoc"],"picked":"SKIP","floor":4.0},{"not_picked":["Iron Wave","Infernal Blade"],"picked":"Seeing Red","floor":5.0},{"not_picked":["Uppercut","Iron Wave"],"picked":"Armaments","floor":7.0},{"not_picked":["Wild Strike","Shrug It Off"],"picked":"Thunderclap","floor":8},{"not_picked":["Burning Pact","Rampage","Armaments"],"picked":"SKIP","floor":10},{"not_picked":["Thunderclap","Hemokinesis"],"picked":"Battle Trance","floor":11},{"not_picked":["Iron Wave","Berserk","Twin Strike"],"picked":"SKIP","floor":14}],"player_experience":190512,"relics_obtained":[],"event_choices":[{"cards_removed":["Strike_R"],"damage_healed":0.0,"max_hp_gain":0.0,"max_hp_loss":0.0,"gold_gain":0.0,"event_name":"Golden Wing","player_choice":"Card Removal","floor":2.0,"gold_loss":0.0,"damage_taken":7.0},{"damage_healed":0.0,"max_hp_gain":0.0,"max_hp_loss":0.0,"gold_gain":0.0,"event_name":"Wheel of Change","player_choice":"Relic","floor":3.0,"gold_loss":0.0,"damage_taken":0.0}],"is_beta":false,"boss_relics":[],"items_purged_floors":[13],"is_endless":false,"potions_floor_spawned":[5,10,11],"killed_by":"Hexaghost","ascension_level":0}}