{"host":"q9718omregw4er46","time":1607626714,"event":{"mods":["BaseMod","Bestiary","Colored Powertips","Highlight Path","Minty Spire (QoL Compilation)","Quick Restart","Relic Stats"],"gold_per_floor":[20,20,34,34,55,95,114,114,159,180,180,199,2,33,33,127,127,141,162,77,77,100,100,131,5,30,51,84,102,102,121,121,217,217,241,260,593,105,155,155,180,200,225,225,225,278,278,311,311,311,311,311,50,78,78,78],"floor_reached":55,"playtime":4273,"items_purged":["Strike_P+1"],"score":1450,"play_id":"424ace11-8121-4a4e-ab44-d65bf0fc784f","local_time":"20201210235834","is_ascension_mode":true,"campfire_choices":[{"data":"TalkToTheHand","floor":8.0,"key":"SMITH"},{"floor":11.0,"key":"REST"},{"floor":15.0,"key":"REST"},{"data":"Blasphemy","floor":23.0,"key":"SMITH"},{"data":"MentalFortress","floor":30.0,"key":"SMITH"},{"data":"MentalFortress","floor":32,"key":"SMITH"},{"data":"Wallop","floor":40,"key":"SMITH"},{"floor":44,"key":"REST"},{"floor":47,"key":"REST"},{"floor":49,"key":"RECALL"},{"data":"Wireheading","floor":52,"key":"SMITH"}],"circlet_count":0,"master_deck":["AscendersBane","Defend_P+1","Defend_P+1","Defend_P+1","Eruption","Vigilance","FollowUp","EmptyFist","CarveReality","TalkToTheHand+1","FearNoEvil","Blasphemy+1","DeceiveReality","DeusExMachina","DevaForm","Fasting2+1","Perseverance+1","Vault+1","Wallop+1","MentalFortress+1","MentalFortress+1","Tantrum","FlurryOfBlows","Wireheading+1","Scrawl","Worship+1","ConjureBlade","Adaptation","CrushJoints+1"],"special_seed":0,"relics":["PureWater","Torii","The Courier","OrangePellets","Akabeko","Astrolabe","Centennial Puzzle","Bronze Scales","Anchor","Gremlin Horn","Sozu","Ornamental Fan","Mummified Hand","Thread and Needle","MealTicket","Unceasing Top","Frozen Egg 2","ClockworkSouvenir","Happy Flower","Blue Candle"],"acts_visited":["Exordium","TheCity","TheBeyond","TheEnding"],"potions_floor_usage":[55,55],"damage_taken":[{"damage":1.0,"enemies":"Small Slimes","floor":1.0,"turns":3.0},{"damage":1.0,"enemies":"Jaw Worm","floor":3.0,"turns":3.0},{"damage":0.0,"enemies":"Cultist","floor":5.0,"turns":3.0},{"damage":7.0,"enemies":"Lagavulin","floor":6.0,"turns":6.0},{"damage":0.0,"enemies":"Large Slime","floor":7.0,"turns":2.0},{"damage":11.0,"enemies":"Exordium Wildlife","floor":10.0,"turns":3.0},{"damage":0.0,"enemies":"2 Fungi Beasts","floor":12.0,"turns":3.0},{"damage":23.0,"enemies":"3 Sentries","floor":14.0,"turns":8.0},{"damage":12.0,"enemies":"The Guardian","floor":16.0,"turns":12.0},{"damage":1.0,"enemies":"Spheric Guardian","floor":18.0,"turns":5.0},{"damage":7.0,"enemies":"Shell Parasite","floor":19.0,"turns":6.0},{"damage":1.0,"enemies":"Snake Plant","floor":22.0,"turns":3.0},{"damage":0.0,"enemies":"Slavers","floor":24.0,"turns":5.0},{"damage":16.0,"enemies":"Cultist and Chosen","floor":27.0,"turns":7.0},{"damage":2.0,"enemies":"Book of Stabbing","floor":28.0,"turns":8.0},{"damage":0.0,"enemies":"3 Cultists","floor":29.0,"turns":5.0},{"damage":1,"enemies":"Centurion and Healer","floor":31,"turns":6},{"damage":13,"enemies":"Champ","floor":33,"turns":9},{"damage":1,"enemies":"Orb Walker","floor":35,"turns":4},{"damage":7,"enemies":"3 Darklings","floor":36,"turns":4},{"damage":12,"enemies":"Giant Head","floor":41,"turns":8},{"damage":15,"enemies":"Spire Growth","floor":42,"turns":4},{"damage":19,"enemies":"2 Orb Walkers","floor":46,"turns":7},{"damage":12,"enemies":"Nemesis","floor":48,"turns":6},{"damage":1,"enemies":"Awakened One","floor":50,"turns":9},{"damage":66,"enemies":"Shield and Spear","floor":54,"turns":6},{"damage":99999,"enemies":"The Heart","floor":55,"turns":7}],"seed_played":"6486702013494501052","potions_obtained":[{"floor":1.0,"key":"Dexterity Potion"},{"floor":5.0,"key":"GamblersBrew"},{"floor":10.0,"key":"LiquidBronze"},{"floor":12.0,"key":"BottledMiracle"},{"floor":16.0,"key":"SkillPotion"},{"floor":18.0,"key":"SteroidPotion"},{"floor":22.0,"key":"Ambrosia"},{"floor":24.0,"key":"Fire Potion"},{"floor":27.0,"key":"Strength Potion"}],"is_trial":false,"path_per_floor":["M","?","M","?","M","E","M","R","T","M","R","M","$","E","R","B",null,"M","M","?","?","M","R","E","$","T","M","E","M","R","M","R","B",null,"M","M","?","$","?","R","E","M","T","R","?","?","R","E","R","B",null,"R","$","E","B"],"character_chosen":"WATCHER","items_purchased":["OrangePellets","DeceiveReality","MentalFortress","MentalFortress","Ornamental Fan","Mummified Hand","ClockworkSouvenir","Happy Flower"],"campfire_rested":4,"item_purchase_floors":[13,13,25,25,38,38,53,53],"current_hp_per_floor":[60,37,36,36,36,29,29,29,29,18,38,38,38,15,35,23,57,56,49,49,49,48,48,48,48,48,32,30,30,30,29,29,16,55,54,47,47,47,47,47,35,20,20,40,40,21,41,29,29,28,58,58,68,2,0,0],"gold":78,"neow_bonus":"ONE_RARE_RELIC","is_daily":false,"chose_seed":false,"campfire_upgraded":6,"win_rate":0,"timestamp":1607626714,"path_taken":["M","?","M","?","M","E","M","R","T","M","R","M","$","E","R","BOSS","M","M","?","?","M","R","E","?","T","M","E","M","R","M","R","BOSS","M","M","?","$","?","R","E","?","T","R","?","?","R","E","R","BOSS","R","$","E","BOSS"],"build_version":"2020-11-30","purchased_purges":1,"victory":false,"max_hp_per_floor":[68,68,68,68,68,68,68,68,68,68,68,68,68,68,68,68,68,68,68,68,68,68,68,68,68,68,68,68,68,68,68,68,68,68,68,68,68,68,68,68,68,68,68,68,68,68,68,68,68,68,68,68,68,68,68,68],"relic_stats":{"Torii":48,"Gremlin Horn":[10,10],"Happy Flower":[4],"counters":[27,151],"Astrolabe":["Fasting2","Perseverance","Vault"],"Blue Candle":[0],"Sozu":2,"OrangePellets":[27],"Centennial Puzzle":[41],"Ornamental Fan":[112],"Mummified Hand":[45],"Bronze Scales":[325],"MealTicket":10,"obtain_stats":[{"Torii":0,"Gremlin Horn":28,"Happy Flower":53,"Golden Idol":2,"Astrolabe":17,"Blue Candle":54,"Thread and Needle":41,"The Courier":6,"Frozen Egg 2":48,"Akabeko":14,"ClockworkSouvenir":53,"Sozu":34,"OrangePellets":13,"Centennial Puzzle":20,"Anchor":26,"Ornamental Fan":38,"Mummified Hand":38,"Bronze Scales":24,"MealTicket":43,"PureWater":0,"Unceasing Top":46},{"Torii":0,"Gremlin Horn":15,"Happy Flower":25,"Golden Idol":1,"Astrolabe":9,"Blue Candle":26,"Thread and Needle":21,"The Courier":4,"Frozen Egg 2":24,"Akabeko":8,"ClockworkSouvenir":25,"Sozu":18,"OrangePellets":7,"Centennial Puzzle":11,"Anchor":13,"Ornamental Fan":20,"Mummified Hand":20,"Bronze Scales":13,"MealTicket":22,"PureWater":0,"Unceasing Top":23},{"Torii":0,"Gremlin Horn":77,"Happy Flower":139,"Golden Idol":3,"Astrolabe":43,"Blue Candle":145,"Thread and Needle":113,"The Courier":15,"Frozen Egg 2":130,"Akabeko":31,"ClockworkSouvenir":139,"Sozu":97,"OrangePellets":23,"Centennial Puzzle":54,"Anchor":62,"Ornamental Fan":105,"Mummified Hand":105,"Bronze Scales":62,"MealTicket":117,"PureWater":0,"Unceasing Top":124}],"Unceasing Top":[7]},"card_choices":[{"not_picked":["DeceiveReality","MentalFortress"],"picked":"FollowUp","floor":1.0},{"not_picked":["Consecrate","Crescendo"],"picked":"EmptyFist","floor":3.0},{"not_picked":["SandsOfTime","Worship"],"picked":"CarveReality","floor":5.0},{"not_picked":["FearNoEvil","Nirvana"],"picked":"TalkToTheHand","floor":6.0},{"not_picked":["PathToVictory","EmptyBody"],"picked":"FearNoEvil","floor":7.0},{"not_picked":["BowlingBash","SashWhip","Crescendo"],"picked":"SKIP","floor":10.0},{"not_picked":["SignatureMove","Prostrate"],"picked":"Blasphemy","floor":12.0},{"not_picked":["Prostrate","PathToVictory"],"picked":"DeusExMachina","floor":14.0},{"not_picked":["Establishment","SpiritShield"],"picked":"DevaForm","floor":16.0},{"not_picked":["CutThroughFate","FearNoEvil","SignatureMove"],"picked":"SKIP","floor":18.0},{"not_picked":["JustLucky","Weave+1","BowlingBash"],"picked":"SKIP","floor":19.0},{"not_picked":["WreathOfFlame","FearNoEvil"],"picked":"Wallop","floor":22.0},{"not_picked":["Protect","ThirdEye","BattleHymn"],"picked":"SKIP","floor":24.0},{"not_picked":["Consecrate","CutThroughFate","Worship"],"picked":"SKIP","floor":27.0},{"not_picked":["Consecrate","DeusExMachina"],"picked":"Tantrum","floor":28.0},{"not_picked":["CrushJoints","JustLucky"],"picked":"FlurryOfBlows","floor":29.0},{"not_picked":["WindmillStrike","Swivel"],"picked":"Wireheading","floor":31},{"not_picked":["Vault","DevaForm"],"picked":"Scrawl","floor":33},{"not_picked":["BowlingBash","SashWhip"],"picked":"Worship+1","floor":35},{"not_picked":["FlurryOfBlows","DeceiveReality","FollowUp+1"],"picked":"SKIP","floor":36},{"not_picked":["ClearTheMind","CutThroughFate"],"picked":"ConjureBlade","floor":41},{"not_picked":["FlyingSleeves","SandsOfTime"],"picked":"Adaptation","floor":42},{"not_picked":["Halt","ThirdEye"],"picked":"CrushJoints+1","floor":46},{"not_picked":["Prostrate","CrushJoints","FollowUp+1"],"picked":"SKIP","floor":48},{"not_picked":["ThirdEye","CrushJoints","EmptyFist+1"],"picked":"SKIP","floor":54}],"player_experience":982029,"relics_obtained":[{"floor":6.0,"key":"The Courier"},{"floor":14.0,"key":"Akabeko"},{"floor":24.0,"key":"Bronze Scales"},{"floor":26.0,"key":"Anchor"},{"floor":28.0,"key":"Gremlin Horn"},{"floor":41,"key":"Thread and Needle"},{"floor":43,"key":"MealTicket"},{"floor":46,"key":"Unceasing Top"},{"floor":48,"key":"Frozen Egg 2"},{"floor":54,"key":"Blue Candle"}],"event_choices":[{"damage_healed":0.0,"max_hp_gain":0.0,"max_hp_loss":0.0,"gold_gain":0.0,"event_name":"Golden Idol","player_choice":"Take Damage","floor":2.0,"gold_loss":0.0,"damage_taken":23.0,"relics_obtained":["Golden Idol"]},{"cards_removed":["Strike_P"],"damage_healed":0.0,"max_hp_gain":0.0,"max_hp_loss":0.0,"gold_gain":0.0,"event_name":"Bonfire Elementals","player_choice":"Offered Basic","floor":4.0,"gold_loss":0.0,"damage_taken":0.0},{"damage_healed":0.0,"max_hp_gain":0.0,"max_hp_loss":0.0,"gold_gain":0.0,"event_name":"Addict","player_choice":"Obtained Relic","floor":20.0,"gold_loss":85.0,"damage_taken":0.0,"relics_obtained":["Centennial Puzzle"]},{"damage_healed":0.0,"max_hp_gain":0.0,"max_hp_loss":0.0,"gold_gain":0.0,"event_name":"Back to Basics","player_choice":"Simplicity","floor":21.0,"gold_loss":0.0,"damage_taken":0.0,"cards_upgraded":["Strike_P","Defend_P","Defend_P","Defend_P"]},{"damage_healed":0,"gold_gain":333,"player_choice":"Gave Idol","damage_taken":0,"max_hp_gain":0,"max_hp_loss":0,"event_name":"The Moai Head","floor":37,"relics_lost":["Golden Idol"],"gold_loss":0},{"damage_healed":0,"gold_gain":50,"player_choice":"Pray","damage_taken":0,"max_hp_gain":0,"max_hp_loss":0,"event_name":"Golden Shrine","floor":39,"gold_loss":0},{"damage_healed":0,"gold_gain":0,"player_choice":"Ignored","damage_taken":0,"max_hp_gain":0,"max_hp_loss":0,"event_name":"Tomb of Lord Red Mask","floor":45,"gold_loss":0},{"damage_healed":0,"gold_gain":0,"player_choice":"Fight","damage_taken":0,"max_hp_gain":0,"max_hp_loss":0,"event_name":"Mysterious Sphere","floor":46,"gold_loss":0}],"is_beta":false,"boss_relics":[{"not_picked":["Calling Bell","Busted Crown"],"picked":"Astrolabe"},{"not_picked":["Velvet Choker","Pandora\u0027s Box"],"picked":"Sozu"}],"items_purged_floors":[38],"is_endless":false,"potions_floor_spawned":[1,5,10,12,16,18,22,24,27,35,36],"killed_by":"The Heart","ascension_level":18}}