{"host":"kux12pw67lc1ca9q","time":1607563741,"event":{"gold_per_floor":[117,117,78,97,119,145,180,219,219,219,199,199,199,199],"floor_reached":13,"playtime":599,"items_purged":[],"score":156,"play_id":"b43a411f-5b52-4841-809e-d3cbb0c82a40","local_time":"20201210012901","is_ascension_mode":true,"campfire_choices":[{"floor":12,"key":"REST"}],"neow_cost":"PERCENT_DAMAGE","seed_source_timestamp":378290310668000,"circlet_count":0,"master_deck":["AscendersBane","Strike_Witch","Strike_Witch","Defend_Witch","Defend_Witch","Defend_Witch","Defend_Witch","Hexguard","ZombieSpit","SkullFlask","CrystalResonance","Bewitch","PlagueSpreader","GnarledBody","Pain","BlackBolt","Harmlessness","IllOmen","Strike_P"],"relics":["BlackCat","Menagerie:HuntersKnife","potionbrewer:BottledElixir","Runesmith:Nanobots","Du-Vu Doll"],"potions_floor_usage":[6],"damage_taken":[{"damage":2,"enemies":"Menagerie:2_RABBITS","floor":1,"turns":8},{"damage":0,"enemies":"Menagerie:WhisperingWraith","floor":4,"turns":4},{"damage":7,"enemies":"Menagerie:MonstrousExperiment","floor":5,"turns":6},{"damage":12,"enemies":"Menagerie:VoidReaper","floor":6,"turns":5},{"damage":16,"enemies":"Menagerie:DREAD_MOTH_AND_GRAFTED_WORMS","floor":8,"turns":6},{"damage":3,"enemies":"Menagerie:MaskedSummoner","floor":13,"turns":1}],"seed_played":"6319269757937650052","potions_obtained":[{"floor":1,"key":"Reflective Coating"},{"floor":6,"key":"Swift Potion"}],"is_trial":false,"path_per_floor":["M","?","$","M","M","E","?","M","T","?","?","R","E"],"character_chosen":"WITCH","items_purchased":["CrystalResonance"],"campfire_rested":1,"item_purchase_floors":[3],"current_hp_per_floor":[40,40,40,40,33,21,21,5,5,5,5,22,19,19],"gold":199,"neow_bonus":"REMOVE_TWO","is_prod":false,"is_daily":false,"chose_seed":false,"campfire_upgraded":0,"win_rate":0,"timestamp":1607563741,"path_taken":["M","?","?","M","M","E","?","?","T","?","?","R","E"],"build_version":"2020-11-30","purchased_purges":0,"victory":false,"max_hp_per_floor":[63,57,57,57,57,57,57,57,57,57,57,57,57,57],"card_choices":[{"not_picked":["Shrooms","WretchedNails"],"picked":"SkullFlask","floor":1},{"not_picked":["BoneCarving","Thundercloud"],"picked":"Bewitch","floor":4},{"not_picked":["Decrepify","MercuryWand"],"picked":"PlagueSpreader","floor":5},{"not_picked":["PlagueSpreader","RoilingBarrier"],"picked":"GnarledBody","floor":6},{"not_picked":["Pillage","GhoulTouch"],"picked":"BlackBolt","floor":7},{"not_picked":["LivingBomb","Demonfyre"],"picked":"Harmlessness","floor":7},{"not_picked":["Decrepify","RiteOfWinter"],"picked":"IllOmen","floor":8}],"player_experience":1325202,"relics_obtained":[{"floor":6,"key":"potionbrewer:BottledElixir"},{"floor":7,"key":"Runesmith:Nanobots"},{"floor":9,"key":"Du-Vu Doll"}],"event_choices":[{"damage_healed":0,"gold_gain":0,"player_choice":"Take","damage_taken":0,"relics_obtained":["Menagerie:HuntersKnife"],"max_hp_gain":0,"max_hp_loss":6,"event_name":"Menagerie:BigGameHunter","floor":2,"gold_loss":0},{"damage_healed":0,"gold_gain":0,"player_choice":"Ignore","damage_taken":0,"max_hp_gain":0,"max_hp_loss":0,"event_name":"Menagerie:ShimmeringGrove","floor":10,"gold_loss":0,"cards_obtained":["Strike_P"]},{"damage_healed":0,"gold_gain":0,"player_choice":"Avoid the battle","damage_taken":0,"max_hp_gain":0,"max_hp_loss":0,"event_name":"Menagerie:MageAndMonster","floor":11,"gold_loss":20}],"is_beta":false,"boss_relics":[],"items_purged_floors":[],"is_endless":false,"potions_floor_spawned":[1,6],"killed_by":"Menagerie:MaskedSummoner","ascension_level":20}}