{"host":"ecaj4hn004xnnrw9","time":1607635891,"event":{"mods":["BaseMod","AchievementEnabler","StSLib","Hermit","Quick Restart","Minty Spire (QoL Compilation)","Replay The Spire","The Cursed"],"gold_per_floor":[109,55,71,71,86,86,99,125,125,50,50,50,50,62,62,157,157,176,379,389,389,389,424,424,455,505,530,545,545,644,227,227,328,328,343,363,90,109,123,123,148,148,172,122,122,136,136,167,167,181],"floor_reached":51,"playtime":2437,"items_purged":["Turbo+1","White Noise","Defend_B","Defend_B"],"score":871,"play_id":"9cc66a20-26e0-4e0b-937d-452c54db6ad5","local_time":"20201210213131","is_ascension_mode":true,"campfire_choices":[{"data":"Zap","floor":6,"key":"SMITH"},{"data":"ReplayTheSpireMod:Calculation Training","floor":13,"key":"SMITH"},{"data":"Biased Cognition","floor":15,"key":"SMITH"},{"data":"Thunder Strike","floor":24,"key":"SMITH"},{"data":"Apotheosis","floor":32,"key":"SMITH"},{"data":"Seek","floor":40,"key":"SMITH"},{"data":"Defragment","floor":42,"key":"SMITH"},{"floor":49,"key":"RECALL"}],"circlet_count":0,"master_deck":["Strike_B+1","Strike_B+1","Defend_B+1","Zap+1","Dualcast+1","BootSequence+1","Panic Button+1","Capacitor+1","Cold Snap+1","Coolheaded+1","ReplayTheSpireMod:Calculation Training+1","Cold Snap+1","Biased Cognition+1","Thunder Strike+1","Doom and Gloom+1","Genetic Algorithm+1","Genetic Algorithm+1","Zap+1","BasicCrystalCard+1","Capacitor+1","Defragment+1","Coolheaded+1","Barrage+1","Apotheosis+1","Biased Cognition+1","Cold Snap+1","Lockon+1","Blizzard+1","Glacier+1","Core Surge+1","Barrage+1","Consume+1","Seek+1","Panic Button+1","All For One+1","Compile Driver+1","Coolheaded+1","Tempest+1","Turbo+1"],"relics":["Astrolabe","Whetstone","Unceasing Top","Singing Bowl","Honey Jar","Smiling Mask","Bag of Preparation","Pen Nib","Prayer Wheel","Eternal Feather","MealTicket","Ring of Chaos","TheAbacus","Replay:Bandana","ReplayTheSpireMod:Lightbulb","Mark of the Bloom"],"acts_visited":["Exordium","TheCity","TheBeyond"],"potions_floor_usage":[8,8,27,33,33,33,36,36,50,50,50,50],"damage_taken":[{"damage":0,"enemies":"Cultist","floor":1,"turns":4},{"damage":3,"enemies":"Small Slimes","floor":3,"turns":6},{"damage":3,"enemies":"Jaw Worm","floor":5,"turns":4},{"damage":0,"enemies":"Large Slime","floor":7,"turns":7},{"damage":36,"enemies":"Gremlin Nob","floor":8,"turns":5},{"damage":4,"enemies":"Looter","floor":14,"turns":4},{"damage":24,"enemies":"Hexaghost","floor":16,"turns":12},{"damage":0,"enemies":"Chosen","floor":18,"turns":6},{"damage":8,"enemies":"3 Byrds","floor":20,"turns":4},{"damage":20,"enemies":"Gremlin Leader","floor":23,"turns":7},{"damage":0,"enemies":"Book of Stabbing","floor":25,"turns":6},{"damage":0,"enemies":"Gremlin Leader","floor":27,"turns":9},{"damage":14,"enemies":"Sentry and Sphere","floor":28,"turns":6},{"damage":21,"enemies":"Automaton","floor":33,"turns":9},{"damage":0,"enemies":"3 Darklings","floor":35,"turns":7},{"damage":23,"enemies":"3 Shapes","floor":36,"turns":4},{"damage":10,"enemies":"Jaw Worm Horde","floor":38,"turns":6},{"damage":25,"enemies":"Maw","floor":39,"turns":8},{"damage":0,"enemies":"Nemesis","floor":41,"turns":7},{"damage":0,"enemies":"4 Shapes","floor":46,"turns":6},{"damage":14,"enemies":"Sphere and 2 Shapes","floor":48,"turns":5},{"damage":16,"enemies":"Donu and Deca","floor":50,"turns":6}],"seed_played":"4929260063275489939","potions_obtained":[{"floor":1,"key":"Strength Potion"},{"floor":5,"key":"SkillPotion"},{"floor":8,"key":"Dexterity Potion"},{"floor":20,"key":"AttackPotion"},{"floor":23,"key":"Weak Potion"},{"floor":25,"key":"Milkshake"},{"floor":27,"key":"Dexterity Potion"},{"floor":33,"key":"EntropicBrew"},{"floor":41,"key":"Toxic Potion"}],"is_trial":false,"path_per_floor":["M","$","M","T","M","R","M","E","T","$","?","?","R","M","R","B",null,"M","?","M","?","?","E","R","E","T","E","M","T","?","$","R","B",null,"M","M","$","M","M","R","E","R","T","$","?","M","?","M","R","B",null],"character_chosen":"DEFECT","items_purchased":["Cold Snap","Barrage","Apotheosis","MealTicket","Core Surge","TheAbacus"],"campfire_rested":0,"item_purchase_floors":[2,31,31,31,37,37],"current_hp_per_floor":[75,75,72,72,69,69,69,33,33,33,33,33,33,29,29,5,75,77,77,69,69,69,49,49,49,49,49,35,35,35,35,50,29,77,77,54,69,59,34,55,55,76,76,77,77,77,73,59,59,43],"gold":181,"neow_bonus":"BOSS_RELIC","is_daily":false,"chose_seed":false,"campfire_upgraded":7,"win_rate":0,"timestamp":1607635891,"path_taken":["M","$","M","?","M","R","M","E","T","$","?","?","R","M","R","BOSS","M","?","M","?","?","E","R","E","T","E","?","?","?","$","R","BOSS","M","M","$","M","M","R","E","R","T","$","?","M","?","M","R","BOSS"],"build_version":"2020-11-30","purchased_purges":4,"victory":true,"max_hp_per_floor":[75,75,75,75,75,75,75,75,75,75,75,75,75,75,75,75,75,77,77,77,77,77,77,77,77,77,77,77,77,77,77,77,77,77,77,77,77,77,77,77,77,77,77,77,77,77,73,73,73,73],"card_choices":[{"not_picked":["Auto Shields","Go for the Eyes"],"picked":"Capacitor","floor":1},{"not_picked":["Sweeping Beam","Beam Cell"],"picked":"Coolheaded","floor":3},{"not_picked":["Panic Button","Conserve Battery","ReplaySolidLightProjector"],"picked":"SKIP","floor":5},{"not_picked":["Lockon","Chill"],"picked":"ReplayTheSpireMod:Calculation Training","floor":7},{"not_picked":["BasicCrystalCard","Coolheaded"],"picked":"Cold Snap","floor":8},{"not_picked":["Beam Cell","BasicCrystalCard"],"picked":"Biased Cognition","floor":14},{"not_picked":["Hyperbeam","Mirror Shield"],"picked":"Thunder Strike","floor":16},{"not_picked":["Hologram+1","Doom and Gloom","Loop+1","Beam Cell"],"picked":"Singing Bowl","floor":18},{"not_picked":["Gash","BasicCrystalCard+1","Cold Snap"],"picked":"Genetic Algorithm","floor":19},{"not_picked":["Glacier","Redo","Leap+1"],"picked":"Genetic Algorithm","floor":20},{"not_picked":["Steam","Cold Snap","Doom and Gloom"],"picked":"BasicCrystalCard+1","floor":23},{"not_picked":["All For One","Coolheaded","Chill+1"],"picked":"Capacitor+1","floor":25},{"not_picked":["Recycle","BasicCrystalCard","Machine Learning"],"picked":"Defragment","floor":27},{"not_picked":["Leap+1","Rebound","Hello World"],"picked":"White Noise","floor":28},{"not_picked":["Stack","Leap+1","Capacitor"],"picked":"Coolheaded+1","floor":28},{"not_picked":["ReplayRNGCard","Reboot","All For One"],"picked":"Biased Cognition","floor":33},{"not_picked":["Coolheaded","Stack","Gash"],"picked":"Cold Snap+1","floor":35},{"not_picked":["Gash+1","Force Field+1","Darkness+1"],"picked":"Lockon+1","floor":35},{"not_picked":["BasicCrystalCard+1","Compile Driver+1","Leap"],"picked":"Blizzard","floor":36},{"not_picked":["Go for the Eyes+1","Chaos","Leap+1"],"picked":"Glacier","floor":36},{"not_picked":["Hologram","BasicCrystalCard+1","ReplaySolidLightProjector+1"],"picked":"Barrage+1","floor":38},{"not_picked":["Compile Driver","Rebound+1","Crystallizer+1"],"picked":"Consume","floor":38},{"not_picked":["Barrage","Reinforced Body+1","Beam Cell+1"],"picked":"Seek","floor":39},{"not_picked":["Turbo+1","Go for the Eyes+1","ReplayTheSpireMod:Repulse+1"],"picked":"Panic Button","floor":39},{"not_picked":["Rebound","Heatsinks+1","Gash+1"],"picked":"All For One","floor":41},{"not_picked":["Doom and Gloom","Gash+1","Hello World+1"],"picked":"Compile Driver+1","floor":46},{"not_picked":["Consume","ReplayGash+1","Aggregate"],"picked":"Coolheaded+1","floor":46},{"not_picked":["Self Repair+1","Panic Button+1","Chill"],"picked":"Tempest+1","floor":48},{"not_picked":["ReplayGash","Sweeping Beam+1","Force Field"],"picked":"Turbo+1","floor":48}],"player_experience":156470,"relics_obtained":[{"floor":4,"key":"Whetstone"},{"floor":8,"key":"Unceasing Top"},{"floor":9,"key":"Singing Bowl"},{"floor":23,"key":"Smiling Mask"},{"floor":25,"key":"Bag of Preparation"},{"floor":26,"key":"Pen Nib"},{"floor":27,"key":"Prayer Wheel"},{"floor":29,"key":"Eternal Feather"},{"floor":41,"key":"Replay:Bandana"},{"floor":43,"key":"ReplayTheSpireMod:Lightbulb"}],"event_choices":[{"damage_healed":0,"gold_gain":0,"player_choice":"Ignored","damage_taken":0,"max_hp_gain":0,"max_hp_loss":0,"event_name":"Liars Game","floor":11,"gold_loss":0},{"damage_healed":0,"gold_gain":0,"player_choice":"Ignored","damage_taken":0,"max_hp_gain":0,"max_hp_loss":0,"event_name":"Vampires","floor":21,"gold_loss":0},{"damage_healed":0,"gold_gain":0,"player_choice":"Copied","damage_taken":0,"max_hp_gain":0,"max_hp_loss":0,"event_name":"Duplicator","floor":22,"gold_loss":0,"cards_obtained":["Zap"]},{"damage_healed":0,"gold_gain":99,"player_choice":"Stole From Cult","damage_taken":0,"max_hp_gain":0,"max_hp_loss":0,"event_name":"Nest","floor":30,"gold_loss":0},{"damage_healed":0,"gold_gain":0,"player_choice":"Upgrade","damage_taken":0,"relics_obtained":["Mark of the Bloom"],"max_hp_gain":0,"max_hp_loss":0,"event_name":"MindBloom","floor":45,"gold_loss":0,"cards_upgraded":["Defend_B","Dualcast","Capacitor","Cold Snap","Coolheaded","Cold Snap","Doom and Gloom","Genetic Algorithm","Genetic Algorithm","Barrage","Biased Cognition","Blizzard","Glacier","Core Surge","Consume","Panic Button","All For One"]},{"damage_healed":0,"gold_gain":0,"player_choice":"Max HP","damage_taken":0,"max_hp_gain":0,"max_hp_loss":4,"event_name":"Winding Halls","floor":47,"gold_loss":0}],"is_beta":false,"boss_relics":[{"not_picked":["Tiny House","Philosopher\u0027s Stone"],"picked":"Honey Jar"},{"not_picked":["Pandora\u0027s Box","Runic Pyramid"],"picked":"Ring of Chaos"}],"items_purged_floors":[10,31,37,44],"is_endless":false,"potions_floor_spawned":[1,5,8,20,23,25,27,33,36,38,41,46],"ascension_level":1}}