{"host":"z26j60ycepuqi9th","time":1607621959,"event":{"mods":["BaseMod","StSLib","Highlight Path","Card Forge","Card Filter","Permanent Neow","Quick Restart","篝火指南","Relic Stats","MostiFishMod","Spicy Shops","SuperFastMode","DeckTracker","Minty Spire (QoL Compilation)","Friendly Minions","TestMod","Act Like it!","CapriCore","Dota2Spire","【遗物卡牌】REMEMod","Shop Mod","The Dragon Tamer","TheWitcher","[地精首领爬塔]The Maniac","Mari\u0027s V1 Patch","Mari Mod (Legacy)","The Alterego"],"gold_per_floor":[110,127,127,52,62,97,110,124,124,152,179,179,209,209,209,283,283,303,353,353,366,11,40,440,470,470,500,198,208,208,14,14,86,86,96,115,115,135,149,149,165,15,15,49,0,25,25,52,52,52],"floor_reached":51,"playtime":1092,"items_purged":["Strike_G","Strike_G","Survivor","MostiFishMod:PoisonShield"],"score":2301,"play_id":"ba06d8fe-a92a-4e63-93ce-67b2eee6f0a1","local_time":"20201211013919","is_ascension_mode":true,"campfire_choices":[{"data":"Vault","floor":12,"key":"SMITH"},{"data":"MostiFishMod:WinterMarkForm","floor":15,"key":"SMITH"},{"data":"MostiFishMod:FrostNova","floor":32,"key":"SMITH"},{"floor":40,"key":"RECALL"},{"data":"Defend_G","floor":49,"key":"PURGE"}],"circlet_count":0,"master_deck":["AscendersBane","Defend_G","Defend_G","Defend_G","Neutralize","Vault+1","MostiFishMod:FrostNova+1","MostiFishMod:WinterMarkForm+1","REME_Flogging+1","testmod-Reverberation+1"],"relics":["Ring of the Snake","Hammer of Thor","Seething Fire","Anvil of the Gods","testmod-TestBox","REME_ComplimentaryCards","testmod-Nine","FrostBlade","Question Card","PrismaticShard","Eternal Feather","testmod-IndustrialRevolution","Frozen Egg 2","testmod-LifeArmor","Odd Mushroom","BionicSphere","ImportantClient","testmod-NegativeEmotionEnhancer","BrkXgEgg","Ancient Tea Set","Dota2Spire:DivineRapier","Dota2Spire:EtherealBlade","Question Card","Matryoshka","Dota2Spire:MonkeyKingBar","Dota2Spire:RefresherOrb","Dota2Spire:PhaseBoots","The Courier","Meat on the Bone","Red Mask","Peace Pipe","testmod-BlackFramedGlasses"],"acts_visited":["Exordium","TheCity","TheBeyond"],"potions_floor_usage":[],"damage_taken":[{"damage":1,"enemies":"Cultist","floor":1,"turns":5},{"damage":0,"enemies":"2 Louse","floor":2,"turns":1},{"damage":0,"enemies":"Small Slimes","floor":5,"turns":1},{"damage":0,"enemies":"Lagavulin","floor":6,"turns":5},{"damage":0,"enemies":"Looter","floor":7,"turns":3},{"damage":7,"enemies":"Blue Slaver","floor":8,"turns":3},{"damage":0,"enemies":"3 Sentries","floor":10,"turns":3},{"damage":0,"enemies":"The Mushroom Lair","floor":11,"turns":1},{"damage":0,"enemies":"Gremlin Nob","floor":13,"turns":4},{"damage":0,"enemies":"The Guardian","floor":16,"turns":6},{"damage":2,"enemies":"2 Thieves","floor":18,"turns":3},{"damage":0,"enemies":"3 Byrds","floor":21,"turns":3},{"damage":0,"enemies":"Book of Stabbing","floor":23,"turns":3},{"damage":0,"enemies":"Slavers","floor":25,"turns":2},{"damage":0,"enemies":"Gremlin Leader","floor":27,"turns":3},{"damage":0,"enemies":"Centurion and Healer","floor":29,"turns":3},{"damage":0,"enemies":"Collector","floor":33,"turns":4},{"damage":0,"enemies":"3 Shapes","floor":35,"turns":1},{"damage":0,"enemies":"Orb Walker","floor":36,"turns":3},{"damage":0,"enemies":"3 Darklings","floor":38,"turns":3},{"damage":4,"enemies":"Sphere and 2 Shapes","floor":39,"turns":2},{"damage":0,"enemies":"Maw","floor":41,"turns":3},{"damage":0,"enemies":"Nemesis","floor":44,"turns":3},{"damage":0,"enemies":"Giant Head","floor":46,"turns":4},{"damage":0,"enemies":"Nemesis","floor":48,"turns":4},{"damage":0,"enemies":"Time Eater","floor":50,"turns":3}],"seed_played":"-7481404812003240966","potions_obtained":[{"floor":2,"key":"SpeedPotion"},{"floor":7,"key":"SkillPotion"}],"is_trial":false,"path_per_floor":["M","M","T","$","M","E","M","M","T","E","?","R","E","?","R","B",null,"M","?","?","M","$","E","?","E","T","E","$","M","?","$","R","B",null,"M","M","?","M","M","R","M","R","T","E","?","E","?","E","R","B",null],"character_chosen":"THE_SILENT","items_purchased":["BrkXgEgg","REME_Flogging+1","Matryoshka","Dota2Spire:MonkeyKingBar"],"campfire_rested":0,"item_purchase_floors":[22,22,28,31],"current_hp_per_floor":[58,58,58,58,58,58,58,51,51,51,51,57,57,50,56,56,64,65,65,65,68,68,69,69,70,70,71,71,72,52,52,58,62,74,78,80,80,81,79,82,83,83,83,84,84,85,81,82,82,83],"gold":52,"neow_bonus":"REMOVE_CARD","is_daily":false,"chose_seed":false,"campfire_upgraded":3,"win_rate":0,"timestamp":1607621959,"path_taken":["M","M","?","$","M","E","M","M","T","E","?","R","E","?","R","BOSS","M","?","?","?","$","E","?","E","T","E","$","M","?","?","R","BOSS","M","M","?","?","M","R","M","R","T","E","?","E","?","E","R","BOSS"],"build_version":"2020-11-30","purchased_purges":4,"victory":true,"max_hp_per_floor":[66,66,66,66,66,66,66,66,66,66,66,66,66,66,66,66,66,67,67,67,68,68,69,69,70,70,71,71,72,77,77,77,78,78,79,80,80,81,82,82,83,83,83,84,84,85,81,82,82,83],"relic_stats":{"Peace Pipe":1,"counters":[26,79],"Eternal Feather":21,"Question Card":34,"obtain_stats":[{"DaveBox":0,"Hammer of Thor":0,"testmod-LifeArmor":10,"Dota2Spire:RefresherOrb":34,"testmod-NegativeEmotionEnhancer":17,"Dota2Spire:EtherealBlade":26,"PrismaticShard":1,"Ancient Tea Set":23,"testmod-BlackFramedGlasses":48,"Matryoshka":28,"Dota2Spire:DivineRapier":25,"Red Mask":45,"Ring of the Snake":0,"ImportantClient":16,"testmod-TestBox":0,"Eternal Feather":3,"BrkXgEgg":22,"The Courier":43,"Seething Fire":0,"Frozen Egg 2":9,"Odd Mushroom":11,"Question Card":1,"testmod-IndustrialRevolution":6,"FrostBlade":0,"Peace Pipe":46,"Anvil of the Gods":0,"BionicSphere":13,"Dota2Spire:MonkeyKingBar":31,"testmod-Nine":0,"REME_ComplimentaryCards":0,"Dota2Spire:PhaseBoots":43,"Meat on the Bone":44},{"DaveBox":0,"Hammer of Thor":0,"testmod-LifeArmor":7,"Dota2Spire:RefresherOrb":17,"testmod-NegativeEmotionEnhancer":10,"Dota2Spire:EtherealBlade":14,"PrismaticShard":1,"Ancient Tea Set":13,"testmod-BlackFramedGlasses":25,"Matryoshka":15,"Dota2Spire:DivineRapier":14,"Red Mask":23,"Ring of the Snake":0,"ImportantClient":10,"testmod-TestBox":0,"Eternal Feather":2,"BrkXgEgg":12,"The Courier":22,"Seething Fire":0,"Frozen Egg 2":6,"Odd Mushroom":8,"Question Card":1,"testmod-IndustrialRevolution":4,"FrostBlade":0,"Peace Pipe":24,"Anvil of the Gods":0,"BionicSphere":9,"Dota2Spire:MonkeyKingBar":16,"testmod-Nine":0,"REME_ComplimentaryCards":0,"Dota2Spire:PhaseBoots":22,"Meat on the Bone":23},{"DaveBox":0,"Hammer of Thor":0,"testmod-LifeArmor":21,"Dota2Spire:RefresherOrb":53,"testmod-NegativeEmotionEnhancer":32,"Dota2Spire:EtherealBlade":43,"PrismaticShard":5,"Ancient Tea Set":41,"testmod-BlackFramedGlasses":76,"Matryoshka":46,"Dota2Spire:DivineRapier":43,"Red Mask":68,"Ring of the Snake":0,"ImportantClient":32,"testmod-TestBox":0,"Eternal Feather":6,"BrkXgEgg":38,"The Courier":65,"Seething Fire":0,"Frozen Egg 2":18,"Odd Mushroom":22,"Question Card":5,"testmod-IndustrialRevolution":12,"FrostBlade":0,"Peace Pipe":72,"Anvil of the Gods":0,"BionicSphere":26,"Dota2Spire:MonkeyKingBar":49,"testmod-Nine":0,"REME_ComplimentaryCards":0,"Dota2Spire:PhaseBoots":65,"Meat on the Bone":68}],"Ring of the Snake":[52],"Meat on the Bone":0},"card_choices":[{"not_picked":["Deflect","MostiFishMod:PerfectParry","Quick Slash"],"picked":"SKIP","floor":1},{"not_picked":["MariMod:Mari_Golden_Glint","alterego_mod:Exercise","maniac:Assassinate","SnafuTest:SpellButterflyIllusion"],"picked":"SKIP","floor":2},{"not_picked":["maniac:FindAShortcut","Hologram","JustLucky","Twin Strike"],"picked":"SKIP","floor":5},{"not_picked":["Riddle With Holes","REME_ShadowStrike","ThirdEye","Expertise"],"picked":"SKIP","floor":6},{"not_picked":["DTMod:MasterPlan","Sunder","MariMod:Mari_Reckless_Spending","Lockon"],"picked":"SKIP","floor":7},{"not_picked":["alterego_mod:GachaTicket","MariMod:Mari_Heavy_Price","SnafuTest:MercilessReaper","DTMod:Weaken"],"picked":"SKIP","floor":8},{"not_picked":["DTMod:QuickFly","Pray","Hologram","testmod-PerfectCombo"],"picked":"SKIP","floor":10},{"not_picked":["MariMod:Mari_Flawless_Form+1","testmod-PerfectCombo","Thunderclap","Anger"],"picked":"SKIP","floor":13},{"not_picked":["REME_Repentance","MariMod:Mari_Self_Care","DTMod:CleansingStrike+1","Coolheaded+1"],"picked":"SKIP","floor":18},{"not_picked":["DTMod:Threaten+1","MariMod:Mari_Lets_Go","alterego_mod:Bounce","Go for the Eyes"],"picked":"SKIP","floor":21},{"not_picked":["DTMod:RecklessFlurry","SnafuTest:BombMoonDust","alterego_mod:Mirror","maniac:FindAShortcut"],"picked":"SKIP","floor":23},{"not_picked":["Havoc","DTMod:Astonish","Skewer+1","Heavy Blade"],"picked":"SKIP","floor":25},{"not_picked":["Body Slam+1","DTMod:Feint","Cold Snap","SnafuTest:PowerProbingFeint+1"],"picked":"SKIP","floor":27},{"not_picked":["Footwork+1","MostiFishMod:Clarity","MostiFishMod:StarLaLaLa+1","SnafuTest:DesperateRemediation","maniac:WardAndDefend+1"],"picked":"SKIP","floor":29},{"not_picked":["testmod-TradeIn+1","Burst+1","testmod-DisillusionmentEcho+1","MostiFishMod:NewArrival+1"],"picked":"testmod-Reverberation+1","floor":33},{"not_picked":["DTMod:BuildUp+1","Rip and Tear","alterego_mod:Cooking","Swivel","EmptyFist"],"picked":"SKIP","floor":35},{"not_picked":["BattleHymn+1","maniac:Intimidate","maniac:UntravelledPath","Adaptation+1","alterego_mod:PerceptionDisorder+1"],"picked":"SKIP","floor":36},{"not_picked":["maniac:FindAShortcut+1","alterego_mod:ChallengeComplete+1","Conclude","Metallicize+1","MariMod:Mari_Old_Costume"],"picked":"SKIP","floor":38},{"not_picked":["Sentinel","Warcry","Flying Knee","alterego_mod:Swimsuit+1","PathToVictory+1"],"picked":"SKIP","floor":39},{"not_picked":["maniac:SpectralKnives+1","Trip","alterego_mod:BeGentle","Setup","alterego_mod:Lingerie"],"picked":"SKIP","floor":41},{"not_picked":["maniac:Lacerate","SnafuTest:PowerTrialOfGrasses+1","Cleave+1","maniac:BladeShoot","SnafuTest:Portal"],"picked":"SKIP","floor":44},{"not_picked":["alterego_mod:Maid","MariMod:Mari_Collect_Thoughts","testmod-DisillusionmentEcho+1","DTMod:Hide","MariMod:Mari_Lets_Go"],"picked":"SKIP","floor":46},{"not_picked":["DTMod:BizarreTactic","Iron Wave+1","testmod-DeathImprint","DTMod:Weaken+1","maniac:GlassScratch+1"],"picked":"SKIP","floor":48}],"player_experience":100334,"relics_obtained":[{"floor":1,"key":"Question Card"},{"floor":1,"key":"PrismaticShard"},{"floor":3,"key":"Eternal Feather"},{"floor":6,"key":"testmod-IndustrialRevolution"},{"floor":9,"key":"Frozen Egg 2"},{"floor":10,"key":"testmod-LifeArmor"},{"floor":11,"key":"Odd Mushroom"},{"floor":13,"key":"BionicSphere"},{"floor":16,"key":"ImportantClient"},{"floor":23,"key":"Ancient Tea Set"},{"floor":25,"key":"Dota2Spire:DivineRapier"},{"floor":26,"key":"Dota2Spire:EtherealBlade"},{"floor":27,"key":"Question Card"},{"floor":43,"key":"Dota2Spire:PhaseBoots"},{"floor":43,"key":"The Courier"},{"floor":44,"key":"Meat on the Bone"},{"floor":46,"key":"Peace Pipe"},{"floor":48,"key":"testmod-BlackFramedGlasses"}],"event_choices":[{"damage_healed":0,"gold_gain":0,"player_choice":"Fought Mushrooms","damage_taken":0,"max_hp_gain":0,"max_hp_loss":0,"event_name":"Mushrooms","floor":11,"gold_loss":0},{"cards_removed":["Strike_G"],"damage_healed":0,"gold_gain":0,"player_choice":"Card Removal","damage_taken":7,"max_hp_gain":0,"max_hp_loss":0,"event_name":"Golden Wing","floor":14,"gold_loss":0},{"damage_healed":0,"gold_gain":50,"player_choice":"Stole From Cult","damage_taken":0,"max_hp_gain":0,"max_hp_loss":0,"event_name":"Nest","floor":19,"gold_loss":0},{"cards_removed":["Strike_G"],"damage_healed":0,"gold_gain":0,"player_choice":"Purged","damage_taken":0,"max_hp_gain":0,"max_hp_loss":0,"event_name":"Purifier","floor":20,"gold_loss":0},{"damage_healed":0,"gold_gain":400,"player_choice":"Sell","damage_taken":0,"max_hp_gain":0,"max_hp_loss":0,"event_name":"恩洛斯的盘子","floor":24,"relics_lost":["DaveBox"],"gold_loss":0},{"damage_healed":0,"gold_gain":0,"player_choice":"Shed Blood","damage_taken":25,"max_hp_gain":5,"max_hp_loss":0,"event_name":"Forgotten Altar","floor":30,"gold_loss":0},{"damage_healed":0,"gold_gain":0,"cards_transformed":["Defend_G"],"player_choice":"Transformed","damage_taken":0,"max_hp_gain":0,"max_hp_loss":0,"event_name":"Transmorgrifier","floor":37,"gold_loss":0,"cards_obtained":["MostiFishMod:PoisonShield"]},{"damage_healed":0,"gold_gain":0,"player_choice":"Paid","damage_taken":0,"relics_obtained":["Red Mask"],"max_hp_gain":0,"max_hp_loss":0,"event_name":"Tomb of Lord Red Mask","floor":45,"gold_loss":49},{"damage_healed":0,"gold_gain":0,"player_choice":"Max HP","damage_taken":0,"max_hp_gain":0,"max_hp_loss":4,"event_name":"Winding Halls","floor":47,"gold_loss":0}],"is_beta":false,"boss_relics":[{"not_picked":["TakeMeEscape","MostiFishMod:Hod"],"picked":"testmod-NegativeEmotionEnhancer"},{"not_picked":["SlaversCollar","testmod-KeyOfTheVoid"],"picked":"Dota2Spire:RefresherOrb"}],"items_purged_floors":[4,22,28,42],"is_endless":false,"potions_floor_spawned":[2,7,10,11,13,16,18,27,29,36,39,48],"ascension_level":15}}