{"host":"9ndbo4kgsfoemf7y","time":1607608426,"event":{"mods":["BaseMod","AchievementEnabler","Colored Map","DeckTracker","Minty Spire (QoL Compilation)","Permanent Neow","Quick Restart","StSLib","SuperFastMode","Keyboard Shortcuts","Relic Stats"],"gold_per_floor":[114,114,114,114,114,114,146,45,45,78,98,23,23,23,23,23,23],"floor_reached":16,"playtime":295,"items_purged":["Strike_G"],"score":270,"play_id":"6aa6805e-84f4-49b6-be0d-e6c47c4f5f17","local_time":"20201210225346","is_ascension_mode":true,"campfire_choices":[{"data":"Blur","floor":6,"key":"SMITH"},{"data":"Calculated Gamble","floor":15,"key":"SMITH"}],"circlet_count":0,"master_deck":["AscendersBane","Strike_G","Strike_G","Strike_G","Strike_G","Defend_G","Defend_G","Defend_G","Defend_G","Survivor","Neutralize","Blur+1","Acrobatics","Dodge and Roll","Cloak And Dagger","Calculated Gamble+1"],"relics":["Ring of the Snake","NeowsBlessing","Art of War","Frozen Egg 2","InkBottle","Molten Egg 2"],"acts_visited":["Exordium"],"potions_floor_usage":[11],"damage_taken":[{"damage":0,"enemies":"Jaw Worm","floor":1,"turns":1},{"damage":0,"enemies":"Gremlin Nob","floor":7,"turns":1},{"damage":0,"enemies":"3 Sentries","floor":10,"turns":2},{"damage":0,"enemies":"Cultist","floor":11,"turns":4},{"damage":64,"enemies":"Hexaghost","floor":16,"turns":16}],"seed_played":"4650865363230467250","potions_obtained":[{"floor":1,"key":"Weak Potion"},{"floor":7,"key":"ColorlessPotion"},{"floor":11,"key":"SneckoOil"}],"is_trial":false,"path_per_floor":["M","?","$","$","?","R","E","$","T","E","M","?","T","$","R","B"],"character_chosen":"THE_SILENT","items_purchased":["Dodge and Roll"],"campfire_rested":0,"item_purchase_floors":[8],"current_hp_per_floor":[59,55,55,55,60,60,60,60,60,60,60,60,60,60,60,0,0],"gold":23,"neow_bonus":"THREE_ENEMY_KILL","is_daily":false,"chose_seed":false,"campfire_upgraded":2,"win_rate":0,"timestamp":1607608426,"path_taken":["M","?","?","$","?","R","E","$","T","E","?","?","?","$","R","BOSS"],"build_version":"2020-11-30","purchased_purges":1,"victory":false,"max_hp_per_floor":[66,66,66,66,71,71,71,71,71,71,71,71,71,71,71,71,71],"relic_stats":{"counters":[5,24],"Art of War":[2],"obtain_stats":[{"NeowsBlessing":0,"Molten Egg 2":13,"Art of War":7,"Frozen Egg 2":9,"InkBottle":10,"Ring of the Snake":0},{"NeowsBlessing":0,"Molten Egg 2":4,"Art of War":2,"Frozen Egg 2":2,"InkBottle":3,"Ring of the Snake":0},{"NeowsBlessing":0,"Molten Egg 2":8,"Art of War":2,"Frozen Egg 2":2,"InkBottle":4,"Ring of the Snake":0}],"InkBottle":[8],"Ring of the Snake":[10]},"card_choices":[{"not_picked":["Poisoned Stab","Deflect"],"picked":"Blur","floor":1},{"not_picked":["Dodge and Roll","Infinite Blades"],"picked":"Acrobatics","floor":7},{"not_picked":["Catalyst","Backstab"],"picked":"Cloak And Dagger","floor":10},{"not_picked":["Predator","Leg Sweep"],"picked":"Calculated Gamble","floor":11}],"player_experience":668946,"relics_obtained":[{"floor":7,"key":"Art of War"},{"floor":9,"key":"Frozen Egg 2"},{"floor":10,"key":"InkBottle"},{"floor":13,"key":"Molten Egg 2"}],"event_choices":[{"damage_healed":0,"gold_gain":0,"player_choice":"Bought 0 Potions","damage_taken":0,"max_hp_gain":0,"max_hp_loss":0,"event_name":"The Woman in Blue","floor":2,"gold_loss":0},{"damage_healed":0,"gold_gain":0,"player_choice":"Donut","damage_taken":0,"max_hp_gain":5,"max_hp_loss":0,"event_name":"Big Fish","floor":5,"gold_loss":0},{"cards_removed":["Defend_G"],"damage_healed":0,"gold_gain":0,"player_choice":"Card Removal","damage_taken":0,"max_hp_gain":0,"max_hp_loss":0,"event_name":"The Cleric","floor":12,"gold_loss":75}],"is_beta":false,"boss_relics":[],"items_purged_floors":[8],"is_endless":false,"potions_floor_spawned":[1,7,11],"killed_by":"Hexaghost","ascension_level":15}}