{"host":"4nqeo0vu1vuav7gg","time":1607628828,"event":{"mods":["BaseMod","AchievementEnabler","Block Reminder","Colored Map","Colored Powertips","Highlight Path","Minty Spire (QoL Compilation)","Quick Restart","Rare Cards Sparkle","Relic Relevance Reorder","StSLib"],"gold_per_floor":[109,125,54,65,65,65,91,91,91,91,120,120,138,170,170,267,267,279,291,291,291,291],"floor_reached":21,"playtime":1126,"items_purged":[],"score":333,"play_id":"7c7bbd47-4868-4fc4-8c2b-ecb5b6f7d735","local_time":"20201210203348","is_ascension_mode":true,"campfire_choices":[{"data":"Zap","floor":6.0,"key":"SMITH"},{"data":"Dualcast","floor":8.0,"key":"SMITH"},{"floor":15.0,"key":"REST"}],"circlet_count":0,"master_deck":["AscendersBane","Strike_B","Strike_B","Defend_B","Defend_B+1","Defend_B","Defend_B","Zap+1","Dualcast+1","Force Field","Glacier","Go for the Eyes","Ball Lightning","Go for the Eyes+1","Ball Lightning","Skim+1","Chill+1","Pain","Conserve Battery+1","Creative AI","Thunder Strike","Turbo+1","Conserve Battery+1","FTL"],"special_seed":0,"relics":["Cracked Core","Centennial Puzzle","WarpedTongs","Sundial","Pantograph","Philosopher\u0027s Stone","White Beast Statue","Toxic Egg 2"],"acts_visited":["Exordium","TheCity"],"potions_floor_usage":[21,21],"damage_taken":[{"damage":6.0,"enemies":"Cultist","floor":1.0,"turns":4.0},{"damage":0.0,"enemies":"2 Louse","floor":2.0,"turns":1.0},{"damage":0.0,"enemies":"Jaw Worm","floor":4.0,"turns":4.0},{"damage":6.0,"enemies":"Gremlin Nob","floor":7.0,"turns":4.0},{"damage":6.0,"enemies":"3 Sentries","floor":11.0,"turns":6.0},{"damage":11.0,"enemies":"Looter","floor":13.0,"turns":2.0},{"damage":8.0,"enemies":"Gremlin Nob","floor":14.0,"turns":4.0},{"damage":26.0,"enemies":"The Guardian","floor":16.0,"turns":9.0},{"damage":34.0,"enemies":"3 Byrds","floor":18.0,"turns":3.0},{"damage":17.0,"enemies":"Shell Parasite","floor":19.0,"turns":5.0},{"damage":6,"enemies":"Chosen and Byrds","floor":21,"turns":5}],"seed_played":"2456881938740016416","potions_obtained":[{"floor":1.0,"key":"PotionOfCapacity"},{"floor":2.0,"key":"ColorlessPotion"},{"floor":11.0,"key":"PowerPotion"},{"floor":13.0,"key":"AttackPotion"},{"floor":14.0,"key":"Fire Potion"}],"is_trial":false,"path_per_floor":["M","M","$","M","?","R","E","R","T","?","E","?","M","E","R","B",null,"M","M","?","M"],"character_chosen":"DEFECT","items_purchased":["Ball Lightning","Go for the Eyes"],"campfire_rested":1,"item_purchase_floors":[3,3],"current_hp_per_floor":[62,62,62,62,48,48,42,42,42,30,24,24,13,5,25,24,57,23,6,6,0,0],"gold":291,"neow_bonus":"TRANSFORM_TWO_CARDS","is_daily":false,"chose_seed":false,"campfire_upgraded":2,"win_rate":0,"timestamp":1607628828,"path_taken":["M","M","$","?","?","R","E","R","T","?","E","?","?","E","R","BOSS","M","?","?","?"],"build_version":"2020-11-30","purchased_purges":0,"victory":false,"max_hp_per_floor":[68,68,68,68,68,68,68,68,68,68,68,68,68,68,68,68,68,68,68,68,68,68],"card_choices":[{"not_picked":["Heatsinks","Stack"],"picked":"Glacier","floor":1.0},{"not_picked":["Turbo","Stack"],"picked":"Go for the Eyes","floor":2.0},{"not_picked":["Stack","Leap"],"picked":"Ball Lightning","floor":4.0},{"not_picked":["Streamline","Go for the Eyes"],"picked":"Skim+1","floor":7.0},{"not_picked":["Stack+1","Reboot+1"],"picked":"Chill+1","floor":11.0},{"not_picked":["Leap+1","Steam+1"],"picked":"Conserve Battery+1","floor":13.0},{"not_picked":["Hologram+1","Aggregate+1"],"picked":"Creative AI","floor":14.0},{"not_picked":["Hyperbeam","Seek+1"],"picked":"Thunder Strike","floor":16.0},{"not_picked":["Stack+1","Darkness+1"],"picked":"Turbo+1","floor":18.0},{"not_picked":["Rebound","Go for the Eyes"],"picked":"Conserve Battery+1","floor":19.0}],"player_experience":870947,"relics_obtained":[{"floor":7.0,"key":"Toxic Egg 2"},{"floor":9.0,"key":"White Beast Statue"},{"floor":11.0,"key":"Pantograph"},{"floor":14.0,"key":"Sundial"}],"event_choices":[{"damage_healed":0.0,"max_hp_gain":0.0,"max_hp_loss":0.0,"gold_gain":0.0,"event_name":"Shining Light","player_choice":"Entered Light","floor":5.0,"gold_loss":0.0,"damage_taken":14.0,"cards_upgraded":["Go for the Eyes","Defend_B"]},{"damage_healed":0.0,"max_hp_gain":0.0,"max_hp_loss":0.0,"gold_gain":0.0,"event_name":"Scrap Ooze","player_choice":"Success","floor":10.0,"gold_loss":0.0,"damage_taken":12.0,"relics_obtained":["Centennial Puzzle"]},{"damage_healed":0.0,"max_hp_gain":0.0,"max_hp_loss":0.0,"gold_gain":0.0,"event_name":"Accursed Blacksmith","player_choice":"Rummage","floor":12.0,"gold_loss":0.0,"damage_taken":0.0,"relics_obtained":["WarpedTongs"],"cards_obtained":["Pain"]},{"damage_healed":0.0,"max_hp_gain":0.0,"max_hp_loss":0.0,"gold_gain":0.0,"cards_transformed":["Steam Power"],"event_name":"Transmorgrifier","player_choice":"Transformed","floor":20.0,"gold_loss":0.0,"damage_taken":0.0,"cards_obtained":["FTL"]}],"is_beta":false,"boss_relics":[{"not_picked":["Cursed Key","Runic Dome"],"picked":"Philosopher\u0027s Stone"}],"items_purged_floors":[],"is_endless":false,"potions_floor_spawned":[1,2,11,13,14,16,18,19],"killed_by":"Chosen and Byrds","ascension_level":10}}