{"host":"g0kvl32a5uvdvg3r","time":1607559604,"event":{"gold_per_floor":[114,114,129,144,159,189,289,319,331,373,400,442,454,496,508,620,632,659,671,608,620,647,689,716,743,755,767,794,806,833,3,3,103,103,118,133,133,168,190,220,220,250,250,280,280,310,63,93,93,93],"floor_reached":51,"playtime":7272,"items_purged":[],"score":1153,"play_id":"f4fd97df-81eb-4d38-90d2-e030ef4cbe9e","local_time":"20201210002004","daily_mods":["SealedDeck","Purple Cards","Elite Swarm"],"is_ascension_mode":false,"campfire_choices":[{"data":"Prostrate","floor":13,"key":"SMITH"},{"data":"Omniscience","floor":15,"key":"SMITH"},{"floor":27,"key":"REST"},{"floor":49,"key":"REST"}],"neow_cost":"","seed_source_timestamp":0,"circlet_count":0,"master_deck":["Hidden Blade","Distraction+1","ReplayTheSpireMod:Tripwire+1","Replay:Cycle","CarveReality","Evaluate+1","ForeignInfluence","Cloak And Dagger","Prepared","Prepared+1","Prostrate+1","LessonLearned","Underhanded Strike+1","Prostrate+1","Ragnarok+1","Adrenaline+1","Pot Of Greed","Pot Of Greed","Scrawl","Omniscience+1","MasterReality","ConjureBlade","CurseOfTheBell","Phantasmal Killer+1","Pot Of Greed+1","DeceiveReality","Underhanded Strike+1","Tactician","Unload+1","Escape Plan+1","Blur+1","Phantasmal Killer+1","Replay:BluntJabs+1","Deflect+1","Leg Sweep+1","Alpha+1","Omniscience+1","Pot Of Greed+1","ReplayTheSpireMod:IOU","ReplayTheSpireMod:IOU","Replay:LoomingThreat+1","ReplayTheSpireMod:From All Sides+1","Die Die Die+1","ReplayTheSpireMod:Tripwire+1","ReplayTheSpireMod:Tripwire+1","Violence+1","Replay:Bag of Tricks+1"],"special_seed":18605,"relics":["Ring of the Snake","FossilizedHelix","MawBank","Grinning Jar","Pear","Pet Ghost","Du-Vu Doll","Calling Bell","PreservedInsect","Golden Egg","Mango","Bottled Flame","Meat on the Bone","Chameleon Ring","CaptainsWheel","Toolbox","HoveringKite","Gambling Chip","The Specimen","Replay:Wax Seal","DollysMirror","Replay:Ringing Soul","Replay:Kaleidoscope","Bottled Lightning","Vajra","Toy Ornithopter"],"potions_floor_usage":[8,14,14,16,23,30,33,33,33,33,33,33,33,33,40,42,42,50,50,50],"damage_taken":[{"damage":0,"enemies":"2 Louse","floor":1,"turns":2},{"damage":0,"enemies":"Cultist","floor":3,"turns":4},{"damage":0,"enemies":"Jaw Worm","floor":4,"turns":4},{"damage":4,"enemies":"Lots of Slimes","floor":5,"turns":4},{"damage":6,"enemies":"Lagavulin","floor":6,"turns":3},{"damage":0,"enemies":"Replay:BlueRogue","floor":8,"turns":5},{"damage":0,"enemies":"Lagavulin","floor":10,"turns":4},{"damage":0,"enemies":"Exordium Thugs","floor":11,"turns":3},{"damage":0,"enemies":"Replay:BlueRogue","floor":12,"turns":4},{"damage":10,"enemies":"Gremlin Nob","floor":14,"turns":4},{"damage":0,"enemies":"Slime Boss","floor":16,"turns":4},{"damage":0,"enemies":"3 Byrds","floor":18,"turns":5},{"damage":0,"enemies":"Spheric Guardian","floor":22,"turns":4},{"damage":28,"enemies":"Replay:Snechameleon","floor":23,"turns":5},{"damage":18,"enemies":"Snake Plant","floor":24,"turns":5},{"damage":0,"enemies":"Centurion and Healer","floor":25,"turns":4},{"damage":27,"enemies":"Shelled Parasite and Fungi","floor":28,"turns":5},{"damage":0,"enemies":"Cultist and Chosen","floor":30,"turns":3},{"damage":0,"enemies":"Collector","floor":33,"turns":11},{"damage":0,"enemies":"3 Darklings","floor":35,"turns":4},{"damage":0,"enemies":"Orb Walker","floor":36,"turns":2},{"damage":17,"enemies":"4 Shapes","floor":38,"turns":8},{"damage":9,"enemies":"2 Orb Walkers","floor":39,"turns":5},{"damage":0,"enemies":"R_Hoarder","floor":40,"turns":7},{"damage":0,"enemies":"Reptomancer","floor":42,"turns":3},{"damage":0,"enemies":"R_Hoarder","floor":44,"turns":7},{"damage":0,"enemies":"Nemesis","floor":46,"turns":5},{"damage":0,"enemies":"Giant Head","floor":48,"turns":6},{"damage":31,"enemies":"Replay:Hell Engine","floor":50,"turns":9}],"seed_played":"4494449258677458329","potions_obtained":[{"floor":1,"key":"Energy Potion"},{"floor":4,"key":"Milkshake"},{"floor":10,"key":"PowerPotion"},{"floor":11,"key":"Adrenaline Potion"},{"floor":16,"key":"EssenceOfSteel"},{"floor":18,"key":"Fire Potion"},{"floor":23,"key":"FearPotion"},{"floor":30,"key":"Dexterity Potion"},{"floor":38,"key":"AttackPotion"},{"floor":42,"key":"GamblersBrew"},{"floor":46,"key":"FearPotion"}],"is_trial":false,"path_per_floor":["M","?","M","M","M","E","?","E","T","E","M","E","R","E","R","B",null,"M","?","?","?","M","E","M","M","T","R","M","?","M","$","R","B",null,"M","M","?","M","?","E","$","E","T","E","?","E","$","E","R","B",null],"character_chosen":"THE_SILENT","items_purchased":["Chameleon Ring","CaptainsWheel","Toolbox","Escape Plan","Blur","Replay:Wax Seal","DollysMirror","ReplayTheSpireMod:Tripwire","Violence"],"campfire_rested":2,"item_purchase_floors":[31,31,31,31,31,41,41,47,47],"current_hp_per_floor":[70,70,70,70,66,60,60,60,60,70,70,70,70,60,60,60,94,94,75,75,75,75,47,29,29,29,58,43,76,76,76,99,99,99,99,99,94,77,68,68,68,71,71,74,74,77,80,83,109,78],"gold":93,"neow_bonus":"","is_prod":false,"is_daily":true,"chose_seed":false,"campfire_upgraded":2,"win_rate":0,"timestamp":1607559604,"path_taken":["M","?","M","M","?","E","?","E","T","E","?","E","R","E","R","BOSS","M","?","?","?","M","E","M","?","T","R","M","?","M","?","R","BOSS","M","M","?","M","?","E","$","E","T","E","?","E","$","E","R","BOSS"],"build_version":"2020-11-30","purchased_purges":0,"victory":true,"max_hp_per_floor":[70,70,70,70,70,70,70,70,70,80,80,80,80,80,80,80,94,94,99,99,99,99,99,99,99,99,99,99,99,99,99,99,99,99,99,99,94,94,94,94,94,97,97,100,100,103,106,109,109,109],"card_choices":[{"not_picked":["Bane","Deadly Poison"],"picked":"Prepared","floor":1},{"not_picked":["Outmaneuver","FlyingSleeves","Deadly Poison"],"picked":"SKIP","floor":3},{"not_picked":["CutThroughFate","CarveReality"],"picked":"Underhanded Strike","floor":4},{"not_picked":["Replay:Cycle","CrushJoints"],"picked":"Prostrate","floor":5},{"not_picked":["LessonLearned","Replay:AllIn"],"picked":"Ragnarok","floor":6},{"not_picked":["Phantasmal Killer","Brilliance"],"picked":"Adrenaline","floor":8},{"not_picked":["Brilliance","Storm of Steel"],"picked":"Scrawl","floor":10},{"not_picked":["Backflip","Poisoned Stab","Adaptation"],"picked":"SKIP","floor":11},{"not_picked":["Corpse Explosion","Poison Darts"],"picked":"Omniscience","floor":12},{"not_picked":["Replay:Bag of Tricks","Vault"],"picked":"MasterReality","floor":14},{"not_picked":["Wraith Form v2","Poison Darts"],"picked":"ConjureBlade","floor":16},{"not_picked":["Flying Knee","Vengeance"],"picked":"Dagger Throw+1","floor":18},{"not_picked":["Replay:Hum","FlyingSleeves","JustLucky"],"picked":"SKIP","floor":22},{"not_picked":["Tools of the Trade","Ragnarok"],"picked":"Phantasmal Killer","floor":23},{"not_picked":["Slice","Flechettes"],"picked":"DeceiveReality","floor":24},{"not_picked":["Dagger Spray","Replay:Poison Smokescreen+1"],"picked":"Underhanded Strike+1","floor":25},{"not_picked":["JustLucky+1","Bane"],"picked":"Tactician","floor":28},{"not_picked":["Dagger Spray","Quick Slash"],"picked":"Unload","floor":30},{"not_picked":["Envenom","Night Terror"],"picked":"Phantasmal Killer","floor":33},{"not_picked":["Sucker Punch","Terror"],"picked":"Replay:BluntJabs+1","floor":35},{"not_picked":["Replay:BluntJabs+1","Heel Hook+1"],"picked":"Deflect+1","floor":36},{"not_picked":["LessonLearned","SignatureMove","CutThroughFate"],"picked":"SKIP","floor":38},{"not_picked":["Adaptation+1","Predator"],"picked":"Leg Sweep+1","floor":39},{"not_picked":["Vault","LessonLearned"],"picked":"Alpha","floor":40},{"not_picked":["Replay:AllIn","A Thousand Cuts"],"picked":"Replay:LoomingThreat","floor":42},{"not_picked":["SpiritShield","Brilliance"],"picked":"ReplayTheSpireMod:From All Sides","floor":44},{"not_picked":["Doppelganger","Wish"],"picked":"Die Die Die","floor":46},{"not_picked":["Malaise","Establishment"],"picked":"Replay:Bag of Tricks","floor":48}],"player_experience":1116391,"relics_obtained":[{"floor":6,"key":"FossilizedHelix"},{"floor":8,"key":"MawBank"},{"floor":9,"key":"Grinning Jar"},{"floor":10,"key":"Pear"},{"floor":12,"key":"Pet Ghost"},{"floor":14,"key":"Du-Vu Doll"},{"floor":17,"key":"PreservedInsect"},{"floor":17,"key":"Golden Egg"},{"floor":17,"key":"Mango"},{"floor":23,"key":"Bottled Flame"},{"floor":26,"key":"Meat on the Bone"},{"floor":39,"key":"Gambling Chip"},{"floor":40,"key":"The Specimen"},{"floor":42,"key":"Replay:Ringing Soul"},{"floor":43,"key":"Replay:Kaleidoscope"},{"floor":44,"key":"Bottled Lightning"},{"floor":46,"key":"Vajra"},{"floor":48,"key":"Toy Ornithopter"}],"event_choices":[{"damage_healed":0,"gold_gain":0,"player_choice":"2 cards matched","damage_taken":0,"max_hp_gain":0,"max_hp_loss":0,"event_name":"Match and Keep!","floor":2,"gold_loss":0,"cards_obtained":["Prostrate","LessonLearned"]},{"damage_healed":0,"gold_gain":100,"player_choice":"Gold","damage_taken":0,"max_hp_gain":0,"max_hp_loss":0,"event_name":"Wheel of Change","floor":7,"gold_loss":0},{"damage_healed":0,"gold_gain":0,"player_choice":"Shed Blood","damage_taken":24,"max_hp_gain":5,"max_hp_loss":0,"event_name":"Forgotten Altar","floor":19,"gold_loss":0},{"cards_removed":["Dagger Throw"],"damage_healed":0,"gold_gain":0,"player_choice":"Gave Gold","damage_taken":0,"max_hp_gain":0,"max_hp_loss":0,"event_name":"Beggar","floor":20,"gold_loss":75},{"damage_healed":0,"gold_gain":0,"player_choice":"Ignored","damage_taken":0,"max_hp_gain":0,"max_hp_loss":0,"event_name":"The Mausoleum","floor":21,"gold_loss":0},{"damage_healed":33,"gold_gain":0,"player_choice":"Heal","damage_taken":0,"max_hp_gain":0,"max_hp_loss":0,"event_name":"The Library","floor":29,"gold_loss":0},{"damage_healed":0,"gold_gain":0,"player_choice":"Max HP","damage_taken":0,"max_hp_gain":0,"max_hp_loss":5,"event_name":"Winding Halls","floor":37,"gold_loss":0},{"damage_healed":0,"gold_gain":0,"player_choice":"Fight","damage_taken":0,"max_hp_gain":0,"max_hp_loss":0,"event_name":"Mysterious Sphere","floor":39,"gold_loss":0},{"cards_removed":["CutThroughFate"],"damage_healed":0,"gold_gain":0,"player_choice":"Removed Attack","damage_taken":0,"max_hp_gain":0,"max_hp_loss":0,"event_name":"Falling","floor":45,"gold_loss":0}],"is_beta":false,"boss_relics":[{"not_picked":["Philosopher\u0027s Stone","Velvet Choker"],"picked":"Calling Bell"},{"not_picked":["Cursed Key","Replay:Drink Me"],"picked":"HoveringKite"}],"items_purged_floors":[],"is_endless":false,"potions_floor_spawned":[1,4,10,11,12,16,18,23,30,38,42,46,48],"ascension_level":0}}