{"host":"x5anfo2w8aotfuta","time":1607559898,"event":{"gold_per_floor":[114,127,146,146,166,166,191,203,257,271,239,274,274,299,299,394,394,407,407,421,436,52,85,85,100,100,126,126,126,138,155,155,255,255,269,288,307,582,305,334,351,62,62,62,81,3,3,18,18,18,18,18,18,48,48],"floor_reached":56,"playtime":6992,"items_purged":["Regret"],"score":1474,"play_id":"087d9e0b-53b9-4a64-abc1-c553e35c1ca6","local_time":"20201209162458","is_ascension_mode":true,"campfire_choices":[{"data":"Neutralize","floor":6.0,"key":"SMITH"},{"floor":13.0,"key":"REST"},{"data":"Venomology","floor":15.0,"key":"SMITH"},{"data":"Cloak And Dagger","floor":24,"key":"SMITH"},{"data":"Infinite Blades","floor":32,"key":"SMITH"},{"floor":44,"key":"RECALL"},{"data":"Venomology","floor":49,"key":"SMITH"},{"data":"PiercingWail","floor":52,"key":"SMITH"}],"neow_cost":"NONE","seed_source_timestamp":0,"circlet_count":0,"master_deck":["Strike_G+1","Strike_G","Strike_G","Strike_G","Strike_G","Defend_G","Defend_G+1","Defend_G","Defend_G","Defend_G","Survivor","Neutralize+1","Cloak And Dagger+1","Dagger Spray","Venomology+1","Crippling Poison","Terror","Die Die Die","Venomology","Dodge and Roll","Cloak And Dagger+1","Infinite Blades+1","Noxious Fumes","After Image","Caltrops+1","Cloak And Dagger+1","PiercingWail+1","Dodge and Roll+1","Bouncing Flask+1","PiercingWail+1","After Image","Venomology+1"],"special_seed":0,"relics":["SacredBark","Gambling Chip","Snake Skull","Singing Bowl","Nunchaku","Philosopher\u0027s Stone","Bronze Scales","Kunai","Bag of Preparation","Bag of Marbles","MutagenicStrength","WristBlade","Vajra","Ornamental Fan","Ginger","HornCleat","Blood Vial"],"potions_floor_usage":[18,19,19,20,20,20,20,21,21,21,23,25,25,27,27,27,27,30,30,31,31,33,33,33,33,35,35,36,37,37,37,41,45,48,50,50,50,54,54,54,55,55,55,55,55,55],"damage_taken":[{"damage":2.0,"enemies":"Cultist","floor":1.0,"turns":4.0},{"damage":0.0,"enemies":"Small Slimes","floor":2.0,"turns":3.0},{"damage":0.0,"enemies":"2 Louse","floor":3.0,"turns":2.0},{"damage":6.0,"enemies":"2 Fungi Beasts","floor":5.0,"turns":4.0},{"damage":17.0,"enemies":"Lagavulin","floor":7.0,"turns":9.0},{"damage":8.0,"enemies":"Gremlin Gang","floor":8.0,"turns":3.0},{"damage":0.0,"enemies":"Red Slaver","floor":10.0,"turns":5.0},{"damage":9.0,"enemies":"3 Sentries","floor":12.0,"turns":6.0},{"damage":0.0,"enemies":"Gremlin Nob","floor":14.0,"turns":3.0},{"damage":21.0,"enemies":"Hexaghost","floor":16.0,"turns":11.0},{"damage":1,"enemies":"Shell Parasite","floor":18,"turns":5},{"damage":0,"enemies":"Chosen","floor":19,"turns":4},{"damage":1,"enemies":"Sentry and Sphere","floor":20,"turns":5},{"damage":0,"enemies":"Cultist and Chosen","floor":21,"turns":4},{"damage":19,"enemies":"Slavers","floor":23,"turns":5},{"damage":1,"enemies":"Snake Plant","floor":25,"turns":2},{"damage":0,"enemies":"Book of Stabbing","floor":27,"turns":3},{"damage":0,"enemies":"Sentry and Sphere","floor":30,"turns":7},{"damage":0,"enemies":"Snecko","floor":31,"turns":3},{"damage":6,"enemies":"Champ","floor":33,"turns":6},{"damage":1,"enemies":"3 Shapes","floor":35,"turns":3},{"damage":0,"enemies":"Orb Walker","floor":36,"turns":2},{"damage":2,"enemies":"Sphere and 2 Shapes","floor":37,"turns":4},{"damage":33,"enemies":"Reptomancer","floor":40,"turns":5},{"damage":0,"enemies":"Jaw Worm Horde","floor":41,"turns":2},{"damage":0,"enemies":"Maw","floor":45,"turns":5},{"damage":0,"enemies":"3 Darklings","floor":48,"turns":3},{"damage":0,"enemies":"Awakened One","floor":50,"turns":18},{"damage":4,"enemies":"Shield and Spear","floor":54,"turns":8},{"damage":69,"enemies":"The Heart","floor":55,"turns":9}],"seed_played":"8608068954928007929","potions_obtained":[{"floor":3.0,"key":"FearPotion"},{"floor":8.0,"key":"DuplicationPotion"},{"floor":10.0,"key":"Poison Potion"},{"floor":18,"key":"SneckoOil"},{"floor":21,"key":"LiquidBronze"},{"floor":29,"key":"Dexterity Potion"},{"floor":29,"key":"Block Potion"},{"floor":33,"key":"GhostInAJar"},{"floor":40,"key":"Fire Potion"},{"floor":41,"key":"Poison Potion"},{"floor":54,"key":"GamblersBrew"}],"is_trial":false,"path_per_floor":["M","M","M","?","M","R","E","M","T","M","?","E","R","E","R","B",null,"M","M","M","M","$","E","R","M","T","E","?","?","M","M","R","B",null,"M","M","M","?","$","E","M","$","T","R","M","$","?","M","R","B",null,"R","$","E","B",null],"character_chosen":"THE_SILENT","items_purchased":["Bronze Scales","Kunai","Vajra","PiercingWail","Ginger","DistilledChaos"],"campfire_rested":1,"item_purchase_floors":[22,22,39,39,42,46],"current_hp_per_floor":[68,68,68,54,48,48,31,23,23,23,23,16,37,37,37,16,72,73,73,74,74,74,55,55,54,54,56,56,56,56,56,56,52,80,79,81,79,79,79,46,46,46,46,46,46,46,46,46,46,46,82,82,82,80,47],"gold":48,"neow_bonus":"BOSS_RELIC","is_prod":false,"is_daily":false,"chose_seed":false,"campfire_upgraded":6,"win_rate":0,"timestamp":1607559898,"path_taken":["M","M","M","?","M","R","E","M","T","M","?","E","R","E","R","BOSS","M","M","M","M","$","E","R","M","T","E","?","?","M","M","R","BOSS","M","?","M","?","$","E","M","$","T","R","?","?","?","M","R","BOSS","R","$","E","BOSS"],"build_version":"2020-11-30","purchased_purges":1,"victory":true,"max_hp_per_floor":[70,70,70,70,70,70,70,70,70,70,70,72,72,72,72,72,72,74,74,76,76,76,76,76,76,76,78,78,78,78,78,78,80,80,80,82,82,82,82,82,82,82,82,82,82,82,82,82,82,82,82,82,82,84,84],"relic_stats":{"Blood Vial":2,"Nunchaku":[34],"Singing Bowl":14,"counters":[30,153],"Ornamental Fan":[128],"Gambling Chip":[66],"Bronze Scales":[326],"Snake Skull":[56],"Bag of Preparation":[30],"Kunai":[69],"Ginger":[5],"obtain_stats":[{"Singing Bowl":12,"SacredBark":0,"Vajra":39,"Snake Skull":9,"Bag of Preparation":23,"Ginger":42,"Blood Vial":54,"Nunchaku":14,"HornCleat":43,"WristBlade":34,"Ornamental Fan":40,"Gambling Chip":7,"Bronze Scales":22,"MutagenicStrength":28,"Philosopher\u0027s Stone":17,"Bag of Marbles":27,"Kunai":22,"Ring of the Snake":0},{"Singing Bowl":8,"SacredBark":0,"Vajra":23,"Snake Skull":6,"Bag of Preparation":15,"Ginger":25,"Blood Vial":29,"Nunchaku":9,"HornCleat":25,"WristBlade":20,"Ornamental Fan":24,"Gambling Chip":5,"Bronze Scales":14,"MutagenicStrength":17,"Philosopher\u0027s Stone":10,"Bag of Marbles":17,"Kunai":14,"Ring of the Snake":0},{"Singing Bowl":36,"SacredBark":0,"Vajra":103,"Snake Skull":25,"Bag of Preparation":73,"Ginger":110,"Blood Vial":144,"Nunchaku":39,"HornCleat":110,"WristBlade":94,"Ornamental Fan":108,"Gambling Chip":22,"Bronze Scales":68,"MutagenicStrength":78,"Philosopher\u0027s Stone":50,"Bag of Marbles":78,"Kunai":68,"Ring of the Snake":0}]},"card_choices":[{"not_picked":["Dodge and Roll","Catalyst"],"picked":"Cloak And Dagger","floor":1.0},{"not_picked":["Eviscerate","Flechettes"],"picked":"Dagger Spray","floor":2.0},{"not_picked":["Deflect","Deadly Poison","Backflip"],"picked":"SKIP","floor":3.0},{"not_picked":["Escape Plan","Cloak And Dagger"],"picked":"Venomology","floor":5.0},{"not_picked":["Blur","Outmaneuver"],"picked":"Crippling Poison","floor":7.0},{"not_picked":["Accuracy","Backflip","Cloak And Dagger"],"picked":"SKIP","floor":8.0},{"not_picked":["Backflip","Endless Agony"],"picked":"Terror","floor":10.0},{"not_picked":["Prepared","Underhanded Strike","Outmaneuver"],"picked":"Singing Bowl","floor":12.0},{"not_picked":["Calculated Gamble","Flying Knee"],"picked":"Die Die Die","floor":14.0},{"not_picked":["A Thousand Cuts","Adrenaline"],"picked":"Venomology","floor":16.0},{"not_picked":["Prepared","Slice","Outmaneuver"],"picked":"Singing Bowl","floor":18},{"not_picked":["Skewer","Terror","Escape Plan"],"picked":"Singing Bowl","floor":20},{"not_picked":["Underhanded Strike","Prepared"],"picked":"Dodge and Roll","floor":21},{"not_picked":["Crippling Poison","Flying Knee"],"picked":"Cloak And Dagger+1","floor":23},{"not_picked":["Distraction","Bane"],"picked":"Infinite Blades","floor":25},{"not_picked":["Sucker Punch","Deflect","Slice+1"],"picked":"Singing Bowl","floor":27},{"not_picked":["Calculated Gamble","Endless Agony"],"picked":"Noxious Fumes","floor":30},{"not_picked":["Acrobatics","Sucker Punch"],"picked":"After Image","floor":31},{"not_picked":["Bullet Time","Venomology","Die Die Die"],"picked":"Singing Bowl","floor":33},{"not_picked":["Choke+1","Quick Slash+1"],"picked":"Caltrops+1","floor":35},{"not_picked":["Quick Slash+1","Tactician+1","Eviscerate+1"],"picked":"Singing Bowl","floor":36},{"not_picked":["Sucker Punch","Slice+1"],"picked":"Cloak And Dagger+1","floor":37},{"not_picked":["Setup+1","Finisher+1"],"picked":"Dodge and Roll+1","floor":40},{"not_picked":["Underhanded Strike+1","Backflip"],"picked":"Bouncing Flask+1","floor":41},{"not_picked":["Underhanded Strike","Riddle With Holes"],"picked":"PiercingWail+1","floor":45},{"not_picked":["Dash","Concentrate"],"picked":"Venomology","floor":48},{"not_picked":["Sucker Punch","Calculated Gamble+1","Acrobatics"],"picked":"Singing Bowl","floor":54}],"player_experience":289870,"relics_obtained":[{"floor":7.0,"key":"Gambling Chip"},{"floor":9.0,"key":"Snake Skull"},{"floor":12.0,"key":"Singing Bowl"},{"floor":14.0,"key":"Nunchaku"},{"floor":23,"key":"Bag of Preparation"},{"floor":27,"key":"Bag of Marbles"},{"floor":40,"key":"Ornamental Fan"},{"floor":43,"key":"HornCleat"},{"floor":54,"key":"Blood Vial"}],"event_choices":[{"damage_healed":0.0,"max_hp_gain":0.0,"max_hp_loss":0.0,"gold_gain":0.0,"event_name":"Shining Light","player_choice":"Entered Light","floor":4.0,"gold_loss":0.0,"damage_taken":14.0,"cards_upgraded":["Defend_G","Strike_G"]},{"damage_healed":0.0,"max_hp_gain":0.0,"max_hp_loss":0.0,"gold_gain":0.0,"event_name":"World of Goop","player_choice":"Left Gold","floor":11.0,"gold_loss":32.0,"damage_taken":0.0},{"damage_healed":0,"gold_gain":0,"player_choice":"Inject Mutagens","damage_taken":0,"relics_obtained":["MutagenicStrength"],"max_hp_gain":0,"max_hp_loss":0,"event_name":"Drug Dealer","floor":28,"gold_loss":0},{"damage_healed":0,"gold_gain":0,"player_choice":"Got Potions","damage_taken":0,"max_hp_gain":0,"max_hp_loss":0,"event_name":"Lab","floor":29,"gold_loss":0},{"damage_healed":0,"gold_gain":275,"player_choice":"Desecrate","damage_taken":0,"max_hp_gain":0,"max_hp_loss":0,"event_name":"Golden Shrine","floor":38,"gold_loss":0,"cards_obtained":["Regret"]},{"damage_healed":0,"gold_gain":0,"player_choice":"Copied","damage_taken":0,"max_hp_gain":0,"max_hp_loss":0,"event_name":"Duplicator","floor":47,"gold_loss":0,"cards_obtained":["After Image"]}],"is_beta":false,"boss_relics":[{"not_picked":["Calling Bell","Snecko Eye"],"picked":"Philosopher\u0027s Stone"},{"not_picked":["Pandora\u0027s Box","Runic Dome"],"picked":"WristBlade"}],"items_purged_floors":[39],"is_endless":false,"potions_floor_spawned":[3,8,10,12,18,19,21,31,33,40,41,54],"ascension_level":3}}