{"host":"q8o6l8eqnoevndy4","time":1607574763,"event":{"gold_per_floor":[117,117,129,141,158,158,118,138,165,176,191,191,92,0,0,104,104,118,18,18,32,44,44,70,70,89,113,113,126,139,139,156,156,156,252,252,272,290,19,19,36,36,46,46,46,46,71,71,90,90,104,104,104,104,104],"floor_reached":56,"playtime":3355,"items_purged":["Wild Strike","Bash","True Grit","Clothesline"],"score":695,"play_id":"b110a81a-5018-4c4a-9c9f-aefa8a801476","local_time":"20201209233243","is_ascension_mode":false,"campfire_choices":[{"floor":6.0,"key":"REST"},{"floor":12.0,"key":"REST"},{"data":"Enlightenment","floor":15.0,"key":"SMITH"},{"floor":23.0,"key":"REST"},{"floor":25.0,"key":"REST"},{"floor":33.0,"key":"REST"},{"data":"infinitespire:Collect","floor":34.0,"key":"SMITH"},{"floor":42,"key":"REST"},{"floor":44,"key":"REST"},{"floor":48,"key":"REST"},{"data":"Berserk","floor":50,"key":"SMITH"},{"floor":53,"key":"REST"},{"data":"infinitespire:Fortify","floor":54,"key":"SMITH"}],"neow_cost":"NONE","seed_source_timestamp":68562785188900,"circlet_count":0,"master_deck":["Jack Of All Trades+1","Armaments","Whirlwind","Iron Wave","Flame Barrier","Enlightenment+1","Berserk+1","Battle Trance","Iron Wave","Shrug It Off","Rampage","infinitespire:OneForAll+1","infinitespire:Collect+1","Disarm","Berserk","Shrug It Off+1","Shrug It Off","Twin Strike+1","Pommel Strike+1","Blood for Blood","infinitespire:Fortify+1","infinitespire:Starlight","infinitespire:Gouge"],"special_seed":0,"relics":["Pandora\u0027s Box"],"potions_floor_usage":[38,41,41,51,51,55],"damage_taken":[{"damage":27.0,"enemies":"Cultist","floor":1.0,"turns":5.0},{"damage":7.0,"enemies":"Small Slimes","floor":3.0,"turns":2.0},{"damage":6.0,"enemies":"Jaw Worm","floor":4.0,"turns":3.0},{"damage":10.0,"enemies":"Looter","floor":5.0,"turns":3.0},{"damage":6.0,"enemies":"2 Fungi Beasts","floor":8.0,"turns":4.0},{"damage":13.0,"enemies":"Red Slaver","floor":10.0,"turns":2.0},{"damage":7.0,"enemies":"Gremlin Gang","floor":11.0,"turns":3.0},{"damage":30.0,"enemies":"The Guardian","floor":16.0,"turns":10.0},{"damage":9.0,"enemies":"Shell Parasite","floor":18.0,"turns":5.0},{"damage":32.0,"enemies":"2 Thieves","floor":21.0,"turns":4.0},{"damage":18.0,"enemies":"Chosen and Byrds","floor":22.0,"turns":5.0},{"damage":3.0,"enemies":"Gremlin Leader","floor":24.0,"turns":5.0},{"damage":3.0,"enemies":"Centurion and Healer","floor":26.0,"turns":5.0},{"damage":44.0,"enemies":"Sentry and Sphere","floor":29.0,"turns":9.0},{"damage":7.0,"enemies":"Cultist and Chosen","floor":30.0,"turns":6.0},{"damage":0.0,"enemies":"Chosen and Byrds","floor":32.0,"turns":6.0},{"damage":28.0,"enemies":"Champ","floor":35.0,"turns":13.0},{"damage":47,"enemies":"3 Darklings","floor":37,"turns":6},{"damage":18,"enemies":"Orb Walker","floor":38,"turns":5},{"damage":30,"enemies":"Jaw Worm Horde","floor":41,"turns":5},{"damage":6,"enemies":"Maw","floor":43,"turns":8},{"damage":1,"enemies":"Giant Head","floor":47,"turns":9},{"damage":6,"enemies":"4 Shapes","floor":49,"turns":6},{"damage":27,"enemies":"3 Darklings","floor":51,"turns":5},{"damage":71,"enemies":"infinitespire:MassOfShapes","floor":55,"turns":18}],"seed_played":"4869714169547766366","potions_obtained":[{"floor":5.0,"key":"Weak Potion"},{"floor":7.0,"key":"DuplicationPotion"},{"floor":7.0,"key":"SkillPotion"},{"floor":10.0,"key":"BloodPotion"},{"floor":11.0,"key":"ColorlessPotion"},{"floor":22.0,"key":"Weak Potion"},{"floor":29.0,"key":"Regen Potion"},{"floor":30.0,"key":"BloodPotion"},{"floor":38,"key":"BloodPotion"},{"floor":43,"key":"AttackPotion"},{"floor":47,"key":"Dexterity Potion"},{"floor":51,"key":"Fruit Juice"}],"is_trial":false,"path_per_floor":["M","?","M","M","M","R","?","M","T","M","M","R","$","?","R","B",null,"M","$","?","M","M","R","E","R","M","T","?","M","M","AVR","M","R","R","B",null,"M","M","$","?","M","R","M","R","$","T","E","R","M","R","M","AVR","R","R","B",null],"character_chosen":"IRONCLAD","items_purchased":["True Grit","AttackPotion","Shrug It Off","Regen Potion","Weak Potion"],"campfire_rested":9,"item_purchase_floors":[13,19,39,39,39],"current_hp_per_floor":[53,53,46,40,30,54,54,48,48,35,44,68,68,74,74,44,86,77,77,77,45,27,52,49,74,71,71,71,27,51,51,51,76,76,48,86,39,38,38,38,20,45,39,64,64,64,63,86,80,80,58,58,85,85,20],"gold":104,"neow_bonus":"BOSS_RELIC","is_prod":false,"is_daily":false,"chose_seed":false,"campfire_upgraded":4,"win_rate":0,"timestamp":1607574763,"path_taken":["M","?","M","M","M","R","?","M","T","?","M","R","?","?","R","BOSS","M","$","?","?","?","R","E","R","M","T","?","M","M","AVR","M","R","R","BOSS","M","M","$","?","M","R","M","R","$","T","E","R","M","R","M","AVR","R","R","BOSS"],"build_version":"2020-11-30","purchased_purges":4,"victory":true,"max_hp_per_floor":[80,80,80,80,80,80,80,80,80,80,80,80,80,86,86,86,86,86,86,86,86,86,86,86,86,86,86,86,86,86,86,86,86,86,86,86,86,86,86,86,86,86,86,86,86,86,86,86,86,86,91,91,91,91,91],"relic_stats":{"counters":[25,152],"Pandora\u0027s Box":["Rampage","Barricade","Sentinel","Second Wind","Metallicize","Reaper","Searing Blow","Immolate","Searing Blow"],"obtain_stats":[{"Pandora\u0027s Box":0,"Burning Blood":0},{"Pandora\u0027s Box":0,"Burning Blood":0},{"Pandora\u0027s Box":0,"Burning Blood":0}]},"card_choices":[{"not_picked":["Shrug It Off","Heavy Blade"],"picked":"Wild Strike","floor":1.0},{"not_picked":["Sword Boomerang","Wild Strike"],"picked":"Armaments","floor":3.0},{"not_picked":["Evolve","Perfected Strike","Clash"],"picked":"SKIP","floor":4.0},{"not_picked":["Perfected Strike","Clash"],"picked":"Evolve","floor":4.0},{"not_picked":["Flex","Entrench"],"picked":"Clothesline","floor":5.0},{"not_picked":["Body Slam","Ghostly Armor"],"picked":"Whirlwind","floor":8.0},{"not_picked":["Clothesline","Searing Blow"],"picked":"Iron Wave","floor":10.0},{"not_picked":["Warcry","Exhume"],"picked":"Flame Barrier","floor":11.0},{"not_picked":["Brutality","Bludgeon"],"picked":"Berserk","floor":16.0},{"not_picked":["Twin Strike","True Grit","Rupture"],"picked":"SKIP","floor":18.0},{"not_picked":["Second Wind","Body Slam"],"picked":"Battle Trance","floor":21.0},{"not_picked":["Thunderclap","Seeing Red","Rampage"],"picked":"SKIP","floor":22.0},{"not_picked":["Sever Soul+1","Dropkick"],"picked":"Iron Wave","floor":24.0},{"not_picked":["Ghostly Armor","Flex"],"picked":"Shrug It Off","floor":26.0},{"not_picked":["Whirlwind","Sword Boomerang"],"picked":"Rampage","floor":29.0},{"not_picked":["True Grit","Flex+1"],"picked":"infinitespire:OneForAll+1","floor":30.0},{"not_picked":["Feel No Pain","Second Wind+1"],"picked":"Disarm","floor":32.0},{"not_picked":["Corruption","Immolate"],"picked":"Berserk","floor":35.0},{"not_picked":["Reckless Charge","Flex","Rupture+1"],"picked":"SKIP","floor":37},{"not_picked":["True Grit","Infernal Blade"],"picked":"Shrug It Off+1","floor":38},{"not_picked":["Second Wind+1","Carnage"],"picked":"Twin Strike+1","floor":41},{"not_picked":["Body Slam","Armaments"],"picked":"Pommel Strike+1","floor":43},{"not_picked":["Havoc+1","Brutality"],"picked":"Blood for Blood","floor":47},{"not_picked":["Pommel Strike+1","Sentinel+1","Perfected Strike"],"picked":"SKIP","floor":49},{"not_picked":["Heavy Blade","Anger+1","Whirlwind"],"picked":"SKIP","floor":51}],"player_experience":1129768,"relics_obtained":[],"event_choices":[{"damage_healed":0.0,"max_hp_gain":0.0,"max_hp_loss":0.0,"gold_gain":1.0,"event_name":"betterStone:BetterStone","player_choice":"4","floor":2.0,"gold_loss":0.0,"damage_taken":0.0,"cards_obtained":["Jack Of All Trades"]},{"damage_healed":0.0,"max_hp_gain":0.0,"max_hp_loss":0.0,"gold_gain":0.0,"event_name":"The Woman in Blue","player_choice":"Bought 3 Potions","floor":7.0,"gold_loss":0.0,"damage_taken":0.0},{"damage_healed":0.0,"max_hp_gain":0.0,"max_hp_loss":0.0,"gold_gain":0.0,"event_name":"betterThird:BetterSerpent","player_choice":"RENOUNCE","floor":14.0,"gold_loss":92.0,"damage_taken":92.0,"cards_obtained":["Enlightenment"]},{"cards_removed":["Evolve"],"damage_healed":0.0,"max_hp_gain":0.0,"max_hp_loss":0.0,"gold_gain":0.0,"event_name":"Purifier","player_choice":"Purged","floor":20.0,"gold_loss":0.0,"damage_taken":0.0},{"cards_removed":["Jack Of All Trades"],"damage_healed":0.0,"max_hp_gain":0.0,"max_hp_loss":0.0,"gold_gain":0.0,"event_name":"betterNote:BetterNote","player_choice":"Give","floor":28.0,"gold_loss":0.0,"damage_taken":0.0,"cards_obtained":["None"]},{"damage_healed":0,"gold_gain":0,"player_choice":"Ignored","damage_taken":0,"max_hp_gain":0,"max_hp_loss":0,"event_name":"Mysterious Sphere","floor":40,"gold_loss":0}],"is_beta":false,"boss_relics":[{"not_picked":["Busted Crown","infinitespire:Cupcake","Empty Cage"]},{"not_picked":["Calling Bell","SacredBark","Philosopher\u0027s Stone"]}],"items_purged_floors":[13,31,39,52],"is_endless":false,"potions_floor_spawned":[5,10,11,22,29,30,38,43,47,51],"ascension_level":0}}