{"host":"x1qj4d8ympd5jdqh","time":1607612974,"event":{"gold_per_floor":[119,135,135,135,148,148,181,181,181,207,207,225,225,263,263,362,425,440,119,119,131,131,131,131,131],"floor_reached":24,"playtime":473,"items_purged":["Strike_R"],"score":524,"play_id":"24b96428-9277-4512-89b1-9904b1e296b7","local_time":"20201211000934","is_ascension_mode":true,"campfire_choices":[{"data":"Wild Strike","floor":6.0,"key":"SMITH"},{"data":"Inflame","floor":8.0,"key":"SMITH"},{"data":"Perfected Strike","floor":13.0,"key":"SMITH"},{"data":"Bash","floor":15.0,"key":"SMITH"},{"data":"Barricade","floor":23.0,"key":"SMITH"}],"neow_cost":"NONE","seed_source_timestamp":16512637181999,"circlet_count":0,"master_deck":["AscendersBane","Strike_R+1","Strike_R","Defend_R+1","Defend_R","Defend_R","Defend_R+1","Bash+1","Wild Strike+1","Cleave","Inflame+1","Bloodletting","Corruption","Perfected Strike+1","Shrug It Off","Reaper","Body Slam","Armaments+1","Barricade+1","Power Through","Flame Barrier","Twin Strike","Perfected Strike"],"special_seed":0,"relics":["Burning Blood","Self Forming Clay","Paper Frog","Regal Pillow","War Paint","Bloody Idol","Pear","Tiny House"],"potions_floor_usage":[],"damage_taken":[{"damage":14.0,"enemies":"Jaw Worm","floor":1.0,"turns":3.0},{"damage":6.0,"enemies":"Cultist","floor":2.0,"turns":3.0},{"damage":3.0,"enemies":"2 Louse","floor":5.0,"turns":3.0},{"damage":22.0,"enemies":"Lagavulin","floor":7.0,"turns":5.0},{"damage":10.0,"enemies":"3 Sentries","floor":10.0,"turns":4.0},{"damage":0.0,"enemies":"Exordium Wildlife","floor":12.0,"turns":2.0},{"damage":19.0,"enemies":"Lagavulin","floor":14.0,"turns":6.0},{"damage":0.0,"enemies":"Slime Boss","floor":16.0,"turns":3.0},{"damage":39.0,"enemies":"Shell Parasite","floor":18.0,"turns":6.0},{"damage":25.0,"enemies":"2 Thieves","floor":21.0,"turns":4.0},{"damage":114,"enemies":"Slavers","floor":24,"turns":8}],"seed_played":"4277213567724306693","potions_obtained":[{"floor":2.0,"key":"FairyPotion"},{"floor":4.0,"key":"Energy Potion"},{"floor":7.0,"key":"DuplicationPotion"},{"floor":14.0,"key":"Strength Potion"},{"floor":16.0,"key":"FearPotion"}],"is_trial":false,"path_per_floor":["M","M","?","?","M","R","E","R","T","E","?","M","R","E","R","B",null,"M","$","?","M","?","R","E"],"character_chosen":"IRONCLAD","items_purchased":["Barricade","Power Through"],"campfire_rested":0,"item_purchase_floors":[19,19],"current_hp_per_floor":[60,60,55,55,58,58,42,42,42,38,38,44,44,41,41,47,75,50,50,50,52,52,52,9,9],"gold":131,"neow_bonus":"THREE_CARDS","is_prod":false,"is_daily":false,"chose_seed":false,"campfire_upgraded":5,"win_rate":0,"timestamp":1607612974,"path_taken":["M","M","?","?","?","R","E","R","T","E","?","M","R","E","R","BOSS","M","$","?","M","?","R","E"],"build_version":"2020-11-30","purchased_purges":1,"victory":false,"max_hp_per_floor":[75,75,75,75,75,75,75,75,75,75,68,68,68,78,78,78,83,83,83,83,83,83,83,83,83],"card_choices":[{"not_picked":["Intimidate","Inflame"],"picked":"Wild Strike","floor":0.0},{"not_picked":["Clash","Ghostly Armor"],"picked":"Cleave","floor":1.0},{"not_picked":["Cleave","Rupture"],"picked":"Inflame","floor":2.0},{"not_picked":["Warcry","Body Slam"],"picked":"Bloodletting","floor":5.0},{"not_picked":["Power Through","Feel No Pain"],"picked":"Corruption","floor":7.0},{"not_picked":["Bloodletting","Intimidate"],"picked":"Perfected Strike","floor":10.0},{"not_picked":["Thunderclap","Rage","Clothesline"],"picked":"SKIP","floor":12.0},{"not_picked":["Juggernaut","Iron Wave"],"picked":"Shrug It Off","floor":14.0},{"not_picked":["Impervious","Double Tap"],"picked":"Reaper","floor":16.0},{"not_picked":["Cleave","True Grit"],"picked":"Body Slam","floor":17.0},{"not_picked":["Thunderclap","Rampage"],"picked":"Armaments+1","floor":18.0},{"not_picked":["Pummel","Clothesline"],"picked":"Flame Barrier","floor":21.0}],"player_experience":1307734,"relics_obtained":[{"floor":7.0,"key":"Paper Frog"},{"floor":9.0,"key":"Regal Pillow"},{"floor":10.0,"key":"War Paint"},{"floor":14.0,"key":"Pear"}],"event_choices":[{"damage_healed":0.0,"max_hp_gain":0.0,"max_hp_loss":0.0,"gold_gain":0.0,"event_name":"Scrap Ooze","player_choice":"Success","floor":3.0,"gold_loss":0.0,"damage_taken":5.0,"relics_obtained":["Self Forming Clay"]},{"damage_healed":0.0,"max_hp_gain":0.0,"max_hp_loss":0.0,"gold_gain":0.0,"event_name":"Lab","player_choice":"Got Potions","floor":4.0,"gold_loss":0.0,"damage_taken":0.0},{"damage_healed":0.0,"max_hp_gain":0.0,"max_hp_loss":7.0,"gold_gain":0.0,"event_name":"Golden Idol","player_choice":"Lose Max HP","floor":11.0,"gold_loss":0.0,"damage_taken":0.0,"relics_obtained":["Golden Idol"]},{"damage_healed":0.0,"max_hp_gain":0.0,"max_hp_loss":0.0,"gold_gain":0.0,"event_name":"Forgotten Altar","player_choice":"Gave Idol","floor":20.0,"relics_lost":["Golden Idol"],"gold_loss":0.0,"damage_taken":0.0,"relics_obtained":["Bloody Idol"]},{"damage_healed":0.0,"max_hp_gain":0.0,"max_hp_loss":0.0,"gold_gain":0.0,"cards_transformed":["Strike_R","Strike_R"],"event_name":"Drug Dealer","player_choice":"Became Test Subject","floor":22.0,"gold_loss":0.0,"damage_taken":0.0,"cards_obtained":["Twin Strike","Perfected Strike"]}],"is_beta":false,"boss_relics":[{"not_picked":["Mark of Pain","Calling Bell"],"picked":"Tiny House"}],"items_purged_floors":[19],"is_endless":false,"potions_floor_spawned":[2,7,14,16],"killed_by":"Slavers","ascension_level":20}}