{"host":"v0kr0xkqfgnh389p","time":1607563822,"event":{"gold_per_floor":[118,293,218,270,283,34,34,64,64,89,89,101,101,101,101,101,101],"floor_reached":16,"playtime":474,"items_purged":["Doubt","Strike_P"],"score":146,"play_id":"2f49a57c-3be5-4f33-a33b-6c5bbdb93b27","local_time":"20201209203022","is_ascension_mode":true,"campfire_choices":[{"floor":7,"key":"RECALL"},{"data":"TalkToTheHand","floor":13,"key":"SMITH"},{"data":"Vigilance","floor":15,"key":"SMITH"}],"neow_cost":"NONE","seed_source_timestamp":39543537152700,"circlet_count":0,"master_deck":["Strike_P","Strike_P","Strike_P+1","Defend_P","Defend_P","Defend_P","Defend_P","Eruption+1","Vigilance+1","Pot Of Greed","TalkToTheHand+1"],"relics":["PureWater","NeowsBlessing","Grinning Jar","ClockworkSouvenir","Akabeko","Potion Belt"],"potions_floor_usage":[10,10,11,16],"damage_taken":[{"damage":0,"enemies":"Small Slimes","floor":1,"turns":1},{"damage":0,"enemies":"Jaw Worm","floor":5,"turns":1},{"damage":0,"enemies":"3 Sentries","floor":8,"turns":2},{"damage":6,"enemies":"Gremlin Nob","floor":10,"turns":3},{"damage":0,"enemies":"2 Louse","floor":11,"turns":1},{"damage":2,"enemies":"Looter","floor":12,"turns":2},{"damage":39,"enemies":"Fading Forest","floor":16,"turns":10}],"seed_played":"7987113953180936052","potions_obtained":[{"floor":1,"key":"SmokeBomb"},{"floor":4,"key":"Adrenaline Potion"},{"floor":4,"key":"Fire Potion"},{"floor":10,"key":"BlessingOfTheForge"}],"is_trial":false,"path_per_floor":["M","?","$","?","M","$","R","E","T","E","M","M","R","?","R","B"],"character_chosen":"WATCHER","items_purchased":["ClockworkSouvenir"],"campfire_rested":0,"item_purchase_floors":[6],"current_hp_per_floor":[72,72,72,44,44,44,44,44,44,38,38,36,36,22,22,0,0],"gold":101,"neow_bonus":"THREE_ENEMY_KILL","is_prod":false,"is_daily":false,"chose_seed":false,"campfire_upgraded":2,"win_rate":0,"timestamp":1607563822,"path_taken":["M","?","$","?","M","$","R","E","T","E","M","M","R","?","R","BOSS"],"build_version":"2020-11-30","purchased_purges":2,"victory":false,"max_hp_per_floor":[72,72,72,72,72,72,72,72,72,72,72,72,72,72,72,72,72],"card_choices":[{"not_picked":["Replay:ManipulateFuture","Replay:BluntJabs","Halt"],"picked":"SKIP","floor":1},{"not_picked":["Indignation","Prostrate","EmptyFist"],"picked":"SKIP","floor":5},{"not_picked":["Replay:ManipulateFuture","ForeignInfluence"],"picked":"TalkToTheHand","floor":8},{"not_picked":["WreathOfFlame","Perseverance","Protect"],"picked":"SKIP","floor":10},{"not_picked":["FollowUp","Vault","Fasting2"],"picked":"SKIP","floor":12}],"player_experience":704473,"relics_obtained":[{"floor":4,"key":"Grinning Jar"},{"floor":8,"key":"Akabeko"},{"floor":10,"key":"Potion Belt"}],"event_choices":[{"damage_healed":0,"gold_gain":175,"player_choice":"AGREE","damage_taken":0,"max_hp_gain":0,"max_hp_loss":0,"event_name":"Liars Game","floor":2,"gold_loss":0,"cards_obtained":["Doubt"]},{"damage_healed":0,"gold_gain":0,"player_choice":"Entered Light","damage_taken":14,"max_hp_gain":0,"max_hp_loss":0,"event_name":"Shining Light","floor":14,"gold_loss":0,"cards_upgraded":["Eruption","Strike_P"]}],"is_beta":false,"boss_relics":[],"items_purged_floors":[3,6],"is_endless":false,"potions_floor_spawned":[1,10,11],"killed_by":"Fading Forest","ascension_level":2}}