{"host":"p7j7o00jacnw7qzt","time":1607624172,"event":{"mods":["BaseMod","Minty Spire (QoL Compilation)","Relic Stats","Colored Map","Colored Powertips","DeckTracker","Highlight Path"],"gold_per_floor":[119,89,105,122,139,139,173,23,23,53,71,90,90,102,102,181,181,194,119,139,54,144,144,175,190,213,245,245,245,245,245],"floor_reached":30,"playtime":1260,"items_purged":["Strike_R"],"score":564,"play_id":"e4e99062-e062-4dc4-95b2-1f8bed694818","local_time":"20201210131612","is_ascension_mode":true,"campfire_choices":[{"data":"Hemokinesis","floor":6.0,"key":"SMITH"},{"data":"Whirlwind","floor":13.0,"key":"SMITH"},{"data":"True Grit","floor":15.0,"key":"SMITH"},{"data":"Dark Embrace","floor":23.0,"key":"SMITH"},{"data":"Corruption","floor":29.0,"key":"SMITH"}],"circlet_count":0,"master_deck":["AscendersBane","Defend_R","Defend_R","Defend_R","Defend_R","Bash","Hemokinesis+1","Pommel Strike","Whirlwind+1","Dark Embrace+1","Power Through","True Grit+1","Corruption+1","Rampage+1","Havoc+1","Burning Pact+1","Shrug It Off","Bloodletting","Feel No Pain+1"],"special_seed":0,"relics":["Burning Blood","NeowsBlessing","Mango","Thread and Needle","Pocketwatch","Astrolabe","Blue Candle","Mercury Hourglass","White Beast Statue"],"acts_visited":["Exordium","TheCity"],"potions_floor_usage":[],"damage_taken":[{"damage":0.0,"enemies":"Cultist","floor":1.0,"turns":1.0},{"damage":0.0,"enemies":"Small Slimes","floor":3.0,"turns":1.0},{"damage":0.0,"enemies":"2 Louse","floor":4.0,"turns":1.0},{"damage":21.0,"enemies":"Large Slime","floor":5.0,"turns":6.0},{"damage":24.0,"enemies":"3 Sentries","floor":7.0,"turns":7.0},{"damage":6.0,"enemies":"Gremlin Nob","floor":10.0,"turns":3.0},{"damage":7.0,"enemies":"Gremlin Gang","floor":11.0,"turns":3.0},{"damage":4.0,"enemies":"Looter","floor":12.0,"turns":3.0},{"damage":2.0,"enemies":"2 Fungi Beasts","floor":14.0,"turns":3.0},{"damage":37.0,"enemies":"The Guardian","floor":16.0,"turns":12.0},{"damage":21.0,"enemies":"Shell Parasite","floor":18.0,"turns":4.0},{"damage":4.0,"enemies":"Spheric Guardian","floor":20.0,"turns":4.0},{"damage":5.0,"enemies":"Book of Stabbing","floor":24.0,"turns":4.0},{"damage":7.0,"enemies":"Snecko","floor":25.0,"turns":4.0},{"damage":40.0,"enemies":"Slavers","floor":27.0,"turns":5.0},{"damage":0.0,"enemies":"Shelled Parasite and Fungi","floor":28.0,"turns":1.0}],"seed_played":"-2948262988965561202","potions_obtained":[{"floor":2.0,"key":"Explosive Potion"},{"floor":2.0,"key":"SneckoOil"},{"floor":7.0,"key":"DistilledChaos"},{"floor":10.0,"key":"LiquidBronze"},{"floor":11.0,"key":"DistilledChaos"},{"floor":16.0,"key":"BloodPotion"},{"floor":24.0,"key":"PowerPotion"},{"floor":25.0,"key":"SteroidPotion"},{"floor":27.0,"key":"SmokeBomb"}],"is_trial":false,"path_per_floor":["M","?","M","M","M","R","E","$","T","E","M","M","R","M","R","B",null,"M","?","M","?","?","R","E","M","T","E","M","R","$"],"character_chosen":"IRONCLAD","items_purchased":["Whirlwind"],"campfire_rested":0,"item_purchase_floors":[8],"current_hp_per_floor":[74,74,75,75,60,60,56,56,56,56,55,57,57,61,61,30,74,59,59,61,61,49,49,50,66,66,32,38,38,38,38],"gold":245,"neow_bonus":"THREE_ENEMY_KILL","is_daily":false,"chose_seed":false,"campfire_upgraded":5,"win_rate":0,"timestamp":1607624172,"path_taken":["M","?","?","M","?","R","E","$","T","E","M","M","R","M","R","BOSS","M","?","M","?","?","R","E","?","T","E","M","R","$"],"build_version":"2020-11-30","purchased_purges":1,"victory":false,"max_hp_per_floor":[75,75,75,75,75,75,89,89,89,89,89,89,89,89,89,89,89,89,89,89,89,89,89,89,89,89,89,89,89,89,89],"relic_stats":{"counters":[16,61],"Astrolabe":["Rampage","Havoc","Burning Pact"],"Blue Candle":[0],"obtain_stats":[{"NeowsBlessing":0,"Astrolabe":17,"Blue Candle":21,"Mango":7,"Thread and Needle":9,"Burning Blood":0,"White Beast Statue":27,"Pocketwatch":10,"Mercury Hourglass":24},{"NeowsBlessing":0,"Astrolabe":10,"Blue Candle":12,"Mango":5,"Thread and Needle":5,"Burning Blood":0,"White Beast Statue":15,"Pocketwatch":6,"Mercury Hourglass":13},{"NeowsBlessing":0,"Astrolabe":40,"Blue Candle":48,"Mango":16,"Thread and Needle":16,"Burning Blood":0,"White Beast Statue":60,"Pocketwatch":19,"Mercury Hourglass":52}],"Burning Blood":85,"Pocketwatch":[57],"Mercury Hourglass":[48]},"card_choices":[{"not_picked":["Clash","Perfected Strike","Havoc"],"picked":"SKIP","floor":1.0},{"not_picked":["Flex","Twin Strike"],"picked":"Hemokinesis","floor":3.0},{"not_picked":["Spot Weakness","Seeing Red"],"picked":"Pommel Strike","floor":4.0},{"not_picked":["Pummel","Thunderclap","Twin Strike"],"picked":"SKIP","floor":5.0},{"not_picked":["Demon Form","Cleave","Fire Breathing"],"picked":"SKIP","floor":7.0},{"not_picked":["Intimidate","Barricade"],"picked":"Dark Embrace","floor":10.0},{"not_picked":["Armaments","Flex"],"picked":"Power Through","floor":11.0},{"not_picked":["Carnage","Headbutt","Wild Strike"],"picked":"SKIP","floor":12.0},{"not_picked":["Heavy Blade","Sentinel"],"picked":"True Grit","floor":14.0},{"not_picked":["Impervious","Juggernaut"],"picked":"Corruption","floor":16.0},{"not_picked":["Pummel","Hemokinesis","Dual Wield"],"picked":"SKIP","floor":18.0},{"not_picked":["Anger","Thunderclap"],"picked":"Shrug It Off","floor":20.0},{"not_picked":["Berserk","Perfected Strike"],"picked":"Bloodletting","floor":24.0},{"not_picked":["Flex","Wild Strike"],"picked":"Feel No Pain+1","floor":25.0},{"not_picked":["Sword Boomerang","Havoc","Headbutt"],"picked":"SKIP","floor":27.0}],"player_experience":739735,"relics_obtained":[{"floor":7.0,"key":"Mango"},{"floor":9.0,"key":"Thread and Needle"},{"floor":10.0,"key":"Pocketwatch"},{"floor":24.0,"key":"Mercury Hourglass"},{"floor":27.0,"key":"White Beast Statue"}],"event_choices":[{"damage_healed":0.0,"max_hp_gain":0.0,"max_hp_loss":0.0,"gold_gain":0.0,"event_name":"The Woman in Blue","player_choice":"Bought 2 Potions","floor":2.0,"gold_loss":0.0,"damage_taken":0.0},{"cards_removed":["Strike_R"],"damage_healed":0.0,"max_hp_gain":0.0,"max_hp_loss":0.0,"gold_gain":0.0,"event_name":"Beggar","player_choice":"Gave Gold","floor":19.0,"gold_loss":75.0,"damage_taken":0.0},{"damage_healed":0.0,"max_hp_gain":0.0,"max_hp_loss":0.0,"gold_gain":0.0,"event_name":"Addict","player_choice":"Obtained Relic","floor":21.0,"gold_loss":85.0,"damage_taken":0.0,"relics_obtained":["Blue Candle"]},{"damage_healed":0.0,"max_hp_gain":0.0,"max_hp_loss":0.0,"gold_gain":90.0,"event_name":"Knowing Skull","player_choice":"GOLD ","floor":22.0,"potions_obtained":[],"gold_loss":0.0,"damage_taken":12.0,"cards_obtained":[]}],"is_beta":false,"boss_relics":[{"not_picked":["Mark of Pain","Cursed Key"],"picked":"Astrolabe"}],"items_purged_floors":[8],"is_endless":false,"potions_floor_spawned":[4,7,10,11,14,16,24,25,27,28],"ascension_level":20}}