{"host":"0jor5hi4rp0tpy7j","time":1607609002,"event":{"gold_per_floor":[116,116,128,128,138,138,157,167,246,272,290,307,307,340,340,340,340],"floor_reached":16,"playtime":504,"items_purged":[],"score":177,"play_id":"6af00cb9-cc4b-4b7a-a847-9652260a67ca","local_time":"20201210150322","is_ascension_mode":true,"campfire_choices":[{"data":"Combust","floor":6,"key":"SMITH"},{"floor":13,"key":"REST"},{"floor":15,"key":"REST"}],"neow_cost":"NONE","seed_source_timestamp":79993888402600,"circlet_count":0,"master_deck":["AscendersBane","Strike_R","Strike_R","Strike_R","Strike_R","Strike_R","Defend_R","Defend_R","Defend_R","Defend_R","Bash","Offering","Bloodletting","Combust+1","Sword Boomerang","Sword Boomerang","Armaments","Heavy Blade","Bludgeon","Bloodletting"],"relics":["Burning Blood","Magic Flower","Gremlin Horn","Nunchaku","hexamod:BolsterEngine"],"potions_floor_usage":[7,7,8,14],"damage_taken":[{"damage":18,"enemies":"Small Slimes","floor":1,"turns":5},{"damage":5,"enemies":"2 Louse","floor":3,"turns":4},{"damage":5,"enemies":"Cultist","floor":5,"turns":3},{"damage":9,"enemies":"Large Slime","floor":7,"turns":4},{"damage":7,"enemies":"3 Louse","floor":8,"turns":3},{"damage":43,"enemies":"Gremlin Nob","floor":10,"turns":4},{"damage":17,"enemies":"Gremlin Gang","floor":11,"turns":4},{"damage":19,"enemies":"Exordium Wildlife","floor":12,"turns":3},{"damage":36,"enemies":"Lagavulin","floor":14,"turns":4},{"damage":38,"enemies":"Hexaghost","floor":16,"turns":7}],"seed_played":"-5336753228085151275","potions_obtained":[{"floor":1,"key":"Block Potion"},{"floor":5,"key":"Swift Potion"},{"floor":7,"key":"Guardian:BlockOnCardUsePotion"},{"floor":11,"key":"ElixirPotion"},{"floor":12,"key":"BlessingOfTheForge"}],"is_trial":false,"path_per_floor":["M","?","M","?","M","R","M","M","T","E","M","M","R","E","R","B"],"character_chosen":"IRONCLAD","items_purchased":[],"campfire_rested":2,"item_purchase_floors":[],"current_hp_per_floor":[60,60,61,61,65,65,65,67,67,33,25,15,39,12,36,0,0],"gold":340,"neow_bonus":"ONE_RANDOM_RARE_CARD","is_prod":false,"is_daily":false,"chose_seed":false,"campfire_upgraded":1,"win_rate":0,"timestamp":1607609002,"path_taken":["M","?","M","?","M","R","M","?","T","E","M","M","R","E","R","BOSS"],"build_version":"2020-11-30","purchased_purges":0,"victory":false,"max_hp_per_floor":[80,80,80,80,80,80,80,80,80,80,80,80,80,80,80,80,80],"card_choices":[{"not_picked":["Iron Wave","Heavy Blade"],"picked":"Bloodletting","floor":1},{"not_picked":["Body Slam","Iron Wave"],"picked":"Combust","floor":3},{"not_picked":["Anger","Twin Strike"],"picked":"Sword Boomerang","floor":5},{"not_picked":["Carnage","Flex"],"picked":"Sword Boomerang","floor":7},{"not_picked":["Havoc","Sever Soul","Disarm"],"picked":"SKIP","floor":8},{"not_picked":["True Grit","Heavy Blade"],"picked":"Armaments","floor":10},{"not_picked":["Feel No Pain","Spot Weakness"],"picked":"Heavy Blade","floor":11},{"not_picked":["Body Slam","Perfected Strike"],"picked":"Bludgeon","floor":12},{"not_picked":["Fire Breathing","True Grit"],"picked":"Bloodletting","floor":14}],"player_experience":347034,"relics_obtained":[{"floor":4,"key":"Magic Flower"},{"floor":9,"key":"Gremlin Horn"},{"floor":10,"key":"Nunchaku"},{"floor":14,"key":"hexamod:BolsterEngine"}],"event_choices":[{"damage_healed":0,"gold_gain":0,"player_choice":"Ignored","damage_taken":0,"max_hp_gain":0,"max_hp_loss":0,"event_name":"Golden Wing","floor":2,"gold_loss":0},{"damage_healed":0,"gold_gain":0,"player_choice":"Relic","damage_taken":0,"max_hp_gain":0,"max_hp_loss":0,"event_name":"Wheel of Change","floor":4,"gold_loss":0}],"is_beta":false,"boss_relics":[],"items_purged_floors":[],"is_endless":false,"potions_floor_spawned":[1,5,7,11,12],"killed_by":"Hexaghost","ascension_level":11}}