{"host":"3vhe2wr81aw5r9bm","time":1607587158,"event":{"gold_per_floor":[112,128,147,147,158,193,193,228,228,241,254,287,305,319,319,423,423,435,40,53,73,73,73,88,122,122,152,170,180,180,195,195,295,295,306,318,328,344,358,358,454,454,454,454,454,483,820,848,848,856,856],"floor_reached":50,"playtime":4404,"items_purged":[],"score":804,"play_id":"075fd6dc-93f2-4faa-bc8c-9a1e597f9c85","local_time":"20201210025918","is_ascension_mode":true,"campfire_choices":[{"floor":15,"key":"REST"},{"floor":23,"key":"RECALL"},{"floor":30,"key":"REST"},{"floor":32,"key":"REST"},{"floor":40,"key":"REST"},{"floor":42,"key":"REST"},{"floor":44,"key":"REST"},{"floor":49,"key":"REST"}],"neow_cost":"NONE","seed_source_timestamp":592395593659000,"circlet_count":0,"master_deck":["Strike_R","Strike_R","Strike_R","Strike_R","Strike_R","Defend_R","Defend_R","Defend_R+1","Defend_R","Bash","Disarm","Evolve","Bloodletting+1","Power Through","Blood for Blood","Delirium","Life Link","Rampage","Disarm","Intimidate","Armaments","Carnage","Eclipse","Feel No Pain+1","Mayhem","Armaments","Spot Weakness","Normality","ReplayTheSpireMod:Strike From Hell+1","Seeing Red","Impervious","Fire Breathing","Pummel","Reckless Charge","Hemogenesis","Anger+1","True Grit+1","Sentinel+1","Exhume","Entrench+1","Metallicize+1","Parasite","Fire Breathing+1","Double Tap","Sever Soul+1","Reckless Charge","Inflame+1"],"special_seed":0,"relics":["Black Blood","InkBottle","Ring of Panic","Ice Cream","Replay:Bottled Steam","Fusion Hammer","ReplayTheSpireMod:Lightbulb","Happy Flower","Art of War","Question Card","Counterbalance","Replay:Bandana","Prayer Wheel","Old Coin"],"potions_floor_usage":[6,6,10,12,14,25,33,33,36,39,50],"damage_taken":[{"damage":6,"enemies":"Jaw Worm","floor":1,"turns":4},{"damage":3,"enemies":"Small Slimes","floor":2,"turns":4},{"damage":11,"enemies":"Cultist","floor":3,"turns":5},{"damage":7,"enemies":"2 Fungi Beasts","floor":5,"turns":5},{"damage":16,"enemies":"Gremlin Nob","floor":6,"turns":4},{"damage":11,"enemies":"Replay:BlueRogue","floor":8,"turns":10},{"damage":18,"enemies":"Large Slime","floor":10,"turns":5},{"damage":14,"enemies":"Exordium Thugs","floor":11,"turns":5},{"damage":32,"enemies":"3 Sentries","floor":12,"turns":7},{"damage":0,"enemies":"2 Fungi Beasts","floor":13,"turns":4},{"damage":16,"enemies":"Large Slime","floor":14,"turns":6},{"damage":22,"enemies":"Hexaghost","floor":16,"turns":11},{"damage":6,"enemies":"3 Byrds","floor":18,"turns":7},{"damage":1,"enemies":"Chosen","floor":20,"turns":4},{"damage":12,"enemies":"Snake Plant","floor":21,"turns":3},{"damage":21,"enemies":"Sentry and Sphere","floor":24,"turns":4},{"damage":6,"enemies":"Book of Stabbing","floor":25,"turns":3},{"damage":32,"enemies":"Slavers","floor":27,"turns":5},{"damage":8,"enemies":"Snecko","floor":28,"turns":5},{"damage":10,"enemies":"Shelled Parasite and Fungi","floor":29,"turns":4},{"damage":19,"enemies":"Snake Plant","floor":31,"turns":4},{"damage":14,"enemies":"Pondfish","floor":33,"turns":8},{"damage":50,"enemies":"3 Shapes","floor":35,"turns":5},{"damage":35,"enemies":"3 Darklings","floor":36,"turns":5},{"damage":30,"enemies":"Spire Growth","floor":37,"turns":5},{"damage":31,"enemies":"Maw","floor":38,"turns":9},{"damage":26,"enemies":"4 Shapes","floor":39,"turns":6},{"damage":5,"enemies":"Writhing Mass","floor":46,"turns":9},{"damage":64,"enemies":"Reptomancer","floor":47,"turns":5},{"damage":49,"enemies":"Spire Growth","floor":48,"turns":5},{"damage":53,"enemies":"Awakened One","floor":50,"turns":5}],"seed_played":"-3515065702650475141","potions_obtained":[{"floor":2,"key":"PowerPotion"},{"floor":5,"key":"BloodPotion"},{"floor":6,"key":"DuplicationPotion"},{"floor":10,"key":"Energy Potion"},{"floor":11,"key":"Energy Potion"},{"floor":18,"key":"Weak Potion"},{"floor":27,"key":"ColorlessPotion"},{"floor":29,"key":"SneckoOil"},{"floor":31,"key":"Energy Potion"},{"floor":33,"key":"DuplicationPotion"},{"floor":35,"key":"DuplicationPotion"},{"floor":37,"key":"GamblersBrew"},{"floor":39,"key":"BloodPotion"}],"is_trial":false,"path_per_floor":["M","M","M","?","M","E","?","E","T","M","M","E","M","M","R","B",null,"M","$","M","M","?","R","M","E","T","E","M","M","R","M","R","B",null,"M","M","M","M","M","R","?","R","T","R","?","M","E","M","R","B"],"character_chosen":"IRONCLAD","items_purchased":["Mayhem","ReplayTheSpireMod:Lightbulb"],"campfire_rested":7,"item_purchase_floors":[19,19],"current_hp_per_floor":[88,88,83,65,64,71,71,66,66,54,46,20,26,16,42,26,88,88,88,88,82,82,82,67,67,67,41,39,35,61,48,74,66,88,67,51,38,24,34,60,25,51,51,77,98,98,46,14,43,0,0],"gold":856,"neow_bonus":"TEN_PERCENT_HP_BONUS","is_prod":false,"is_daily":false,"chose_seed":false,"campfire_upgraded":0,"win_rate":0,"timestamp":1607587158,"path_taken":["M","M","M","?","M","E","?","E","T","M","M","E","M","M","R","BOSS","M","$","M","M","?","R","M","E","T","E","M","M","R","M","R","BOSS","M","M","M","M","M","R","?","R","T","R","?","M","E","M","R","BOSS"],"build_version":"2020-11-30","purchased_purges":0,"victory":false,"max_hp_per_floor":[88,88,88,88,88,88,88,88,88,88,88,88,88,88,88,88,88,88,88,88,88,88,88,88,88,88,88,88,88,88,88,88,88,88,88,88,88,88,88,88,88,88,88,88,98,98,98,98,98,98,98],"card_choices":[{"not_picked":["Armaments","Life Link"],"picked":"Disarm","floor":1},{"not_picked":["Iron Wave","Run Through"],"picked":"Evolve","floor":2},{"not_picked":["Flex","Entrench"],"picked":"Bloodletting","floor":3},{"not_picked":["Flex","Twin Strike"],"picked":"Power Through","floor":5},{"not_picked":["Perfected Strike","True Grit"],"picked":"Blood for Blood","floor":6},{"not_picked":["Flex","Havoc"],"picked":"Life Link","floor":8},{"not_picked":["Sword Boomerang","Thunderclap"],"picked":"Rampage","floor":10},{"not_picked":["Perfected Strike","Heavy Blade"],"picked":"Disarm","floor":11},{"not_picked":["Disarm","Sever Soul"],"picked":"Intimidate","floor":12},{"not_picked":["Whirlwind","Havoc"],"picked":"Armaments","floor":13},{"not_picked":["Dropkick","Cleave"],"picked":"Carnage","floor":14},{"not_picked":["Berserk","Demonic Infusion"],"picked":"Eclipse","floor":16},{"not_picked":["Clash","Battle Trance"],"picked":"Feel No Pain+1","floor":18},{"not_picked":["Anger","Replay:Undeath\u0027s Touch"],"picked":"Armaments","floor":20},{"not_picked":["Twin Strike","Bloodletting"],"picked":"Spot Weakness","floor":21},{"not_picked":["Heavy Blade","Warcry"],"picked":"ReplayTheSpireMod:Strike From Hell+1","floor":24},{"not_picked":["Massacre+1","ReplayTheSpireMod:Strike From Hell"],"picked":"Seeing Red","floor":25},{"not_picked":["Armaments+1","Reckless Charge","Wild Strike"],"picked":"Impervious","floor":27},{"not_picked":["Iron Wave","Evolve","Heavy Blade+1"],"picked":"Fire Breathing","floor":28},{"not_picked":["Wild Strike","Dropkick","Life Link"],"picked":"Pummel","floor":29},{"not_picked":["Abandon","Cleave","Heavy Blade"],"picked":"Reckless Charge","floor":31},{"not_picked":["Offering","Bludgeon","Corruption"],"picked":"Hemogenesis","floor":33},{"not_picked":["Power Through","Cleave+1","Body Slam+1"],"picked":"Anger+1","floor":35},{"not_picked":["Iron Wave","Bloodletting","Flex+1"],"picked":"True Grit+1","floor":36},{"not_picked":["Body Slam","Heavy Blade","Iron Wave"],"picked":"Sentinel+1","floor":37},{"not_picked":["Thunderclap","Havoc+1","Pummel+1"],"picked":"Feed","floor":38},{"not_picked":["Anger+1","Wild Strike+1","Replay:Undeath\u0027s Touch"],"picked":"Exhume","floor":39},{"not_picked":["Warcry","Whirlwind","Wild Strike+1"],"picked":"Entrench+1","floor":41},{"not_picked":["Perfected Strike","Headbutt","Anger+1"],"picked":"Metallicize+1","floor":41},{"not_picked":["Hemokinesis+1","Carnage+1","Rage+1"],"picked":"Fire Breathing+1","floor":46},{"not_picked":["Perfected Strike","Body Slam","Thunderclap"],"picked":"Double Tap","floor":46},{"not_picked":["Hemokinesis+1","Iron Wave+1","Searing Blow"],"picked":"Sever Soul+1","floor":47},{"not_picked":["Warcry+1","Flex","Massacre"],"picked":"Reckless Charge","floor":48},{"not_picked":["Iron Wave","Combust+1","Clothesline+1"],"picked":"Inflame+1","floor":48}],"player_experience":311175,"relics_obtained":[{"floor":6,"key":"InkBottle"},{"floor":7,"key":"Ring of Panic"},{"floor":8,"key":"Ice Cream"},{"floor":12,"key":"Replay:Bottled Steam"},{"floor":25,"key":"Art of War"},{"floor":26,"key":"Question Card"},{"floor":27,"key":"Counterbalance"},{"floor":41,"key":"Replay:Bandana"},{"floor":43,"key":"Prayer Wheel"},{"floor":47,"key":"Old Coin"}],"event_choices":[{"damage_healed":0,"gold_gain":0,"player_choice":"Entered Light","damage_taken":18,"max_hp_gain":0,"max_hp_loss":0,"event_name":"Shining Light","floor":4,"gold_loss":0,"cards_upgraded":["Defend_R","Bloodletting"]},{"cards_removed":["Feed"],"damage_healed":11,"gold_gain":0,"player_choice":"Offered Rare","damage_taken":0,"max_hp_gain":10,"max_hp_loss":0,"event_name":"Bonfire Elementals","floor":45,"gold_loss":0}],"is_beta":false,"boss_relics":[{"not_picked":["ReplayTheSpireMod:DimensionalGlitch","SacredBark"],"picked":"Fusion Hammer"},{"not_picked":["SlaversCollar","Calling Bell"],"picked":"Black Blood"}],"items_purged_floors":[],"is_endless":false,"potions_floor_spawned":[2,5,6,10,11,18,27,29,31,33,35,37,38,39],"killed_by":"Awakened One","ascension_level":1}}