{"host":"y2qfgmdkwisnz7x5","time":1607632078,"event":{"mods":["BaseMod","Shop Mod","Colored Map","Minty Spire (QoL Compilation)"],"gold_per_floor":[119,119,137,312,312,312,369,369,369,383,410,41,51,78,78,183,183,197,197,197,112,131,131,162,177,202,202,212,112,132,142,142,242,242,252,252,252,262,137,137,55,68,141,141,159,159,159,175,175,175,175],"floor_reached":50,"playtime":1741,"items_purged":["Strike_R","Defend_R","Strike_R"],"score":541,"play_id":"a1632314-dac7-4316-aa90-3a6868ef2af2","local_time":"20201210212758","is_ascension_mode":true,"campfire_choices":[{"data":"Bash","floor":6,"key":"SMITH"},{"data":"Rage","floor":8,"key":"SMITH"},{"floor":15,"key":"REST"},{"data":"Blood for Blood","floor":23,"key":"SMITH"},{"data":"Limit Break","floor":27,"key":"SMITH"},{"data":"Seeing Red","floor":32,"key":"SMITH"},{"floor":46,"key":"REST"},{"floor":49,"key":"REST"}],"circlet_count":0,"master_deck":["Strike_R","Strike_R","Strike_R","Defend_R","Defend_R","Defend_R","Bash+1","Seeing Red","Rage+1","Shrug It Off","Dropkick","Clash","Blood for Blood+1","Warcry","Limit Break+1","J.A.X.","Feel No Pain+1","Clash","Seeing Red+1","Demon Form+1","Dropkick+1","Rage+1","Dramatic Entrance","Blood for Blood","Parasite","Exhume+1"],"relics":["Black Blood","Frozen Egg 2","Calipers","Mercury Hourglass","Self Forming Clay","Lantern","Ornamental Fan","Pantograph","Orichalcum","SacredBark","Paper Frog"],"acts_visited":["Exordium","TheCity","TheBeyond"],"potions_floor_usage":[7,14,22,28,33,33,45],"damage_taken":[{"damage":9,"enemies":"Jaw Worm","floor":1,"turns":4},{"damage":1,"enemies":"Cultist","floor":3,"turns":3},{"damage":36,"enemies":"3 Sentries","floor":7,"turns":12},{"damage":0,"enemies":"Small Slimes","floor":10,"turns":4},{"damage":39,"enemies":"Gremlin Nob","floor":11,"turns":5},{"damage":0,"enemies":"3 Louse","floor":13,"turns":2},{"damage":22,"enemies":"Lagavulin","floor":14,"turns":5},{"damage":32,"enemies":"Slime Boss","floor":16,"turns":10},{"damage":10,"enemies":"Chosen","floor":18,"turns":5},{"damage":11,"enemies":"Shell Parasite","floor":22,"turns":5},{"damage":21,"enemies":"Gremlin Leader","floor":24,"turns":5},{"damage":22,"enemies":"Centurion and Healer","floor":25,"turns":5},{"damage":7,"enemies":"Snake Plant","floor":28,"turns":4},{"damage":11,"enemies":"3 Cultists","floor":30,"turns":5},{"damage":19,"enemies":"Centurion and Healer","floor":31,"turns":4},{"damage":94,"enemies":"Collector","floor":33,"turns":11},{"damage":74,"enemies":"3 Darklings","floor":35,"turns":10},{"damage":6,"enemies":"Orb Walker","floor":38,"turns":3},{"damage":14,"enemies":"Jaw Worm Horde","floor":42,"turns":5},{"damage":24,"enemies":"Writhing Mass","floor":45,"turns":6},{"damage":45,"enemies":"Maw","floor":48,"turns":7},{"damage":67,"enemies":"Donu and Deca","floor":50,"turns":5}],"seed_played":"-5401199165936715620","potions_obtained":[{"floor":1,"key":"Fire Potion"},{"floor":7,"key":"FearPotion"},{"floor":16,"key":"ElixirPotion"},{"floor":18,"key":"EssenceOfSteel"},{"floor":24,"key":"Block Potion"},{"floor":31,"key":"BloodPotion"},{"floor":35,"key":"Fire Potion"}],"is_trial":false,"path_per_floor":["M","?","M","?","?","R","?","R","T","M","E","$","M","E","R","B",null,"M","?","?","?","M","R","E","M","T","R","M","$","M","M","R","B",null,"M","?","?","M","$","?","$","M","T","?","M","R","?","M","R","B"],"character_chosen":"IRONCLAD","items_purchased":["Blood for Blood","Self Forming Clay","Blood for Blood"],"campfire_rested":3,"item_purchase_floors":[12,12,41],"current_hp_per_floor":[85,85,88,88,81,81,51,51,51,57,24,24,30,14,40,14,88,88,88,71,71,72,72,63,53,53,53,58,58,59,52,52,13,93,31,31,31,37,37,37,37,35,35,35,23,49,49,16,42,0,0],"gold":175,"neow_bonus":"TEN_PERCENT_HP_BONUS","is_daily":false,"chose_seed":false,"campfire_upgraded":5,"win_rate":0,"timestamp":1607632078,"path_taken":["M","?","?","?","?","R","?","R","T","M","E","$","M","E","R","BOSS","M","?","?","?","M","R","E","M","T","R","M","$","M","M","R","BOSS","M","?","?","M","$","?","$","M","T","?","M","R","?","M","R","BOSS"],"build_version":"2020-11-30","purchased_purges":3,"victory":false,"max_hp_per_floor":[88,88,88,88,88,88,88,88,88,88,88,88,88,88,88,88,88,88,88,93,93,93,93,93,93,93,93,93,93,93,93,93,93,93,93,93,93,93,93,93,93,93,93,88,88,88,88,88,88,88,88],"card_choices":[{"not_picked":["Dark Embrace","Body Slam"],"picked":"Seeing Red","floor":1},{"not_picked":["Evolve","Cleave"],"picked":"Rage","floor":3},{"not_picked":["Iron Wave","Burning Pact"],"picked":"Shrug It Off","floor":7},{"not_picked":["Flex","Reckless Charge"],"picked":"Dropkick","floor":10},{"not_picked":["Perfected Strike","Double Tap"],"picked":"Clash","floor":11},{"not_picked":["Cleave","Thunderclap","Spot Weakness"],"picked":"SKIP","floor":13},{"not_picked":["Whirlwind","Perfected Strike"],"picked":"Warcry","floor":14},{"not_picked":["Exhume","Feed"],"picked":"Limit Break","floor":16},{"not_picked":["Clothesline","True Grit","Sword Boomerang"],"picked":"SKIP","floor":18},{"not_picked":["Perfected Strike","Twin Strike"],"picked":"Feel No Pain+1","floor":22},{"not_picked":["Pummel","Reckless Charge","Body Slam"],"picked":"SKIP","floor":24},{"not_picked":["Havoc","Second Wind","Thunderclap"],"picked":"SKIP","floor":25},{"not_picked":["Headbutt","Evolve+1"],"picked":"Clash","floor":28},{"not_picked":["Headbutt+1","Fire Breathing+1","Perfected Strike"],"picked":"SKIP","floor":30},{"not_picked":["Warcry","Sentinel"],"picked":"Seeing Red","floor":31},{"not_picked":["Bludgeon","Exhume"],"picked":"Demon Form+1","floor":33},{"not_picked":["Thunderclap","Reckless Charge"],"picked":"Dropkick+1","floor":35},{"not_picked":["Shrug It Off","Thunderclap+1"],"picked":"Rage+1","floor":38},{"not_picked":["Purity","Madness"],"picked":"Dramatic Entrance","floor":40},{"not_picked":["Entrench+1","Shockwave","Wild Strike"],"picked":"SKIP","floor":42},{"not_picked":["Iron Wave+1","Warcry+1"],"picked":"Exhume","floor":45},{"not_picked":["Disarm","Searing Blow+1","Twin Strike"],"picked":"SKIP","floor":48}],"player_experience":889340,"relics_obtained":[{"floor":7,"key":"Frozen Egg 2"},{"floor":9,"key":"Calipers"},{"floor":11,"key":"Mercury Hourglass"},{"floor":14,"key":"Lantern"},{"floor":24,"key":"Pantograph"},{"floor":26,"key":"Orichalcum"},{"floor":43,"key":"Paper Frog"}],"event_choices":[{"damage_healed":0,"gold_gain":0,"player_choice":"0 cards matched","damage_taken":0,"max_hp_gain":0,"max_hp_loss":0,"event_name":"Match and Keep!","floor":2,"gold_loss":0,"cards_obtained":[]},{"damage_healed":0,"gold_gain":175,"player_choice":"AGREE","damage_taken":0,"max_hp_gain":0,"max_hp_loss":0,"event_name":"Liars Game","floor":4,"gold_loss":0,"cards_obtained":["Doubt"]},{"cards_removed":["Doubt"],"damage_healed":0,"gold_gain":0,"player_choice":"Card Removal","damage_taken":7,"max_hp_gain":0,"max_hp_loss":0,"event_name":"Golden Wing","floor":5,"gold_loss":0},{"damage_healed":0,"gold_gain":0,"player_choice":"Searched \u00271\u0027 times","damage_taken":0,"max_hp_gain":0,"max_hp_loss":0,"event_name":"Dead Adventurer","floor":7,"gold_loss":0},{"damage_healed":0,"gold_gain":0,"player_choice":"Obtain J.A.X.","damage_taken":0,"max_hp_gain":0,"max_hp_loss":0,"event_name":"Drug Dealer","floor":19,"gold_loss":0,"cards_obtained":["J.A.X."]},{"damage_healed":0,"gold_gain":0,"player_choice":"Shed Blood","damage_taken":22,"max_hp_gain":5,"max_hp_loss":0,"event_name":"Forgotten Altar","floor":20,"gold_loss":0},{"damage_healed":0,"gold_gain":0,"player_choice":"Obtained Relic","damage_taken":0,"relics_obtained":["Ornamental Fan"],"max_hp_gain":0,"max_hp_loss":0,"event_name":"Addict","floor":21,"gold_loss":85},{"damage_healed":0,"gold_gain":0,"player_choice":"Ignored","damage_taken":0,"max_hp_gain":0,"max_hp_loss":0,"event_name":"Mysterious Sphere","floor":36,"gold_loss":0},{"damage_healed":0,"gold_gain":0,"player_choice":"Ignored","damage_taken":0,"max_hp_gain":0,"max_hp_loss":0,"event_name":"Tomb of Lord Red Mask","floor":37,"gold_loss":0},{"damage_healed":0,"gold_gain":0,"player_choice":"Memory 1","damage_taken":0,"max_hp_gain":0,"max_hp_loss":0,"event_name":"SensoryStone","floor":40,"gold_loss":0},{"damage_healed":0,"gold_gain":0,"player_choice":"Max HP","damage_taken":0,"max_hp_gain":0,"max_hp_loss":5,"event_name":"Winding Halls","floor":44,"gold_loss":0},{"damage_healed":0,"gold_gain":0,"player_choice":"Forge","damage_taken":0,"max_hp_gain":0,"max_hp_loss":0,"event_name":"Accursed Blacksmith","floor":47,"gold_loss":0,"cards_upgraded":["Exhume"]}],"is_beta":false,"boss_relics":[{"not_picked":["Busted Crown","Runic Cube"],"picked":"Black Blood"},{"not_picked":["Black Star","Pandora\u0027s Box"],"picked":"SacredBark"}],"items_purged_floors":[12,29,39],"is_endless":false,"potions_floor_spawned":[1,7,16,18,24,31,35],"killed_by":"Donu and Deca","ascension_level":3}}