{"host":"vkn5295jy2rrqx8j","time":1607644654,"event":{"mods":["BaseMod","Colored Map","GifTheSpireLib","Hermit","Minty Spire (QoL Compilation)","StSLib","The Cursed"],"gold_per_floor":[119,132,57,67,142,142,142,142,142,168,184,199,211,9,9,81,81,52,70,27,27,27,60,74,74,126,126,140,165,165,175,175,175,175],"floor_reached":33,"playtime":1589,"items_purged":["Shame"],"score":624,"play_id":"6c530450-f34c-405d-97c1-a1fde902eb5c","local_time":"20201211085734","is_ascension_mode":true,"campfire_choices":[{"data":"Metamorphosis","floor":6,"key":"SMITH"},{"data":"Leg Sweep","floor":8,"key":"SMITH"},{"data":"Apotheosis","floor":15,"key":"SMITH"},{"data":"Night Terror","floor":25,"key":"SMITH"},{"data":"Crippling Poison","floor":27,"key":"SMITH"},{"data":"Distraction","floor":30,"key":"SMITH"},{"data":"Prepared","floor":32,"key":"SMITH"}],"circlet_count":0,"master_deck":["AscendersBane","Strike_G","Strike_G+1","Defend_G","Defend_G","Defend_G","Defend_G","Defend_G","Survivor","Neutralize","Metamorphosis+1","Crippling Poison+1","PiercingWail","Leg Sweep+1","Backflip","Prepared+1","Acrobatics","Apotheosis+1","Night Terror+1","Wraith Form v2+1","Blade Dance+1","Backstab","Dagger Spray","Blur","Dagger Throw","Dash+1","Distraction+1","Expertise+1"],"relics":["Ring of the Snake","Letter Opener","Pantograph","Akabeko","Astrolabe","Eternal Feather","Whetstone","Paper Crane"],"acts_visited":["Exordium","TheCity"],"potions_floor_usage":[23,24,29,33],"damage_taken":[{"damage":1,"enemies":"Cultist","floor":1,"turns":4},{"damage":2,"enemies":"Jaw Worm","floor":2,"turns":4},{"damage":0,"enemies":"2 Louse","floor":4,"turns":3},{"damage":36,"enemies":"Gremlin Nob","floor":10,"turns":4},{"damage":5,"enemies":"Exordium Thugs","floor":11,"turns":6},{"damage":0,"enemies":"Looter","floor":12,"turns":5},{"damage":0,"enemies":"3 Louse","floor":13,"turns":4},{"damage":30,"enemies":"The Guardian","floor":16,"turns":16},{"damage":2,"enemies":"2 Thieves","floor":18,"turns":4},{"damage":8,"enemies":"Chosen","floor":19,"turns":4},{"damage":4,"enemies":"Gremlin Leader","floor":23,"turns":7},{"damage":35,"enemies":"Snecko","floor":24,"turns":8},{"damage":3,"enemies":"Shelled Parasite and Fungi","floor":28,"turns":4},{"damage":41,"enemies":"Book of Stabbing","floor":29,"turns":8},{"damage":3,"enemies":"Centurion and Healer","floor":31,"turns":5},{"damage":94,"enemies":"Collector","floor":33,"turns":12}],"seed_played":"-946239865757206247","potions_obtained":[{"floor":2,"key":"Explosive Potion"},{"floor":12,"key":"Explosive Potion"},{"floor":18,"key":"SkillPotion"},{"floor":19,"key":"FearPotion"},{"floor":23,"key":"AttackPotion"},{"floor":31,"key":"ColorlessPotion"}],"is_trial":false,"path_per_floor":["M","M","$","M","T","R","?","R","T","E","M","M","M","$","R","B",null,"M","M","$","?","?","E","M","R","T","R","M","E","R","M","R","B"],"character_chosen":"THE_SILENT","items_purchased":["Apotheosis","Blur"],"campfire_rested":0,"item_purchase_floors":[14,20],"current_hp_per_floor":[58,56,56,56,56,56,56,56,56,20,15,15,15,15,15,10,52,50,42,42,24,81,77,42,57,57,72,69,28,43,40,55,0,0],"gold":175,"neow_bonus":"RANDOM_COLORLESS_2","is_daily":false,"chose_seed":false,"campfire_upgraded":7,"win_rate":0.0,"timestamp":1607644654,"path_taken":["M","M","$","M","?","R","?","R","T","E","M","M","M","?","R","BOSS","M","M","?","?","?","E","?","R","T","R","M","E","R","M","R","BOSS"],"items_purchased_type":["Card","Card"],"build_version":"2020-11-30","purchased_purges":1,"victory":false,"max_hp_per_floor":[66,66,66,66,66,66,66,66,66,66,66,66,66,66,66,66,66,66,66,66,71,81,81,81,81,81,81,81,81,81,81,81,81,81],"card_choices":[{"not_picked":["Violence","Thinking Ahead"],"picked":"Metamorphosis","floor":0},{"not_picked":["Dodge and Roll","Underhanded Strike"],"picked":"Crippling Poison","floor":1},{"not_picked":["Deadly Poison","Outmaneuver"],"picked":"PiercingWail","floor":2},{"not_picked":["Poisoned Stab","Backflip"],"picked":"Leg Sweep","floor":4},{"not_picked":["Deadly Poison","Unload","Bane"],"picked":"SKIP","floor":10},{"not_picked":["All Out Attack","Calculated Gamble"],"picked":"Backflip","floor":11},{"not_picked":["Bane","Acrobatics"],"picked":"Prepared","floor":12},{"not_picked":["Bane","Quick Slash"],"picked":"Acrobatics","floor":13},{"not_picked":["Wraith Form v2","Storm of Steel"],"picked":"Night Terror","floor":16},{"not_picked":["Flechettes","Endless Agony"],"picked":"Backstab","floor":18},{"not_picked":["Infinite Blades","Reflex"],"picked":"Dagger Spray","floor":19},{"not_picked":["Terror","Endless Agony"],"picked":"Dagger Throw","floor":23},{"not_picked":["Deflect","Skewer"],"picked":"Dash","floor":24},{"not_picked":["Flying Knee","Caltrops","Prepared"],"picked":"SKIP","floor":28},{"not_picked":["Tactician","Cloak And Dagger"],"picked":"Distraction","floor":29},{"not_picked":["Caltrops","Acrobatics"],"picked":"Expertise+1","floor":31}],"player_experience":784082,"relics_obtained":[{"floor":5,"key":"Letter Opener"},{"floor":9,"key":"Pantograph"},{"floor":10,"key":"Akabeko"},{"floor":23,"key":"Eternal Feather"},{"floor":26,"key":"Whetstone"},{"floor":29,"key":"Paper Crane"}],"event_choices":[{"damage_healed":0,"gold_gain":0,"player_choice":"Ignored","damage_taken":0,"max_hp_gain":0,"max_hp_loss":0,"event_name":"Liars Game","floor":7,"gold_loss":0},{"damage_healed":0,"gold_gain":0,"player_choice":"Shed Blood","damage_taken":23,"max_hp_gain":5,"max_hp_loss":0,"event_name":"Forgotten Altar","floor":21,"gold_loss":0},{"cards_removed":["A Thousand Cuts"],"damage_healed":47,"gold_gain":0,"player_choice":"Offered Rare","damage_taken":0,"max_hp_gain":10,"max_hp_loss":0,"event_name":"Bonfire Elementals","floor":22,"gold_loss":0}],"is_beta":false,"boss_relics":[{"not_picked":["Ring of the Serpent","Empty Cage"],"picked":"Astrolabe"}],"items_purged_floors":[3],"is_endless":false,"potions_floor_spawned":[2,12,13,18,19,23,31],"killed_by":"Collector","ascension_level":20}}