{"host":"27hat5v0dffgaxzm","time":1607622383,"event":{"mods":["BaseMod","Highlight Path","Minty Spire (QoL Compilation)","Quick Restart","Permanent Neow","Colored Map","Colored Powertips"],"gold_per_floor":[362,26,26,46,11,11,40,56,56,90,100,133,8,22,22,96,96,111,111,121,137,137,137],"floor_reached":22,"playtime":883,"items_purged":["Parasite"],"score":462,"play_id":"eebbe4fe-8946-44a0-8ece-717d9b6f7d5d","local_time":"20201211024623","is_ascension_mode":true,"campfire_choices":[{"data":"Die Die Die","floor":6.0,"key":"SMITH"},{"data":"Backflip","floor":15.0,"key":"SMITH"}],"circlet_count":0,"master_deck":["AscendersBane","Strike_G","Strike_G","Strike_G","Strike_G","Strike_G","Defend_G","Defend_G","Defend_G","Defend_G","Defend_G","Survivor","Neutralize","Underhanded Strike","Die Die Die+1","Backstab","Eviscerate","Escape Plan","Reflex","Backflip+1","Backflip","Adrenaline","Acrobatics","Outmaneuver"],"special_seed":0,"relics":["Ring of the Snake","Membership Card","Akabeko","Lizard Tail","Toy Ornithopter","Mango","Oddly Smooth Stone","Centennial Puzzle","Omamori","Calling Bell","Ancient Tea Set","Paper Crane","Girya","Ninja Scroll"],"acts_visited":["Exordium","TheCity"],"potions_floor_usage":[],"damage_taken":[{"damage":0.0,"enemies":"Cultist","floor":1.0,"turns":4.0},{"damage":0.0,"enemies":"2 Louse","floor":4.0,"turns":1.0},{"damage":26.0,"enemies":"Gremlin Nob","floor":7.0,"turns":4.0},{"damage":0.0,"enemies":"Jaw Worm","floor":8.0,"turns":1.0},{"damage":19.0,"enemies":"Lagavulin","floor":10.0,"turns":4.0},{"damage":4.0,"enemies":"Lots of Slimes","floor":11.0,"turns":4.0},{"damage":0.0,"enemies":"3 Sentries","floor":12.0,"turns":2.0},{"damage":0.0,"enemies":"Gremlin Gang","floor":14.0,"turns":4.0},{"damage":49.0,"enemies":"Hexaghost","floor":16.0,"turns":13.0},{"damage":14.0,"enemies":"3 Byrds","floor":18.0,"turns":7.0},{"damage":9.0,"enemies":"Chosen","floor":20.0,"turns":4.0},{"damage":10,"enemies":"Centurion and Healer","floor":21,"turns":5},{"damage":39,"enemies":"Snecko","floor":22,"turns":6}],"seed_played":"-1495721234280710736","potions_obtained":[{"floor":4.0,"key":"LiquidBronze"},{"floor":8.0,"key":"Strength Potion"},{"floor":11.0,"key":"DuplicationPotion"},{"floor":16.0,"key":"Energy Potion"},{"floor":18.0,"key":"Ancient Potion"}],"is_trial":false,"path_per_floor":["M","$","?","M","?","R","E","M","T","E","M","E","$","M","R","B",null,"M","?","M","M","M"],"character_chosen":"THE_SILENT","items_purchased":["Membership Card","Akabeko","Die Die Die","Omamori"],"campfire_rested":0,"item_purchase_floors":[2,2,2,13],"current_hp_per_floor":[59,59,33,33,49,49,23,23,37,23,19,24,24,24,24,20,63,54,54,45,35,0,0],"gold":137,"neow_bonus":"TWO_FIFTY_GOLD","is_daily":false,"chose_seed":false,"campfire_upgraded":2,"win_rate":0,"timestamp":1607622383,"path_taken":["M","$","?","M","?","R","E","M","T","E","M","E","$","M","R","BOSS","M","?","?","M","M"],"build_version":"2020-11-30","purchased_purges":1,"victory":false,"max_hp_per_floor":[66,66,66,66,66,66,66,66,80,80,80,80,77,77,77,77,77,77,77,77,77,77,77],"card_choices":[{"not_picked":["Flying Knee","Leg Sweep"],"picked":"Underhanded Strike","floor":1.0},{"not_picked":["Bouncing Flask","Bane"],"picked":"Backstab","floor":4.0},{"not_picked":["Quick Slash","Choke"],"picked":"Eviscerate","floor":7.0},{"not_picked":["Prepared","Bane"],"picked":"Escape Plan","floor":8.0},{"not_picked":["Dodge and Roll","Poisoned Stab"],"picked":"Reflex","floor":10.0},{"not_picked":["Dagger Throw","Skewer"],"picked":"Backflip","floor":11.0},{"not_picked":["Corpse Explosion","Dagger Spray","Bane"],"picked":"SKIP","floor":12.0},{"not_picked":["Deflect","Dagger Spray"],"picked":"Backflip","floor":14.0},{"not_picked":["Night Terror","Corpse Explosion"],"picked":"Adrenaline","floor":16.0},{"not_picked":["Masterful Stab","Sucker Punch"],"picked":"Acrobatics","floor":18.0},{"not_picked":["Accuracy+1","Deflect"],"picked":"Outmaneuver","floor":20.0},{"not_picked":["Accuracy","Sucker Punch","Crippling Poison"],"picked":"SKIP","floor":21}],"player_experience":294625,"relics_obtained":[{"floor":7.0,"key":"Toy Ornithopter"},{"floor":9.0,"key":"Mango"},{"floor":10.0,"key":"Oddly Smooth Stone"},{"floor":12.0,"key":"Centennial Puzzle"},{"floor":17.0,"key":"Ancient Tea Set"},{"floor":17.0,"key":"Paper Crane"},{"floor":17.0,"key":"Girya"}],"event_choices":[{"damage_healed":0.0,"max_hp_gain":0.0,"max_hp_loss":0.0,"gold_gain":0.0,"event_name":"Scrap Ooze","player_choice":"Success","floor":3.0,"gold_loss":0.0,"damage_taken":26.0,"relics_obtained":["Lizard Tail"]},{"damage_healed":16.0,"max_hp_gain":0.0,"max_hp_loss":0.0,"gold_gain":0.0,"event_name":"The Cleric","player_choice":"Healed","floor":5.0,"gold_loss":35.0,"damage_taken":0.0},{"damage_healed":0.0,"max_hp_gain":0.0,"max_hp_loss":0.0,"gold_gain":0.0,"event_name":"WeMeetAgain","player_choice":"Gave Potion","floor":19.0,"gold_loss":0.0,"damage_taken":0.0,"relics_obtained":["Ninja Scroll"]}],"is_beta":false,"boss_relics":[{"not_picked":["Runic Dome","SlaversCollar"],"picked":"Calling Bell"}],"items_purged_floors":[13],"is_endless":false,"potions_floor_spawned":[4,8,11,16,18],"killed_by":"Snecko","ascension_level":20}}