{"host":"hjw1ay65n7jm40lc","time":1607576334,"event":{"gold_per_floor":[111,129,79,79,79,114,79,114,137,153,186,186,212,222,222,325,325,344,269,94,110,110,165,165,192,238,266,283,283,293,143,143,242,242,252,252,252,270,314,347,347,358,358,358,392,411,430,460,460,460,460,460,63,97,97,97],"floor_reached":55,"playtime":3599,"items_purged":[],"score":990,"play_id":"481ece53-9cb7-46bf-a99a-909d1a8acaef","local_time":"20201209235854","is_ascension_mode":true,"campfire_choices":[{"data":"Footwork","floor":12.0,"key":"SMITH"},{"data":"Caltrops","floor":15.0,"key":"SMITH"},{"floor":24.0,"key":"REST"},{"data":"Night Terror","floor":32.0,"key":"SMITH"},{"data":"Catalyst","floor":41.0,"key":"SMITH"},{"data":"Adrenaline","floor":44.0,"key":"SMITH"},{"floor":49.0,"key":"RECALL"},{"data":"Apotheosis","floor":52,"key":"SMITH"}],"neow_cost":"NONE","seed_source_timestamp":0,"circlet_count":0,"master_deck":["Strike_G+1","Defend_G+1","Defend_G+1","Defend_G+1","Defend_G+1","Defend_G+1","Survivor","Neutralize","All Out Attack","Crippling Poison","Deadly Poison","Night Terror+1","Footwork+1","Blade Dance","Caltrops+1","Corpse Explosion","Blade Dance+1","HandOfGreed","Catalyst+1","Backflip","Noxious Fumes","Dodge and Roll+1","Adrenaline+1","Catalyst+1","Apotheosis+1","Outmaneuver+1","Backflip","Deadly Poison+1","Footwork"],"special_seed":0,"relics":["Sozu","Strawberry","InkBottle","Whetstone","Ice Cream","Ancient Tea Set","SlaversCollar","Nunchaku","FossilizedHelix","Pen Nib","Unceasing Top","OrangePellets","Empty Cage","Matryoshka","Lantern","Regal Pillow","Shuriken","Mummified Hand","Strange Spoon","Bronze Scales"],"potions_floor_usage":[],"damage_taken":[{"damage":0.0,"enemies":"2 Louse","floor":1.0,"turns":4.0},{"damage":6.0,"enemies":"Jaw Worm","floor":2.0,"turns":4.0},{"damage":30.0,"enemies":"Gremlin Nob","floor":6.0,"turns":5.0},{"damage":8.0,"enemies":"Lagavulin","floor":8.0,"turns":7.0},{"damage":0.0,"enemies":"Cultist","floor":10.0,"turns":3.0},{"damage":9.0,"enemies":"3 Sentries","floor":11.0,"turns":2.0},{"damage":7.0,"enemies":"Lagavulin","floor":13.0,"turns":7.0},{"damage":0.0,"enemies":"2 Fungi Beasts","floor":14.0,"turns":4.0},{"damage":10.0,"enemies":"Hexaghost","floor":16.0,"turns":9.0},{"damage":7.0,"enemies":"Shell Parasite","floor":18.0,"turns":5.0},{"damage":10.0,"enemies":"Chosen","floor":21.0,"turns":5.0},{"damage":18.0,"enemies":"Book of Stabbing","floor":23.0,"turns":3.0},{"damage":29.0,"enemies":"Slavers","floor":25.0,"turns":4.0},{"damage":0.0,"enemies":"Book of Stabbing","floor":27.0,"turns":4.0},{"damage":0.0,"enemies":"Centurion and Healer","floor":28.0,"turns":5.0},{"damage":11.0,"enemies":"Shelled Parasite and Fungi","floor":30.0,"turns":4.0},{"damage":26.0,"enemies":"Champ","floor":33.0,"turns":9.0},{"damage":0.0,"enemies":"3 Darklings","floor":35.0,"turns":2.0},{"damage":0.0,"enemies":"Orb Walker","floor":38.0,"turns":5.0},{"damage":20.0,"enemies":"Sphere and 2 Shapes","floor":39.0,"turns":5.0},{"damage":10.0,"enemies":"Reptomancer","floor":40.0,"turns":6.0},{"damage":0.0,"enemies":"Spire Growth","floor":42.0,"turns":4.0},{"damage":0.0,"enemies":"Giant Head","floor":45.0,"turns":4.0},{"damage":0.0,"enemies":"Writhing Mass","floor":46.0,"turns":4.0},{"damage":0.0,"enemies":"Transient","floor":47.0,"turns":5.0},{"damage":9.0,"enemies":"Reptomancer","floor":48.0,"turns":5.0},{"damage":0,"enemies":"Donu and Deca","floor":50,"turns":2},{"damage":30,"enemies":"Shield and Spear","floor":54,"turns":3},{"damage":72,"enemies":"The Heart","floor":55,"turns":3}],"seed_played":"-8900501398124953338","potions_obtained":[],"is_trial":false,"path_per_floor":["M","M","$","?","?","E","?","E","T","M","E","R","E","M","R","B",null,"M","?","$","M","?","E","R","E","T","E","M","$","M","$","R","B",null,"M","?","?","M","M","E","R","M","T","R","E","M","M","E","R","B",null,"R","$","E","B"],"character_chosen":"THE_SILENT","items_purchased":["Deadly Poison","HandOfGreed","OrangePellets","Mummified Hand","Strange Spoon"],"campfire_rested":1,"item_purchase_floors":[3,20,31,53,53],"current_hp_per_floor":[70,64,64,69,69,46,66,58,58,58,49,49,42,42,42,32,82,75,75,75,65,65,47,71,42,42,42,42,42,31,31,31,5,82,82,82,82,82,62,52,52,52,52,52,52,52,52,43,43,43,82,82,82,52,0,0],"gold":97,"neow_bonus":"BOSS_RELIC","is_prod":false,"is_daily":false,"chose_seed":false,"campfire_upgraded":6,"win_rate":0,"timestamp":1607576334,"path_taken":["M","M","$","?","?","E","?","E","T","M","E","R","E","M","R","BOSS","M","?","$","M","?","E","R","E","T","E","?","?","M","$","R","BOSS","M","?","?","M","M","E","R","M","T","R","E","?","M","E","R","BOSS","R","$","E","BOSS"],"build_version":"2020-11-30","purchased_purges":0,"victory":false,"max_hp_per_floor":[70,70,70,75,75,82,82,82,82,82,82,82,82,82,82,82,82,82,82,82,82,82,82,82,82,82,82,82,82,82,82,82,82,82,82,82,82,82,82,82,82,82,82,82,82,82,82,82,82,82,82,82,82,82,82,82],"relic_stats":{"Regal Pillow":0,"counters":[29,132],"Pen Nib":[18],"Whetstone":["Strike_G","Strike_G"],"Sozu":9,"OrangePellets":[7],"Strange Spoon":[14],"Nunchaku":[19],"Shuriken":[6],"Mummified Hand":[7],"Bronze Scales":[36],"obtain_stats":[{"Ice Cream":11,"Lantern":43,"Regal Pillow":45,"Pen Nib":26,"Whetstone":9,"Ancient Tea Set":13,"Empty Cage":34,"Sozu":0,"SlaversCollar":17,"OrangePellets":31,"Strange Spoon":53,"Nunchaku":23,"Matryoshka":40,"Shuriken":48,"Mummified Hand":53,"Strawberry":6,"Bronze Scales":54,"InkBottle":8,"FossilizedHelix":25,"Unceasing Top":27,"Ring of the Snake":0},{"Ice Cream":6,"Lantern":22,"Regal Pillow":23,"Pen Nib":13,"Whetstone":4,"Ancient Tea Set":7,"Empty Cage":17,"Sozu":0,"SlaversCollar":9,"OrangePellets":16,"Strange Spoon":27,"Nunchaku":12,"Matryoshka":21,"Shuriken":26,"Mummified Hand":27,"Strawberry":3,"Bronze Scales":28,"InkBottle":4,"FossilizedHelix":13,"Unceasing Top":14,"Ring of the Snake":0},{"Ice Cream":25,"Lantern":106,"Regal Pillow":110,"Pen Nib":62,"Whetstone":20,"Ancient Tea Set":32,"Empty Cage":84,"Sozu":0,"SlaversCollar":45,"OrangePellets":75,"Strange Spoon":126,"Nunchaku":58,"Matryoshka":102,"Shuriken":124,"Mummified Hand":126,"Strawberry":13,"Bronze Scales":129,"InkBottle":20,"FossilizedHelix":62,"Unceasing Top":66,"Ring of the Snake":0}],"InkBottle":[64],"Unceasing Top":[35]},"card_choices":[{"not_picked":["Dagger Throw","Dagger Spray"],"picked":"All Out Attack","floor":1.0},{"not_picked":["Sucker Punch","Backflip"],"picked":"Crippling Poison","floor":2.0},{"not_picked":["Backflip","PiercingWail"],"picked":"Night Terror","floor":6.0},{"not_picked":["Flying Knee","Eviscerate"],"picked":"Footwork","floor":8.0},{"not_picked":["Poisoned Stab","Dagger Throw"],"picked":"Blade Dance","floor":10.0},{"not_picked":["Heel Hook","Riddle With Holes","Backstab"],"picked":"SKIP","floor":11.0},{"not_picked":["Dash","PiercingWail"],"picked":"Caltrops","floor":13.0},{"not_picked":["Caltrops","Masterful Stab","Choke"],"picked":"SKIP","floor":14.0},{"not_picked":["Die Die Die","Phantasmal Killer"],"picked":"Corpse Explosion","floor":16.0},{"not_picked":["Deadly Poison","Prepared+1"],"picked":"Blade Dance+1","floor":18.0},{"not_picked":["Quick Slash","Dash+1"],"picked":"Catalyst+1","floor":21.0},{"not_picked":["Calculated Gamble","Sucker Punch+1"],"picked":"Backflip","floor":23.0},{"not_picked":["Deflect+1","Distraction","Prepared"],"picked":"SKIP","floor":25.0},{"not_picked":["Flying Knee+1","PiercingWail+1"],"picked":"Noxious Fumes","floor":27.0},{"not_picked":["Venomology","Dodge and Roll","Acrobatics"],"picked":"SKIP","floor":28.0},{"not_picked":["Backflip","Quick Slash"],"picked":"Dodge and Roll+1","floor":30.0},{"not_picked":["Phantasmal Killer","Unload"],"picked":"Adrenaline","floor":33.0},{"not_picked":["Poisoned Stab","Deflect+1"],"picked":"Catalyst","floor":35.0},{"not_picked":["Dark Shackles","Deep Breath"],"picked":"Apotheosis","floor":36.0},{"not_picked":["Slice","Well Laid Plans"],"picked":"Outmaneuver+1","floor":38.0},{"not_picked":["Backstab","Dodge and Roll"],"picked":"Backflip","floor":39.0},{"not_picked":["Acrobatics+1","Blur","Deflect"],"picked":"SKIP","floor":40.0},{"not_picked":["Slice","Masterful Stab","Bane"],"picked":"SKIP","floor":42.0},{"not_picked":["Prepared","Slice+1"],"picked":"Deadly Poison+1","floor":45.0},{"not_picked":["Heel Hook","Dagger Spray","Slice+1"],"picked":"SKIP","floor":46.0},{"not_picked":["Infinite Blades","Sucker Punch","Venomology"],"picked":"SKIP","floor":47.0},{"not_picked":["Underhanded Strike+1","PiercingWail+1","Tactician"],"picked":"SKIP","floor":48.0},{"not_picked":["Infinite Blades","Cloak And Dagger+1"],"picked":"Footwork","floor":54}],"player_experience":98604,"relics_obtained":[{"floor":6.0,"key":"Strawberry"},{"floor":8.0,"key":"InkBottle"},{"floor":9.0,"key":"Whetstone"},{"floor":11.0,"key":"Ice Cream"},{"floor":13.0,"key":"Ancient Tea Set"},{"floor":23.0,"key":"Nunchaku"},{"floor":25.0,"key":"FossilizedHelix"},{"floor":26.0,"key":"Pen Nib"},{"floor":27.0,"key":"Unceasing Top"},{"floor":40.0,"key":"Matryoshka"},{"floor":43.0,"key":"Lantern"},{"floor":45.0,"key":"Regal Pillow"},{"floor":48.0,"key":"Shuriken"},{"floor":54,"key":"Bronze Scales"}],"event_choices":[{"damage_healed":0.0,"max_hp_gain":5.0,"max_hp_loss":0.0,"gold_gain":0.0,"event_name":"Big Fish","player_choice":"Donut","floor":4.0,"gold_loss":0.0,"damage_taken":0.0},{"damage_healed":0.0,"max_hp_gain":0.0,"max_hp_loss":0.0,"gold_gain":0.0,"event_name":"Liars Game","player_choice":"Ignored","floor":5.0,"gold_loss":0.0,"damage_taken":0.0},{"damage_healed":20.0,"max_hp_gain":0.0,"max_hp_loss":0.0,"gold_gain":0.0,"event_name":"The Cleric","player_choice":"Healed","floor":7.0,"gold_loss":35.0,"damage_taken":0.0},{"cards_removed":["Strike_G"],"damage_healed":0.0,"max_hp_gain":0.0,"max_hp_loss":0.0,"gold_gain":0.0,"event_name":"Beggar","player_choice":"Gave Gold","floor":19.0,"gold_loss":75.0,"damage_taken":0.0},{"damage_healed":0.0,"max_hp_gain":0.0,"max_hp_loss":0.0,"gold_gain":0.0,"event_name":"Back to Basics","player_choice":"Simplicity","floor":22.0,"gold_loss":0.0,"damage_taken":0.0,"cards_upgraded":["Strike_G","Strike_G","Defend_G","Defend_G","Defend_G","Defend_G","Defend_G"]},{"damage_healed":0.0,"max_hp_gain":0.0,"max_hp_loss":0.0,"gold_gain":0.0,"event_name":"SensoryStone","player_choice":"Memory 1","floor":36.0,"gold_loss":0.0,"damage_taken":0.0},{"cards_removed":["Strike_G"],"damage_healed":0.0,"max_hp_gain":0.0,"max_hp_loss":0.0,"gold_gain":0.0,"event_name":"Falling","player_choice":"Removed Attack","floor":37.0,"gold_loss":0.0,"damage_taken":0.0}],"is_beta":false,"boss_relics":[{"not_picked":["Fusion Hammer","Runic Dome"],"picked":"SlaversCollar"},{"not_picked":["Runic Pyramid","Cursed Key"],"picked":"Empty Cage"}],"items_purged_floors":[],"is_endless":false,"potions_floor_spawned":[1,10,21,23,28,30,35,42,46],"killed_by":"The Heart","ascension_level":1}}