{"host":"k7ydf81uzdnp7fmx","time":1607632182,"event":{"mods":["BaseMod","StSLib","AchievementEnabler","Minty Spire (QoL Compilation)"],"gold_per_floor":[119,119,69,69,83,116,116,137,137,156,185,226,239,282,282,408,408,433,433,460,375,396,439,439,479,479,479,479,73,116,137,137,261,261,280,298,318,88,103,143,143,179,179,222,222,222,222,285,285,285],"floor_reached":51,"playtime":2140,"items_purged":["Writhe"],"score":1288,"play_id":"a8c69664-eef7-447e-9e66-f83deeeb6494","local_time":"20201210172942","is_ascension_mode":true,"campfire_choices":[{"data":"Ball Lightning","floor":7,"key":"SMITH"},{"data":"Coolheaded","floor":15,"key":"SMITH"},{"data":"Streamline","floor":24,"key":"SMITH"},{"floor":27,"key":"DIG"},{"floor":32,"key":"DIG"},{"floor":41,"key":"DIG"},{"floor":49,"key":"DIG"}],"circlet_count":0,"master_deck":["Strike_B","Strike_B","Strike_B","Strike_B","Defend_B","Defend_B+1","Defend_B","Defend_B","Zap","Dualcast","Ball Lightning+1","Ball Lightning+1","Streamline+1","Coolheaded+1","Gash+1","Redo+1","Necronomicurse","Streamline+1"],"relics":["Cracked Core","Golden Idol","Meat on the Bone","HornCleat","Odd Mushroom","Centennial Puzzle","Symbiotic Virus","Busted Crown","Necronomicon","Orichalcum","Prayer Wheel","Whetstone","Shovel","Blue Candle","PreservedInsect","Omamori","Toxic Egg 2","War Paint","Anchor","MealTicket","Black Star","Sling","Eternal Feather","Calipers","InkBottle","Happy Flower","The Courier","Ice Cream","Ginger","Juzu Bracelet","CaptainsWheel","Pen Nib"],"acts_visited":["Exordium","TheCity","TheBeyond"],"potions_floor_usage":[50,50,50],"damage_taken":[{"damage":0,"enemies":"2 Louse","floor":1,"turns":2},{"damage":0,"enemies":"Jaw Worm","floor":5,"turns":2},{"damage":0,"enemies":"3 Sentries","floor":6,"turns":3},{"damage":0,"enemies":"Small Slimes","floor":8,"turns":1},{"damage":0,"enemies":"3 Louse","floor":10,"turns":2},{"damage":0,"enemies":"The Mushroom Lair","floor":11,"turns":2},{"damage":0,"enemies":"Gremlin Nob","floor":12,"turns":2},{"damage":0,"enemies":"Exordium Thugs","floor":13,"turns":2},{"damage":0,"enemies":"3 Sentries","floor":14,"turns":3},{"damage":0,"enemies":"Slime Boss","floor":16,"turns":3},{"damage":0,"enemies":"Spheric Guardian","floor":18,"turns":2},{"damage":0,"enemies":"Chosen","floor":22,"turns":3},{"damage":0,"enemies":"Gremlin Leader","floor":23,"turns":3},{"damage":22,"enemies":"Slavers","floor":25,"turns":2},{"damage":4,"enemies":"Book of Stabbing","floor":30,"turns":2},{"damage":0,"enemies":"Sentry and Sphere","floor":31,"turns":3},{"damage":1,"enemies":"Champ","floor":33,"turns":6},{"damage":0,"enemies":"Orb Walker","floor":35,"turns":2},{"damage":0,"enemies":"3 Shapes","floor":36,"turns":4},{"damage":0,"enemies":"Writhing Mass","floor":37,"turns":4},{"damage":2,"enemies":"Transient","floor":39,"turns":5},{"damage":0,"enemies":"Giant Head","floor":40,"turns":4},{"damage":0,"enemies":"Nemesis","floor":42,"turns":3},{"damage":0,"enemies":"Giant Head","floor":44,"turns":3},{"damage":0,"enemies":"Mind Bloom Boss Battle","floor":48,"turns":2},{"damage":10,"enemies":"Donu and Deca","floor":50,"turns":3}],"seed_played":"-2486622446765410933","potions_obtained":[{"floor":1,"key":"EssenceOfSteel"},{"floor":10,"key":"DuplicationPotion"},{"floor":12,"key":"Regen Potion"}],"is_trial":false,"path_per_floor":["M","?","?","$","M","E","R","M","T","M","?","E","M","E","R","B",null,"M","?","T","?","M","E","R","E","T","R","?","$","E","M","R","B",null,"M","M","M","$","M","E","R","E","T","E","?","$","?","?","R","B",null],"character_chosen":"DEFECT","items_purchased":["Toxic Egg 2","War Paint","Sling"],"campfire_rested":0,"item_purchase_floors":[29,29,38],"current_hp_per_floor":[75,75,75,75,75,75,75,75,75,75,75,75,75,75,75,75,75,75,59,59,59,59,59,59,49,49,49,49,49,45,45,45,44,75,75,75,75,75,73,73,75,75,75,75,75,75,75,75,75,70],"gold":285,"neow_bonus":"THREE_CARDS","is_daily":false,"chose_seed":false,"campfire_upgraded":3,"win_rate":0,"timestamp":1607632182,"path_taken":["M","?","?","?","M","E","R","M","T","M","?","E","M","E","R","BOSS","M","?","?","?","M","E","R","E","T","R","?","$","E","?","R","BOSS","M","M","?","$","M","E","R","E","T","E","?","?","?","?","R","BOSS"],"build_version":"2020-11-30","purchased_purges":1,"victory":true,"max_hp_per_floor":[75,75,75,75,75,75,75,75,75,75,75,75,75,75,75,75,75,75,75,75,75,75,75,75,75,75,75,75,75,75,75,75,75,75,75,75,75,75,75,75,75,75,75,75,75,75,75,75,75,75],"card_choices":[{"not_picked":["Reprogram","Self Repair"],"picked":"Ball Lightning","floor":0},{"not_picked":["Capacitor","Hologram","Stack"],"picked":"SKIP","floor":1},{"not_picked":["Go for the Eyes","Leap"],"picked":"Ball Lightning","floor":5},{"not_picked":["Force Field","Turbo","FTL"],"picked":"SKIP","floor":6},{"not_picked":["Undo","Compile Driver"],"picked":"Streamline","floor":8},{"not_picked":["Creative AI","Capacitor","Ball Lightning"],"picked":"SKIP","floor":10},{"not_picked":["Hologram","Stack"],"picked":"Coolheaded","floor":11},{"not_picked":["Echo Form","Defragment"],"picked":"Gash","floor":12},{"not_picked":["Rebound","Hologram","Cold Snap"],"picked":"SKIP","floor":13},{"not_picked":["Conserve Battery","Compile Driver"],"picked":"Redo","floor":14},{"not_picked":["Sunder+1"],"picked":"SKIP","floor":18},{"not_picked":["Force Field+1"],"picked":"SKIP","floor":22},{"not_picked":["Glacier"],"picked":"SKIP","floor":22},{"not_picked":["Compile Driver"],"picked":"SKIP","floor":23},{"not_picked":["Stack"],"picked":"SKIP","floor":25},{"not_picked":["Steam+1"],"picked":"SKIP","floor":30},{"not_picked":["Capacitor"],"picked":"SKIP","floor":31},{"not_picked":["Genetic Algorithm+1"],"picked":"SKIP","floor":31},{"not_picked":["Stack+1"],"picked":"SKIP","floor":35},{"not_picked":["Coolheaded+1"],"picked":"SKIP","floor":35},{"not_picked":["Consume+1"],"picked":"SKIP","floor":36},{"not_picked":["Storm"],"picked":"SKIP","floor":36},{"not_picked":["Compile Driver"],"picked":"SKIP","floor":37},{"not_picked":["Leap+1"],"picked":"SKIP","floor":37},{"not_picked":["Turbo+1"],"picked":"SKIP","floor":39},{"not_picked":["Stack+1"],"picked":"SKIP","floor":39},{"not_picked":["Ball Lightning+1"],"picked":"SKIP","floor":40},{"not_picked":["Sweeping Beam+1"],"picked":"SKIP","floor":42},{"not_picked":[],"picked":"Streamline+1","floor":44}],"player_experience":127657,"relics_obtained":[{"floor":6,"key":"Meat on the Bone"},{"floor":9,"key":"HornCleat"},{"floor":11,"key":"Odd Mushroom"},{"floor":12,"key":"Centennial Puzzle"},{"floor":14,"key":"Symbiotic Virus"},{"floor":19,"key":"Necronomicon"},{"floor":20,"key":"Orichalcum"},{"floor":23,"key":"Whetstone"},{"floor":25,"key":"Shovel"},{"floor":26,"key":"Blue Candle"},{"floor":27,"key":"PreservedInsect"},{"floor":30,"key":"Anchor"},{"floor":32,"key":"MealTicket"},{"floor":40,"key":"Eternal Feather"},{"floor":40,"key":"Calipers"},{"floor":41,"key":"InkBottle"},{"floor":42,"key":"Happy Flower"},{"floor":42,"key":"The Courier"},{"floor":43,"key":"Ice Cream"},{"floor":44,"key":"Ginger"},{"floor":44,"key":"Juzu Bracelet"},{"floor":48,"key":"CaptainsWheel"},{"floor":49,"key":"Pen Nib"}],"event_choices":[{"damage_healed":0,"gold_gain":0,"player_choice":"Take Wound","damage_taken":0,"relics_obtained":["Golden Idol"],"max_hp_gain":0,"max_hp_loss":0,"event_name":"Golden Idol","floor":2,"gold_loss":0,"cards_obtained":["Injury"]},{"cards_removed":["Injury"],"damage_healed":0,"gold_gain":0,"player_choice":"Card Removal","damage_taken":0,"max_hp_gain":0,"max_hp_loss":0,"event_name":"The Cleric","floor":3,"gold_loss":50},{"damage_healed":0,"gold_gain":0,"player_choice":"Fought Mushrooms","damage_taken":0,"max_hp_gain":0,"max_hp_loss":0,"event_name":"Mushrooms","floor":11,"gold_loss":0},{"damage_healed":0,"gold_gain":0,"player_choice":"Obtained Book","damage_taken":16,"max_hp_gain":0,"max_hp_loss":0,"event_name":"Cursed Tome","floor":19,"gold_loss":0},{"damage_healed":0,"gold_gain":0,"player_choice":"Obtained Relic","damage_taken":0,"relics_obtained":["Prayer Wheel"],"max_hp_gain":0,"max_hp_loss":0,"event_name":"Addict","floor":21,"gold_loss":85},{"damage_healed":0,"gold_gain":0,"player_choice":"Opened","damage_taken":0,"relics_obtained":["Omamori"],"max_hp_gain":0,"max_hp_loss":0,"event_name":"The Mausoleum","floor":28,"gold_loss":0,"cards_obtained":["Writhe"]},{"damage_healed":0,"gold_gain":0,"player_choice":"Memory 1","damage_taken":0,"max_hp_gain":0,"max_hp_loss":0,"event_name":"SensoryStone","floor":45,"gold_loss":0},{"damage_healed":0,"gold_gain":0,"player_choice":"Ignored","damage_taken":0,"max_hp_gain":0,"max_hp_loss":0,"event_name":"The Moai Head","floor":47,"gold_loss":0},{"damage_healed":0,"gold_gain":0,"player_choice":"Fight","damage_taken":0,"max_hp_gain":0,"max_hp_loss":0,"event_name":"MindBloom","floor":48,"gold_loss":0}],"is_beta":false,"boss_relics":[{"not_picked":["SlaversCollar","Philosopher\u0027s Stone"],"picked":"Busted Crown"},{"not_picked":["Calling Bell","Nuclear Battery"],"picked":"Black Star"}],"items_purged_floors":[38],"is_endless":false,"potions_floor_spawned":[1,10,12,13,22,25,31,39,42,44],"ascension_level":1}}