{"host":"snexu5jml7bblvq8","time":1607606870,"event":{"mods":["BaseMod","StSLib","Colored Map","Spicy Shops","2.2 Compatiblity","Downfall","Infinite Spire","Minty Spire (QoL Compilation)"],"gold_per_floor":[111,111,111,111,131,163,181,181,181,195,195,228,228,239,239,239,239],"floor_reached":16,"playtime":531,"items_purged":[],"score":155,"play_id":"53502506-a5a1-42d0-94d5-a6a050ab16f7","local_time":"20201211002750","is_ascension_mode":true,"campfire_choices":[{"data":"Accuracy","floor":11,"key":"SMITH"},{"floor":13,"key":"REST"},{"floor":15,"key":"REST"}],"circlet_count":0,"master_deck":["Strike_G","Strike_G","Strike_G","Strike_G","Strike_G","Defend_G","Defend_G","Defend_G","Defend_G","Defend_G","Survivor","Neutralize","Infinite Blades","PiercingWail","Choke","Flying Knee","Accuracy+1","Slice","Outmaneuver"],"relics":["Guardian:ModeShifter","NeowsBlessing","The Courier","infinitespire:Cubic Diamond","Orichalcum","Mummified Hand","Potion Belt"],"acts_visited":["Exordium"],"potions_floor_usage":[10,10,10],"damage_taken":[{"damage":0,"enemies":"Jaw Worm","floor":1,"turns":1},{"damage":0,"enemies":"Small Slimes","floor":5,"turns":1},{"damage":0,"enemies":"Gremlin Nob","floor":6,"turns":1},{"damage":0,"enemies":"2 Louse","floor":7,"turns":4},{"damage":17,"enemies":"Gremlin Gang","floor":10,"turns":5},{"damage":29,"enemies":"3 Sentries","floor":12,"turns":10},{"damage":11,"enemies":"Red Slaver","floor":14,"turns":5},{"damage":60,"enemies":"Hexaghost","floor":16,"turns":11}],"seed_played":"-4859076813940254410","potions_obtained":[{"floor":6,"key":"hexamod:EctoCoolerPotion"},{"floor":7,"key":"Energy Potion"},{"floor":8,"key":"Slimebound:ThreeZeroPotion"},{"floor":8,"key":"hexamod:EctoCoolerPotion"}],"is_trial":false,"path_per_floor":["M","?","?","?","M","E","M","?","T","M","R","E","R","M","R","B"],"character_chosen":"THE_SILENT","items_purchased":[],"campfire_rested":2,"item_purchase_floors":[],"current_hp_per_floor":[70,70,70,70,70,70,70,70,70,53,53,24,45,34,55,0,0],"gold":239,"neow_bonus":"THREE_ENEMY_KILL","is_daily":false,"chose_seed":false,"campfire_upgraded":1,"win_rate":0,"timestamp":1607606870,"path_taken":["M","?","?","?","M","E","M","?","T","M","R","E","R","M","R","BOSS"],"build_version":"2020-11-30","purchased_purges":0,"victory":false,"max_hp_per_floor":[70,70,70,70,70,70,70,70,70,70,70,70,70,70,70,70,70],"card_choices":[{"not_picked":["Skewer","Prepared"],"picked":"Infinite Blades","floor":1},{"not_picked":["Deadly Poison","Flying Knee"],"picked":"PiercingWail","floor":5},{"not_picked":["Prepared","Flechettes"],"picked":"Choke","floor":6},{"not_picked":["Calculated Gamble","Bane"],"picked":"Flying Knee","floor":7},{"not_picked":["Heel Hook","Skewer"],"picked":"Accuracy","floor":10},{"not_picked":["PiercingWail","Eviscerate"],"picked":"Slice","floor":12},{"not_picked":["Dodge and Roll","Slice"],"picked":"Outmaneuver","floor":14}],"player_experience":190077,"relics_obtained":[{"floor":3,"key":"The Courier"},{"floor":6,"key":"Orichalcum"},{"floor":9,"key":"Mummified Hand"},{"floor":12,"key":"Potion Belt"}],"event_choices":[{"damage_healed":0,"gold_gain":0,"player_choice":"Leave","damage_taken":0,"max_hp_gain":0,"max_hp_loss":0,"event_name":"The Cleric","floor":2,"gold_loss":0},{"damage_healed":0,"gold_gain":0,"player_choice":"Got Potions","damage_taken":0,"max_hp_gain":0,"max_hp_loss":0,"event_name":"Lab","floor":8,"gold_loss":0}],"is_beta":false,"boss_relics":[],"items_purged_floors":[],"is_endless":false,"potions_floor_spawned":[6,7],"killed_by":"Hexaghost","ascension_level":3}}