{"host":"ormi09wwzv7sq47a","time":1607604778,"event":{"gold_per_floor":[111,111,111,36,49,49,62,62,62,77,1,1,34,34,34,113,113,133,149,198,215,226,254,254,254,254],"floor_reached":25,"playtime":890,"items_purged":["Strike_B"],"score":461,"play_id":"8f155cb9-9eff-49e3-b4e4-93ab0a6de6b5","local_time":"20201210095258","is_ascension_mode":true,"campfire_choices":[{"data":"Hyperbeam","floor":6,"key":"SMITH"},{"data":"Hologram","floor":8,"key":"SMITH"},{"data":"Dualcast","floor":12,"key":"SMITH"},{"data":"Zap","floor":15,"key":"SMITH"},{"data":"Seek","floor":24,"key":"SMITH"}],"neow_cost":"NONE","seed_source_timestamp":2215417207508300,"circlet_count":0,"master_deck":["AscendersBane","Defend_B+1","Defend_B","Defend_B","Defend_B+1","Zap+1","Dualcast+1","Hyperbeam+1","Turbo","Hologram+1","FTL","Undo+1","Reinforced Body","Self Repair","Seek+1","Glacier","Steam Power+1","White Noise+1"],"relics":["Cracked Core","Mummified Hand","Pocketwatch","Empty Cage","Strawberry","Girya"],"potions_floor_usage":[21,21],"damage_taken":[{"damage":4,"enemies":"Jaw Worm","floor":1,"turns":3},{"damage":0,"enemies":"2 Louse","floor":5,"turns":1},{"damage":1,"enemies":"Cultist","floor":7,"turns":3},{"damage":3,"enemies":"Exordium Thugs","floor":10,"turns":2},{"damage":2,"enemies":"3 Sentries","floor":13,"turns":3},{"damage":0,"enemies":"Slime Boss","floor":16,"turns":6},{"damage":0,"enemies":"Shell Parasite","floor":18,"turns":5},{"damage":0,"enemies":"Spheric Guardian","floor":19,"turns":3},{"damage":0,"enemies":"Snake Plant","floor":21,"turns":3},{"damage":7,"enemies":"Centurion and Healer","floor":22,"turns":4},{"damage":10,"enemies":"Gremlin Leader","floor":23,"turns":5},{"damage":81,"enemies":"Book of Stabbing","floor":25,"turns":7}],"seed_played":"-8074355448555938671","potions_obtained":[{"floor":1,"key":"Energy Potion"},{"floor":7,"key":"Block Potion"}],"is_trial":false,"path_per_floor":["M","?","T","$","M","R","M","R","T","M","$","R","E","?","R","B",null,"M","M","T","M","M","E","R","E"],"character_chosen":"DEFECT","items_purchased":["Reinforced Body"],"campfire_rested":0,"item_purchase_floors":[11],"current_hp_per_floor":[60,46,46,46,46,46,45,45,45,42,42,42,40,40,40,47,65,71,71,78,78,78,75,75,0,0],"gold":254,"neow_bonus":"TRANSFORM_CARD","is_prod":false,"is_daily":false,"chose_seed":false,"campfire_upgraded":5,"win_rate":0,"timestamp":1607604778,"path_taken":["M","?","?","$","M","R","M","R","T","M","?","R","E","?","R","BOSS","M","?","?","M","M","E","R","E"],"build_version":"2020-11-30","purchased_purges":1,"victory":false,"max_hp_per_floor":[71,71,71,71,71,71,71,71,71,71,71,71,71,71,71,71,71,71,71,78,78,78,78,78,78,78],"relic_stats":{"counters":[12,45],"Mummified Hand":[9],"obtain_stats":[{"Girya":23,"Mummified Hand":3,"Strawberry":20,"Cracked Core":0,"Empty Cage":17,"Pocketwatch":13},{"Girya":11,"Mummified Hand":1,"Strawberry":8,"Cracked Core":0,"Empty Cage":6,"Pocketwatch":5},{"Girya":38,"Mummified Hand":3,"Strawberry":26,"Cracked Core":0,"Empty Cage":18,"Pocketwatch":12}],"Pocketwatch":[12]},"card_choices":[{"not_picked":["Lockon","Barrage"],"picked":"Turbo","floor":1},{"not_picked":["Turbo","Coolheaded"],"picked":"Hologram","floor":5},{"not_picked":["Beam Cell","Streamline"],"picked":"FTL","floor":7},{"not_picked":["Tempest","Rip and Tear"],"picked":"Undo","floor":10},{"not_picked":["Cold Snap","Ball Lightning"],"picked":"Self Repair","floor":13},{"not_picked":["Hyperbeam","Fission"],"picked":"Seek","floor":16},{"not_picked":["Capacitor","Darkness","Turbo"],"picked":"SKIP","floor":18},{"not_picked":["Stack","Reprogram"],"picked":"Glacier","floor":19},{"not_picked":["Genetic Algorithm","Ball Lightning"],"picked":"Steam Power+1","floor":21},{"not_picked":["Stack+1","Auto Shields"],"picked":"White Noise+1","floor":22},{"not_picked":["Loop","Storm","Ball Lightning"],"picked":"SKIP","floor":23}],"player_experience":726279,"relics_obtained":[{"floor":3,"key":"Mummified Hand"},{"floor":13,"key":"Pocketwatch"},{"floor":20,"key":"Strawberry"},{"floor":23,"key":"Girya"}],"event_choices":[{"damage_healed":0,"gold_gain":0,"player_choice":"Entered Light","damage_taken":14,"max_hp_gain":0,"max_hp_loss":0,"event_name":"Shining Light","floor":2,"gold_loss":0,"cards_upgraded":["Defend_B","Defend_B"]},{"damage_healed":0,"gold_gain":0,"player_choice":"Forge","damage_taken":0,"max_hp_gain":0,"max_hp_loss":0,"event_name":"Accursed Blacksmith","floor":14,"gold_loss":0,"cards_upgraded":["Undo"]}],"is_beta":false,"boss_relics":[{"not_picked":["Pandora\u0027s Box","FrozenCore"],"picked":"Empty Cage"}],"items_purged_floors":[4],"is_endless":false,"potions_floor_spawned":[1,7,13,18],"killed_by":"Book of Stabbing","ascension_level":14}}