{"host":"78hrz0ylpj9lzvi8","time":1607634661,"event":{"mods":["BaseMod","Bestiary","Minty Spire (QoL Compilation)","StSLib","Quick Restart","Random Character Button","Relic Stats"],"gold_per_floor":[112,262,277,287,12,46,46,72,72,72,72,72,72,82,82,161,161,180,193,26,26,44,73,73,73,73],"floor_reached":25,"playtime":674,"items_purged":["Doubt"],"score":508,"play_id":"c3730fc2-11be-4dca-a4ae-c272b2104ebc","local_time":"20201210181101","is_ascension_mode":true,"campfire_choices":[{"floor":7.0,"key":"REST"},{"data":"Eruption","floor":10.0,"key":"SMITH"},{"data":"Ragnarok","floor":12.0,"key":"SMITH"},{"data":"Vigilance","floor":15.0,"key":"SMITH"},{"data":"Protect","floor":24.0,"key":"SMITH"}],"circlet_count":0,"master_deck":["AscendersBane","Strike_P","Strike_P","Defend_P","Defend_P","Defend_P","Eruption+1","Vigilance+1","Wallop","FollowUp","Protect+1","Ragnarok+1","FlyingSleeves","Evaluate","FlyingSleeves","Omniscience","Ragnarok+1","Collect+1","Omniscience+1","Crescendo","Halt"],"special_seed":0,"relics":["Busted Crown","StrikeDummy","The Courier","Sundial","CaptainsWheel","Astrolabe","Sling","Pocketwatch"],"acts_visited":["Exordium","TheCity"],"potions_floor_usage":[25],"damage_taken":[{"damage":7.0,"enemies":"Jaw Worm","floor":1.0,"turns":5.0},{"damage":8.0,"enemies":"Small Slimes","floor":3.0,"turns":3.0},{"damage":0.0,"enemies":"2 Louse","floor":4.0,"turns":2.0},{"damage":35.0,"enemies":"Lagavulin","floor":6.0,"turns":5.0},{"damage":8.0,"enemies":"3 Sentries","floor":8.0,"turns":3.0},{"damage":5.0,"enemies":"Looter","floor":14.0,"turns":3.0},{"damage":15.0,"enemies":"The Guardian","floor":16.0,"turns":7.0},{"damage":15.0,"enemies":"Shell Parasite","floor":18.0,"turns":2.0},{"damage":0.0,"enemies":"Spheric Guardian","floor":19.0,"turns":1.0},{"damage":18.0,"enemies":"Centurion and Healer","floor":22.0,"turns":2.0},{"damage":0.0,"enemies":"Gremlin Leader","floor":23.0,"turns":4.0},{"damage":39,"enemies":"Slavers","floor":25,"turns":3}],"seed_played":"707718047561657571","potions_obtained":[{"floor":1.0,"key":"Ancient Potion"},{"floor":3.0,"key":"EssenceOfSteel"},{"floor":14.0,"key":"FearPotion"},{"floor":18.0,"key":"AttackPotion"}],"is_trial":false,"path_per_floor":["M","?","M","M","$","E","R","E","T","R","?","R","T","M","R","B",null,"M","M","$","?","M","E","R","E"],"character_chosen":"WATCHER","items_purchased":["Ragnarok","FlyingSleeves","Sling","Crescendo"],"campfire_rested":1,"item_purchase_floors":[5,5,20,20],"current_hp_per_floor":[54,54,46,46,46,11,31,23,23,23,45,45,45,40,40,25,57,42,42,42,42,24,24,24,0,0],"gold":73,"neow_bonus":"BOSS_RELIC","is_daily":false,"chose_seed":false,"campfire_upgraded":4,"win_rate":0,"timestamp":1607634661,"path_taken":["M","?","M","M","$","E","R","E","T","R","?","R","?","M","R","BOSS","M","M","$","?","M","E","R","E"],"build_version":"2020-11-30","purchased_purges":1,"victory":false,"max_hp_per_floor":[68,68,68,68,68,68,68,68,68,68,68,68,68,68,68,68,68,68,68,68,68,68,68,68,68,68],"relic_stats":{"Busted Crown":22,"counters":[12,40],"Sundial":[2],"Astrolabe":["Ragnarok","Collect","Omniscience"],"obtain_stats":[{"CaptainsWheel":13,"Busted Crown":0,"Sundial":9,"Astrolabe":17,"The Courier":8,"PureWater":0,"StrikeDummy":6,"Sling":20,"Pocketwatch":23},{"CaptainsWheel":5,"Busted Crown":0,"Sundial":5,"Astrolabe":7,"The Courier":5,"PureWater":0,"StrikeDummy":4,"Sling":9,"Pocketwatch":11},{"CaptainsWheel":18,"Busted Crown":0,"Sundial":18,"Astrolabe":28,"The Courier":18,"PureWater":0,"StrikeDummy":15,"Sling":31,"Pocketwatch":37}],"Pocketwatch":[6]},"card_choices":[{"not_picked":[],"picked":"Wallop","floor":1.0},{"not_picked":[],"picked":"FollowUp","floor":3.0},{"not_picked":[],"picked":"Protect","floor":4.0},{"not_picked":["Nirvana"],"picked":"SKIP","floor":6.0},{"not_picked":[],"picked":"Evaluate","floor":8.0},{"not_picked":[],"picked":"FlyingSleeves","floor":14.0},{"not_picked":[],"picked":"Omniscience","floor":16.0},{"not_picked":["Evaluate"],"picked":"SKIP","floor":18.0},{"not_picked":["FlyingSleeves"],"picked":"SKIP","floor":19.0},{"not_picked":[],"picked":"Halt","floor":22.0},{"not_picked":["FollowUp+1"],"picked":"SKIP","floor":23.0}],"player_experience":910256,"relics_obtained":[{"floor":6.0,"key":"StrikeDummy"},{"floor":8.0,"key":"The Courier"},{"floor":9.0,"key":"Sundial"},{"floor":13.0,"key":"CaptainsWheel"},{"floor":23.0,"key":"Pocketwatch"}],"event_choices":[{"damage_healed":0.0,"max_hp_gain":0.0,"max_hp_loss":0.0,"gold_gain":150.0,"event_name":"Liars Game","player_choice":"AGREE","floor":2.0,"gold_loss":0.0,"damage_taken":0.0,"cards_obtained":["Doubt"]},{"damage_healed":22.0,"max_hp_gain":0.0,"max_hp_loss":0.0,"gold_gain":0.0,"event_name":"Big Fish","player_choice":"Banana","floor":11.0,"gold_loss":0.0,"damage_taken":0.0},{"damage_healed":0.0,"max_hp_gain":0.0,"max_hp_loss":0.0,"gold_gain":0.0,"event_name":"Vampires","player_choice":"Ignored","floor":21.0,"gold_loss":0.0,"damage_taken":0.0}],"is_beta":false,"boss_relics":[{"not_picked":["Velvet Choker","Empty Cage"],"picked":"Astrolabe"}],"items_purged_floors":[5],"is_endless":false,"potions_floor_spawned":[1,3,14,18],"killed_by":"Slavers","ascension_level":20}}