{"host":"thovpxgnyjc4psom","time":1607642286,"event":{"mods":["AchievementEnabler","BaseMod","Block Reminder","Colored Powertips","Highlight Path","Keyboard Shortcuts","Minty Spire (QoL Compilation)","MonsterHotkey","Quick Restart","Random Character Button","Rare Cards Sparkle","Relic Sorter","Relic Stats"],"gold_per_floor":[109,184,184,20,30,57,57,57,57],"floor_reached":8,"playtime":439,"items_purged":[],"score":89,"play_id":"b6cdae36-a3fa-4c81-bc21-335bc586fb8f","local_time":"20201211001806","is_ascension_mode":true,"campfire_choices":[{"data":"Clothesline","floor":7,"key":"SMITH"}],"circlet_count":0,"master_deck":["AscendersBane","Strike_R","Strike_R","Strike_R","Strike_R","Strike_R","Defend_R","Defend_R","Defend_R","Defend_R","Bash","CurseOfTheBell","Clothesline+1","Hemokinesis","Inflame"],"relics":["Calling Bell","Vajra","Matryoshka","Peace Pipe","Orichalcum"],"acts_visited":["Exordium"],"potions_floor_usage":[5,6],"damage_taken":[{"damage":7,"enemies":"2 Louse","floor":1,"turns":3},{"damage":2,"enemies":"Cultist","floor":5,"turns":2},{"damage":39,"enemies":"3 Sentries","floor":6,"turns":9},{"damage":28,"enemies":"Lagavulin","floor":8,"turns":7}],"seed_played":"2784821166950992811","potions_obtained":[{"floor":5,"key":"Ancient Potion"}],"is_trial":false,"path_per_floor":["M","?","?","$","M","E","R","E"],"character_chosen":"IRONCLAD","items_purchased":["Hemokinesis","BloodPotion","LiquidMemories"],"campfire_rested":0,"item_purchase_floors":[4,4,4],"current_hp_per_floor":[65,54,54,54,68,29,29,1,1],"gold":57,"neow_bonus":"BOSS_RELIC","is_daily":false,"chose_seed":false,"campfire_upgraded":1,"win_rate":0.0,"timestamp":1607642286,"path_taken":["M","?","?","$","M","E","R","E"],"items_purchased_type":["Card","Potion","Potion"],"build_version":"2020-11-30","purchased_purges":0,"victory":false,"max_hp_per_floor":[80,80,80,80,80,80,80,80,80],"relic_stats":{"Peace Pipe":0,"counters":[4,21],"Orichalcum":[30],"obtain_stats":[{"Calling Bell":0,"Peace Pipe":0,"Matryoshka":0,"Vajra":0,"Orichalcum":6,"Burning Blood":0},{"Calling Bell":0,"Peace Pipe":0,"Matryoshka":0,"Vajra":0,"Orichalcum":3,"Burning Blood":0},{"Calling Bell":0,"Peace Pipe":0,"Matryoshka":0,"Vajra":0,"Orichalcum":14,"Burning Blood":0}]},"card_choices":[{"not_picked":["Entrench","Flex"],"picked":"Clothesline","floor":1},{"not_picked":["Havoc","Entrench"],"picked":"Inflame","floor":5},{"not_picked":["Entrench","Headbutt","Evolve"],"picked":"SKIP","floor":6}],"player_experience":874192,"relics_obtained":[{"floor":0,"key":"Vajra"},{"floor":0,"key":"Matryoshka"},{"floor":0,"key":"Peace Pipe"},{"floor":6,"key":"Orichalcum"}],"event_choices":[{"damage_healed":0,"gold_gain":75,"player_choice":"Gather Gold","damage_taken":11,"max_hp_gain":0,"max_hp_loss":0,"event_name":"World of Goop","floor":2,"gold_loss":0},{"damage_healed":0,"gold_gain":0,"player_choice":"Bought 0 Potions","damage_taken":0,"max_hp_gain":0,"max_hp_loss":0,"event_name":"The Woman in Blue","floor":3,"gold_loss":0}],"is_beta":false,"boss_relics":[],"items_purged_floors":[],"is_endless":false,"potions_floor_spawned":[5],"killed_by":"Lagavulin","ascension_level":13}}