{"host":"wvaiab5ya9pyia0u","time":1607626543,"event":{"mods":["BaseMod","StSLib","Hermit","Bestiary","Colored Powertips","Highlight Path","Infinite Spire","Replay The Spire","SacredBarkPlus","Shop Mod","Spicy Shops","The Cursed","The Disciple","The Hierophant","BetterRewards","Conspire","Mimic Mod","Minty Spire (QoL Compilation)","Rare Cards Sparkle","Reworked Bosses","The Runesmith","The Servant 0.9.4","Wandering Minibosses","Ascension Reborn","Aspiration","DeckTracker","Hubris","HumanHunterMod(????mod)","Humility","Quick Restart","The Construct","The Mystic","everything is the same but u backflip on backflip","slay the spire mod where everything is the same but ironclad has a cowboy hat","Act Like it!","Elementarium","Menagerie"],"gold_per_floor":[113,125,139,139,139,139,170,181,181,192,192,208,233,252,252,357,357,376,376,387,398,138,138],"floor_reached":22,"playtime":2024,"items_purged":[],"score":200,"play_id":"52554c61-ed8a-421a-82ff-4cfe3631007b","local_time":"20201210195543","is_ascension_mode":false,"campfire_choices":[{"floor":6.0,"key":"REST"},{"floor":11,"key":"REST"},{"data":"mysticmod:ShockingGrasp","floor":15,"key":"SMITH"}],"circlet_count":0,"master_deck":["mysticmod:Strike_Mystic","mysticmod:Strike_Mystic","mysticmod:Strike_Mystic","mysticmod:Strike_Mystic","mysticmod:Defend_Mystic","mysticmod:Defend_Mystic","mysticmod:Defend_Mystic","mysticmod:Defend_Mystic","mysticmod:ArcaneDodge","mysticmod:ShockingGrasp+1","mysticmod:Snowball","mysticmod:MagicWeapon+1","mysticmod:Riposte","mysticmod:PowerSlash","mysticmod:ChargedParry","mysticmod:Disengage","mysticmod:PureInstinct","mysticmod:LightningBolt","mysticmod:SuddenClarity","mysticmod:SpontaneousCaster","mysticmod:SuddenClarity","Elementarium:StickyTar","mysticmod:CorrosiveTouch+1","Apotheosis","mysticmod:RapidCaster"],"special_seed":0,"relics":["mysticmod:SpellBook","hubris:Icosahedron","Ornamental Fan","mysticmod:Kama","hubris:ToyBattleship","hubris:TerracottaHorce"],"acts_visited":["Exordium","Menagerie:Menagerie"],"potions_floor_usage":[10,18],"damage_taken":[{"damage":4.0,"enemies":"Menagerie:WhisperingWraith","floor":1.0,"turns":5.0},{"damage":3.0,"enemies":"Menagerie:2_RABBITS","floor":2.0,"turns":3.0},{"damage":5.0,"enemies":"Menagerie:MonstrousExperiment","floor":3.0,"turns":3.0},{"damage":26.0,"enemies":"Menagerie:Hydra","floor":7.0,"turns":6.0},{"damage":2,"enemies":"Menagerie:MENAGERIE_WILDLIFE","floor":8,"turns":3},{"damage":6,"enemies":"Menagerie:KEEPER_AND_YOUNG_SUNEATER","floor":10,"turns":6},{"damage":2,"enemies":"Menagerie:Hexasnake","floor":12,"turns":4},{"damage":19,"enemies":"Menagerie:VoidReaper","floor":13,"turns":4},{"damage":11,"enemies":"Menagerie:RedMage","floor":14,"turns":4},{"damage":20,"enemies":"Menagerie:Suneater","floor":16,"turns":9},{"damage":22,"enemies":"Elementarium:VoidCorruption","floor":18,"turns":11},{"damage":7,"enemies":"Elementarium:MUD_AND_TAR_GOLEMS","floor":20,"turns":4},{"damage":16,"enemies":"Elementarium:3_ELEMENTALS","floor":21,"turns":5},{"damage":71,"enemies":"hubris:Merchant","floor":22,"turns":6}],"seed_played":"-4035969780837064171","potions_obtained":[{"floor":3.0,"key":"SneckoOil"},{"floor":8,"key":"Ancient Potion"},{"floor":12,"key":"Swift Potion"}],"is_trial":false,"path_per_floor":["M","M","M","?","?","R","E","M","T","M","R","M","E","M","R","B",null,"M","AVR","M","M","$"],"character_chosen":"MYSTIC_CLASS","items_purchased":["Apotheosis","mysticmod:RapidCaster"],"campfire_rested":2,"item_purchase_floors":[22,22],"current_hp_per_floor":[80,77,72,72,72,84,58,56,56,50,75,73,65,54,54,34,72,50,50,84,68,0,0],"gold":138,"neow_bonus":"TEN_PERCENT_HP_BONUS","is_daily":false,"chose_seed":false,"campfire_upgraded":1,"win_rate":0.0,"timestamp":1607626543,"path_taken":["M","M","M","?","?","R","E","?","T","M","R","M","E","M","R","BOSS","M","AVR","M","M","$"],"build_version":"2020-11-30","purchased_purges":0,"victory":false,"max_hp_per_floor":[84,84,84,84,84,84,84,84,84,84,84,84,84,84,84,84,84,84,84,84,84,84,84],"card_choices":[{"not_picked":["mysticmod:Probe","mysticmod:Riposte"],"picked":"mysticmod:Snowball","floor":1.0},{"not_picked":["mysticmod:CorrosiveTouch","mysticmod:Sideswipe"],"picked":"mysticmod:MagicWeapon","floor":2.0},{"not_picked":["mysticmod:Daze","mysticmod:StyleChange"],"picked":"mysticmod:Riposte","floor":3.0},{"not_picked":["mysticmod:BulkUp","mysticmod:Fly"],"picked":"mysticmod:PowerSlash","floor":7},{"not_picked":["mysticmod:Riposte","mysticmod:CorrosiveTouch"],"picked":"mysticmod:ChargedParry","floor":8},{"not_picked":["mysticmod:Sideswipe","mysticmod:Doublecast"],"picked":"mysticmod:Disengage","floor":10},{"not_picked":["mysticmod:Snowball","mysticmod:Shield"],"picked":"mysticmod:PureInstinct","floor":12},{"not_picked":["mysticmod:ComponentsPouch","mysticmod:Sideswipe"],"picked":"mysticmod:LightningBolt","floor":13},{"not_picked":["mysticmod:Riposte","mysticmod:HunkerDown"],"picked":"mysticmod:SuddenClarity","floor":14},{"not_picked":["mysticmod:Spellstrike","mysticmod:SpellRecall"],"picked":"mysticmod:SpontaneousCaster","floor":16},{"not_picked":["mysticmod:DiviningBlow","mysticmod:ComponentsPouch"],"picked":"mysticmod:SuddenClarity","floor":18},{"not_picked":["mysticmod:LightningBolt","mysticmod:Sideswipe+1"],"picked":"mysticmod:CorrosiveTouch+1","floor":20},{"not_picked":["mysticmod:Riposte","mysticmod:StyleChange","mysticmod:Sideswipe"],"picked":"SKIP","floor":21}],"player_experience":157447,"relics_obtained":[{"floor":7,"key":"Ornamental Fan"},{"floor":9,"key":"mysticmod:Kama"},{"floor":13,"key":"hubris:ToyBattleship"}],"event_choices":[{"damage_healed":0.0,"max_hp_gain":0.0,"max_hp_loss":0.0,"gold_gain":0.0,"event_name":"Accursed Blacksmith","player_choice":"Forge","floor":5.0,"gold_loss":0.0,"damage_taken":0.0,"cards_upgraded":["mysticmod:MagicWeapon"]}],"is_beta":false,"boss_relics":[{"not_picked":["Runesmith:UraniumAnvil","Ectoplasm"],"picked":"hubris:TerracottaHorce"}],"items_purged_floors":[],"is_endless":false,"potions_floor_spawned":[3,8,12],"killed_by":"hubris:Merchant","ascension_level":0}}