{"host":"xodzlm10r37577ou","time":1607570461,"event":{"gold_per_floor":[119,119,119,131,131,131,149,164,164,183,201,126,181,12,12,84,84,103,103,117,117,117],"floor_reached":21,"playtime":1301,"items_purged":["Defend_B"],"score":333,"play_id":"e523751d-8d91-4403-ac41-ac608a8aadfc","local_time":"20201210112101","is_ascension_mode":true,"campfire_choices":[{"data":"Sweeping Beam","floor":6.0,"key":"SMITH"},{"data":"Dualcast","floor":15.0,"key":"SMITH"}],"neow_cost":"NONE","seed_source_timestamp":415254640134600,"circlet_count":0,"master_deck":["AscendersBane","Strike_B+1","Strike_B+1","Strike_B+1","Strike_B+1","Defend_B","Defend_B","Zap+1","Dualcast+1","Barrage+1","Sweeping Beam+1","Coolheaded","ReplayTheSpireMod:Reroute Power","Cold Snap","Gash","Ball Lightning","Redo+1","Coolheaded","Electrodynamics","Compile Driver","Blizzard","Defragment"],"special_seed":0,"relics":["Nuclear Battery","Pear","Replay:Bottled Eggs","Inserter"],"potions_floor_usage":[],"damage_taken":[{"damage":13.0,"enemies":"2 Louse","floor":1.0,"turns":4.0},{"damage":7.0,"enemies":"Small Slimes","floor":4.0,"turns":4.0},{"damage":1.0,"enemies":"Cultist","floor":7.0,"turns":4.0},{"damage":10.0,"enemies":"3 Louse","floor":8.0,"turns":3.0},{"damage":0.0,"enemies":"2 Fungi Beasts","floor":10.0,"turns":3.0},{"damage":0.0,"enemies":"Exordium Wildlife","floor":11.0,"turns":3.0},{"damage":10.0,"enemies":"3 Sentries","floor":13.0,"turns":5.0},{"damage":24.0,"enemies":"The Guardian","floor":16.0,"turns":9.0},{"damage":0,"enemies":"Spheric Guardian","floor":18,"turns":3},{"damage":3,"enemies":"Chosen","floor":20,"turns":3},{"damage":52,"enemies":"Shelled Parasite and Fungi","floor":21,"turns":4}],"seed_played":"9074175664665561094","potions_obtained":[{"floor":7.0,"key":"FearPotion"},{"floor":10.0,"key":"Adrenaline Potion"},{"floor":16.0,"key":"Ancient Potion"},{"floor":18,"key":"SpeedPotion"}],"is_trial":false,"path_per_floor":["M","?","?","M","?","R","M","M","T","M","M","?","?","$","R","B",null,"M","?","M","M"],"character_chosen":"DEFECT","items_purchased":["Redo+1","Coolheaded"],"campfire_rested":0,"item_purchase_floors":[14,14],"current_hp_per_floor":[51,51,51,44,44,44,43,33,43,43,43,43,33,33,33,9,63,63,63,60,8,8],"gold":117,"neow_bonus":"BOSS_RELIC","is_prod":false,"is_daily":false,"chose_seed":false,"campfire_upgraded":2,"win_rate":0,"timestamp":1607570461,"path_taken":["M","?","?","?","?","R","M","M","T","M","M","?","?","$","R","BOSS","M","?","M","M"],"build_version":"2020-11-30","purchased_purges":1,"victory":false,"max_hp_per_floor":[71,71,71,71,71,71,71,71,81,81,81,81,81,81,81,81,81,81,81,81,81,81],"card_choices":[{"not_picked":["Beam Cell","Aggregate"],"picked":"Barrage","floor":1.0},{"not_picked":["Crystallizer","Redo"],"picked":"Sweeping Beam","floor":4.0},{"not_picked":["Tempest","Go for the Eyes"],"picked":"Coolheaded","floor":7.0},{"not_picked":["Redo","Barrage"],"picked":"ReplayTheSpireMod:Reroute Power","floor":8.0},{"not_picked":["Redo","Sunder"],"picked":"Cold Snap","floor":10.0},{"not_picked":["Seek","Hologram"],"picked":"Gash","floor":11.0},{"not_picked":["BasicCrystalCard","Auto Shields"],"picked":"Ball Lightning","floor":13.0},{"not_picked":["Thunder Strike","Hyperbeam"],"picked":"Electrodynamics","floor":16.0},{"not_picked":["Panic Button","Leap"],"picked":"Compile Driver","floor":18},{"not_picked":["Storm","Ball Lightning"],"picked":"Defragment","floor":20}],"player_experience":408416,"relics_obtained":[{"floor":9.0,"key":"Pear"},{"floor":13.0,"key":"Replay:Bottled Eggs"}],"event_choices":[{"damage_healed":0.0,"max_hp_gain":0.0,"max_hp_loss":0.0,"gold_gain":0.0,"event_name":"Upgrade Shrine","player_choice":"Upgraded","floor":3.0,"gold_loss":0.0,"damage_taken":0.0,"cards_upgraded":["Zap"]},{"damage_healed":0.0,"max_hp_gain":0.0,"max_hp_loss":0.0,"gold_gain":0.0,"event_name":"Living Wall","player_choice":"Grow","floor":5.0,"gold_loss":0.0,"damage_taken":0.0,"cards_upgraded":["Barrage"]},{"cards_removed":["Defend_B"],"damage_healed":0.0,"max_hp_gain":0.0,"max_hp_loss":0.0,"gold_gain":0.0,"event_name":"The Cleric","player_choice":"Card Removal","floor":12.0,"gold_loss":75.0,"damage_taken":0.0},{"damage_healed":0.0,"max_hp_gain":0.0,"max_hp_loss":0.0,"gold_gain":0.0,"event_name":"Dead Adventurer","player_choice":"Searched \u00271\u0027 times","floor":13.0,"gold_loss":0.0,"damage_taken":0.0},{"damage_healed":0,"gold_gain":0,"player_choice":"Read","damage_taken":0,"max_hp_gain":0,"max_hp_loss":0,"event_name":"The Library","floor":19,"gold_loss":0,"cards_obtained":["Blizzard"]}],"is_beta":false,"boss_relics":[{"not_picked":["Pandora\u0027s Box","Replay:Grab Bag"],"picked":"Inserter"}],"items_purged_floors":[14],"is_endless":false,"potions_floor_spawned":[7,10,16,18],"killed_by":"Shelled Parasite and Fungi","ascension_level":19}}