{"host":"jpcy2bclvs7juczu","time":1607638033,"event":{"mods":["BaseMod","Minty Spire (QoL Compilation)","ojb\u0027s Better Paths Mod","ojb\u0027s Info Mod","Block Reminder","Colored Powertips","Relic Stats","everything is the same but u backflip on backflip","slay the spire mod where everything is the same but ironclad has a cowboy hat","Colored Map","Quick Restart","StSLib","Curses Come First","Bestiary","Filter the Spire"],"gold_per_floor":[13,30,30,43,54,54,86,98,137,149,177,189,230,255,267,355,367,392,404,416,446,373,385,424,453,465,577,24,24,24,55,55,130,130,142,142,142,142,158,158,158,189,262,272,291,325,339,378,378,378,378,378,378,9,43,43],"floor_reached":57,"playtime":3772,"items_purged":["Strike_R+1"],"score":3101,"play_id":"d410563c-4a9c-42f7-ac93-c7912e1210e2","local_time":"20201210170713","is_ascension_mode":true,"campfire_choices":[{"data":"Immolate","floor":6.0,"key":"SMITH"},{"data":"Clothesline","floor":8.0,"key":"SMITH"},{"data":"Disarm","floor":15.0,"key":"SMITH"},{"data":"Burning Pact","floor":23.0,"key":"SMITH"},{"data":"Feel No Pain","floor":29.0,"key":"SMITH"},{"data":"Second Wind","floor":32.0,"key":"SMITH"},{"floor":49.0,"key":"RECALL"},{"data":"Feel No Pain","floor":53.0,"key":"SMITH"}],"circlet_count":0,"master_deck":["AscendersBane","Strike_R+1","Defend_R+1","Defend_R+1","Defend_R+1","Defend_R+1","Bash","Thunderclap","Clothesline+1","Immolate+1","Twin Strike","Burning Pact+1","Disarm+1","Second Wind+1","Ghostly Armor+1","Impervious+1","Feel No Pain+1","Intimidate+1","Shockwave","Warcry+1","Barricade","Secret Technique","Feel No Pain+1","Body Slam","Offering","Dark Embrace+1"],"special_seed":0,"relics":["Burning Blood","MawBank","Potion Belt","Letter Opener","Art of War","Velvet Choker","Nunchaku","Ornamental Fan","Kunai","Dead Branch","Eternal Feather","White Beast Statue","Lantern","WarpedTongs","Question Card","Philosopher\u0027s Stone","Toy Ornithopter","War Paint","CeramicFish","Frozen Eye","Centennial Puzzle","Red Skull"],"acts_visited":["TheEnding"],"potions_floor_usage":[55,56,56,56,56],"damage_taken":[{"damage":7.0,"enemies":"Jaw Worm","floor":1.0,"turns":3.0},{"damage":1.0,"enemies":"Cultist","floor":2.0,"turns":3.0},{"damage":0.0,"enemies":"2 Louse","floor":4.0,"turns":1.0},{"damage":1.0,"enemies":"2 Fungi Beasts","floor":5.0,"turns":2.0},{"damage":34.0,"enemies":"3 Sentries","floor":7.0,"turns":6.0},{"damage":8.0,"enemies":"Large Slime","floor":11.0,"turns":4.0},{"damage":37.0,"enemies":"Lagavulin","floor":13.0,"turns":7.0},{"damage":12.0,"enemies":"Red Slaver","floor":14.0,"turns":3.0},{"damage":20.0,"enemies":"The Guardian","floor":16.0,"turns":11.0},{"damage":10.0,"enemies":"2 Thieves","floor":18.0,"turns":3.0},{"damage":12.0,"enemies":"Shell Parasite","floor":21.0,"turns":5.0},{"damage":22.0,"enemies":"Gremlin Leader","floor":24.0,"turns":7.0},{"damage":14.0,"enemies":"Sentry and Sphere","floor":25.0,"turns":5.0},{"damage":7.0,"enemies":"Colosseum Slavers","floor":27.0,"turns":5.0},{"damage":6.0,"enemies":"Colosseum Nobs","floor":27.0,"turns":5.0},{"damage":2.0,"enemies":"Book of Stabbing","floor":31.0,"turns":6.0},{"damage":1.0,"enemies":"Champ","floor":33.0,"turns":13.0},{"damage":3.0,"enemies":"3 Darklings","floor":35.0,"turns":6.0},{"damage":5.0,"enemies":"3 Shapes","floor":39.0,"turns":4.0},{"damage":0.0,"enemies":"Nemesis","floor":42.0,"turns":11.0},{"damage":0.0,"enemies":"Writhing Mass","floor":44.0,"turns":8.0},{"damage":0.0,"enemies":"Transient","floor":45.0,"turns":6.0},{"damage":3.0,"enemies":"Giant Head","floor":46.0,"turns":7.0},{"damage":1.0,"enemies":"3 Darklings","floor":47.0,"turns":4.0},{"damage":0.0,"enemies":"Nemesis","floor":48.0,"turns":7.0},{"damage":48.0,"enemies":"Awakened One","floor":50.0,"turns":15.0},{"damage":6.0,"enemies":"Donu and Deca","floor":51.0,"turns":9.0},{"damage":21,"enemies":"Shield and Spear","floor":55,"turns":12},{"damage":12,"enemies":"The Heart","floor":56,"turns":14}],"seed_played":"-52510377262595189","potions_obtained":[{"floor":4.0,"key":"BloodPotion"},{"floor":5.0,"key":"Explosive Potion"},{"floor":11.0,"key":"PowerPotion"},{"floor":16.0,"key":"GamblersBrew"},{"floor":18.0,"key":"EssenceOfSteel"},{"floor":24.0,"key":"Energy Potion"},{"floor":31.0,"key":"Weak Potion"},{"floor":33.0,"key":"DuplicationPotion"},{"floor":35.0,"key":"FearPotion"},{"floor":39.0,"key":"Dexterity Potion"},{"floor":42.0,"key":"Swift Potion"},{"floor":45.0,"key":"ElixirPotion"},{"floor":46.0,"key":"SkillPotion"},{"floor":47.0,"key":"FearPotion"},{"floor":48.0,"key":"SpeedPotion"},{"floor":55,"key":"PowerPotion"}],"is_trial":false,"path_per_floor":["M","M","?","M","M","R","E","R","T","T","M","$","E","M","R","B",null,"M","?","?","M","?","R","E","M","T","?","$","R","?","E","R","B",null,"M","T","?","?","M","?","?","E","T","M","M","E","M","E","R","B","B",null,"R","$","E","B",null],"character_chosen":"IRONCLAD","items_purchased":["White Beast Statue","Lantern","SpeedPotion","Frozen Eye","Centennial Puzzle","SpeedPotion"],"campfire_rested":0,"item_purchase_floors":[28,28,28,54,54,54],"current_hp_per_floor":[67,72,72,75,75,75,47,47,47,47,45,45,14,8,8,9,59,55,55,55,49,49,49,33,25,25,24,24,36,36,40,52,57,71,74,74,74,64,65,65,65,71,71,71,71,71,71,71,71,29,29,61,71,71,61,71],"gold":43,"neow_bonus":"TRANSFORM_TWO_CARDS","is_daily":false,"chose_seed":false,"campfire_upgraded":7,"win_rate":0,"timestamp":1607638033,"path_taken":["M","M","?","?","M","R","E","R","T","?","M","$","E","M","R","BOSS","M","?","?","M","?","R","E","M","T","?","$","R","?","E","R","BOSS","M","?","?","?","M","?","?","E","T","M","?","E","M","E","R","BOSS","BOSS","R","$","E","BOSS"],"build_version":"2020-11-30","purchased_purges":1,"victory":true,"max_hp_per_floor":[75,75,75,75,75,75,75,75,75,75,75,75,75,75,75,75,75,75,75,75,75,75,75,75,75,75,75,75,75,75,75,75,75,75,75,75,75,75,75,71,71,71,71,71,71,71,71,71,71,71,71,71,71,71,71,71],"relic_stats":{"counters":[29,192],"Dead Branch":[251],"CeramicFish":18,"Eternal Feather":34,"Letter Opener":[340],"War Paint":["Ghostly Armor","Impervious"],"MawBank":252,"Question Card":13,"Burning Blood":135,"WarpedTongs":[115],"Nunchaku":[23],"Centennial Puzzle":[5],"Ornamental Fan":[128],"Art of War":[27],"Kunai":[32],"obtain_stats":[{"Potion Belt":9,"Lantern":28,"Dead Branch":27,"CeramicFish":48,"Velvet Choker":17,"Eternal Feather":27,"Letter Opener":10,"War Paint":46,"MawBank":7,"Question Card":31,"Burning Blood":0,"White Beast Statue":28,"WarpedTongs":30,"Frozen Eye":54,"Nunchaku":22,"Centennial Puzzle":54,"Ornamental Fan":24,"Philosopher\u0027s Stone":34,"Art of War":13,"Kunai":26,"Toy Ornithopter":42,"Red Skull":55},{"Potion Belt":5,"Lantern":15,"Dead Branch":15,"CeramicFish":25,"Velvet Choker":9,"Eternal Feather":15,"Letter Opener":5,"War Paint":23,"MawBank":5,"Question Card":16,"Burning Blood":0,"White Beast Statue":15,"WarpedTongs":15,"Frozen Eye":27,"Nunchaku":11,"Centennial Puzzle":27,"Ornamental Fan":12,"Philosopher\u0027s Stone":17,"Art of War":7,"Kunai":13,"Toy Ornithopter":20,"Red Skull":28},{"Potion Belt":15,"Lantern":70,"Dead Branch":70,"CeramicFish":142,"Velvet Choker":40,"Eternal Feather":70,"Letter Opener":15,"War Paint":131,"MawBank":15,"Question Card":76,"Burning Blood":0,"White Beast Statue":70,"WarpedTongs":70,"Frozen Eye":166,"Nunchaku":48,"Centennial Puzzle":166,"Ornamental Fan":55,"Philosopher\u0027s Stone":89,"Art of War":26,"Kunai":60,"Toy Ornithopter":110,"Red Skull":178}],"Toy Ornithopter":26},"card_choices":[{"not_picked":["Perfected Strike","Pummel","Heavy Blade"],"picked":"SKIP","floor":1.0},{"not_picked":["Clash","Carnage"],"picked":"Immolate","floor":2.0},{"not_picked":["Clash","Perfected Strike","Heavy Blade"],"picked":"SKIP","floor":4.0},{"not_picked":["Infernal Blade","Cleave"],"picked":"Twin Strike","floor":5.0},{"not_picked":["Iron Wave","Warcry"],"picked":"Burning Pact","floor":7.0},{"not_picked":["Shrug It Off","Metallicize"],"picked":"Disarm","floor":11.0},{"not_picked":["Demon Form","Twin Strike"],"picked":"Second Wind","floor":13.0},{"not_picked":["Cleave","Thunderclap"],"picked":"Ghostly Armor","floor":14.0},{"not_picked":["Feed","Fiend Fire"],"picked":"Impervious","floor":16.0},{"not_picked":["Headbutt+1","Warcry","Entrench"],"picked":"SKIP","floor":18.0},{"not_picked":["Dark Embrace","Second Wind"],"picked":"Intimidate+1","floor":21.0},{"not_picked":["Blood for Blood","Dropkick"],"picked":"Shockwave","floor":24.0},{"not_picked":["Cleave","Iron Wave","Twin Strike"],"picked":"SKIP","floor":25.0},{"not_picked":["Pommel Strike","Havoc"],"picked":"Warcry+1","floor":27.0},{"not_picked":["Dropkick","Double Tap","Clash+1"],"picked":"SKIP","floor":31.0},{"not_picked":["Exhume","Impervious","Brutality"],"picked":"Barricade","floor":33.0},{"not_picked":["Bloodletting","Clothesline","Flex","Fire Breathing+1"],"picked":"SKIP","floor":35.0},{"not_picked":["Transmutation","Panacea","Impatience"],"picked":"Secret Technique","floor":38.0},{"not_picked":["Heavy Blade","Iron Wave+1","Twin Strike","Anger"],"picked":"SKIP","floor":39.0},{"not_picked":["Anger","Rupture","Inflame"],"picked":"Feel No Pain","floor":42.0},{"not_picked":["Rampage","Combust+1","Sword Boomerang","True Grit"],"picked":"SKIP","floor":44.0},{"not_picked":["Pummel","Rage+1","Armaments","Clothesline+1"],"picked":"SKIP","floor":45.0},{"not_picked":["Warcry","Armaments","Fiend Fire"],"picked":"Body Slam","floor":46.0},{"not_picked":["Uppercut","Thunderclap","Evolve","Havoc"],"picked":"SKIP","floor":47.0},{"not_picked":["Spot Weakness","Metallicize+1","Cleave"],"picked":"Offering","floor":48.0},{"not_picked":["Headbutt+1","True Grit","Sword Boomerang"],"picked":"Dark Embrace+1","floor":55}],"player_experience":1472360,"relics_obtained":[{"floor":7.0,"key":"MawBank"},{"floor":9.0,"key":"Potion Belt"},{"floor":10.0,"key":"Letter Opener"},{"floor":13.0,"key":"Art of War"},{"floor":24.0,"key":"Ornamental Fan"},{"floor":26.0,"key":"Kunai"},{"floor":27.0,"key":"Dead Branch"},{"floor":27.0,"key":"Eternal Feather"},{"floor":31.0,"key":"Question Card"},{"floor":42.0,"key":"Toy Ornithopter"},{"floor":46.0,"key":"War Paint"},{"floor":48.0,"key":"CeramicFish"},{"floor":55,"key":"Red Skull"}],"event_choices":[{"cards_removed":["Strike_R"],"damage_healed":0.0,"max_hp_gain":0.0,"max_hp_loss":0.0,"gold_gain":0.0,"event_name":"Purifier","player_choice":"Purged","floor":3.0,"gold_loss":0.0,"damage_taken":0.0},{"damage_healed":0.0,"max_hp_gain":0.0,"max_hp_loss":0.0,"gold_gain":0.0,"event_name":"The Library","player_choice":"Read","floor":19.0,"gold_loss":0.0,"damage_taken":0.0,"cards_obtained":["Feel No Pain"]},{"damage_healed":0.0,"max_hp_gain":0.0,"max_hp_loss":0.0,"gold_gain":0.0,"event_name":"Back to Basics","player_choice":"Simplicity","floor":20.0,"gold_loss":0.0,"damage_taken":0.0,"cards_upgraded":["Strike_R","Strike_R","Defend_R","Defend_R","Defend_R","Defend_R"]},{"damage_healed":0.0,"max_hp_gain":0.0,"max_hp_loss":0.0,"gold_gain":0.0,"event_name":"Addict","player_choice":"Obtained Relic","floor":22.0,"gold_loss":85.0,"damage_taken":0.0,"relics_obtained":["Nunchaku"]},{"damage_healed":0.0,"max_hp_gain":0.0,"max_hp_loss":0.0,"gold_gain":0.0,"event_name":"Colosseum","player_choice":"Fight","floor":27.0,"gold_loss":0.0,"damage_taken":0.0},{"damage_healed":0.0,"max_hp_gain":0.0,"max_hp_loss":0.0,"gold_gain":0.0,"event_name":"Colosseum","player_choice":"Fought Nobs","floor":27.0,"gold_loss":0.0,"damage_taken":0.0},{"damage_healed":0.0,"max_hp_gain":0.0,"max_hp_loss":0.0,"gold_gain":0.0,"event_name":"Accursed Blacksmith","player_choice":"Rummage","floor":30.0,"gold_loss":0.0,"damage_taken":0.0,"relics_obtained":["WarpedTongs"],"cards_obtained":["Pain"]},{"damage_healed":0.0,"max_hp_gain":0.0,"max_hp_loss":0.0,"gold_gain":0.0,"event_name":"Tomb of Lord Red Mask","player_choice":"Ignored","floor":37.0,"gold_loss":0.0,"damage_taken":0.0},{"damage_healed":0.0,"max_hp_gain":0.0,"max_hp_loss":0.0,"gold_gain":0.0,"event_name":"SensoryStone","player_choice":"Memory 3","floor":38.0,"gold_loss":0.0,"damage_taken":10.0},{"damage_healed":0.0,"max_hp_gain":0.0,"max_hp_loss":4.0,"gold_gain":0.0,"event_name":"Winding Halls","player_choice":"Max HP","floor":40.0,"gold_loss":0.0,"damage_taken":0.0},{"cards_removed":["Pain"],"damage_healed":0.0,"max_hp_gain":0.0,"max_hp_loss":0.0,"gold_gain":0.0,"event_name":"Purifier","player_choice":"Purged","floor":41.0,"gold_loss":0.0,"damage_taken":0.0}],"is_beta":false,"boss_relics":[{"not_picked":["Runic Pyramid","Empty Cage"],"picked":"Velvet Choker"},{"not_picked":["Busted Crown","Mark of Pain"],"picked":"Philosopher\u0027s Stone"}],"items_purged_floors":[28],"is_endless":false,"potions_floor_spawned":[4,5,11,16,18,24,27,31,33,35,39,42,44,45,46,47,48,55],"ascension_level":20}}