{"host":"jak4ncvfzor9mys0","time":1607581695,"event":{"gold_per_floor":[3683,3695,3342,3360,3376,3376,3376,3376],"floor_reached":7,"playtime":375,"items_purged":["Barricade+1","Strike_B","Defend_B","Strike_B"],"score":45,"play_id":"1a2e5f26-736d-4200-ab6c-d357cb333b1a","local_time":"20201209222815","is_ascension_mode":true,"campfire_choices":[{"data":"Consume","floor":6,"key":"SMITH"}],"neow_cost":"","seed_source_timestamp":564206374730400,"circlet_count":0,"master_deck":["Barricade+1","Strike_B","Strike_B","Defend_B","Defend_B","Defend_B","Zap","Dualcast","FIFO Queue","BootSequence","Stack","Glacier","Leap","Cold Snap","Coolheaded","Consume+1","Conserve Battery"],"relics":["Cracked Core","Meat on the Bone","Anchor","Regal Pillow","Omamori","Prayer Wheel","Shovel"],"potions_floor_usage":[5,7],"damage_taken":[{"damage":1,"enemies":"Cultist","floor":1,"turns":5},{"damage":0,"enemies":"Jaw Worm","floor":2,"turns":4},{"damage":7,"enemies":"infinitespire:Voidling","floor":4,"turns":5},{"damage":15,"enemies":"2 Fungi Beasts","floor":5,"turns":5},{"damage":74,"enemies":"Gremlin Nob","floor":7,"turns":6}],"seed_played":"3558652013605527708","potions_obtained":[{"floor":4,"key":"Languid Potion"},{"floor":5,"key":"PowerPotion"}],"is_trial":false,"path_per_floor":["M","M","$","M","M","R","E"],"character_chosen":"DEFECT","items_purchased":["Meat on the Bone","Anchor","FIFO Queue","Regal Pillow","BootSequence","Omamori","Stack","Glacier","Prayer Wheel","Shovel","Coolheaded"],"campfire_rested":0,"item_purchase_floors":[0,0,0,0,0,0,0,0,0,3,3],"current_hp_per_floor":[74,74,74,74,59,59,0,0],"gold":3376,"neow_bonus":"","is_prod":false,"is_daily":false,"chose_seed":false,"campfire_upgraded":1,"win_rate":0,"timestamp":1607581695,"path_taken":["M","?","$","M","M","R","E"],"build_version":"2020-11-30","purchased_purges":4,"victory":false,"max_hp_per_floor":[75,75,75,75,75,75,75,75],"relic_stats":{"Regal Pillow":0,"Shovel":0,"counters":[864,3455],"Prayer Wheel":23,"obtain_stats":[{"Replay:Accelerometer":17,"Golden Egg":99,"hubris:BallOfYels":17,"Whetstone":138,"Ginger":0,"hubris:MysteriousPyramids":30,"Boot":2,"Sling":4,"Old Coin":148,"FrozenCore":153,"Blood Vial":31,"Replay:Wanted Poster":34,"Replay:Ringing Soul":4,"infinitespire:ShieldingShard":152,"MealTicket":78,"Necronomicon":72,"HandDrill":126,"Replay:Wax Seal":0,"hubris:TinFlute":56,"Replay:Bottled Steam":6,"hubris:MobiusCoin":65,"Pear":94,"hubris:SphereOfDissonance":123,"Eternal Feather":24,"Pen Nib":4,"infinitespire:Magic Flask":9,"Akabeko":90,"Cables":28,"infinitespire:EvilPickle":33,"SlaversCollar":136,"infinitespire:Broken Mirror":12,"infinitespire:Lychee Nut":122,"Bird Faced Urn":113,"hubris:TenFootPole":135,"StrikeDummy":82,"infinitespire:PuzzleCube":2,"energizedSpire:OldTV":70,"Unceasing Top":123,"energizedSpire:PogoStick":17,"Solar Panel":154,"Regal Pillow":9,"Carrot":45,"Lantern":147,"Torii":9,"Singing Bowl":88,"Bag of Preparation":26,"Smiling Mask":9,"Ancient Tea Set":62,"Replay:Rubber Ducky":12,"Shovel":3,"infinitespire:Bottled Soul":8,"hubris:ScarierMask":87,"hubris:FunFungus":65,"WingedGreaves":133,"InkBottle":77,"Ring of the Snake":0,"hubris:GlazedTorus":64,"Potion Belt":43,"Inserter":34,"hubris:64BitClover":14,"Golden Idol":114,"PreservedInsect":2,"Geode":27,"Omamori":125,"infinitespire:CheckeredPen":21,"hubris:Towel":87,"energizedSpire:DeadBattery":34,"MawBank":29,"Nuclear Battery":53,"Busted Crown":70,"Ornamental Fan":142,"Orrery":28,"Turnip":110,"Art of War":60,"Garlic":89,"Durian":43,"Bottled Lightning":109,"ReplayTheSpireMod:Lightbulb":100,"Toy Ornithopter":42,"infinitespire:Midas Blood":73,"infinitespire:Freezer":131,"Calipers":111,"Gremlin Horn":60,"CeramicFish":13,"Vajra":55,"Runic Capacitor":2,"Raider\u0027s Mask":55,"Lizard Tail":0,"Centennial Puzzle":134,"HornCleat":7,"Replay:Frozen Program":131,"Strawberry":24,"Prayer Wheel":47,"Iron Hammer":142,"Toxic Egg 2":62,"Girya":149,"Happy Flower":78,"hubris:SoftwareUpdate":132,"Oddly Smooth Stone":76,"infinitespire:Beetle Shell":53,"Letter Opener":26,"Question Card":40,"hubris:Zylophone":24,"Du-Vu Doll":55,"OrangePellets":113,"Bottled Flame":81,"Replay:Baseball":0,"ReplayTheSpireMod:Shallot":81,"Shuriken":4,"Bronze Scales":57,"Simple Rune":56,"hubris:PeanutButter":96,"Onion Ring":113,"infinitespire:EmpoweringShard":46,"ReplayTheSpireMod:TigerMarble":115,"hubris:ToyBattleship":89,"Black Star":119,"Symbiotic Virus":61,"Pocketwatch":57,"Meat on the Bone":14,"ReplayFunnel":10,"Darkstone Periapt":96,"SacredBark":102,"Mango":13,"hubris:SlimyHat":146,"Juzu Bracelet":76,"Replay:Mystery Machine":29,"Empty Cage":34,"ClockworkSouvenir":13,"Dream Catcher":111,"Nunchaku":127,"Emotion Chip":36,"Replay:Bandana":6,"energizedSpire:CursedPentagram":17,"Chameleon Ring":143,"hubris:Icosahedron":21,"TheAbacus":104,"Mummified Hand":155,"Gambling Chip":98,"Tiny Chest":43,"Red Mask":74,"Replay:Antivirus Software":145,"Cracked Core":0,"Gremlin Food":49,"hubris:DisguiseKit":94,"Guide Book":56,"hubris:MedicalManual":89,"infinitespire:FocusingShard":27,"Replay:WaspNest":29,"Orichalcum":58,"White Beast Statue":8,"Mercury Hourglass":73,"Peace Pipe":2,"keyreminder:keyreminder":13,"Calling Bell":17,"Anchor":26,"DataDisk":104,"Pondfish Scales":21,"infinitespire:WardingShard":117,"infinitespire:Satchel":113,"hubris:BundleOfHerbs":17,"Bag of Marbles":0,"Snack Pack":7,"Membership Card":0,"FossilizedHelix":6,"hubris:Potato":0},{"Replay:Accelerometer":582,"Golden Egg":616,"hubris:BallOfYels":652,"Whetstone":713,"Ginger":723,"hubris:MysteriousPyramids":658,"Boot":575,"Sling":576,"Old Coin":638,"FrozenCore":721,"Blood Vial":550,"Replay:Wanted Poster":807,"Replay:Ringing Soul":576,"infinitespire:ShieldingShard":640,"MealTicket":684,"Necronomicon":604,"HandDrill":628,"Replay:Wax Seal":645,"hubris:TinFlute":775,"Replay:Bottled Steam":578,"hubris:MobiusCoin":780,"Pear":691,"hubris:SphereOfDissonance":707,"Eternal Feather":760,"Pen Nib":576,"infinitespire:Magic Flask":579,"Akabeko":613,"Cables":657,"infinitespire:EvilPickle":741,"SlaversCollar":712,"infinitespire:Broken Mirror":800,"infinitespire:Lychee Nut":842,"Bird Faced Urn":703,"hubris:TenFootPole":632,"StrikeDummy":609,"infinitespire:PuzzleCube":575,"energizedSpire:OldTV":603,"Unceasing Top":707,"energizedSpire:PogoStick":560,"Solar Panel":642,"Regal Pillow":540,"Carrot":769,"Lantern":856,"Torii":648,"Singing Bowl":688,"Bag of Preparation":547,"Smiling Mask":556,"Ancient Tea Set":777,"Replay:Rubber Ducky":541,"Shovel":861,"infinitespire:Bottled Soul":579,"hubris:ScarierMask":611,"hubris:FunFungus":601,"WingedGreaves":849,"InkBottle":684,"Ring of the Snake":0,"hubris:GlazedTorus":821,"Potion Belt":569,"Inserter":660,"hubris:64BitClover":754,"Golden Idol":840,"PreservedInsect":552,"Geode":657,"Omamori":708,"infinitespire:CheckeredPen":546,"hubris:Towel":830,"energizedSpire:DeadBattery":765,"MawBank":805,"Nuclear Battery":597,"Busted Crown":680,"Ornamental Fan":716,"Orrery":589,"Turnip":840,"Art of War":675,"Garlic":688,"Durian":744,"Bottled Lightning":701,"ReplayTheSpireMod:Lightbulb":617,"Toy Ornithopter":744,"infinitespire:Midas Blood":604,"infinitespire:Freezer":710,"Calipers":701,"Gremlin Horn":600,"CeramicFish":650,"Vajra":598,"Runic Capacitor":575,"Raider\u0027s Mask":598,"Lizard Tail":574,"Centennial Puzzle":632,"HornCleat":648,"Replay:Frozen Program":710,"Strawberry":587,"Prayer Wheel":669,"Iron Hammer":635,"Toxic Egg 2":600,"Girya":638,"Happy Flower":828,"hubris:SoftwareUpdate":630,"Oddly Smooth Stone":605,"infinitespire:Beetle Shell":671,"Letter Opener":735,"Question Card":665,"hubris:Zylophone":563,"Du-Vu Doll":818,"OrangePellets":840,"Bottled Flame":685,"Replay:Baseball":723,"ReplayTheSpireMod:Shallot":787,"Shuriken":647,"Bronze Scales":598,"Simple Rune":598,"hubris:PeanutButter":834,"Onion Ring":840,"infinitespire:EmpoweringShard":595,"ReplayTheSpireMod:TigerMarble":703,"hubris:ToyBattleship":791,"Black Star":841,"Symbiotic Virus":675,"Pocketwatch":674,"Meat on the Bone":754,"ReplayFunnel":556,"Darkstone Periapt":616,"SacredBark":794,"Mango":558,"hubris:SlimyHat":637,"Juzu Bracelet":684,"Replay:Mystery Machine":550,"Empty Cage":591,"ClockworkSouvenir":541,"Dream Catcher":624,"Nunchaku":708,"Emotion Chip":742,"Replay:Bandana":750,"energizedSpire:CursedPentagram":543,"Chameleon Ring":635,"hubris:Icosahedron":654,"TheAbacus":697,"Mummified Hand":721,"Gambling Chip":694,"Tiny Chest":594,"Red Mask":605,"Replay:Antivirus Software":717,"Cracked Core":0,"Gremlin Food":596,"hubris:DisguiseKit":833,"Guide Book":598,"hubris:MedicalManual":613,"infinitespire:FocusingShard":657,"Replay:WaspNest":738,"Orichalcum":674,"White Beast Statue":799,"Mercury Hourglass":604,"Peace Pipe":536,"keyreminder:keyreminder":558,"Calling Bell":582,"Anchor":564,"DataDisk":697,"Pondfish Scales":733,"infinitespire:WardingShard":625,"infinitespire:Satchel":625,"hubris:BundleOfHerbs":582,"Bag of Marbles":645,"Snack Pack":726,"Membership Card":747,"FossilizedHelix":555,"hubris:Potato":645},{"Replay:Accelerometer":2395,"Golden Egg":2533,"hubris:BallOfYels":2640,"Whetstone":2838,"Ginger":2878,"hubris:MysteriousPyramids":2665,"Boot":2372,"Sling":2375,"Old Coin":2589,"FrozenCore":2868,"Blood Vial":2180,"Replay:Wanted Poster":3276,"Replay:Ringing Soul":2375,"infinitespire:ShieldingShard":2594,"MealTicket":2747,"Necronomicon":2494,"HandDrill":2561,"Replay:Wax Seal":2613,"hubris:TinFlute":3137,"Replay:Bottled Steam":2381,"hubris:MobiusCoin":3152,"Pear":2774,"hubris:SphereOfDissonance":2820,"Eternal Feather":3054,"Pen Nib":2375,"infinitespire:Magic Flask":2384,"Akabeko":2524,"Cables":2657,"infinitespire:EvilPickle":2949,"SlaversCollar":2836,"infinitespire:Broken Mirror":3239,"infinitespire:Lychee Nut":3386,"Bird Faced Urn":2810,"hubris:TenFootPole":2572,"StrikeDummy":2511,"infinitespire:PuzzleCube":2372,"energizedSpire:OldTV":2490,"Unceasing Top":2820,"energizedSpire:PogoStick":2276,"Solar Panel":2601,"Regal Pillow":2110,"Carrot":3106,"Lantern":3418,"Torii":2621,"Singing Bowl":2763,"Bag of Preparation":2164,"Smiling Mask":2225,"Ancient Tea Set":3143,"Replay:Rubber Ducky":2115,"Shovel":3439,"infinitespire:Bottled Soul":2384,"hubris:ScarierMask":2519,"hubris:FunFungus":2482,"WingedGreaves":3399,"InkBottle":2747,"Ring of the Snake":0,"hubris:GlazedTorus":3328,"Potion Belt":2343,"Inserter":2674,"hubris:64BitClover":3019,"Golden Idol":3381,"PreservedInsect":2201,"Geode":2657,"Omamori":2823,"infinitespire:CheckeredPen":2159,"hubris:Towel":3352,"energizedSpire:DeadBattery":3086,"MawBank":3266,"Nuclear Battery":2474,"Busted Crown":2738,"Ornamental Fan":2849,"Orrery":2429,"Turnip":3381,"Art of War":2725,"Garlic":2763,"Durian":2964,"Bottled Lightning":2806,"ReplayTheSpireMod:Lightbulb":2537,"Toy Ornithopter":2964,"infinitespire:Midas Blood":2494,"infinitespire:Freezer":2828,"Calipers":2806,"Gremlin Horn":2480,"CeramicFish":2628,"Vajra":2476,"Runic Capacitor":2372,"Raider\u0027s Mask":2476,"Lizard Tail":2369,"Centennial Puzzle":2572,"HornCleat":2621,"Replay:Frozen Program":2828,"Strawberry":2418,"Prayer Wheel":2707,"Iron Hammer":2579,"Toxic Egg 2":2480,"Girya":2589,"Happy Flower":3345,"hubris:SoftwareUpdate":2566,"Oddly Smooth Stone":2497,"infinitespire:Beetle Shell":2720,"Letter Opener":2914,"Question Card":2693,"hubris:Zylophone":2299,"Du-Vu Doll":3322,"OrangePellets":3381,"Bottled Flame":2749,"Replay:Baseball":2878,"ReplayTheSpireMod:Shallot":3180,"Shuriken":2617,"Bronze Scales":2476,"Simple Rune":2476,"hubris:PeanutButter":3366,"Onion Ring":3381,"infinitespire:EmpoweringShard":2460,"ReplayTheSpireMod:TigerMarble":2810,"hubris:ToyBattleship":3198,"Black Star":3384,"Symbiotic Virus":2725,"Pocketwatch":2724,"Meat on the Bone":3019,"ReplayFunnel":2225,"Darkstone Periapt":2533,"SacredBark":3218,"Mango":2241,"hubris:SlimyHat":2585,"Juzu Bracelet":2747,"Replay:Mystery Machine":2180,"Empty Cage":2442,"ClockworkSouvenir":2115,"Dream Catcher":2553,"Nunchaku":2823,"Emotion Chip":2953,"Replay:Bandana":3005,"energizedSpire:CursedPentagram":2136,"Chameleon Ring":2579,"hubris:Icosahedron":2644,"TheAbacus":2799,"Mummified Hand":2868,"Gambling Chip":2785,"Tiny Chest":2456,"Red Mask":2497,"Replay:Antivirus Software":2854,"Cracked Core":0,"Gremlin Food":2465,"hubris:DisguiseKit":3361,"Guide Book":2476,"hubris:MedicalManual":2524,"infinitespire:FocusingShard":2657,"Replay:WaspNest":2929,"Orichalcum":2724,"White Beast Statue":3237,"Mercury Hourglass":2494,"Peace Pipe":2087,"keyreminder:keyreminder":2241,"Calling Bell":2395,"Anchor":2305,"DataDisk":2799,"Pondfish Scales":2905,"infinitespire:WardingShard":2555,"infinitespire:Satchel":2555,"hubris:BundleOfHerbs":2395,"Bag of Marbles":2613,"Snack Pack":2885,"Membership Card":2990,"FossilizedHelix":2220,"hubris:Potato":2613}],"Meat on the Bone":24},"card_choices":[{"not_picked":["Recycle","BasicCrystalCard"],"picked":"Leap","floor":1},{"not_picked":["Ball Lightning","Beam Cell"],"picked":"Cold Snap","floor":1},{"not_picked":["Sweeping Beam","Steam Power","Undo"],"picked":"SKIP","floor":2},{"not_picked":["hubris:SpecializedCircuitry","ReplayTheSpireMod:System Scan","Beam Cell"],"picked":"SKIP","floor":2},{"not_picked":["Stack","Steam"],"picked":"Consume","floor":4},{"not_picked":["Steam","Beam Cell","Hello World"],"picked":"SKIP","floor":4},{"not_picked":["Melter","Steam Power"],"picked":"Conserve Battery","floor":5},{"not_picked":["Scrape","Meteor Strike","Stack"],"picked":"SKIP","floor":5}],"player_experience":2553693,"relics_obtained":[],"event_choices":[],"is_beta":false,"boss_relics":[],"items_purged_floors":[0,0,0,0],"is_endless":false,"potions_floor_spawned":[4,5],"killed_by":"Gremlin Nob","ascension_level":1}}