{"host":"s6mlqkqtr3ey2mm2","time":1607640731,"event":{"mods":["BaseMod","StSLib","2.2 Compatiblity","AchievementEnabler","GifTheSpireLib","BetterRewards","Colored Map","Hubris","Quick Restart","Replay The Spire","Colored Powertips","Conspire","Minty Spire (QoL Compilation)","Aspiration","Downfall","Halation","Hermit","Shade Mod","The Poker Player","Beaked The Cultist","The Construct","Better Note","Ironclad Rager","The IronCluck","The Necromancer","The Cursed","Infinite Spire","Energized Spire","Marked Mod","Spicy Shops","Stuff the Spire","The Blue Laboratory","The Runesmith","vexMod","The Servant 0.9.4","The Valiant","Somnambulant"],"gold_per_floor":[99,99,5,5,24,51,76,1,12,12,0,15,34,60,79,79,79],"floor_reached":16,"playtime":1175,"items_purged":[],"score":100,"play_id":"fd420656-bc36-45b6-a294-30c37d060d8b","local_time":"20201210175211","is_ascension_mode":false,"campfire_choices":[{"floor":1,"key":"RECALL"},{"data":"Slimebound:LevelUp","floor":8,"key":"SMITH"},{"data":"Slimebound:Overexert","floor":10,"key":"SMITH"}],"circlet_count":0,"master_deck":["Slimebound:Strike_Slimebound","Slimebound:Strike_Slimebound+1","Slimebound:Strike_Slimebound","Slimebound:Tackle+1","Slimebound:Defend_Slimebound","Slimebound:Defend_Slimebound","Slimebound:Defend_Slimebound","Slimebound:Defend_Slimebound","Slimebound:Split","Slimebound:CorrosiveSpit","ReplayTheSpireMod:Chaos Vortex","Slimebound:LevelUp+1","Slimebound:SplitMire","Slimebound:SplitBruiser","Slimebound:Overexert+1","Slimebound:HauntingLick","Slimebound:Repurpose","Slimebound:SplitLeeching","Slimebound:Schlurp"],"relics":["Slimebound:AbsorbEndCombat","Whetstone","Bag of Preparation","downfall:HeartBlessingRed","Odd Mushroom"],"acts_visited":["Exordium"],"potions_floor_usage":[],"damage_taken":[{"damage":4,"enemies":"downfall:FleeingMerchant","floor":3,"turns":4},{"damage":4,"enemies":"2 Louse","floor":5,"turns":3},{"damage":29,"enemies":"Gremlin Nob","floor":6,"turns":4},{"damage":18,"enemies":"Small Slimes","floor":9,"turns":2},{"damage":19,"enemies":"downfall:FleeingMerchant","floor":11,"turns":4},{"damage":11,"enemies":"Cultist","floor":12,"turns":3},{"damage":14,"enemies":"Blue Slaver","floor":13,"turns":3},{"damage":33,"enemies":"The Mushroom Lair","floor":14,"turns":3},{"damage":26,"enemies":"Exordium Wildlife","floor":15,"turns":3},{"damage":24,"enemies":"downfall:CharBossSilent","floor":16,"turns":3}],"seed_played":"-2059671827766903176","potions_obtained":[{"floor":9,"key":"Reflective Coating"},{"floor":15,"key":"Fire Potion"}],"is_trial":false,"path_per_floor":["R","?","$","?","M","E","T","R","M","R","$","M","M","?","M","B"],"character_chosen":"SLIMEBOUND","items_purchased":["Slimebound:LevelUp"],"campfire_rested":0,"item_purchase_floors":[3],"current_hp_per_floor":[60,44,56,56,56,43,43,43,33,33,26,27,29,16,10,0,0],"gold":79,"neow_bonus":"RANDOM_COMMON_RELIC","is_daily":false,"chose_seed":false,"campfire_upgraded":2,"win_rate":0.0,"timestamp":1607640731,"path_taken":["R","?","$","?","M","E","T","R","M","R","$","M","?","?","M","BOSS"],"build_version":"2020-11-30","purchased_purges":0,"victory":false,"max_hp_per_floor":[60,60,60,60,60,60,60,60,60,60,60,60,60,60,60,60,60],"card_choices":[{"not_picked":["ReplayTheSpireMod:Book of Names","infinitespire:SealOfDarkness+"],"picked":"ReplayTheSpireMod:Chaos Vortex","floor":2},{"not_picked":["Slimebound:ProtectTheBoss","Slimebound:Replication"],"picked":"Slimebound:SplitMire","floor":5},{"not_picked":["Slimebound:TongueLash","Slimebound:SplitAcid"],"picked":"Slimebound:SplitBruiser","floor":6},{"not_picked":["Slimebound:FinishingTackle","Slimebound:SlimeSpikes"],"picked":"Slimebound:Overexert","floor":9},{"not_picked":["Slimebound:ComboTackle","Slimebound:SplitMire"],"picked":"Slimebound:HauntingLick","floor":12},{"not_picked":["Slimebound:SplitLeeching","Slimebound:SamplingLick"],"picked":"Slimebound:Repurpose","floor":13},{"not_picked":["Slimebound:SamplingLick","Slimebound:FinishingTackle"],"picked":"Slimebound:SplitLeeching","floor":14},{"not_picked":["Slimebound:PressTheAttack","Slimebound:ViciousTackle"],"picked":"Slimebound:Schlurp","floor":15}],"player_experience":34283,"relics_obtained":[{"floor":6,"key":"Bag of Preparation"},{"floor":14,"key":"Odd Mushroom"}],"event_choices":[{"damage_healed":0,"gold_gain":0,"player_choice":"Ignored","damage_taken":0,"max_hp_gain":0,"max_hp_loss":0,"event_name":"Transmorgrifier","floor":4,"gold_loss":0},{"damage_healed":0,"gold_gain":0,"player_choice":"Fought Mushrooms","damage_taken":0,"max_hp_gain":0,"max_hp_loss":0,"event_name":"Mushrooms","floor":14,"gold_loss":0}],"is_beta":false,"boss_relics":[],"items_purged_floors":[],"is_endless":false,"potions_floor_spawned":[9,15],"killed_by":"downfall:CharBossSilent","ascension_level":0}}