{"host":"vhkb6vx6yafo1fpa","time":1607559993,"event":{"gold_per_floor":[112,112,130,146,146,146,179,179,179,179,214,58,91,108,108,212,212,212,212,212,212,212,212,212,112,112,112,112,112,112,112,112,112,112,112,112,42,42,42,42,42,42,42,42,42,42,0,0,0,0],"floor_reached":51,"playtime":1784,"items_purged":["Defend_P","Strike_P"],"score":1704,"play_id":"85da084b-b3ae-4fb3-9ff0-02fd1107468c","local_time":"20201210092633","is_ascension_mode":true,"campfire_choices":[{"data":"Eruption","floor":6.0,"key":"SMITH"},{"data":"Worship","floor":8.0,"key":"SMITH"},{"data":"Adaptation","floor":10.0,"key":"SMITH"},{"data":"CrushJoints","floor":15.0,"key":"SMITH"},{"floor":32.0,"key":"REST"},{"data":"Adaptation","floor":41,"key":"SMITH"},{"floor":49,"key":"REST"}],"neow_cost":"TEN_PERCENT_HP_LOSS","seed_source_timestamp":0,"circlet_count":0,"master_deck":["AscendersBane","Defend_P+1","Eruption+1","Vigilance+1","CrushJoints+1","Worship+1","Adaptation+1","Halt+1","EmptyMind+1","MentalFortress+1","Consecrate+1","Tantrum","MentalFortress+1","Scrawl+1","LessonLearned+1","Collect+1","Vengeance+1","WheelKick+1","TalkToTheHand","ClearTheMind+1","Adaptation+1"],"special_seed":0,"relics":["PureWater","MealTicket","Potion Belt","Nunchaku","Ectoplasm","Dream Catcher","Mummified Hand","Darkstone Periapt","Gremlin Horn","Black Star","Mango","Pen Nib","Boot","White Beast Statue","Pear","Regal Pillow","Red Mask","Smiling Mask","Eternal Feather"],"potions_floor_usage":[50,50,50],"damage_taken":[{"damage":0.0,"enemies":"Small Slimes","floor":1.0,"turns":3.0},{"damage":15.0,"enemies":"2 Louse","floor":3.0,"turns":3.0},{"damage":0.0,"enemies":"Cultist","floor":4.0,"turns":4.0},{"damage":0.0,"enemies":"Lagavulin","floor":7.0,"turns":4.0},{"damage":36.0,"enemies":"Gremlin Nob","floor":11.0,"turns":4.0},{"damage":5.0,"enemies":"Lagavulin","floor":13.0,"turns":6.0},{"damage":1.0,"enemies":"2 Fungi Beasts","floor":14.0,"turns":3.0},{"damage":0.0,"enemies":"The Guardian","floor":16.0,"turns":8.0},{"damage":0.0,"enemies":"Chosen","floor":18.0,"turns":4.0},{"damage":0.0,"enemies":"3 Byrds","floor":20.0,"turns":4.0},{"damage":18.0,"enemies":"Centurion and Healer","floor":22.0,"turns":4.0},{"damage":0.0,"enemies":"Book of Stabbing","floor":23.0,"turns":3.0},{"damage":24.0,"enemies":"Snake Plant","floor":24.0,"turns":3.0},{"damage":12.0,"enemies":"Slavers","floor":27.0,"turns":2.0},{"damage":0.0,"enemies":"Sentry and Sphere","floor":28.0,"turns":3.0},{"damage":7.0,"enemies":"Gremlin Leader","floor":30.0,"turns":3.0},{"damage":8.0,"enemies":"Centurion and Healer","floor":31.0,"turns":3.0},{"damage":0.0,"enemies":"Collector","floor":33.0,"turns":5.0},{"damage":3.0,"enemies":"3 Shapes","floor":35.0,"turns":5.0},{"damage":8.0,"enemies":"3 Darklings","floor":38.0,"turns":3.0},{"damage":0,"enemies":"Reptomancer","floor":40,"turns":2},{"damage":0,"enemies":"Maw","floor":45,"turns":5},{"damage":39,"enemies":"Nemesis","floor":46,"turns":3},{"damage":17,"enemies":"Giant Head","floor":48,"turns":3},{"damage":0,"enemies":"Donu and Deca","floor":50,"turns":3}],"seed_played":"-3927566467736613732","potions_obtained":[{"floor":1.0,"key":"Explosive Potion"},{"floor":3.0,"key":"Fire Potion"},{"floor":4.0,"key":"PowerPotion"},{"floor":11.0,"key":"AttackPotion"},{"floor":18.0,"key":"Ancient Potion"},{"floor":24.0,"key":"StancePotion"},{"floor":27.0,"key":"StancePotion"},{"floor":33.0,"key":"SneckoOil"},{"floor":38.0,"key":"Strength Potion"},{"floor":44,"key":"LiquidMemories"},{"floor":44,"key":"BottledMiracle"},{"floor":44,"key":"GamblersBrew"}],"is_trial":false,"path_per_floor":["M","?","M","M","?","R","E","R","T","R","E","$","E","M","R","B",null,"M","?","M","?","M","E","M","$","T","E","M","$","E","M","R","B",null,"M","?","$","M","?","E","R","$","T","?","M","E","?","E","R","B",null],"character_chosen":"WATCHER","items_purchased":["Tantrum","Adaptation"],"campfire_rested":2,"item_purchase_floors":[12,37],"current_hp_per_floor":[65,70,55,55,55,55,55,55,55,55,19,34,29,28,28,28,60,60,60,60,60,42,42,18,33,33,21,21,36,29,21,42,42,63,60,74,84,76,76,76,76,80,80,80,80,51,51,34,88,88],"gold":0,"neow_bonus":"TRANSFORM_TWO_CARDS","is_prod":false,"is_daily":false,"chose_seed":false,"campfire_upgraded":5,"win_rate":0,"timestamp":1607559993,"path_taken":["M","?","M","M","?","R","E","R","T","R","E","$","E","?","R","BOSS","M","?","M","?","?","E","?","?","T","E","M","$","E","M","R","BOSS","M","?","$","?","?","E","R","$","T","?","?","E","?","E","R","BOSS"],"build_version":"2020-11-30","purchased_purges":2,"victory":true,"max_hp_per_floor":[65,70,70,70,70,70,70,70,70,70,70,70,70,70,70,70,70,70,70,70,70,70,70,70,70,70,70,70,70,70,70,70,70,70,70,84,84,84,80,80,80,80,80,80,80,90,90,90,90,90],"card_choices":[{"not_picked":["SandsOfTime","MentalFortress"],"picked":"Adaptation","floor":1.0},{"not_picked":["Evaluate","Protect"],"picked":"Halt","floor":3.0},{"not_picked":["Crescendo","EmptyFist"],"picked":"EmptyMind","floor":4.0},{"not_picked":["WindmillStrike","Nirvana"],"picked":"MentalFortress","floor":7.0},{"not_picked":["Prostrate","Indignation"],"picked":"Consecrate","floor":11.0},{"not_picked":["ClearTheMind","Nirvana"],"picked":"MentalFortress","floor":13.0},{"not_picked":["Crescendo","ForeignInfluence","PathToVictory"],"picked":"SKIP","floor":14.0},{"not_picked":["Omniscience","SpiritShield"],"picked":"Scrawl","floor":16.0},{"not_picked":["ReachHeaven","EmptyBody","Consecrate"],"picked":"SKIP","floor":18.0},{"not_picked":["EmptyMind","CrushJoints","Study"],"picked":"SKIP","floor":20.0},{"not_picked":["Weave","Prostrate","Collect+1"],"picked":"SKIP","floor":22.0},{"not_picked":["JustLucky+1","FollowUp","Consecrate"],"picked":"SKIP","floor":23.0},{"not_picked":["EmptyFist","Swivel"],"picked":"Vengeance","floor":24.0},{"not_picked":["Conclude+1","ConjureBlade"],"picked":"WheelKick","floor":27.0},{"not_picked":["JustLucky","MentalFortress","BowlingBash"],"picked":"SKIP","floor":28.0},{"not_picked":["FollowUp","FearNoEvil"],"picked":"TalkToTheHand","floor":30.0},{"not_picked":["Prostrate","Halt","BowlingBash+1"],"picked":"SKIP","floor":31.0},{"not_picked":["Pray","Evaluate"],"picked":"ClearTheMind","floor":32.0},{"not_picked":["Crescendo+1","Perseverance","Prostrate"],"picked":"SKIP","floor":35.0},{"not_picked":["Adaptation+1","Evaluate","Prostrate+1"],"picked":"SKIP","floor":38.0},{"not_picked":["Fasting2+1","Collect+1","ClearTheMind"],"picked":"SKIP","floor":40},{"not_picked":["Halt","SandsOfTime","CutThroughFate+1"],"picked":"SKIP","floor":45},{"not_picked":["WaveOfTheHand","WheelKick+1","FollowUp"],"picked":"SKIP","floor":46},{"not_picked":["BattleHymn","Omniscience","Perseverance+1"],"picked":"SKIP","floor":48}],"player_experience":317079,"relics_obtained":[{"floor":9.0,"key":"MealTicket"},{"floor":11.0,"key":"Potion Belt"},{"floor":13.0,"key":"Nunchaku"},{"floor":23.0,"key":"Dream Catcher"},{"floor":26.0,"key":"Mummified Hand"},{"floor":27.0,"key":"Darkstone Periapt"},{"floor":30.0,"key":"Gremlin Horn"},{"floor":40,"key":"Pen Nib"},{"floor":40,"key":"Boot"},{"floor":43,"key":"White Beast Statue"},{"floor":46,"key":"Pear"},{"floor":46,"key":"Regal Pillow"},{"floor":48,"key":"Smiling Mask"},{"floor":48,"key":"Eternal Feather"}],"event_choices":[{"damage_healed":0.0,"max_hp_gain":5.0,"max_hp_loss":0.0,"gold_gain":0.0,"event_name":"Big Fish","player_choice":"Donut","floor":2.0,"gold_loss":0.0,"damage_taken":0.0},{"cards_removed":["Strike_P"],"damage_healed":0.0,"max_hp_gain":0.0,"max_hp_loss":0.0,"gold_gain":0.0,"event_name":"Wheel of Change","player_choice":"Card Removal","floor":5.0,"gold_loss":0.0,"damage_taken":0.0},{"damage_healed":0.0,"max_hp_gain":0.0,"max_hp_loss":0.0,"gold_gain":0.0,"cards_transformed":["Strike_P","Defend_P"],"event_name":"Drug Dealer","player_choice":"Became Test Subject","floor":19.0,"gold_loss":0.0,"damage_taken":0.0,"cards_obtained":["LessonLearned","Collect"]},{"damage_healed":0.0,"max_hp_gain":0.0,"max_hp_loss":0.0,"gold_gain":0.0,"event_name":"Accursed Blacksmith","player_choice":"Forge","floor":21.0,"gold_loss":0.0,"damage_taken":0.0,"cards_upgraded":["Scrawl"]},{"damage_healed":0.0,"max_hp_gain":0.0,"max_hp_loss":0.0,"gold_gain":0.0,"event_name":"WeMeetAgain","player_choice":"Gave Potion","floor":36.0,"gold_loss":0.0,"damage_taken":0.0,"relics_obtained":["Mango"]},{"damage_healed":0.0,"max_hp_gain":0.0,"max_hp_loss":4.0,"gold_gain":0.0,"event_name":"Winding Halls","player_choice":"Max HP","floor":39.0,"gold_loss":0.0,"damage_taken":0.0},{"damage_healed":0,"gold_gain":0,"player_choice":"Got Potions","damage_taken":0,"max_hp_gain":0,"max_hp_loss":0,"event_name":"Lab","floor":44,"gold_loss":0},{"damage_healed":0,"gold_gain":0,"player_choice":"Paid","damage_taken":0,"relics_obtained":["Red Mask"],"max_hp_gain":0,"max_hp_loss":0,"event_name":"Tomb of Lord Red Mask","floor":47,"gold_loss":42}],"is_beta":false,"boss_relics":[{"not_picked":["Runic Pyramid","Calling Bell"],"picked":"Ectoplasm"},{"not_picked":["Cursed Key","Tiny House"],"picked":"Black Star"}],"items_purged_floors":[12,25],"is_endless":false,"potions_floor_spawned":[1,3,4,11,18,24,27,33,38,45,46,48],"ascension_level":10}}