{"host":"5ulchbufvix69gs5","time":1607622876,"event":{"mods":["BaseMod","StSLib","Aspiration","Better Altar","Better Match","Better Note","Better Sensory Stone","Better Skull","Better Third Choice","BetterRewards","CCEM","Clawfect","Colored Map","Conspire","DeckTracker","Downfall","Friendly Minions","GifTheSpireLib","Googly Eyes","Halation","Highlight Path","Hubris","Jedi Mod","Mimic Mod","Minty Spire (QoL Compilation)","Replay The Spire","Shop Mod","Spicy Shops","Stuff the Spire","Act Like it!","2.2 Compatiblity","AchievementEnabler","Bard","Beaked The Cultist","Hallownest","Hermit","Hunter ??","Infinite Spire","Jorbs\u0027s Wanderer Trilogy","Mad Scientist","Marisa????????","Permanent Neow","Shade Mod","The Administrix","The Blackbeard","The Bug Knight","The Construct","The Cursed","The Disciple","The Factory","The Gatherer","The Hierophant","The Jungle","The Mystic","The Necromancer","The Problem Sleuth","The Runesmith","The Servant 0.9.4","The Spell Scribe","The Witch","Unceasing Turn Reminder"],"gold_per_floor":[99,119,151,151,164,13,13,13,29,62,98,109,129,129,139,236,236,236,236,253,287,304,304,331,331,348,382,400,415,433,433,447,546,546,396,408,427,445,456,481,536,41,41,73,127,127,146,161,177,274,274,274,293,322,322,341,341,341,373,373,405,424,424,441,451,471,566,566,566,600,600,614,640,653,682,104,121,121,121,140,140,65,77,176,176,176,194,212,229,261,261,288,320,320,320,340,85,101,120,135,238,238,238],"floor_reached":102,"playtime":11071,"items_purged":["Slimebound:Strike_Slimebound","Slimebound:Defend_Slimebound"],"score":2311,"play_id":"9d24c835-d9ce-4986-a345-865671abfbdd","local_time":"20201210185436","is_ascension_mode":false,"campfire_choices":[{"data":"Slimebound:Split","floor":1.0,"key":"SMITH"},{"data":"Slimebound:HauntingLick","floor":4.0,"key":"SMITH"},{"data":"Slimebound:FirmFortitude","floor":8.0,"key":"SMITH"},{"data":"Slimebound:Gluttony","floor":18.0,"key":"SMITH"},{"data":"ReplayTheSpireMod:Echoes of Time","floor":23.0,"key":"SMITH"},{"data":"Slimebound:MassFeed","floor":35.0,"key":"SMITH"},{"data":"Slimebound:SamplingLick","floor":55.0,"key":"SMITH"},{"data":"Slimebound:RejuvenatingLick","floor":63.0,"key":"SMITH"},{"data":"Slimebound:SamplingLick","floor":69.0,"key":"SMITH"},{"data":"jedi:BattleThirst","floor":71,"key":"SMITH"},{"data":"Delirium","floor":78,"key":"SMITH"},{"data":"hubris:InfiniteBlow","floor":86,"key":"SMITH"},{"data":"hubris:InfiniteBlow+1","floor":95,"key":"SMITH"}],"circlet_count":0,"master_deck":["Slimebound:Strike_Slimebound","Slimebound:Strike_Slimebound","Slimebound:Tackle","Slimebound:Defend_Slimebound","Slimebound:Defend_Slimebound","Slimebound:Defend_Slimebound","Slimebound:Split+1","Slimebound:CorrosiveSpit","Slimebound:SplitAcid","Slimebound:HauntingLick+1","Slimebound:ViciousTackle","Slimebound:Repurpose","Slimebound:Repurpose","Slimebound:FirmFortitude+1","Slimebound:SlimeSpikes","Slimebound:ForwardTackle","Slimebound:GoopSpray","Slimebound:LeechEnergy+1","Slimebound:Gluttony+1","Poisoned Strike+1","Slimebound:SplitLeeching","Slimebound:SlimeSlap","ReplayTheSpireMod:Echoes of Time+1","Slimebound:FinishingTackle","Slimebound:SplitMire+1","Slimebound:LeechEnergy","Slimebound:SpikyOuterGoop","Slimebound:RejuvenatingLick+1","Slimebound:FirmFortitude","Slimebound:SplitMire","Slimebound:Nibble+1","Slimebound:MassFeed+1","Slimebound:RejuvenatingLick+1","Slimebound:SamplingLick+1","Slimebound:GoopSpray+1","Slimebound:SplitLeeching+1","Slimebound:SplitAcid","Replay:SS_forest_5","Slimebound:RejuvenatingLick+1","Slimebound:Schlurp","Slimebound:SplitMire+1","Slimebound:HauntingLick+1","Slimebound:SlimeTap","Slimebound:SamplingLick+1","Slimebound:Nibble","infinitespire:FutureSight","ReplayTheSpireMod:Black Plague","Slimebound:FormOfPuddle","expansioncontent:DashGenerateEvil","infinitespire:FutureSight","hubris:InfiniteBlow+2","Slimebound:SamplingLick+1","expansioncontent:DarkVoid+1","Slimebound:SlimeSpikes","Slimebound:RejuvenatingLick+1","Slimebound:MegaLick"],"special_seed":0,"relics":["Slimebound:AbsorbEndCombat","halation:PrussianBluePaint","jedi:arcanewood","Replay:Ringing Soul","hubris:TenFootPole","aspiration:MobileForge","CCEMRelics:TinyMinotavrHorn","CCEMRelics:PorcelainBowl","stsjorbsmod:ShadowRelic","Gremlin Horn","ChewingGum","downfall:HeartBlessingGreen","downfall:HeartBlessingBlue","Runesmith:Nanobots","CCEMRelics:JestersCrown","OrangePellets","StuffTheSpire:ForceGauntlet","CCEMRelics:DissonantTune","Centennial Puzzle","jedi:firstaidkit","halation:ForbiddenBikini","Ring of Misfortune","ReplayTheSpireMod:Ring of Addiction","White Beast Statue","Potion Belt","infinitespire:WardingShard","hubris:Icosahedron","halation:LoveArrow","CCEMRelics:SpiritsEdge","Slimebound:AggressiveSlimeRelic","aspiration:StickyExplosives_weak","Thread and Needle","aspiration:Nostalgia","Gatherer:AlchemyBag","SlaversCollar"],"acts_visited":["theJungle:Jungle","Exordium"],"potions_floor_usage":[70,70,73,74,75,84,84,89,96,96,98,98,98,101,101,101],"damage_taken":[{"damage":8.0,"enemies":"Cultist","floor":2.0,"turns":3.0},{"damage":35.0,"enemies":"Lagavulin","floor":3.0,"turns":7.0},{"damage":13.0,"enemies":"Jaw Worm","floor":5.0,"turns":2.0},{"damage":21.0,"enemies":"downfall:FleeingMerchant","floor":6.0,"turns":4.0},{"damage":9.0,"enemies":"Small Slimes","floor":9.0,"turns":3.0},{"damage":19.0,"enemies":"Gremlin Nob","floor":10.0,"turns":4.0},{"damage":8.0,"enemies":"Exordium Thugs","floor":11.0,"turns":6.0},{"damage":16.0,"enemies":"Exordium Thugs","floor":12.0,"turns":3.0},{"damage":15.0,"enemies":"3 Louse","floor":13.0,"turns":3.0},{"damage":16.0,"enemies":"Exordium Thugs","floor":15.0,"turns":3.0},{"damage":43.0,"enemies":"downfall:CharBossIronclad","floor":16.0,"turns":7.0},{"damage":17.0,"enemies":"Chosen","floor":20.0,"turns":3.0},{"damage":40.0,"enemies":"Book of Stabbing","floor":21.0,"turns":5.0},{"damage":30.0,"enemies":"3 Byrds","floor":22.0,"turns":4.0},{"damage":18.0,"enemies":"Snake Plant","floor":26.0,"turns":3.0},{"damage":55.0,"enemies":"Nightmare","floor":27.0,"turns":7.0},{"damage":10.0,"enemies":"Cultist and Chosen","floor":28.0,"turns":4.0},{"damage":6.0,"enemies":"Snecko","floor":29.0,"turns":3.0},{"damage":24.0,"enemies":"Snake Plant","floor":30.0,"turns":4.0},{"damage":39.0,"enemies":"Shelled Parasite and Fungi","floor":32.0,"turns":4.0},{"damage":69.0,"enemies":"downfall:CharBossSilent","floor":33.0,"turns":7.0},{"damage":13.0,"enemies":"3 Shapes","floor":36.0,"turns":3.0},{"damage":18.0,"enemies":"Orb Walker","floor":37.0,"turns":4.0},{"damage":39.0,"enemies":"3 Darklings","floor":38.0,"turns":4.0},{"damage":1.0,"enemies":"Transient","floor":39.0,"turns":5.0},{"damage":50.0,"enemies":"Reptomancer","floor":40.0,"turns":5.0},{"damage":4.0,"enemies":"downfall:FleeingMerchant","floor":42.0,"turns":4.0},{"damage":98.0,"enemies":"Nightmare","floor":44.0,"turns":6.0},{"damage":35.0,"enemies":"2 Orb Walkers","floor":45.0,"turns":3.0},{"damage":24.0,"enemies":"3 Darklings","floor":47.0,"turns":3.0},{"damage":10.0,"enemies":"Spire Growth","floor":48.0,"turns":2.0},{"damage":15.0,"enemies":"4 Shapes","floor":49.0,"turns":3.0},{"damage":11.0,"enemies":"downfall:CharBossWatcher","floor":50.0,"turns":6.0},{"damage":12.0,"enemies":"Small Slimes","floor":53.0,"turns":1.0},{"damage":30.0,"enemies":"HollowMod:MossKnight","floor":54.0,"turns":3.0},{"damage":8.0,"enemies":"conspire:RoseBush","floor":56.0,"turns":2.0},{"damage":151.0,"enemies":"Nightmare","floor":59.0,"turns":7.0},{"damage":10.0,"enemies":"3 Sentries","floor":61.0,"turns":2.0},{"damage":3.0,"enemies":"2 Louse","floor":62.0,"turns":1.0},{"damage":6.0,"enemies":"Large Slime","floor":64.0,"turns":3.0},{"damage":16.0,"enemies":"Gremlin Gang","floor":65.0,"turns":2.0},{"damage":0.0,"enemies":"3 Louse","floor":66.0,"turns":2.0},{"damage":26.0,"enemies":"Fading Forest","floor":67.0,"turns":11.0},{"damage":198,"enemies":"Nightmare","floor":70,"turns":9},{"damage":0,"enemies":"theJungle:GiantWrat","floor":72,"turns":2},{"damage":1,"enemies":"theJungle:MamaSnecko","floor":73,"turns":2},{"damage":0,"enemies":"Shell Parasite","floor":74,"turns":1},{"damage":26,"enemies":"theJungle:Cassacara","floor":75,"turns":3},{"damage":21,"enemies":"downfall:FleeingMerchant","floor":76,"turns":4},{"damage":11,"enemies":"theJungle:Lyon","floor":77,"turns":1},{"damage":8,"enemies":"theJungle:JungleHuntersEncounter","floor":80,"turns":2},{"damage":4,"enemies":"theJungle:2_Flameangoes","floor":83,"turns":3},{"damage":12,"enemies":"theJungle:QueenSpyder","floor":84,"turns":3},{"damage":8,"enemies":"theFactory:BigBot","floor":87,"turns":2},{"damage":41,"enemies":"theFactory:2_Experiment_Personnel","floor":88,"turns":4},{"damage":12,"enemies":"theFactory:Sentries_and_Big_Bot","floor":89,"turns":2},{"damage":31,"enemies":"theFactory:SmogElemental","floor":90,"turns":3},{"damage":46,"enemies":"theFactory:Manservantes","floor":92,"turns":4},{"damage":20,"enemies":"theFactory:SmogElemental","floor":93,"turns":2},{"damage":4,"enemies":"theFactory:6_Mini-Bots","floor":96,"turns":2},{"damage":13,"enemies":"theFactory:DecayingSentinel","floor":98,"turns":4},{"damage":14,"enemies":"theFactory:Sentries_and_Big_Bot","floor":99,"turns":2},{"damage":8,"enemies":"theFactory:Sentry and Guards","floor":100,"turns":3},{"damage":42,"enemies":"theFactory:SPIDER","floor":101,"turns":12}],"seed_played":"6451548579676558344","potions_obtained":[{"floor":5.0,"key":"Block Potion"},{"floor":10.0,"key":"ColorlessPotion"},{"floor":13.0,"key":"SteroidPotion"},{"floor":33.0,"key":"Slimebound:SlimedPotion"},{"floor":40.0,"key":"BlessingOfTheForge"},{"floor":46.0,"key":"Cursed Concoction"},{"floor":46.0,"key":"Regen Potion"},{"floor":46.0,"key":"ColorlessPotion"},{"floor":53.0,"key":"Flashbang"},{"floor":57.0,"key":"EssenceOfSteel"},{"floor":57.0,"key":"SteroidPotion"},{"floor":59.0,"key":"Fire Potion"},{"floor":61.0,"key":"ColorlessPotion"},{"floor":62.0,"key":"Cursed Concoction"},{"floor":64.0,"key":"sneckomod:MuddlingPotion"},{"floor":66.0,"key":"Slimebound:SlimedPotion"},{"floor":67.0,"key":"Strength Potion"},{"floor":70,"key":"SkillPotion"},{"floor":72,"key":"Adrenaline Potion"},{"floor":73,"key":"SkillPotion"},{"floor":74,"key":"Cursed Concoction"},{"floor":75,"key":"FairyPotion"},{"floor":77,"key":"ColorlessPotion"},{"floor":80,"key":"Explosive Potion"},{"floor":84,"key":"GamblersBrew"},{"floor":87,"key":"Energy Potion"},{"floor":88,"key":"Slimebound:SlimedPotion"},{"floor":89,"key":"Fire Potion"},{"floor":92,"key":"Doom Potion"},{"floor":96,"key":"LiquidBronze"},{"floor":98,"key":"Weak Potion"},{"floor":99,"key":"GamblersBrew"},{"floor":100,"key":"Fire Potion"},{"floor":101,"key":"Strength Potion"}],"is_trial":false,"path_per_floor":["R","M","E","R","M","$","T","R","M","E","MIM","M","M","?","M","B",null,"R","AVR","M","E","M","R","T","?","M","NM","M","M","M","?","M","B",null,"R","M","M","M","M","E","T","$","?","NM","?","?","M","M","M","B",null,"R_BF","M","E","R","M","?","T","NM","?","E","M","R","M","M","M","B",null,"R","NM","R","M","E","M","E","$","M","R","?","M","AVR","?","M","B",null,"R","M","M","M","E","?","E","E","?","R","M","$","M","M","M","B",null],"character_chosen":"SLIMEBOUND","items_purchased":["Slimebound:Repurpose","Slimebound:FirmFortitude","OrangePellets","StuffTheSpire:ForceGauntlet","Replay:SS_forest_5","CCEMRelics:SpiritsEdge","Slimebound:AggressiveSlimeRelic","expansioncontent:DashGenerateEvil","aspiration:StickyExplosives_weak","Energy Potion","aspiration:Nostalgia"],"campfire_rested":0,"item_purchase_floors":[6,6,42,42,42,76,76,76,76,76,97],"current_hp_per_floor":[60,60,56,56,51,54,54,54,60,56,66,69,65,68,67,64,81,81,84,86,80,65,65,65,68,81,78,101,105,96,96,102,94,114,124,127,117,115,140,139,139,146,146,110,118,118,147,158,166,166,166,166,169,151,151,170,173,173,122,122,156,161,161,171,176,176,179,179,179,113,113,135,182,182,168,185,182,182,162,182,185,188,193,193,193,193,193,189,200,202,202,193,200,200,200,201,201,201,201,221,221,221,221],"gold":238,"neow_bonus":"RANDOM_COMMON_RELIC","is_daily":false,"chose_seed":false,"campfire_upgraded":13,"win_rate":0,"timestamp":1607622876,"path_taken":["R","M","E","?","M","?","T","?","M","E","?","M","?","?","M","BOSS","R","AVR","?","E","M","?","T","?","?","NM","M","M","?","?","M","BOSS","R","M","M","M","M","E","T","$","?","NM","?","?","M","M","M","BOSS","R_BF","M","E","R","M","?","T","NM","?","E","M","?","?","M","M","BOSS","R","NM","R","M","E","M","E","?","M","R","?","M","AVR","?","M","BOSS","R","M","M","M","E","?","E","E","?","R","?","?","M","M","M","BOSS"],"build_version":"2020-11-30","purchased_purges":2,"victory":false,"max_hp_per_floor":[60,60,60,60,60,60,60,60,60,63,66,69,72,75,78,81,81,81,84,87,90,93,93,93,96,99,102,102,105,108,108,111,114,114,124,127,130,137,140,143,143,146,146,150,153,153,160,163,166,166,166,166,169,169,169,172,175,175,175,175,175,175,173,173,176,176,179,179,179,182,182,182,182,182,182,185,185,185,186,186,189,190,193,193,193,193,193,198,202,202,202,202,200,200,200,201,201,201,201,221,221,221,221],"card_choices":[{"not_picked":["Slimebound:GoopSpray","Slimebound:GrowthPunch"],"picked":"Slimebound:SplitAcid","floor":2.0},{"not_picked":["Slimebound:WasteNot","Slimebound:ComboTackle"],"picked":"Slimebound:HauntingLick","floor":3.0},{"not_picked":["Slimebound:SplitBruiser","Slimebound:LeechingTouch"],"picked":"Slimebound:ViciousTackle","floor":5.0},{"not_picked":["Slimebound:FlameTackle","Slimebound:Prepare"],"picked":"Slimebound:SlimeSpikes","floor":9.0},{"not_picked":["Slimebound:SlimeBrawl","Slimebound:DisruptingSlam"],"picked":"Slimebound:ForwardTackle","floor":10.0},{"not_picked":["Slimebound:ComboTackle","Slimebound:MassRepurpose"],"picked":"Slimebound:GoopSpray","floor":11.0},{"not_picked":["Slimebound:SplitAcid","Slimebound:PressTheAttack"],"picked":"Slimebound:LeechEnergy","floor":12.0},{"not_picked":["Slimebound:Overexert","Slimebound:ProtectTheBoss"],"picked":"Slimebound:Gluttony","floor":13.0},{"not_picked":["jedi:forcepull","Crow Ritual"],"picked":"Poisoned Strike","floor":14.0},{"not_picked":["Slimebound:GoopSpray","Slimebound:RainOfGoop"],"picked":"Slimebound:SplitLeeching","floor":15.0},{"not_picked":["Slimebound:MinionMaster","Slimebound:PrepareCrush"],"picked":"Slimebound:SlimeSlap","floor":16.0},{"not_picked":["Slimebound:SlimeSpikes","Slimebound:ViciousTackle"],"picked":"Slimebound:FinishingTackle","floor":20.0},{"not_picked":["Slimebound:SlimeTap","Slimebound:Dissolve"],"picked":"Slimebound:SplitMire+1","floor":21.0},{"not_picked":["Slimebound:GoopSpray","Slimebound:SlimeBarrage"],"picked":"Slimebound:LeechEnergy","floor":22.0},{"not_picked":["Slimebound:TongueLash","Slimebound:ComboTackle+1"],"picked":"Slimebound:SpikyOuterGoop","floor":26.0},{"not_picked":["Slimebound:SlimeBarrage","Slimebound:LeechEnergy"],"picked":"Slimebound:RejuvenatingLick","floor":27.0},{"not_picked":["Slimebound:SlimeSpikes","Slimebound:PressTheAttack","Slimebound:LevelUp"],"picked":"SKIP","floor":28.0},{"not_picked":["Slimebound:ViciousTackle+1","Slimebound:AcidTongue"],"picked":"Slimebound:FirmFortitude","floor":29.0},{"not_picked":["Slimebound:Chomp","Slimebound:ProtectTheBoss"],"picked":"Slimebound:SplitMire","floor":30.0},{"not_picked":["Slimebound:DouseInSlime","Slimebound:GrowthPunch"],"picked":"Slimebound:Nibble+1","floor":32.0},{"not_picked":["Slimebound:LeechLife","Slimebound:Teamwork"],"picked":"Slimebound:MassFeed","floor":33.0},{"not_picked":["Slimebound:SlimeBarrage+1","Slimebound:GrowthPunch+1"],"picked":"Slimebound:RejuvenatingLick+1","floor":36.0},{"not_picked":["Slimebound:ComboTackle+1","Slimebound:DisruptingSlam"],"picked":"Slimebound:SamplingLick","floor":37.0},{"not_picked":["Slimebound:Replication","Slimebound:FinishingTackle+1"],"picked":"Slimebound:GoopSpray+1","floor":38.0},{"not_picked":["Slimebound:FirmFortitude","Slimebound:Chomp"],"picked":"Slimebound:SplitLeeching+1","floor":39.0},{"not_picked":["Slimebound:ViciousTackle+1","Slimebound:GrowthPunch"],"picked":"Slimebound:SplitAcid","floor":40.0},{"not_picked":["Slimebound:GrowthPunch+1","Slimebound:ForwardTackle+1","Slimebound:LeechingTouch"],"picked":"SKIP","floor":44.0},{"not_picked":["Slimebound:Prepare+1","Slimebound:GrowthPunch+1"],"picked":"Slimebound:RejuvenatingLick","floor":45.0},{"not_picked":["Slimebound:LeechingTouch","Slimebound:FinishingTackle"],"picked":"Slimebound:Schlurp","floor":47.0},{"not_picked":["Slimebound:Schlurp","Slimebound:MinionMaster"],"picked":"Slimebound:SplitMire+1","floor":48.0},{"not_picked":["Slimebound:LeechEnergy+1","Slimebound:Dissolve+1"],"picked":"Slimebound:HauntingLick+1","floor":49.0},{"not_picked":["Slimebound:SpikyOuterGoop","Slimebound:Equalize"],"picked":"Slimebound:SlimeTap","floor":53.0},{"not_picked":["Slimebound:GoopSpray","Slimebound:BestDefense","Slimebound:SplitLeeching"],"picked":"SKIP","floor":54.0},{"not_picked":["Slimebound:GrowthPunch","Slimebound:GoopSpray"],"picked":"Slimebound:SamplingLick","floor":56.0},{"not_picked":["Slimebound:SplitLeeching","Slimebound:HauntingLick","Slimebound:SplitAcid"],"picked":"SKIP","floor":59.0},{"not_picked":["Slimebound:PressTheAttack","Slimebound:HauntingLick","Slimebound:ProtectTheBoss"],"picked":"SKIP","floor":61.0},{"not_picked":["Slimebound:SplitAcid","Slimebound:ViciousTackle","Slimebound:RollThrough"],"picked":"SKIP","floor":62.0},{"not_picked":["Slimebound:Equalize","Slimebound:ComboTackle","Slimebound:SlimeSlap"],"picked":"SKIP","floor":64.0},{"not_picked":["Slimebound:AcidTongue","Slimebound:SamplingLick"],"picked":"Slimebound:Nibble","floor":65.0},{"not_picked":["Slimebound:SamplingLick","Slimebound:GrowthPunch","Slimebound:GoopSpray"],"picked":"SKIP","floor":66.0},{"not_picked":["hubris:Rewind","infinitespire:Fortify"],"picked":"infinitespire:FutureSight","floor":67.0},{"not_picked":["infinitespire:Collect","infinitespire:DeathsTouch"],"picked":"ReplayTheSpireMod:Black Plague","floor":70},{"not_picked":["Slimebound:FinishingTackle","Slimebound:LeechingTouch"],"picked":"Slimebound:FormOfPuddle","floor":70},{"not_picked":["Slimebound:SplitBruiser","Slimebound:Equalize","Slimebound:SplitMire"],"picked":"SKIP","floor":72},{"not_picked":["Slimebound:WasteNot","Slimebound:Gluttony+1","Slimebound:SplitMire"],"picked":"SKIP","floor":73},{"not_picked":["Slimebound:RainOfGoop","Slimebound:LeechingTouch","Slimebound:SplitLeeching"],"picked":"SKIP","floor":74},{"not_picked":["Slimebound:FormOfPuddle+1","Slimebound:HauntingLick","Slimebound:GoopSpray+1"],"picked":"SKIP","floor":75},{"not_picked":["Slimebound:SplitLeeching","Slimebound:BestDefense","Slimebound:ViciousTackle"],"picked":"SKIP","floor":77},{"not_picked":["infinitespire:Gouge","infinitespire:UltimateForm"],"picked":"infinitespire:FutureSight","floor":79},{"not_picked":["Slimebound:SplitBruiser","Slimebound:ViciousTackle","Slimebound:GoopTackle"],"picked":"SKIP","floor":80},{"not_picked":["Slimebound:SlimeSpikes+1","Slimebound:SplitAcid+1"],"picked":"Slimebound:SamplingLick+1","floor":82},{"not_picked":["Replay:BasicMightCard+1","hubris:Insight+1"],"picked":"expansioncontent:DarkVoid+1","floor":82},{"not_picked":["Slimebound:Dissolve","Slimebound:MegaLick+1"],"picked":"Slimebound:SlimeSpikes","floor":83},{"not_picked":["Slimebound:GoopSpray","Slimebound:Schlurp","Slimebound:SplitBruiser+1"],"picked":"SKIP","floor":87},{"not_picked":["Slimebound:SlimeSpikes+1","Slimebound:SplitAcid"],"picked":"Slimebound:RejuvenatingLick+1","floor":88},{"not_picked":["Slimebound:GoopSpray+1","Slimebound:PressTheAttack","Slimebound:SlimeSpikes"],"picked":"SKIP","floor":89},{"not_picked":["Slimebound:ViciousTackle+1","Slimebound:SlimeTap+1","Slimebound:FinishingTackle"],"picked":"SKIP","floor":90},{"not_picked":["Slimebound:Schlurp","Slimebound:FlameTackle+1","Slimebound:SplitBruiser"],"picked":"SKIP","floor":92},{"not_picked":["Slimebound:FlameTackle+1","Slimebound:SpikyOuterGoop","Slimebound:SplitBruiser"],"picked":"SKIP","floor":93},{"not_picked":["Slimebound:Schlurp+1","Slimebound:SplitMire+1"],"picked":"Slimebound:MegaLick","floor":96},{"not_picked":["Slimebound:LeechingTouch+1","Slimebound:Teamwork","Slimebound:FinishingTackle"],"picked":"SKIP","floor":98},{"not_picked":["Slimebound:Grow","Slimebound:PressTheAttack+1","Slimebound:Schlurp"],"picked":"SKIP","floor":99},{"not_picked":["Slimebound:SlimeTap","Slimebound:FlameTackle+1","Slimebound:RejuvenatingLick"],"picked":"SKIP","floor":100}],"player_experience":165419,"relics_obtained":[{"floor":3.0,"key":"jedi:arcanewood"},{"floor":10.0,"key":"Replay:Ringing Soul"},{"floor":11.0,"key":"hubris:TenFootPole"},{"floor":21.0,"key":"CCEMRelics:TinyMinotavrHorn"},{"floor":24.0,"key":"CCEMRelics:PorcelainBowl"},{"floor":27.0,"key":"Gremlin Horn"},{"floor":40.0,"key":"Runesmith:Nanobots"},{"floor":41.0,"key":"CCEMRelics:JestersCrown"},{"floor":43.0,"key":"CCEMRelics:DissonantTune"},{"floor":44.0,"key":"Centennial Puzzle"},{"floor":45.0,"key":"jedi:firstaidkit"},{"floor":57.0,"key":"Ring of Misfortune"},{"floor":57.0,"key":"ReplayTheSpireMod:Ring of Addiction"},{"floor":57.0,"key":"White Beast Statue"},{"floor":57.0,"key":"Potion Belt"},{"floor":58.0,"key":"infinitespire:WardingShard"}],"event_choices":[{"damage_healed":0.0,"max_hp_gain":0.0,"max_hp_loss":0.0,"gold_gain":1.0,"event_name":"betterStone:BetterStone","player_choice":"1","floor":14.0,"gold_loss":0.0,"damage_taken":0.0},{"cards_removed":["Slimebound:Split"],"damage_healed":0.0,"max_hp_gain":0.0,"max_hp_loss":0.0,"gold_gain":0.0,"event_name":"betterNote:BetterNote","player_choice":"Give","floor":31.0,"gold_loss":0.0,"damage_taken":0.0,"cards_obtained":["None"]},{"damage_healed":0.0,"max_hp_gain":0.0,"max_hp_loss":0.0,"gold_gain":0.0,"event_name":"Mysterious Sphere","player_choice":"Fight","floor":45.0,"gold_loss":0.0,"damage_taken":0.0},{"damage_healed":0.0,"max_hp_gain":0.0,"max_hp_loss":0.0,"gold_gain":0.0,"event_name":"Lab","player_choice":"Got Potions","floor":46.0,"gold_loss":0.0,"damage_taken":0.0},{"damage_healed":0.0,"max_hp_gain":0.0,"max_hp_loss":0.0,"gold_gain":0.0,"event_name":"Upgrade Shrine","player_choice":"Upgraded","floor":52.0,"gold_loss":0.0,"damage_taken":0.0,"cards_upgraded":["Slimebound:RejuvenatingLick"]},{"damage_healed":0,"gold_gain":0,"player_choice":"2","damage_taken":0,"max_hp_gain":0,"max_hp_loss":0,"event_name":"betterMatch:BetterMatch","floor":82,"gold_loss":0,"cards_obtained":["betterMatch:CommonCard","betterMatch:ColorlessUncommonCard"]},{"damage_healed":0,"gold_gain":0,"player_choice":"Leave","damage_taken":0,"max_hp_gain":0,"max_hp_loss":0,"event_name":"conspire:Investor","floor":91,"gold_loss":0},{"damage_healed":0,"gold_gain":0,"player_choice":"Got Potions","damage_taken":0,"max_hp_gain":0,"max_hp_loss":0,"event_name":"Lab","floor":94,"gold_loss":0}],"is_beta":false,"boss_relics":[{"not_picked":["Cursed Key","Calling Bell"],"picked":"aspiration:MobileForge"},{"not_picked":["hubris:ScarierMask","beaked:SacredDeck"],"picked":"ChewingGum"},{"not_picked":["hubris:Backtick","jedi:hotpepper"],"picked":"halation:ForbiddenBikini"},{"not_picked":["Runic Pyramid","jedi:hotpepper"],"picked":"halation:LoveArrow"},{"not_picked":["Pandora\u0027s Box","halation:CatFaceCupcake","aspiration:PoetsPen_weak"]},{"not_picked":["Empty Cage","Runic Dome"],"picked":"SlaversCollar"}],"items_purged_floors":[76,97],"is_endless":true,"potions_floor_spawned":[5,10,13,15,16,20,29,30,33,36,40,47,48,53,59,61,62,64,65,66,67,70,72,73,74,75,77,80,83,84,87,88,89,90,92,93,96,98,99,100,101],"ascension_level":0}}