{"host":"l8lm1goh5xm9tkuw","time":1607614075,"event":{"mods":["BaseMod","StSLib","MostiFishMod","Act Like it!","Astrologer","Colored Map","Colored Powertips","Hermit","KomeijiMod","Lobotomy","LobotomyExtend","Marisa（F雨　魔理沙）","Minty Spire (QoL Compilation)","Quick Restart","Replay The Spire","TestMod","The Bug Knight","The Hierophant","UnlockEverythingMod","vexMod","Alarm Clock","KinomotoSakuraMod(木之本樱)","【遗物卡牌】REMEMod","GungeonMod","Shade Mod","The Animator","Yuri Mod","Library of Ruina","Library of Ruina Extra"],"gold_per_floor":[120,120,139,153,153,180,180,212,285,334,347,297,329,343,343,446,446,456,381,130,148,160,190,190,219,219,134,163,178,210,229,229,328,328,339,352,37,53,453,453,210,244,295,315,347,104,119,136,136,136,136],"floor_reached":52,"playtime":2131,"items_purged":["LightAttack","LightAttack","Dodge"],"score":1719,"play_id":"cc8f7495-86ea-4b4e-9742-686010fb8729","local_time":"20201210232755","is_ascension_mode":true,"campfire_choices":[{"data":"DefenseOrder","floor":7.0,"key":"SMITH"},{"floor":15.0,"key":"DIG"},{"data":"FrontalAssault","floor":24.0,"key":"SMITH"},{"data":"Bvapour","floor":32.0,"key":"SMITH"},{"data":"LossOfSenses","floor":40.0,"key":"SMITH"},{"data":"FocusedStrikes","floor":49,"key":"PURGE"}],"circlet_count":0,"master_deck":["AscendersBane","LightDefense","LightDefense","LightDefense","ChargeAndCover","DefenseOrder+1","AssaultOrder","SmokingPipe","FleshFillet+1","FrontalAssault+1","FleshFillet+1","Deep Breath+1","GuidanceOfTheGears","Bvapour+1","SilentMist+1","AutonomousRush","DeepDrag","LossOfSenses+1","InhaleSmoke+1"],"special_seed":0,"relics":["PageOfLibrarian","testmod-TestBox","REME_ComplimentaryCards","EGODaCapo","testmod-AssaultLearning","KyoryuNoHagoromo","Question Card","LetterFromLob","Golden Egg","DemoMod:VorpalBullet","REME_HourglassOfDeath","Replay:WaspNest","StrikeDummy","REME_HandOfSuture","ImportantClient","RhineCircuit","Replay:Baseball","Oddly Smooth Stone","DemoMod:NanoMachines","Quantum Egg","Pen Nib","PageOfTheSilentOrchestra","ReplayTheSpireMod:Shallot","testmod-BatchProcessingSystem","Membership Card","PageOfForsakenMurderer","PageOfMercenary","DemoMod:MemoryAlloy","DemoMod:MeatBun","Replay:Wax Seal","InkBottle","vexMod:GhostlyGear","ReplayFunnel","DemoMod:GlassGuonStoneRelic","RedMistMask"],"acts_visited":["Exordium","TheCity","TheBeyond"],"potions_floor_usage":[45,50],"damage_taken":[{"damage":6.0,"enemies":"Small Slimes","floor":1.0,"turns":4.0},{"damage":0.0,"enemies":"2 Louse","floor":3.0,"turns":3.0},{"damage":0.0,"enemies":"Jaw Worm","floor":4.0,"turns":3.0},{"damage":0.0,"enemies":"3 Sentries","floor":6.0,"turns":10.0},{"damage":0.0,"enemies":"Gremlin Nob","floor":8.0,"turns":5.0},{"damage":0.0,"enemies":"2 Fungi Beasts","floor":11.0,"turns":4.0},{"damage":0.0,"enemies":"Lagavulin","floor":13.0,"turns":6.0},{"damage":0.0,"enemies":"Blue Slaver","floor":14.0,"turns":3.0},{"damage":9.0,"enemies":"Slime Boss","floor":16.0,"turns":8.0},{"damage":5.0,"enemies":"3 Byrds","floor":18.0,"turns":3.0},{"damage":0.0,"enemies":"Chosen","floor":21.0,"turns":3.0},{"damage":0.0,"enemies":"Centurion and Healer","floor":22.0,"turns":5.0},{"damage":1.0,"enemies":"Slavers","floor":23.0,"turns":5.0},{"damage":0.0,"enemies":"Gremlin Leader","floor":25.0,"turns":3.0},{"damage":0.0,"enemies":"Book of Stabbing","floor":28.0,"turns":3.0},{"damage":0.0,"enemies":"Cultist and Chosen","floor":29.0,"turns":5.0},{"damage":0.0,"enemies":"Gremlin Leader","floor":30.0,"turns":4.0},{"damage":0.0,"enemies":"3 Cultists","floor":31.0,"turns":3.0},{"damage":0.0,"enemies":"Champ","floor":33.0,"turns":8.0},{"damage":0.0,"enemies":"3 Darklings","floor":35.0,"turns":3.0},{"damage":0.0,"enemies":"Orb Walker","floor":36.0,"turns":3.0},{"damage":1.0,"enemies":"Maw","floor":38.0,"turns":6.0},{"damage":24.0,"enemies":"Nemesis","floor":42.0,"turns":6.0},{"damage":0.0,"enemies":"Jaw Worm Horde","floor":44.0,"turns":2.0},{"damage":6,"enemies":"Reptomancer","floor":45,"turns":6},{"damage":0,"enemies":"Spire Growth","floor":47,"turns":2},{"damage":0,"enemies":"Writhing Mass","floor":48,"turns":3},{"damage":0,"enemies":"Time Eater","floor":50,"turns":4}],"seed_played":"3610199414984471032","potions_obtained":[{"floor":3.0,"key":"FearPotion"},{"floor":11.0,"key":"Cursed Concoction"},{"floor":13.0,"key":"Fire Potion"},{"floor":14.0,"key":"Adrenaline Potion"},{"floor":22.0,"key":"DemoMod:LeadSkinPotion"},{"floor":25.0,"key":"Strength Potion"},{"floor":28.0,"key":"BlessingOfTheForge"},{"floor":31.0,"key":"GamblersBrew"},{"floor":33.0,"key":"DemoMod:LeadSkinPotion"},{"floor":38.0,"key":"Energy Potion"},{"floor":45,"key":"Explosive Potion"}],"is_trial":false,"path_per_floor":["M","?","M","M","?","E","R","E","T","?","M","?","E","M","R_BF","B",null,"M","?","$","M","M","E","R","E","T","?","E","M","E","M","R","B",null,"M","M","$","M","?","R","$","E","T","M","E","$","M","M","R_BF","B",null,null],"character_chosen":"Librarian","items_purchased":["Replay:Baseball","Deep Breath","Membership Card","PageOfForsakenMurderer","PageOfMercenary","DemoMod:MemoryAlloy","DemoMod:MeatBun","vexMod:GhostlyGear","ReplayFunnel","Adrenaline Potion"],"campfire_rested":0,"item_purchase_floors":[20,20,37,37,37,41,41,46,46,46],"current_hp_per_floor":[48,53,58,64,64,75,75,75,75,75,75,75,75,75,75,69,74,75,75,75,75,75,75,75,75,75,75,75,75,75,75,75,75,75,75,75,75,75,75,75,75,56,56,56,50,50,50,50,50,50,50],"gold":136,"neow_bonus":"ONE_RARE_RELIC","is_daily":false,"chose_seed":false,"campfire_upgraded":4,"win_rate":0,"timestamp":1607614075,"path_taken":["M","?","M","M","?","E","R","E","T","?","M","?","E","M","R_BF","BOSS","M","?","$","M","M","E","R","E","T","?","E","M","E","M","R","BOSS","M","M","$","M","?","R","?","E","T","M","E","$","M","M","R_BF","BOSS"],"build_version":"2020-11-30","purchased_purges":3,"victory":true,"max_hp_per_floor":[70,75,75,75,75,75,75,75,75,75,75,75,75,75,75,75,75,75,75,75,75,75,75,75,75,75,75,75,75,75,75,75,75,75,75,75,75,75,75,75,75,82,82,82,83,83,83,83,83,83,83],"card_choices":[{"not_picked":["Fence","Riposte","Reload","Slice_lor"],"picked":"SKIP","floor":1.0},{"not_picked":["HiddenBlade","Faith","CrackOfDawn","QuickAttack","WillOfThePrescript"],"picked":"SKIP","floor":3.0},{"not_picked":["FierceCharge","SpearedSweep","QuickAttack","YoureTooSlow"],"picked":"DefenseOrder","floor":4.0},{"not_picked":["UncannyStrike","WrathOfTorment","HighKick","Pound","UndertakePrescript"],"picked":"SKIP","floor":6.0},{"not_picked":["MultiBlock","FeelinGood","StrongStrike","Execute_lor"],"picked":"AssaultOrder","floor":8.0},{"not_picked":["DarkCloud","SunsetBlade","FrontalAssault","ForTheFamily"],"picked":"SmokingPipe","floor":10.0},{"not_picked":["HighKick","StrongStrike","HiddenBlade","AsThePrescriptOrders"],"picked":"FleshFillet","floor":10.0},{"not_picked":["FleetEdge","Crush","Struggle","FierceCharge","AlloutWar"],"picked":"SKIP","floor":11.0},{"not_picked":["MultiHit","HandleRequest","AsThePrescriptOrders","AbsorbImpact","FleetEdge"],"picked":"SKIP","floor":13.0},{"not_picked":["WrathOfTorment","MultiHit","InkOver","Tailoring"],"picked":"FrontalAssault","floor":14.0},{"not_picked":["UnforgettableMelody","BlazingStrike","CrackOfDawn"],"picked":"FleshFillet","floor":16.0},{"not_picked":["DevastatingThrash+1","SpearedSweep","StrongStrike+1","Execute_lor","FleetEdge"],"picked":"SKIP","floor":18.0},{"not_picked":["TimeForALittleTest","QuickAttack","Faith","FierceCharge","SmokingPipe"],"picked":"SKIP","floor":21.0},{"not_picked":["TieShanKao","HiddenBlade","MultiBlock","StartinOutLightly"],"picked":"GuidanceOfTheGears","floor":22.0},{"not_picked":["SilentMist","AlloutWar+1","MultiHit","DarkCloud+1","CleanUp"],"picked":"SKIP","floor":23.0},{"not_picked":["MultiBlock+1","Faith","FrontalAssault","WrathOfTorment","ButterflySlash"],"picked":"SKIP","floor":25.0},{"not_picked":["HighSpeedStabbing+1","RulesOfTheBackstreets","WillBeTasty","EnergyConversion+1"],"picked":"Bvapour","floor":28.0},{"not_picked":["Feast+1","InkOver+1","ButterflySlash","WillOfThePrescript","FeatherShield"],"picked":"SKIP","floor":29.0},{"not_picked":["AsThePrescriptOrders","StrongStrike","SunsetBlade","FleetEdge+1"],"picked":"SilentMist+1","floor":30.0},{"not_picked":["SunsetBlade","WillOfThePrescript","DarkCloud","FleetEdge","WillProduceFineSilk"],"picked":"SKIP","floor":31.0},{"not_picked":["Pound+1","SmokingPipe","HiddenBlade+1","EmotionalTurbulence"],"picked":"AutonomousRush","floor":35.0},{"not_picked":["DarkCloud","SunsetBlade+1","CleanUp","HighKick+1"],"picked":"DeepDrag","floor":36.0},{"not_picked":["AsThePrescriptOrders","SmokingPipe+1","EnergyShield","Pound+1"],"picked":"LossOfSenses","floor":38.0},{"not_picked":["FierceCharge","EnergyBeam","AsThePrescriptOrders","SpearedSweep+1","Preparation"],"picked":"SKIP","floor":42.0},{"not_picked":["ScratchThat","AsThePrescriptOrders","FierceCharge","DefenseOrder","FaintMemories"],"picked":"SKIP","floor":44.0},{"not_picked":["SparkingSpear+1","Feast","RulesOfTheBackstreets+1","LossOfSenses"],"picked":"InhaleSmoke+1","floor":45},{"not_picked":["UncannyStrike","AutonomousRush","FierceCharge","HighKick","Pound+1"],"picked":"SKIP","floor":47},{"not_picked":["MultiHit+1","SmokingPipe+1","EnergyBeam","SunsetBlade","HighKick"],"picked":"SKIP","floor":48}],"player_experience":303434,"relics_obtained":[{"floor":1.0,"key":"Question Card"},{"floor":1.0,"key":"LetterFromLob"},{"floor":6.0,"key":"Golden Egg"},{"floor":8.0,"key":"DemoMod:WeirdEgg"},{"floor":9.0,"key":"REME_HourglassOfDeath"},{"floor":10.0,"key":"Replay:WaspNest"},{"floor":13.0,"key":"StrikeDummy"},{"floor":15.0,"key":"REME_HandOfSuture"},{"floor":16.0,"key":"ImportantClient"},{"floor":23.0,"key":"Oddly Smooth Stone"},{"floor":25.0,"key":"DemoMod:NanoMachines"},{"floor":26.0,"key":"Quantum Egg"},{"floor":28.0,"key":"PageOfTheSilentOrchestra"},{"floor":30.0,"key":"ReplayTheSpireMod:Shallot"},{"floor":42.0,"key":"Replay:Wax Seal"},{"floor":45,"key":"InkBottle"},{"floor":47,"key":"RedMistMask"}],"event_choices":[{"damage_healed":0.0,"max_hp_gain":5.0,"max_hp_loss":0.0,"gold_gain":0.0,"event_name":"Big Fish","player_choice":"Donut","floor":2.0,"gold_loss":0.0,"damage_taken":0.0},{"damage_healed":0.0,"max_hp_gain":0.0,"max_hp_loss":0.0,"gold_gain":0.0,"event_name":"给自己的盒子","player_choice":"Ignored","floor":5.0,"gold_loss":0.0,"damage_taken":0.0},{"cards_removed":["LightDefense"],"damage_healed":0.0,"max_hp_gain":0.0,"max_hp_loss":0.0,"gold_gain":0.0,"event_name":"The Cleric","player_choice":"Card Removal","floor":12.0,"gold_loss":50.0,"damage_taken":0.0},{"cards_removed":["LightAttack"],"damage_healed":0.0,"max_hp_gain":0.0,"max_hp_loss":0.0,"gold_gain":0.0,"event_name":"Beggar","player_choice":"Gave Gold","floor":19.0,"gold_loss":75.0,"damage_taken":0.0},{"damage_healed":0.0,"max_hp_gain":0.0,"max_hp_loss":0.0,"gold_gain":0.0,"event_name":"Addict","player_choice":"Obtained Relic","floor":27.0,"gold_loss":85.0,"damage_taken":0.0,"relics_obtained":["Pen Nib"]},{"damage_healed":0.0,"max_hp_gain":0.0,"max_hp_loss":0.0,"gold_gain":400.0,"event_name":"恩洛斯的盘子","player_choice":"Sell","floor":39.0,"relics_lost":["DaveBox"],"gold_loss":0.0,"damage_taken":0.0}],"is_beta":false,"boss_relics":[{"not_picked":["testmod-Temperance","GreenFoldingFan"],"picked":"RhineCircuit"},{"not_picked":["HaiYi:Twilight","REME_DemonsWealth"],"picked":"testmod-BatchProcessingSystem"}],"items_purged_floors":[20,41,46],"is_endless":false,"potions_floor_spawned":[3,11,13,14,22,25,28,31,33,36,38,45,48],"ascension_level":11}}