{"host":"ejx8funnumxcegvh","time":1607643927,"event":{"mods":["BaseMod","AchievementEnabler","StSLib","Aspiration","Bard","Beaked The Cultist","BetterRewards","CCEM","Clawfect","Colored Map","Conspire","Downfall","GifTheSpireLib","Googly Eyes","Halation","Highlight Path","Hubris","Hunter ??","Infinite Spire","Jedi Mod","Mad Scientist","Marisa????????","Mimic Mod","Minty Spire (QoL Compilation)","Permanent Neow","Replay The Spire","Shop Mod","Stuff the Spire","The Administrix","The Blackbeard","The Bug Knight","The Construct","The Cursed","The Disciple","The Gatherer","The Hierophant","The IronCluck","The Jungle","The Mystic","The Necromancer","The Problem Sleuth","The Runesmith","The Servant 0.9.4","The Spell Scribe","The Witch","Unceasing Turn Reminder","[IsaacMod]????","everything is the same but u backflip on backflip","Better Altar","Better Match","Better Note","Better Sensory Stone","Better Skull","Better Third Choice","Hermit","Jorbs\u0027s Wanderer Trilogy","Shade Mod","Spicy Shops","slay the spire mod where everything is the same but ironclad has a cowboy hat"],"gold_per_floor":[118,134,144,144,164,164,199,199,222,222,237,252,283,298,298,399,399,411,427,447,459,459,459],"floor_reached":22,"playtime":2605,"items_purged":["conspire:GhostlyStrike"],"score":277,"play_id":"eb97caee-5e9c-44f7-89b4-04881a79d4e0","local_time":"20201210174527","is_ascension_mode":false,"campfire_choices":[{"data":"Shade:AnimateDead","floor":6,"key":"SMITH"},{"data":"Shade:CallWraith","floor":8,"key":"SMITH"},{"floor":10,"key":"RECALL"},{"data":"Shade:Bonestorm","floor":15,"key":"SMITH"}],"circlet_count":0,"master_deck":["conspire:GhostlyStrike","conspire:GhostlyStrike","conspire:GhostlyStrike","conspire:GhostlyDefend","conspire:GhostlyDefend","conspire:GhostlyDefend","conspire:GhostlyDefend","Shade:AnimateDead+1","Shade:CarefulCut","Shade:AncientSpear","Shade:Bonestorm+1","Shade:WallOfFlesh","Shade:DangerousRitual","Shade:CallWraith+1","Shade:FuneraryJewels","Shade:Brains","Shade:GoDigging","Shade:WallOfFlesh","Shade:SoulPierce","Shade:OminousRitual","Shade:Tombstone","Shade:OpenGraves+1","Shade:ExtraLimbs","Shade:Trample"],"relics":["Shade:YorickSkull","HushsDoor","KeepersGift","aspiration:Nostalgia","sneckomod:SneckoSoul","Garlic","jedi:arcanewood","Ring of Chaos","GuppysCollar"],"acts_visited":["Exordium","Exordium"],"potions_floor_usage":[],"damage_taken":[{"damage":3,"enemies":"Small Slimes","floor":1,"turns":3},{"damage":0,"enemies":"Jaw Worm","floor":2,"turns":2},{"damage":0,"enemies":"Cultist","floor":3,"turns":3},{"damage":0,"enemies":"Exordium Thugs","floor":5,"turns":3},{"damage":0,"enemies":"HollowMod:MossKnight","floor":7,"turns":4},{"damage":0,"enemies":"3 Louse","floor":11,"turns":2},{"damage":0,"enemies":"Large Slime","floor":12,"turns":5},{"damage":0,"enemies":"3 Sentries","floor":13,"turns":3},{"damage":0,"enemies":"Exordium Thugs","floor":14,"turns":2},{"damage":15,"enemies":"Hexaghost","floor":16,"turns":14},{"damage":7,"enemies":"theJungle:5_Spyders","floor":18,"turns":8},{"damage":0,"enemies":"theJungle:MUSHROOMGANG","floor":19,"turns":3},{"damage":18,"enemies":"theJungle:JungleHuntersEncounter","floor":20,"turns":8},{"damage":13,"enemies":"theJungle:SlimyTreeVines","floor":21,"turns":10},{"damage":0,"enemies":"theJungle:2_Snecko_Cultists","floor":22,"turns":1}],"seed_played":"-2937166183879425138","potions_obtained":[{"floor":1,"key":"jedi:holywater"},{"floor":2,"key":"sneckomod:MuddlingPotion"},{"floor":5,"key":"FearPotion"},{"floor":7,"key":"Dexterity Potion"},{"floor":12,"key":"Venom Potion"}],"is_trial":false,"path_per_floor":["M","M","M","?","M","R","E","R","T","R","M","M","E","M","R","B",null,"M","M","M","M","M"],"character_chosen":"SHADE","items_purchased":["GuppysCollar","Shade:OminousRitual","Shade:Tombstone"],"campfire_rested":0,"item_purchase_floors":[17,17,17],"current_hp_per_floor":[62,62,62,62,62,62,62,62,62,62,62,62,62,62,62,47,39,32,32,14,7,7,7],"gold":459,"neow_bonus":"NOSTALGIA","is_daily":false,"chose_seed":false,"campfire_upgraded":3,"win_rate":0.0,"timestamp":1607643927,"path_taken":["M","M","M","?","M","R","E","R","T","R","M","M","E","M","R","BOSS","M","M","M","M","M"],"build_version":"2020-11-30","purchased_purges":1,"victory":false,"max_hp_per_floor":[65,65,65,65,65,65,65,65,65,65,65,65,65,65,65,65,39,39,39,39,39,39,39],"card_choices":[{"not_picked":["Shade:RitualOffering","Shade:SelfBurial"],"picked":"Shade:AncientSpear","floor":1},{"not_picked":["Shade:SkeletonHug","Shade:Frenzy"],"picked":"Shade:Bonestorm","floor":2},{"not_picked":["Bomb","Shade:SoulToxin"],"picked":"Shade:WallOfFlesh","floor":3},{"not_picked":["Shade:FleshToFlesh","Shade:PoundOfFlesh"],"picked":"Shade:DangerousRitual","floor":5},{"not_picked":["Shade:Trample","Shade:GreyBargain"],"picked":"Shade:CallWraith","floor":7},{"not_picked":["Shade:SanguineRitual","Shade:DarkOfNight"],"picked":"Shade:FuneraryJewels","floor":11},{"not_picked":["Shade:GreyBargain","Shade:BoneShards"],"picked":"Shade:Brains","floor":12},{"not_picked":["Shade:Frenzy","Shade:CloudOfShrapnel"],"picked":"Shade:GoDigging","floor":13},{"not_picked":["Shade:Excise","Shade:FleshOffering"],"picked":"Shade:WallOfFlesh","floor":14},{"not_picked":["Shade:SelfBurial","Shade:MadHubris"],"picked":"Shade:SoulPierce","floor":16},{"not_picked":["Shade:FeralStrike+1","Shade:GraveStillness"],"picked":"Shade:OpenGraves+1","floor":18},{"not_picked":["Shade:PressTheAttack","Shade:Bonestorm"],"picked":"Shade:ExtraLimbs","floor":19},{"not_picked":["Shade:SpectralStrikes","Shade:TouchOfTheGrave"],"picked":"Shade:Trample","floor":20},{"not_picked":["Shade:SanguineRitual+1","Shade:CallOfTheGrave+1","Shade:WallOfFlesh"],"picked":"SKIP","floor":21}],"player_experience":14904,"relics_obtained":[{"floor":7,"key":"Garlic"},{"floor":13,"key":"jedi:arcanewood"}],"event_choices":[{"damage_healed":0,"gold_gain":0,"player_choice":"Agree","damage_taken":0,"max_hp_gain":0,"max_hp_loss":0,"event_name":"conspire:LoneGhost","floor":4,"gold_loss":0}],"is_beta":false,"boss_relics":[{"not_picked":["CCEMRelics:TransientCore","halation:Yufonium"],"picked":"Ring of Chaos"},{"not_picked":[]}],"items_purged_floors":[17],"is_endless":false,"potions_floor_spawned":[1,2,5,7,12,14,19,20],"killed_by":"theJungle:2_Snecko_Cultists","ascension_level":0}}