{"host":"ocllwaoi18j60ltd","time":1607621853,"event":{"mods":["BaseMod","Quick Restart","StSLib","SuperFastMode","DeckTracker","Permanent Neow","Minty Spire (QoL Compilation)"],"gold_per_floor":[118,129,142,155,172,172,187,187,187,187,217,236,236,252,252,252,252],"floor_reached":16,"playtime":470,"items_purged":[],"score":212,"play_id":"5b6b012e-243e-432b-bb7a-29e085ec7d75","local_time":"20201211023733","is_ascension_mode":true,"campfire_choices":[{"data":"Dualcast","floor":6,"key":"SMITH"},{"data":"Chaos","floor":8,"key":"SMITH"},{"data":"Fusion","floor":13,"key":"SMITH"},{"data":"Static Discharge","floor":15,"key":"SMITH"}],"circlet_count":0,"master_deck":["AscendersBane","Strike_B","Strike_B","Strike_B","Defend_B","Defend_B","Defend_B","Zap","Dualcast+1","Reboot","Fusion+1","Sweeping Beam","Undo","FTL","Doom and Gloom","Chaos+1","Skim","Static Discharge+1"],"special_seed":0,"relics":["Cracked Core","Singing Bowl"],"acts_visited":["Exordium"],"potions_floor_usage":[4,11,16],"damage_taken":[{"damage":0.0,"enemies":"2 Louse","floor":1.0,"turns":2.0},{"damage":1,"enemies":"Cultist","floor":2,"turns":3},{"damage":7,"enemies":"Jaw Worm","floor":3,"turns":4},{"damage":0,"enemies":"Large Slime","floor":4,"turns":3},{"damage":0,"enemies":"Blue Slaver","floor":5,"turns":5},{"damage":0,"enemies":"3 Louse","floor":7,"turns":2},{"damage":10,"enemies":"Lagavulin","floor":11,"turns":5},{"damage":9,"enemies":"Exordium Wildlife","floor":12,"turns":2},{"damage":9,"enemies":"Red Slaver","floor":14,"turns":3},{"damage":28,"enemies":"The Guardian","floor":16,"turns":9}],"seed_played":"-2379992313303055401","potions_obtained":[{"floor":3,"key":"LiquidMemories"},{"floor":5,"key":"AttackPotion"},{"floor":7,"key":"Explosive Potion"},{"floor":12,"key":"Swift Potion"}],"is_trial":false,"path_per_floor":["M","M","M","M","M","R","M","R","T","?","E","M","R","M","R","B"],"character_chosen":"DEFECT","items_purchased":[],"campfire_rested":0,"item_purchase_floors":[],"current_hp_per_floor":[64,63,56,56,56,56,56,56,56,56,48,39,39,30,30,2,2],"gold":252,"neow_bonus":"TRANSFORM_TWO_CARDS","is_daily":false,"chose_seed":false,"campfire_upgraded":4,"win_rate":0,"timestamp":1607621853,"path_taken":["M","M","M","M","M","R","M","R","T","?","E","M","R","M","R","BOSS"],"build_version":"2020-11-30","purchased_purges":0,"victory":false,"max_hp_per_floor":[64,64,64,64,64,64,64,64,64,64,66,66,66,66,66,66,66],"card_choices":[{"not_picked":["Go for the Eyes","Turbo"],"picked":"Sweeping Beam","floor":1.0},{"not_picked":["Leap","Stack"],"picked":"Undo","floor":2},{"not_picked":["Hologram","Redo"],"picked":"FTL","floor":3},{"not_picked":["Rip and Tear","Hyperbeam","Steam"],"picked":"SKIP","floor":4},{"not_picked":["Stack","Barrage"],"picked":"Doom and Gloom","floor":5},{"not_picked":["Cold Snap","Steam"],"picked":"Chaos","floor":7},{"not_picked":["Streamline","Barrage","Steam"],"picked":"Singing Bowl","floor":11},{"not_picked":["Redo","Ball Lightning"],"picked":"Skim","floor":12},{"not_picked":["Sweeping Beam","Compile Driver"],"picked":"Static Discharge","floor":14}],"player_experience":825198,"relics_obtained":[{"floor":11,"key":"Singing Bowl"}],"event_choices":[{"damage_healed":0,"gold_gain":0,"player_choice":"0 cards matched","damage_taken":0,"max_hp_gain":0,"max_hp_loss":0,"event_name":"Match and Keep!","floor":10,"gold_loss":0,"cards_obtained":[]}],"is_beta":false,"boss_relics":[],"items_purged_floors":[],"is_endless":false,"potions_floor_spawned":[3,5,7,12],"killed_by":"The Guardian","ascension_level":20}}