{"host":"kyy1kus4tsuq869y","time":1607573604,"event":{"gold_per_floor":[109,184,3,3,3,3,3,34,34,34,66,66,76,103,103,180,180,193,193,206,223,223,223,238,238,238,47,47,62,73,102,102,174,174,191,191,208,38,90,117,152,152,152,182,182,210,244,262,262,262,262,262,8,8,8],"floor_reached":54,"playtime":2370,"items_purged":[],"score":1324,"play_id":"6e9189a5-e24d-475b-9eea-93143e95e6cf","local_time":"20201210121324","is_ascension_mode":true,"campfire_choices":[{"data":"Mayhem","floor":6.0,"key":"SMITH"},{"data":"Specialist","floor":10.0,"key":"SMITH"},{"data":"Flex","floor":15.0,"key":"SMITH"},{"data":"Reaper","floor":23.0,"key":"SMITH"},{"data":"Inflame","floor":25.0,"key":"SMITH"},{"floor":32.0,"key":"RECALL"},{"data":"Sadistic Nature","floor":42.0,"key":"SMITH"},{"floor":45.0,"key":"REST"},{"floor":49.0,"key":"REST"},{"data":"Magnetism","floor":52,"key":"SMITH"}],"neow_cost":"NONE","seed_source_timestamp":32854897566100,"circlet_count":0,"master_deck":["AscendersBane","Strike_R+1","Strike_R","Strike_R","Strike_R","Strike_R+1","Defend_R","Defend_R","Defend_R","Defend_R","Battle Trance","Flex+1","Mayhem+1","Replay:SS_forest_6+1","Specialist+1","Survivor","Neutralize","Armaments+1","Shockwave+1","Reaper+1","Armaments+1","Power Through+1","Inflame+1","Magnetism+1","Pride","Sword Boomerang","Impervious+1","Sword Boomerang","Immolate+1","Flex+1","Sadistic Nature+1","Replay:Many Hands+1","Fire Breathing+1","Shrug It Off+1","Limit Break+1","Flex+1","Evolve"],"special_seed":0,"relics":["Black Blood","NeowsBlessing","ReplayTheSpireMod:ShopPack","Darkstone Periapt","Happy Flower","Toxic Egg 2","hubris:MysteriousPyramids","theSenshi:FeatherClipsRelic","Replay:Mystery Machine","GreatHeart","Gremlin Food","WingedGreaves","Runesmith:Locket","Omamori","Blue Candle","Ginger","hubris:IronBody","hubris:TenFootPole"],"potions_floor_usage":[50],"damage_taken":[{"damage":0.0,"enemies":"Small Slimes","floor":1.0,"turns":1.0},{"damage":0.0,"enemies":"Lagavulin","floor":8.0,"turns":1.0},{"damage":0.0,"enemies":"3 Sentries","floor":11.0,"turns":2.0},{"damage":0.0,"enemies":"Jaw Worm","floor":13.0,"turns":4.0},{"damage":0.0,"enemies":"Lagavulin","floor":14.0,"turns":6.0},{"damage":70.0,"enemies":"Hexaghost","floor":16.0,"turns":14.0},{"damage":5.0,"enemies":"3 Byrds","floor":18.0,"turns":9.0},{"damage":28.0,"enemies":"Snecko","floor":20.0,"turns":6.0},{"damage":19.0,"enemies":"Shelled Parasite and Fungi","floor":21.0,"turns":6.0},{"damage":4.0,"enemies":"Cultist and Chosen","floor":24.0,"turns":11.0},{"damage":14.0,"enemies":"3 Cultists","floor":29.0,"turns":5.0},{"damage":21.0,"enemies":"Snake Plant","floor":30.0,"turns":7.0},{"damage":40.0,"enemies":"Slavers","floor":31.0,"turns":7.0},{"damage":58.0,"enemies":"Automaton","floor":33.0,"turns":13.0},{"damage":17.0,"enemies":"Orb Walker","floor":35.0,"turns":4.0},{"damage":19.0,"enemies":"3 Darklings","floor":37.0,"turns":5.0},{"damage":37.0,"enemies":"2 Orb Walkers","floor":39.0,"turns":4.0},{"damage":33.0,"enemies":"Nemesis","floor":40.0,"turns":9.0},{"damage":13.0,"enemies":"Giant Head","floor":41.0,"turns":9.0},{"damage":101.0,"enemies":"Reptomancer","floor":44.0,"turns":7.0},{"damage":34.0,"enemies":"Nemesis","floor":46.0,"turns":11.0},{"damage":27.0,"enemies":"Giant Head","floor":47.0,"turns":6.0},{"damage":2.0,"enemies":"Maw","floor":48.0,"turns":7.0},{"damage":94,"enemies":"Replay:Hell Engine","floor":50,"turns":14},{"damage":81,"enemies":"Shield and Spear","floor":54,"turns":3}],"seed_played":"-311464768017277554","potions_obtained":[{"floor":1.0,"key":"ZuzhouPotion:ReiMu"},{"floor":8.0,"key":"Adrenaline Potion"},{"floor":16.0,"key":"Fire Potion"},{"floor":21.0,"key":"AttackPotion"},{"floor":29.0,"key":"Weak Potion"},{"floor":30.0,"key":"Regen Potion"},{"floor":33.0,"key":"ColorlessPotion"},{"floor":41.0,"key":"Energy Potion"},{"floor":44.0,"key":"Energy Potion"},{"floor":47.0,"key":"Weak Potion"},{"floor":48.0,"key":"Venom Potion"}],"is_trial":false,"path_per_floor":["M","?","$","?","?","R","?","E","T","R","E","T","M","E","R","B",null,"M","?","M","M","?","R","M","R","T","$","?","M","M","E","R","B",null,"M","?","M","$","?","E","E","R","T","E","R","E","E","M","R","B",null,"R","$","E"],"character_chosen":"IRONCLAD","items_purchased":["ReplayTheSpireMod:ShopPack","Flex","Magnetism","Sadistic Nature","Limit Break+1","Flex+1","Evolve"],"campfire_rested":2,"item_purchase_floors":[3,3,27,38,53,53,53],"current_hp_per_floor":[74,63,63,68,44,44,44,62,62,62,68,68,74,80,80,22,66,80,80,70,69,69,69,80,80,80,80,86,84,75,62,62,60,80,86,86,85,85,86,84,86,86,86,23,48,39,30,59,84,38,74,74,74,0,0],"gold":8,"neow_bonus":"THREE_ENEMY_KILL","is_prod":false,"is_daily":false,"chose_seed":false,"campfire_upgraded":7,"win_rate":0,"timestamp":1607573604,"path_taken":["M","?","$","?","?","R","?","E","T","R","E","?","?","E","R","BOSS","M","?","M","M","?","R","?","R","T","$","?","M","M","E","R","BOSS","M","?","?","$","?","E","E","R","T","E","R","E","E","M","R","BOSS","R","$","E"],"build_version":"2020-11-30","purchased_purges":0,"victory":false,"max_hp_per_floor":[75,75,75,80,80,80,80,80,80,80,80,80,80,80,80,80,80,80,80,80,80,80,80,80,80,80,80,86,86,86,86,86,86,86,86,86,86,86,86,86,86,86,86,86,86,86,86,86,86,86,86,86,86,86,86],"card_choices":[{"not_picked":["Replay:Undeath\u0027s Touch","hubris:ReadiedAction"],"picked":"Battle Trance","floor":1.0},{"not_picked":["Replay:Undeath\u0027s Touch","hubris:ReadiedAction"],"picked":"Battle Trance","floor":1.0},{"not_picked":["hubris:EnhanceAbility","Secret Weapon"],"picked":"Mayhem","floor":3.0},{"not_picked":["expansioncontent:DonusPower","Enlightenment"],"picked":"Replay:SS_forest_6","floor":3.0},{"not_picked":["Replay:SS_hec_1","expansioncontent:Hexaburn"],"picked":"Specialist","floor":3.0},{"not_picked":["ReplayTheSpireMod:Strike From Hell","Demonic Infusion","Thunderclap"],"picked":"SKIP","floor":8.0},{"not_picked":["Intimidate+1","Flex+1"],"picked":"Armaments+1","floor":11.0},{"not_picked":["ReplayTheSpireMod:Corrosion Curse+1","Cleave"],"picked":"Shockwave+1","floor":13.0},{"not_picked":["Abandon+1","Searing Blow","Warcry+1"],"picked":"SKIP","floor":14.0},{"not_picked":["Immolate","hubris:StunningStrike"],"picked":"Reaper","floor":16.0},{"not_picked":["Havoc+1","Cleave","Headbutt"],"picked":"SKIP","floor":18.0},{"not_picked":["Warcry+1","Reckless Charge"],"picked":"Armaments+1","floor":20.0},{"not_picked":["Run Through","Combust"],"picked":"Power Through+1","floor":21.0},{"not_picked":["Shrug It Off+1","Replay:Undeath\u0027s Touch"],"picked":"Inflame","floor":24.0},{"not_picked":["True Grit+1","hubris:ReadiedAction+1"],"picked":"Sword Boomerang","floor":29.0},{"not_picked":["Pommel Strike","Rage+1"],"picked":"Impervious+1","floor":30.0},{"not_picked":["Dropkick","Dark Embrace"],"picked":"Sword Boomerang","floor":31.0},{"not_picked":["Corruption","Brutality"],"picked":"Immolate","floor":33.0},{"not_picked":["Run Through","Headbutt","ReplayReversal+1"],"picked":"SKIP","floor":35.0},{"not_picked":["Thunderclap+1","Warcry+1"],"picked":"Flex+1","floor":37.0},{"not_picked":["Feel No Pain","Wild Strike"],"picked":"Replay:Many Hands+1","floor":40.0},{"not_picked":["Havoc+1","Pommel Strike","Rage+1"],"picked":"SKIP","floor":41.0},{"not_picked":["Armaments+1","Run Through","Perfected Strike"],"picked":"SKIP","floor":44.0},{"not_picked":["Sentinel+1","Flex+1"],"picked":"Fire Breathing+1","floor":46.0},{"not_picked":["Intimidate+1","Cleave+1","Sword Boomerang"],"picked":"SKIP","floor":47.0},{"not_picked":["Bloodletting+1","Twin Strike"],"picked":"Shrug It Off+1","floor":48.0}],"player_experience":429112,"relics_obtained":[{"floor":8.0,"key":"Darkstone Periapt"},{"floor":9.0,"key":"Happy Flower"},{"floor":11.0,"key":"Toxic Egg 2"},{"floor":12.0,"key":"hubris:MysteriousPyramids"},{"floor":14.0,"key":"theSenshi:FeatherClipsRelic"},{"floor":22.0,"key":"Replay:Mystery Machine"},{"floor":31.0,"key":"Gremlin Food"},{"floor":39.0,"key":"WingedGreaves"},{"floor":40.0,"key":"Runesmith:Locket"},{"floor":41.0,"key":"Omamori"},{"floor":43.0,"key":"Blue Candle"},{"floor":44.0,"key":"Ginger"},{"floor":46.0,"key":"hubris:IronBody"},{"floor":47.0,"key":"hubris:TenFootPole"}],"event_choices":[{"damage_healed":0.0,"max_hp_gain":0.0,"max_hp_loss":0.0,"gold_gain":75.0,"event_name":"World of Goop","player_choice":"Gather Gold","floor":2.0,"gold_loss":0.0,"damage_taken":11.0},{"damage_healed":0.0,"max_hp_gain":5.0,"max_hp_loss":0.0,"gold_gain":0.0,"event_name":"Big Fish","player_choice":"Donut","floor":4.0,"gold_loss":0.0,"damage_taken":0.0},{"damage_healed":0.0,"max_hp_gain":0.0,"max_hp_loss":0.0,"gold_gain":0.0,"event_name":"Shining Light","player_choice":"Entered Light","floor":5.0,"gold_loss":0.0,"damage_taken":24.0,"cards_upgraded":["Strike_R","Replay:SS_forest_6"]},{"damage_healed":0.0,"max_hp_gain":0.0,"max_hp_loss":0.0,"gold_gain":0.0,"event_name":"Wheel of Change","player_choice":"Relic","floor":22.0,"gold_loss":0.0,"damage_taken":0.0},{"cards_removed":["Battle Trance"],"damage_healed":0.0,"max_hp_gain":0.0,"max_hp_loss":0.0,"gold_gain":0.0,"event_name":"Bonfire Elementals","player_choice":"Offered Uncommon","floor":36.0,"gold_loss":0.0,"damage_taken":0.0},{"damage_healed":0.0,"max_hp_gain":0.0,"max_hp_loss":0.0,"gold_gain":0.0,"event_name":"Mysterious Sphere","player_choice":"Fight","floor":39.0,"gold_loss":0.0,"damage_taken":0.0}],"is_beta":false,"boss_relics":[{"not_picked":["Hololive_ChaosS","Replay:Wanted Poster","Coffee Dripper"]},{"not_picked":["hubris:Backtick","Fusion Hammer"],"picked":"Black Blood"}],"items_purged_floors":[],"is_endless":false,"potions_floor_spawned":[1,8,11,16,21,29,30,31,33,41,44,47,48],"killed_by":"Shield and Spear","ascension_level":15}}