{"host":"4edbuligkc8x13l4","time":1607597384,"event":{"gold_per_floor":[114,114,15,15,28,28,46,46,46,63,83,83,108,127,127,201,201,216,227,227,78,78,78,97,97,173,173,190,217,9,27,27,100,100,115,115,129,129,143,143,143,143,169,197,197,211,540,0,0,0,0],"floor_reached":50,"playtime":1888,"items_purged":["Strike_G","Strike_G","Strike_G"],"score":884,"play_id":"b724d72a-055e-4054-ac71-f4c9e00648b2","local_time":"20201210184944","is_ascension_mode":true,"campfire_choices":[{"data":"Blade Dance","floor":6.0,"key":"SMITH"},{"data":"Cloak And Dagger","floor":8.0,"key":"SMITH"},{"data":"Neutralize","floor":12.0,"key":"SMITH"},{"data":"Accuracy","floor":15.0,"key":"SMITH"},{"floor":23.0,"key":"REST"},{"floor":25.0,"key":"REST"},{"floor":32.0,"key":"REST"},{"floor":40,"key":"REST"},{"floor":42,"key":"REST"},{"data":"Envenom","floor":45,"key":"SMITH"},{"floor":49,"key":"REST"}],"neow_cost":"NONE","seed_source_timestamp":540841357834600,"circlet_count":0,"master_deck":["AscendersBane","Strike_G","Strike_G","Defend_G","Defend_G","Defend_G","Survivor","Neutralize+1","Accuracy+1","Cloak And Dagger+1","Blade Dance+1","Cloak And Dagger+1","Footwork","Escape Plan","Caltrops","A Thousand Cuts","Reflex","Backflip","Dagger Throw","Setup+1","Flash of Steel","Dodge and Roll+1","Envenom+1","Accuracy","Footwork","Finisher","Prepared+1"],"special_seed":0,"relics":["Ring of the Snake","Matryoshka","InkBottle","Sozu","Sundial","Regal Pillow","Pear","Toxic Egg 2","Runic Dome","Mercury Hourglass","Juzu Bracelet","Incense Burner","Old Coin","Red Mask"],"potions_floor_usage":[39],"damage_taken":[{"damage":1.0,"enemies":"Small Slimes","floor":1.0,"turns":4.0},{"damage":0.0,"enemies":"Cultist","floor":5.0,"turns":3.0},{"damage":1.0,"enemies":"Jaw Worm","floor":7.0,"turns":4.0},{"damage":0.0,"enemies":"2 Fungi Beasts","floor":10.0,"turns":3.0},{"damage":1.0,"enemies":"3 Louse","floor":11.0,"turns":4.0},{"damage":13.0,"enemies":"Lagavulin","floor":13.0,"turns":4.0},{"damage":3.0,"enemies":"Exordium Thugs","floor":14.0,"turns":5.0},{"damage":15.0,"enemies":"The Guardian","floor":16.0,"turns":5.0},{"damage":10.0,"enemies":"Shell Parasite","floor":18.0,"turns":3.0},{"damage":20.0,"enemies":"3 Byrds","floor":19.0,"turns":3.0},{"damage":5.0,"enemies":"Sentry and Sphere","floor":24.0,"turns":3.0},{"damage":5.0,"enemies":"3 Cultists","floor":28.0,"turns":4.0},{"damage":23.0,"enemies":"Slavers","floor":29.0,"turns":7.0},{"damage":23.0,"enemies":"Snake Plant","floor":31.0,"turns":4.0},{"damage":44.0,"enemies":"Champ","floor":33.0,"turns":9.0},{"damage":20.0,"enemies":"3 Shapes","floor":35.0,"turns":5.0},{"damage":14.0,"enemies":"3 Darklings","floor":37.0,"turns":4.0},{"damage":23,"enemies":"Transient","floor":39,"turns":5},{"damage":4,"enemies":"Reptomancer","floor":44,"turns":5},{"damage":15,"enemies":"Maw","floor":46,"turns":5},{"damage":18,"enemies":"Nemesis","floor":47,"turns":8},{"damage":97,"enemies":"Time Eater","floor":50,"turns":8}],"seed_played":"986930105101554744","potions_obtained":[{"floor":1.0,"key":"SteroidPotion"},{"floor":7.0,"key":"Explosive Potion"},{"floor":13.0,"key":"DuplicationPotion"},{"floor":14.0,"key":"EntropicBrew"}],"is_trial":false,"path_per_floor":["M","?","$","?","M","R","M","R","T","M","M","R","E","M","R","B",null,"M","M","?","$","?","R","M","R","T","?","M","E","$","M","R","B",null,"M","?","M","$","M","R","$","R","T","E","R","M","E","?","R","B"],"character_chosen":"THE_SILENT","items_purchased":["Cloak And Dagger","Backflip","Flash of Steel"],"campfire_rested":6,"item_purchase_floors":[3,21,30],"current_hp_per_floor":[58,58,58,58,58,58,57,57,57,57,56,56,43,40,40,25,56,46,26,26,26,26,45,40,59,69,69,64,41,41,18,55,11,60,40,40,26,26,3,40,40,76,76,72,72,57,39,39,76,0,0],"gold":0,"neow_bonus":"REMOVE_CARD","is_prod":false,"is_daily":false,"chose_seed":false,"campfire_upgraded":5,"win_rate":0,"timestamp":1607597384,"path_taken":["M","?","$","?","M","R","?","R","T","M","M","R","E","M","R","BOSS","M","M","?","$","?","R","M","R","T","?","M","E","$","M","R","BOSS","M","?","M","$","M","R","$","R","T","E","R","M","E","?","R","BOSS"],"build_version":"2020-11-30","purchased_purges":3,"victory":false,"max_hp_per_floor":[66,66,66,66,66,66,66,66,66,66,66,66,66,66,66,66,66,66,66,66,66,66,66,66,66,76,76,76,76,76,76,76,76,76,76,76,76,76,76,76,76,76,76,76,76,76,76,76,76,76,76],"card_choices":[{"not_picked":["Concentrate","Bane"],"picked":"Accuracy","floor":1.0},{"not_picked":["All Out Attack","Finisher"],"picked":"Blade Dance","floor":5.0},{"not_picked":["Poisoned Stab","Backflip"],"picked":"Cloak And Dagger","floor":7.0},{"not_picked":["Noxious Fumes","Distraction"],"picked":"Footwork","floor":10.0},{"not_picked":["Bouncing Flask","Deadly Poison","Bane"],"picked":"SKIP","floor":11.0},{"not_picked":["Slice","Crippling Poison"],"picked":"Escape Plan","floor":13.0},{"not_picked":["Slice","Outmaneuver"],"picked":"Caltrops","floor":14.0},{"not_picked":["Burst","Malaise"],"picked":"A Thousand Cuts","floor":16.0},{"not_picked":["Caltrops","Cloak And Dagger","Dodge and Roll"],"picked":"SKIP","floor":18.0},{"not_picked":["Noxious Fumes","Expertise"],"picked":"Reflex","floor":19.0},{"not_picked":["Quick Slash","Flying Knee","Outmaneuver"],"picked":"SKIP","floor":24.0},{"not_picked":["Reflex","Deflect"],"picked":"Dagger Throw","floor":28.0},{"not_picked":["Flechettes","Noxious Fumes"],"picked":"Setup+1","floor":29.0},{"not_picked":["Catalyst+1","Noxious Fumes"],"picked":"Dodge and Roll+1","floor":31.0},{"not_picked":["Grand Finale","Burst+1"],"picked":"Envenom","floor":33.0},{"not_picked":["Cloak And Dagger+1","Bane"],"picked":"Accuracy","floor":35.0},{"not_picked":["Dagger Spray","Endless Agony"],"picked":"Finisher","floor":37.0},{"not_picked":["All Out Attack","Dagger Spray","Slice"],"picked":"SKIP","floor":39},{"not_picked":["Flying Knee","Setup+1","Envenom"],"picked":"SKIP","floor":44},{"not_picked":["Slice","Deflect+1"],"picked":"Prepared+1","floor":46},{"not_picked":["Finisher","Predator","Dagger Spray"],"picked":"SKIP","floor":47}],"player_experience":886199,"relics_obtained":[{"floor":9.0,"key":"Matryoshka"},{"floor":13.0,"key":"InkBottle"},{"floor":26.0,"key":"Regal Pillow"},{"floor":26.0,"key":"Pear"},{"floor":29.0,"key":"Toxic Egg 2"},{"floor":43,"key":"Mercury Hourglass"},{"floor":43,"key":"Juzu Bracelet"},{"floor":44,"key":"Incense Burner"},{"floor":47,"key":"Old Coin"}],"event_choices":[{"cards_removed":["Defend_G"],"damage_healed":0.0,"max_hp_gain":0.0,"max_hp_loss":0.0,"gold_gain":0.0,"event_name":"Living Wall","player_choice":"Forget","floor":2.0,"gold_loss":0.0,"damage_taken":0.0},{"damage_healed":0.0,"max_hp_gain":0.0,"max_hp_loss":0.0,"gold_gain":0.0,"event_name":"Accursed Blacksmith","player_choice":"Forge","floor":4.0,"gold_loss":0.0,"damage_taken":0.0,"cards_upgraded":["Cloak And Dagger"]},{"damage_healed":0.0,"max_hp_gain":0.0,"max_hp_loss":0.0,"gold_gain":0.0,"event_name":"Vampires","player_choice":"Ignored","floor":20.0,"gold_loss":0.0,"damage_taken":0.0},{"damage_healed":0.0,"max_hp_gain":0.0,"max_hp_loss":0.0,"gold_gain":0.0,"event_name":"The Mausoleum","player_choice":"Opened","floor":22.0,"gold_loss":0.0,"damage_taken":0.0,"relics_obtained":["Sundial"]},{"damage_healed":0.0,"max_hp_gain":0.0,"max_hp_loss":0.0,"gold_gain":0.0,"event_name":"Match and Keep!","player_choice":"0 cards matched","floor":27.0,"gold_loss":0.0,"damage_taken":0.0,"cards_obtained":[]},{"damage_healed":0.0,"max_hp_gain":0.0,"max_hp_loss":0.0,"gold_gain":0.0,"event_name":"Duplicator","player_choice":"Copied","floor":36.0,"gold_loss":0.0,"damage_taken":0.0,"cards_obtained":["Footwork"]},{"damage_healed":0,"gold_gain":0,"player_choice":"Paid","damage_taken":0,"relics_obtained":["Red Mask"],"max_hp_gain":0,"max_hp_loss":0,"event_name":"Tomb of Lord Red Mask","floor":48,"gold_loss":540}],"is_beta":false,"boss_relics":[{"not_picked":["Busted Crown","Black Star"],"picked":"Sozu"},{"not_picked":["Snecko Eye","Coffee Dripper"],"picked":"Runic Dome"}],"items_purged_floors":[3,21,30],"is_endless":false,"potions_floor_spawned":[1,7,13,14,16,18,24,33,35,44],"killed_by":"Time Eater","ascension_level":14}}