{"host":"krw8blyxua7at9ak","time":1607569183,"event":{"gold_per_floor":[114,114,39,51,16,45,45,71,96,96,121,121,135,155,155,232,232,248,248,267,284,303,335,335,369,369,382,394,394,429,457,469,554,566,591,261,279,229,245,272,285,315,315,22,50,66,1,21,21,21,21],"floor_reached":52,"playtime":3779,"items_purged":["Strike_G","Flechettes+1"],"score":2248,"play_id":"ef03f4ce-d5e8-489d-b2cd-aefca92a6bf8","local_time":"20201210035943","is_ascension_mode":true,"campfire_choices":[{"data":"Bouncing Flask","floor":7.0,"key":"SMITH"},{"data":"Burst","floor":10.0,"key":"SMITH"},{"data":"Deadly Poison","floor":15.0,"key":"SMITH"},{"floor":32.0,"key":"REST"},{"floor":49.0,"key":"REST"}],"neow_cost":"NONE","seed_source_timestamp":0,"circlet_count":0,"master_deck":["AscendersBane","Defend_G","Defend_G+1","Defend_G","Survivor","Neutralize+1","Bouncing Flask+1","Predator","Burst+1","Deadly Poison+1","Blur+1","Die Die Die+1","Catalyst+1","Sucker Punch+1","Dash+1","Deflect","Backflip","Cloak And Dagger+1","Infinite Blades+1","Footwork+1","Tools of the Trade+1","Well Laid Plans+1","Reflex","Deflect+1","Caltrops+1","Backflip"],"special_seed":0,"relics":["Ring of the Snake","NeowsBlessing","Potion Belt","Regal Pillow","Anchor","Bag of Preparation","Astrolabe","Frozen Egg 2","Mummified Hand","MawBank","Empty Cage","Membership Card","Ginger","Snake Skull","Pantograph","FossilizedHelix","Toolbox","Whetstone","Blue Candle"],"potions_floor_usage":[51],"damage_taken":[{"damage":0.0,"enemies":"2 Louse","floor":1.0,"turns":1.0},{"damage":0.0,"enemies":"Cultist","floor":4.0,"turns":1.0},{"damage":0.0,"enemies":"Lagavulin","floor":6.0,"turns":1.0},{"damage":30.0,"enemies":"3 Sentries","floor":8.0,"turns":12.0},{"damage":8.0,"enemies":"Gremlin Nob","floor":11.0,"turns":3.0},{"damage":0.0,"enemies":"Jaw Worm","floor":13.0,"turns":3.0},{"damage":4.0,"enemies":"Large Slime","floor":14.0,"turns":5.0},{"damage":16.0,"enemies":"The Guardian","floor":16.0,"turns":9.0},{"damage":0.0,"enemies":"Spheric Guardian","floor":18.0,"turns":3.0},{"damage":2.0,"enemies":"2 Thieves","floor":20.0,"turns":3.0},{"damage":0.0,"enemies":"Snake Plant","floor":21.0,"turns":3.0},{"damage":0.0,"enemies":"Centurion and Healer","floor":22.0,"turns":6.0},{"damage":0.0,"enemies":"Book of Stabbing","floor":23.0,"turns":2.0},{"damage":0.0,"enemies":"Gremlin Leader","floor":25.0,"turns":2.0},{"damage":2.0,"enemies":"Chosen and Byrds","floor":27.0,"turns":4.0},{"damage":7.0,"enemies":"Snecko","floor":28.0,"turns":3.0},{"damage":11.0,"enemies":"Book of Stabbing","floor":30.0,"turns":3.0},{"damage":4.0,"enemies":"Cultist and Chosen","floor":31.0,"turns":4.0},{"damage":39.0,"enemies":"Collector","floor":33.0,"turns":7.0},{"damage":0.0,"enemies":"3 Shapes","floor":35.0,"turns":5.0},{"damage":2.0,"enemies":"Orb Walker","floor":37.0,"turns":4.0},{"damage":10.0,"enemies":"Writhing Mass","floor":39.0,"turns":5.0},{"damage":10.0,"enemies":"Nemesis","floor":40.0,"turns":7.0},{"damage":0.0,"enemies":"Transient","floor":41.0,"turns":6.0},{"damage":32.0,"enemies":"Reptomancer","floor":42.0,"turns":11.0},{"damage":0.0,"enemies":"Nemesis","floor":45.0,"turns":5.0},{"damage":0.0,"enemies":"Sphere and 2 Shapes","floor":46.0,"turns":7.0},{"damage":0.0,"enemies":"4 Shapes","floor":48.0,"turns":4.0},{"damage":45.0,"enemies":"Time Eater","floor":50.0,"turns":8.0},{"damage":18,"enemies":"Donu and Deca","floor":51,"turns":11}],"seed_played":"4027957984591052408","potions_obtained":[{"floor":1.0,"key":"Dexterity Potion"},{"floor":11.0,"key":"CunningPotion"},{"floor":13.0,"key":"Poison Potion"},{"floor":16.0,"key":"PowerPotion"},{"floor":18.0,"key":"SmokeBomb"},{"floor":21.0,"key":"Dexterity Potion"},{"floor":22.0,"key":"GamblersBrew"},{"floor":23.0,"key":"SneckoOil"},{"floor":29.0,"key":"Block Potion"},{"floor":29.0,"key":"Fruit Juice"},{"floor":30.0,"key":"AttackPotion"},{"floor":31.0,"key":"DuplicationPotion"},{"floor":37.0,"key":"Ancient Potion"},{"floor":40.0,"key":"GamblersBrew"},{"floor":45.0,"key":"LiquidMemories"},{"floor":48.0,"key":"FearPotion"}],"is_trial":false,"path_per_floor":["M","?","$","M","?","E","R","E","T","R","E","?","M","M","R","B",null,"M","?","M","M","M","E","?","E","T","M","M","?","E","M","R","B",null,"M","$","M","?","M","E","M","E","T","$","E","M","?","M","R","B","B",null],"character_chosen":"THE_SILENT","items_purchased":["Membership Card","Well Laid Plans+1","Reflex","PowerPotion","Weak Potion","FossilizedHelix","Toolbox","PowerPotion","BlessingOfTheForge"],"campfire_rested":2,"item_purchase_floors":[36,36,36,36,36,44,44,44,44],"current_hp_per_floor":[59,59,59,59,66,66,66,36,36,36,28,50,50,46,46,30,57,57,57,55,55,55,55,37,37,37,35,28,28,22,18,55,16,61,61,61,59,59,49,39,39,7,7,7,7,7,7,7,44,24,31],"gold":21,"neow_bonus":"THREE_ENEMY_KILL","is_prod":false,"is_daily":false,"chose_seed":false,"campfire_upgraded":3,"win_rate":0,"timestamp":1607569183,"path_taken":["M","?","?","?","?","E","R","E","T","R","E","?","M","M","R","BOSS","M","?","M","M","M","E","?","E","T","M","M","?","E","?","R","BOSS","M","$","M","?","?","E","M","E","T","$","E","M","?","M","R","BOSS","BOSS"],"build_version":"2020-11-30","purchased_purges":2,"victory":true,"max_hp_per_floor":[66,66,66,66,66,66,66,66,66,66,66,66,66,66,66,66,66,66,66,66,66,66,66,71,71,71,71,71,71,76,76,76,76,76,76,76,76,76,76,76,76,76,76,76,76,76,76,76,76,76,76],"card_choices":[{"not_picked":["Calculated Gamble","Infinite Blades"],"picked":"Bouncing Flask","floor":1.0},{"not_picked":["Dodge and Roll","Sucker Punch"],"picked":"Blade Dance","floor":4.0},{"not_picked":["Bane","Backflip"],"picked":"Predator","floor":6.0},{"not_picked":["Finisher","Outmaneuver"],"picked":"Burst","floor":8.0},{"not_picked":["Dodge and Roll","Flechettes","Poisoned Stab"],"picked":"SKIP","floor":11.0},{"not_picked":["Prepared","Quick Slash"],"picked":"Deadly Poison","floor":13.0},{"not_picked":["Calculated Gamble","Finisher"],"picked":"Blur","floor":14.0},{"not_picked":["Riddle With Holes+1","Bane"],"picked":"Sucker Punch+1","floor":18.0},{"not_picked":["Dodge and Roll","Sucker Punch"],"picked":"Deflect","floor":20.0},{"not_picked":["Tactician","Cloak And Dagger"],"picked":"Backflip","floor":21.0},{"not_picked":["Deflect","Blade Dance"],"picked":"Cloak And Dagger+1","floor":22.0},{"not_picked":["Expertise","Outmaneuver+1","Heel Hook"],"picked":"SKIP","floor":23.0},{"not_picked":["Reflex","Deflect","Distraction"],"picked":"SKIP","floor":25.0},{"not_picked":["PiercingWail","Riddle With Holes","Slice"],"picked":"SKIP","floor":27.0},{"not_picked":["Poisoned Stab","Distraction"],"picked":"Infinite Blades+1","floor":28.0},{"not_picked":["Terror","Glass Knife","Slice"],"picked":"SKIP","floor":30.0},{"not_picked":["Well Laid Plans+1","Finisher"],"picked":"Footwork+1","floor":31.0},{"not_picked":["Doppelganger","Venomology"],"picked":"Tools of the Trade+1","floor":33.0},{"not_picked":["Bouncing Flask","Dodge and Roll","Concentrate+1"],"picked":"SKIP","floor":35.0},{"not_picked":["Dodge and Roll","Dagger Throw"],"picked":"Deflect+1","floor":37.0},{"not_picked":["Escape Plan","Skewer+1"],"picked":"Caltrops+1","floor":39.0},{"not_picked":["Cloak And Dagger+1","Sucker Punch","Glass Knife"],"picked":"SKIP","floor":40.0},{"not_picked":["Concentrate+1","Underhanded Strike","Slice+1"],"picked":"SKIP","floor":41.0},{"not_picked":["Flying Knee","Heel Hook","Flechettes+1"],"picked":"SKIP","floor":42.0},{"not_picked":["Dagger Spray+1","Deadly Poison","Finisher"],"picked":"SKIP","floor":45.0},{"not_picked":["Masterful Stab+1","Slice","Prepared"],"picked":"SKIP","floor":46.0},{"not_picked":["PiercingWail","Tactician"],"picked":"Backflip","floor":48.0}],"player_experience":316373,"relics_obtained":[{"floor":6.0,"key":"Potion Belt"},{"floor":8.0,"key":"Regal Pillow"},{"floor":9.0,"key":"Anchor"},{"floor":11.0,"key":"Bag of Preparation"},{"floor":23.0,"key":"Frozen Egg 2"},{"floor":25.0,"key":"Mummified Hand"},{"floor":30.0,"key":"MawBank"},{"floor":40.0,"key":"Ginger"},{"floor":42.0,"key":"Snake Skull"},{"floor":43.0,"key":"Pantograph"},{"floor":45.0,"key":"Whetstone"}],"event_choices":[{"cards_removed":["Strike_G"],"damage_healed":0.0,"max_hp_gain":0.0,"max_hp_loss":0.0,"gold_gain":0.0,"event_name":"Bonfire Elementals","player_choice":"Offered Basic","floor":2.0,"gold_loss":0.0,"damage_taken":0.0},{"damage_healed":16.0,"max_hp_gain":0.0,"max_hp_loss":0.0,"gold_gain":0.0,"event_name":"The Cleric","player_choice":"Healed","floor":5.0,"gold_loss":35.0,"damage_taken":0.0},{"damage_healed":22.0,"max_hp_gain":0.0,"max_hp_loss":0.0,"gold_gain":0.0,"event_name":"Big Fish","player_choice":"Banana","floor":12.0,"gold_loss":0.0,"damage_taken":0.0},{"damage_healed":0.0,"max_hp_gain":0.0,"max_hp_loss":0.0,"gold_gain":0.0,"cards_transformed":["Defend_G","Defend_G"],"event_name":"Drug Dealer","player_choice":"Became Test Subject","floor":19.0,"gold_loss":0.0,"damage_taken":0.0,"cards_obtained":["Accuracy","Dash"]},{"damage_healed":0.0,"max_hp_gain":5.0,"max_hp_loss":0.0,"gold_gain":0.0,"event_name":"Forgotten Altar","player_choice":"Shed Blood","floor":24.0,"gold_loss":0.0,"damage_taken":23.0},{"damage_healed":0.0,"max_hp_gain":0.0,"max_hp_loss":0.0,"gold_gain":0.0,"event_name":"Lab","player_choice":"Got Potions","floor":29.0,"gold_loss":0.0,"damage_taken":0.0},{"damage_healed":0.0,"max_hp_gain":0.0,"max_hp_loss":0.0,"gold_gain":0.0,"event_name":"Designer","player_choice":"Upgraded Two","floor":38.0,"gold_loss":50.0,"damage_taken":0.0,"cards_upgraded":["Defend_G","Blur"]},{"damage_healed":0.0,"max_hp_gain":0.0,"max_hp_loss":0.0,"gold_gain":0.0,"event_name":"WeMeetAgain","player_choice":"Paid Gold","floor":47.0,"gold_loss":65.0,"damage_taken":0.0,"relics_obtained":["Blue Candle"]}],"is_beta":false,"boss_relics":[{"not_picked":["WristBlade","Ring of the Serpent"],"picked":"Astrolabe"},{"not_picked":["Velvet Choker","Calling Bell"],"picked":"Empty Cage"}],"items_purged_floors":[3,36],"is_endless":false,"potions_floor_spawned":[1,11,13,16,18,21,22,23,30,31,37,40,45,48],"ascension_level":20}}