{"host":"ocllwaoi18j60ltd","time":1607621005,"event":{"mods":["BaseMod","Quick Restart","StSLib","SuperFastMode","DeckTracker","Permanent Neow","Minty Spire (QoL Compilation)"],"gold_per_floor":[117,117,130,142,156,175,188,188,241,254,254,285,285,299,299,299,299],"floor_reached":16,"playtime":224,"items_purged":[],"score":212,"play_id":"87f85278-f976-4130-ac80-df2bdeb38e29","local_time":"20201211022325","is_ascension_mode":true,"campfire_choices":[{"data":"Double Energy","floor":8.0,"key":"SMITH"},{"floor":11,"key":"REST"},{"floor":13,"key":"REST"},{"floor":15,"key":"REST"}],"circlet_count":0,"master_deck":["AscendersBane","Strike_B","Strike_B","Strike_B","Defend_B","Defend_B","Defend_B","Defend_B","Zap","Dualcast","White Noise","Doom and Gloom","Streamline","Conserve Battery","Biased Cognition","Double Energy+1","Ball Lightning","Glacier"],"special_seed":0,"relics":["Cracked Core","NeowsBlessing","Bronze Scales","Art of War"],"acts_visited":["Exordium"],"potions_floor_usage":[12],"damage_taken":[{"damage":0.0,"enemies":"2 Louse","floor":1.0,"turns":1.0},{"damage":0.0,"enemies":"Small Slimes","floor":3.0,"turns":1.0},{"damage":0.0,"enemies":"Cultist","floor":4.0,"turns":1.0},{"damage":0.0,"enemies":"3 Louse","floor":5.0,"turns":2.0},{"damage":1.0,"enemies":"Exordium Wildlife","floor":6.0,"turns":3.0},{"damage":15.0,"enemies":"Gremlin Gang","floor":7.0,"turns":4.0},{"damage":17,"enemies":"Large Slime","floor":10,"turns":4},{"damage":44,"enemies":"Gremlin Nob","floor":12,"turns":4},{"damage":14,"enemies":"3 Louse","floor":14,"turns":3},{"damage":36,"enemies":"The Guardian","floor":16,"turns":2}],"seed_played":"2738952316547772567","potions_obtained":[{"floor":1.0,"key":"Dexterity Potion"},{"floor":4.0,"key":"EssenceOfSteel"},{"floor":7.0,"key":"PowerPotion"},{"floor":14,"key":"Energy Potion"}],"is_trial":false,"path_per_floor":["M","?","M","M","M","M","M","R","T","M","R","E","R","M","R","B"],"character_chosen":"DEFECT","items_purchased":[],"campfire_rested":3,"item_purchase_floors":[],"current_hp_per_floor":[64,57,57,57,57,56,41,41,41,24,45,1,22,8,29,0,0],"gold":299,"neow_bonus":"THREE_ENEMY_KILL","is_daily":false,"chose_seed":false,"campfire_upgraded":1,"win_rate":0,"timestamp":1607621005,"path_taken":["M","?","M","M","M","M","M","R","T","M","R","E","R","M","R","BOSS"],"build_version":"2020-11-30","purchased_purges":0,"victory":false,"max_hp_per_floor":[71,71,71,71,71,71,71,71,71,71,71,71,71,71,71,71,71],"card_choices":[{"not_picked":["Loop","Hologram"],"picked":"White Noise","floor":1.0},{"not_picked":["Hologram","Steam"],"picked":"Doom and Gloom","floor":3.0},{"not_picked":["Blizzard","Steam"],"picked":"Streamline","floor":4.0},{"not_picked":["White Noise","Cold Snap"],"picked":"Conserve Battery","floor":5.0},{"not_picked":["Leap","Gash"],"picked":"Biased Cognition","floor":6.0},{"not_picked":["Ball Lightning","Steam Power"],"picked":"Double Energy","floor":7.0},{"not_picked":["Recycle","Gash","Streamline"],"picked":"SKIP","floor":10},{"not_picked":["Capacitor","Compile Driver"],"picked":"Ball Lightning","floor":12},{"not_picked":["Skim","Coolheaded"],"picked":"Glacier","floor":14}],"player_experience":823936,"relics_obtained":[{"floor":9.0,"key":"Bronze Scales"},{"floor":12,"key":"Art of War"}],"event_choices":[{"cards_removed":["Strike_B"],"damage_healed":0.0,"max_hp_gain":0.0,"max_hp_loss":0.0,"gold_gain":0.0,"event_name":"Golden Wing","player_choice":"Card Removal","floor":2.0,"gold_loss":0.0,"damage_taken":7.0}],"is_beta":false,"boss_relics":[],"items_purged_floors":[],"is_endless":false,"potions_floor_spawned":[1,4,5,7,14],"killed_by":"The Guardian","ascension_level":20}}