{"host":"69rply1jf2d1wbmp","time":1607626682,"event":{"mods":["BaseMod","Minty Spire (QoL Compilation)","Quick Restart"],"gold_per_floor":[367,382,396,415,31,65,75,75,75,108,124,124,143,159,159,159,159],"floor_reached":16,"playtime":554,"items_purged":["Strike_R"],"score":141,"play_id":"0820b57e-612c-454a-af7e-0ccc2a77074c","local_time":"20201210135802","is_ascension_mode":false,"campfire_choices":[{"floor":8,"key":"REST"},{"data":"Armaments","floor":15,"key":"SMITH"}],"circlet_count":0,"master_deck":["Strike_R","Strike_R","Strike_R","Strike_R","Defend_R","Defend_R","Defend_R","Defend_R","Bash","Clumsy","Twin Strike","Armaments+1","Feed"],"relics":["Burning Blood","Mango","Lantern","Matryoshka","Happy Flower","Torii"],"acts_visited":["Exordium"],"potions_floor_usage":[7,16],"damage_taken":[{"damage":1,"enemies":"Cultist","floor":1,"turns":3},{"damage":3,"enemies":"Jaw Worm","floor":2,"turns":4},{"damage":2,"enemies":"Small Slimes","floor":3,"turns":3},{"damage":11,"enemies":"Blue Slaver","floor":4,"turns":4},{"damage":54,"enemies":"Lagavulin","floor":6,"turns":7},{"damage":9,"enemies":"Exordium Thugs","floor":7,"turns":7},{"damage":24,"enemies":"Gremlin Nob","floor":10,"turns":4},{"damage":13,"enemies":"Gremlin Gang","floor":11,"turns":6},{"damage":0,"enemies":"Large Slime","floor":13,"turns":4},{"damage":2,"enemies":"Blue Slaver","floor":14,"turns":3},{"damage":63,"enemies":"Slime Boss","floor":16,"turns":10}],"seed_played":"504369136003332149","potions_obtained":[{"floor":3,"key":"Swift Potion"},{"floor":4,"key":"Fire Potion"},{"floor":6,"key":"SpeedPotion"},{"floor":10,"key":"BlessingOfTheForge"},{"floor":13,"key":"Regen Potion"}],"is_trial":false,"path_per_floor":["M","M","M","M","$","E","M","R","T","E","M","T","M","M","R","B"],"character_chosen":"IRONCLAD","items_purchased":["Mango"],"campfire_rested":1,"item_purchase_floors":[5],"current_hp_per_floor":[80,80,80,75,89,41,42,71,71,53,49,49,55,59,59,0,0],"gold":159,"neow_bonus":"TWO_FIFTY_GOLD","is_daily":false,"chose_seed":false,"campfire_upgraded":1,"win_rate":0,"timestamp":1607626682,"path_taken":["M","M","?","M","?","E","M","R","T","E","M","?","M","M","R","BOSS"],"build_version":"2020-11-30","purchased_purges":1,"victory":false,"max_hp_per_floor":[80,80,80,80,94,94,98,98,98,98,101,101,101,101,101,105,105],"card_choices":[{"not_picked":["Perfected Strike","Sentinel","Warcry"],"picked":"SKIP","floor":1},{"not_picked":["Sword Boomerang","Clash","Iron Wave"],"picked":"SKIP","floor":2},{"not_picked":["Flex","Rampage"],"picked":"Twin Strike","floor":3},{"not_picked":["Twin Strike","Sword Boomerang"],"picked":"Armaments","floor":4},{"not_picked":["Flex","Clothesline"],"picked":"Feed","floor":6},{"not_picked":["Bloodletting","True Grit","Headbutt"],"picked":"SKIP","floor":7},{"not_picked":["Searing Blow","Fiend Fire","Reckless Charge"],"picked":"SKIP","floor":10},{"not_picked":["Infernal Blade","True Grit","Power Through"],"picked":"SKIP","floor":11},{"not_picked":["Body Slam","Havoc","Anger"],"picked":"SKIP","floor":13},{"not_picked":["Twin Strike","Shockwave","Body Slam"],"picked":"SKIP","floor":14}],"player_experience":332634,"relics_obtained":[{"floor":6,"key":"Lantern"},{"floor":10,"key":"Matryoshka"},{"floor":12,"key":"Happy Flower"},{"floor":12,"key":"Torii"}],"event_choices":[],"is_beta":false,"boss_relics":[],"items_purged_floors":[5],"is_endless":false,"potions_floor_spawned":[3,4,6,10,13],"killed_by":"Slime Boss","ascension_level":0}}