{"host":"wshh0nphwn6jv7vj","time":1607632742,"event":{"mods":["BaseMod","Bestiary","Minty Spire (QoL Compilation)"],"gold_per_floor":[363,363,92,102,122,122,155,55,55,65,97,108,136,146,146,219,219,238,257,257,257,268,303,303,303,303],"floor_reached":25,"playtime":2695,"items_purged":["Strike_R","Strike_R"],"score":425,"play_id":"f6338633-36e0-48f8-8674-16fe191ff6d1","local_time":"20201210153902","is_ascension_mode":true,"campfire_choices":[{"data":"Cleave","floor":6,"key":"SMITH"},{"data":"Uppercut","floor":15,"key":"SMITH"},{"floor":24,"key":"REST"}],"circlet_count":0,"master_deck":["AscendersBane","Strike_R","Strike_R","Strike_R","Defend_R","Defend_R","Defend_R","Defend_R","Bash","Cleave+1","Shrug It Off+1","Dropkick","Bludgeon","Spot Weakness","True Grit+1","Sword Boomerang","Metallicize","Uppercut+1","Reaper","Armaments","Writhe","Disarm"],"relics":["Burning Blood","Toy Ornithopter","Question Card","Bag of Preparation","War Paint","Juzu Bracelet","Busted Crown","Blood Vial","CeramicFish"],"acts_visited":["Exordium","TheCity"],"potions_floor_usage":[7,12,16,22,23,23],"damage_taken":[{"damage":4,"enemies":"2 Louse","floor":1,"turns":3},{"damage":2,"enemies":"Cultist","floor":4,"turns":4},{"damage":0,"enemies":"Jaw Worm","floor":5,"turns":3},{"damage":32,"enemies":"3 Sentries","floor":7,"turns":9},{"damage":2,"enemies":"2 Fungi Beasts","floor":10,"turns":4},{"damage":23,"enemies":"Gremlin Nob","floor":11,"turns":4},{"damage":6,"enemies":"3 Louse","floor":12,"turns":3},{"damage":22,"enemies":"Lagavulin","floor":13,"turns":6},{"damage":0,"enemies":"Red Slaver","floor":14,"turns":5},{"damage":12,"enemies":"Hexaghost","floor":16,"turns":9},{"damage":25,"enemies":"3 Byrds","floor":18,"turns":6},{"damage":0,"enemies":"Chosen","floor":19,"turns":3},{"damage":35,"enemies":"Sentry and Sphere","floor":22,"turns":8},{"damage":54,"enemies":"Book of Stabbing","floor":23,"turns":6},{"damage":52,"enemies":"Slavers","floor":25,"turns":3}],"seed_played":"-1203808661509861415","potions_obtained":[{"floor":4,"key":"BloodPotion"},{"floor":5,"key":"DistilledChaos"},{"floor":7,"key":"Dexterity Potion"},{"floor":13,"key":"Fire Potion"},{"floor":14,"key":"LiquidBronze"},{"floor":19,"key":"Fruit Juice"},{"floor":22,"key":"AttackPotion"}],"is_trial":false,"path_per_floor":["M","?","$","M","M","R","E","$","T","M","E","M","E","M","R","B",null,"M","M","?","?","M","E","R","E"],"character_chosen":"IRONCLAD","items_purchased":["Shrug It Off","Toy Ornithopter"],"campfire_rested":1,"item_purchase_floors":[3,3],"current_hp_per_floor":[68,68,68,68,68,68,42,42,42,46,29,34,18,24,24,23,57,44,50,50,50,33,15,36,0,0],"gold":303,"neow_bonus":"TWO_FIFTY_GOLD","is_daily":false,"chose_seed":false,"campfire_upgraded":2,"win_rate":0,"timestamp":1607632742,"path_taken":["M","?","$","M","M","R","E","?","T","M","E","M","E","M","R","BOSS","M","M","?","?","M","E","R","E"],"build_version":"2020-11-30","purchased_purges":2,"victory":false,"max_hp_per_floor":[68,68,68,68,68,68,68,68,68,68,68,68,68,68,68,68,68,68,68,68,68,73,73,73,73,73],"card_choices":[{"not_picked":["Headbutt","Clash"],"picked":"Cleave","floor":1},{"not_picked":["Shockwave","Dual Wield"],"picked":"Dropkick","floor":4},{"not_picked":["Wild Strike","Heavy Blade","Sentinel"],"picked":"SKIP","floor":5},{"not_picked":["Perfected Strike","Body Slam"],"picked":"Bludgeon","floor":7},{"not_picked":["Sever Soul","Cleave","Heavy Blade"],"picked":"Spot Weakness","floor":10},{"not_picked":["Entrench","Evolve","Infernal Blade"],"picked":"True Grit","floor":11},{"not_picked":["Clothesline","Shrug It Off","Blood for Blood"],"picked":"Sword Boomerang","floor":12},{"not_picked":["Combust","Shrug It Off","Havoc"],"picked":"Metallicize","floor":13},{"not_picked":["Burning Pact","Immolate","Heavy Blade"],"picked":"Uppercut","floor":14},{"not_picked":["Offering","Brutality","Impervious"],"picked":"Reaper","floor":16},{"not_picked":["Flex","Combust"],"picked":"SKIP","floor":18},{"not_picked":["Clash"],"picked":"Armaments","floor":19},{"not_picked":["Pummel","Twin Strike"],"picked":"SKIP","floor":22},{"not_picked":["Clothesline+1"],"picked":"Disarm","floor":23}],"player_experience":1361376,"relics_obtained":[{"floor":7,"key":"Question Card"},{"floor":9,"key":"Bag of Preparation"},{"floor":11,"key":"War Paint"},{"floor":13,"key":"Juzu Bracelet"},{"floor":23,"key":"CeramicFish"}],"event_choices":[{"damage_healed":0,"gold_gain":0,"player_choice":"0 cards matched","damage_taken":0,"max_hp_gain":0,"max_hp_loss":0,"event_name":"Match and Keep!","floor":2,"gold_loss":0,"cards_obtained":[]},{"damage_healed":0,"gold_gain":0,"player_choice":"Opened","damage_taken":0,"relics_obtained":["Blood Vial"],"max_hp_gain":0,"max_hp_loss":0,"event_name":"The Mausoleum","floor":20,"gold_loss":0,"cards_obtained":["Writhe"]},{"damage_healed":0,"gold_gain":0,"player_choice":"Ignored","damage_taken":0,"max_hp_gain":0,"max_hp_loss":0,"event_name":"Ghosts","floor":21,"gold_loss":0}],"is_beta":false,"boss_relics":[{"not_picked":["Black Star","Cursed Key"],"picked":"Busted Crown"}],"items_purged_floors":[3,8],"is_endless":false,"potions_floor_spawned":[4,5,7,13,14,19,22],"killed_by":"Slavers","ascension_level":15}}