{"host":"yiit85oc4oi3nqs8","time":1607614725,"event":{"mods":["BaseMod","AchievementEnabler","StSLib","Better Third Choice","Block Reminder","DeckTracker","Highlight Path","Keyboard Shortcuts","Minty Spire (QoL Compilation)","Relic Stats","MonsterHotkey","Quick Restart","Random Character Button"],"gold_per_floor":[213,224,238,238,93,109,138,138,138,157,157,157,157,177,207,221,221,221,171,171,171,171,171,271,271,286,286,286,302,312,312,312,312,312,312,312,312,344,344,344,367,367,393,393,393,393,406,406,406,406,406,406,406,406,508,508,527,527,527,452,61,61,61,61,88,103,103,103,185,185,202,218,218,218,218,218,218,235,235,235,235,235,235,235,135,166,166,166],"floor_reached":87,"playtime":4130,"items_purged":["Bash","Strike_R+1"],"score":1570,"play_id":"c480c57a-93d1-4744-989b-1af965fa8062","local_time":"20201211003845","is_ascension_mode":true,"campfire_choices":[{"data":"Shrug It Off","floor":8.0,"key":"SMITH"},{"data":"Iron Wave","floor":9.0,"key":"SMITH"},{"data":"Perfected Strike","floor":21.0,"key":"SMITH"},{"data":"Spot Weakness","floor":22.0,"key":"SMITH"},{"data":"Pommel Strike","floor":23.0,"key":"SMITH"},{"data":"Corruption","floor":34.0,"key":"SMITH"},{"data":"Pommel Strike","floor":35.0,"key":"SMITH"},{"data":"Headbutt","floor":42.0,"key":"SMITH"},{"data":"Twin Strike","floor":44.0,"key":"SMITH"},{"data":"Battle Trance","floor":50.0,"key":"SMITH"},{"floor":53.0,"key":"RECALL"},{"floor":54.0,"key":"DIG"},{"data":"Berserk","floor":67.0,"key":"SMITH"},{"floor":68.0,"key":"DIG"},{"floor":79.0,"key":"DIG"},{"floor":80.0,"key":"DIG"},{"floor":83.0,"key":"DIG"}],"circlet_count":0,"master_deck":["AscendersBane","Strike_R+1","Strike_R+1","Strike_R+1","Defend_R+1","Defend_R+1","Defend_R+1","Iron Wave+1","Battle Trance+1","Perfected Strike+1","Headbutt+1","Shrug It Off+1","Spot Weakness+1","Pommel Strike+1","Pommel Strike+1","Twin Strike+1","Berserk+1","Heavy Blade+1","Combust+1","Bloodletting"],"special_seed":0,"relics":["Burning Blood","Unceasing Top","Tiny Chest","Oddly Smooth Stone","Ornamental Fan","Shuriken","Bag of Preparation","Black Star","Eternal Feather","Shovel","Thread and Needle","Regal Pillow","Mango","Prayer Wheel","Singing Bowl","Red Skull","Boot","Potion Belt","MutagenicStrength","Strawberry","FossilizedHelix","Akabeko","Sozu","StrikeDummy","Orrery","InkBottle","White Beast Statue","Pen Nib","Pear","Gremlin Horn","Sundial","Blue Candle","Champion Belt","Paper Frog","CaptainsWheel","HornCleat","Orichalcum","Pantograph"],"acts_visited":["Exordium","TheCity","TheBeyond","TheEnding"],"potions_floor_usage":[87],"damage_taken":[{"damage":1.0,"enemies":"2 Louse","floor":1.0,"turns":3.0},{"damage":12.0,"enemies":"Jaw Worm","floor":2.0,"turns":5.0},{"damage":5.0,"enemies":"Small Slimes","floor":3.0,"turns":5.0},{"damage":13.0,"enemies":"Exordium Wildlife","floor":6.0,"turns":4.0},{"damage":46.0,"enemies":"Lagavulin","floor":7.0,"turns":6.0},{"damage":0.0,"enemies":"Large Slime","floor":10.0,"turns":5.0},{"damage":7.0,"enemies":"Blue Slaver","floor":14.0,"turns":5.0},{"damage":6.0,"enemies":"3 Sentries","floor":15.0,"turns":8.0},{"damage":0.0,"enemies":"Looter","floor":16.0,"turns":3.0},{"damage":0.0,"enemies":"Slime Boss","floor":24.0,"turns":5.0},{"damage":40.0,"enemies":"3 Byrds","floor":26.0,"turns":7.0},{"damage":0.0,"enemies":"Spheric Guardian","floor":29.0,"turns":4.0},{"damage":10.0,"enemies":"Cultist and Chosen","floor":30.0,"turns":5.0},{"damage":19.0,"enemies":"Gremlin Leader","floor":38.0,"turns":8.0},{"damage":21.0,"enemies":"Book of Stabbing","floor":43.0,"turns":4.0},{"damage":10.0,"enemies":"Shelled Parasite and Fungi","floor":47.0,"turns":4.0},{"damage":92.0,"enemies":"Collector","floor":55.0,"turns":10.0},{"damage":0.0,"enemies":"3 Darklings","floor":57.0,"turns":4.0},{"damage":55.0,"enemies":"Nemesis","floor":65.0,"turns":7.0},{"damage":0.0,"enemies":"Orb Walker","floor":66.0,"turns":2.0},{"damage":20.0,"enemies":"Spire Growth","floor":71.0,"turns":3.0},{"damage":24.0,"enemies":"Writhing Mass","floor":72.0,"turns":3.0},{"damage":4.0,"enemies":"Jaw Worm Horde","floor":78.0,"turns":3.0},{"damage":41.0,"enemies":"Awakened One","floor":81.0,"turns":7.0},{"damage":74,"enemies":"Shield and Spear","floor":86,"turns":6},{"damage":114,"enemies":"The Heart","floor":87,"turns":5}],"seed_played":"-6951677115100917800","potions_obtained":[{"floor":2.0,"key":"Energy Potion"},{"floor":3.0,"key":"EssenceOfSteel"},{"floor":15.0,"key":"AttackPotion"},{"floor":16.0,"key":"Energy Potion"},{"floor":27.0,"key":"Swift Potion"},{"floor":29.0,"key":"DistilledChaos"},{"floor":47.0,"key":"EssenceOfSteel"}],"is_trial":false,"path_per_floor":["M","M","M","?","$","M","E","R","R","M","T","T","?","M","E","M","?","T","?","?","R","R","R","B",null,"M","?","T","M","M","?","?","?","R","R","T","?","E","T","T","T","R","E","R","?","?","M","?","T","R","?","?","R","R","B",null,"M","?","?","$","$","T","?","?","E","M","R","R","T","T","M","M","?","?","T","$","?","M","R","R","B",null,"R","$","$","E","B"],"character_chosen":"IRONCLAD","items_purchased":["Tiny Chest","StrikeDummy","Orrery"],"campfire_rested":0,"item_purchase_floors":[5,61,61],"current_hp_per_floor":[77,71,72,54,54,47,7,7,7,13,13,13,13,12,12,18,18,18,18,18,18,18,18,24,66,32,32,32,38,34,34,19,19,28,37,37,37,38,38,38,38,47,32,44,44,44,44,44,51,63,63,99,110,110,24,89,97,97,93,93,101,101,101,101,64,74,86,98,98,98,88,74,74,74,74,74,74,80,92,104,69,133,145,145,145,79,0,0],"gold":166,"neow_bonus":"HUNDRED_GOLD","is_daily":false,"chose_seed":false,"campfire_upgraded":11,"win_rate":0,"timestamp":1607614725,"path_taken":["M","M","M","?","?","M","E","R","R","M","T","T","?","?","E","M","?","?","?","?","R","R","R","BOSS","M","?","?","M","?","?","?","?","R","R","?","?","E","T","T","T","R","E","R","?","?","?","?","?","R","?","?","R","R","BOSS","M","?","?","$","$","?","?","?","E","M","R","R","T","T","M","?","?","?","?","?","?","M","R","R","BOSS","R","$","$","E","BOSS"],"build_version":"2020-11-30","purchased_purges":2,"victory":false,"max_hp_per_floor":[80,80,80,80,80,80,80,80,80,80,80,80,80,80,80,80,80,80,80,80,80,80,80,80,80,80,80,80,80,80,80,85,85,85,85,85,85,99,99,99,99,99,99,99,99,99,103,103,110,110,110,110,110,110,110,110,112,112,118,118,126,126,126,126,138,142,142,142,142,142,146,150,150,150,150,150,150,154,154,154,154,154,154,154,154,156,156,156],"relic_stats":{"Regal Pillow":0,"Singing Bowl":40,"Gremlin Horn":[6,6],"counters":[26,131],"Blue Candle":[1],"Eternal Feather":122,"Pen Nib":[7],"Bag of Preparation":[34],"Orichalcum":[0],"Boot":[32],"Burning Blood":150,"Sozu":7,"Shovel":5,"Ornamental Fan":[152],"Shuriken":[38],"Sundial":[6],"Pantograph":25,"Tiny Chest":6,"Prayer Wheel":6,"Black Star":4,"Champion Belt":[0],"obtain_stats":[{"Regal Pillow":38,"Singing Bowl":40,"Gremlin Horn":68,"Mango":38,"Bag of Preparation":18,"Boot":43,"Burning Blood":0,"Sozu":56,"Shovel":36,"HornCleat":83,"Sundial":69,"Strawberry":49,"Pantograph":86,"Tiny Chest":5,"Prayer Wheel":39,"Red Skull":41,"InkBottle":62,"Paper Frog":79,"Potion Belt":43,"Pear":65,"Blue Candle":70,"Oddly Smooth Stone":7,"Eternal Feather":28,"Thread and Needle":37,"Pen Nib":65,"Orichalcum":86,"Akabeko":54,"White Beast Statue":63,"CaptainsWheel":80,"Ornamental Fan":12,"Shuriken":15,"MutagenicStrength":45,"Orrery":61,"Black Star":25,"Champion Belt":75,"StrikeDummy":61,"Unceasing Top":4,"FossilizedHelix":51},{"Regal Pillow":14,"Singing Bowl":14,"Gremlin Horn":20,"Mango":14,"Bag of Preparation":9,"Boot":15,"Burning Blood":0,"Sozu":17,"Shovel":13,"HornCleat":24,"Sundial":20,"Strawberry":16,"Pantograph":25,"Tiny Chest":3,"Prayer Wheel":14,"Red Skull":14,"InkBottle":18,"Paper Frog":23,"Potion Belt":15,"Pear":19,"Blue Candle":20,"Oddly Smooth Stone":5,"Eternal Feather":11,"Thread and Needle":13,"Pen Nib":19,"Orichalcum":25,"Akabeko":16,"White Beast Statue":18,"CaptainsWheel":23,"Ornamental Fan":6,"Shuriken":8,"MutagenicStrength":15,"Orrery":18,"Black Star":10,"Champion Belt":22,"StrikeDummy":18,"Unceasing Top":3,"FossilizedHelix":16},{"Regal Pillow":73,"Singing Bowl":73,"Gremlin Horn":104,"Mango":73,"Bag of Preparation":44,"Boot":77,"Burning Blood":0,"Sozu":91,"Shovel":65,"HornCleat":120,"Sundial":104,"Strawberry":81,"Pantograph":126,"Tiny Chest":13,"Prayer Wheel":73,"Red Skull":73,"InkBottle":95,"Paper Frog":113,"Potion Belt":77,"Pear":102,"Blue Candle":104,"Oddly Smooth Stone":23,"Eternal Feather":56,"Thread and Needle":65,"Pen Nib":102,"Orichalcum":126,"Akabeko":81,"White Beast Statue":95,"CaptainsWheel":113,"Ornamental Fan":28,"Shuriken":41,"MutagenicStrength":77,"Orrery":95,"Black Star":49,"Champion Belt":110,"StrikeDummy":95,"Unceasing Top":13,"FossilizedHelix":81}],"Unceasing Top":[2],"InkBottle":[12]},"card_choices":[{"not_picked":["Armaments","Heavy Blade"],"picked":"Iron Wave","floor":1.0},{"not_picked":["Anger","Infernal Blade"],"picked":"Battle Trance","floor":2.0},{"not_picked":["Heavy Blade","Clash"],"picked":"Perfected Strike","floor":3.0},{"not_picked":["Sword Boomerang","Warcry"],"picked":"Headbutt","floor":6.0},{"not_picked":["Disarm","Anger"],"picked":"Shrug It Off","floor":7.0},{"not_picked":["Body Slam","True Grit"],"picked":"Spot Weakness","floor":10.0},{"not_picked":["Bludgeon","Clothesline"],"picked":"Pommel Strike","floor":14.0},{"not_picked":["Shrug It Off","Offering","Pummel"],"picked":"SKIP","floor":15.0},{"not_picked":["True Grit","Bloodletting","Clash"],"picked":"SKIP","floor":16.0},{"not_picked":["Exhume","Berserk"],"picked":"Corruption","floor":24.0},{"not_picked":["Shockwave","Thunderclap+1"],"picked":"Pommel Strike","floor":26.0},{"not_picked":["Disarm","Flame Barrier","Iron Wave+1"],"picked":"SKIP","floor":29.0},{"not_picked":["Sword Boomerang","Power Through+1","Thunderclap"],"picked":"SKIP","floor":30.0},{"not_picked":["Sword Boomerang","Infernal Blade","Disarm"],"picked":"SKIP","floor":38.0},{"not_picked":["Double Tap","Perfected Strike"],"picked":"Twin Strike","floor":43.0},{"not_picked":["True Grit","Clothesline","Cleave+1"],"picked":"Singing Bowl","floor":47.0},{"not_picked":["Rupture","Bludgeon","Clothesline"],"picked":"Singing Bowl","floor":47.0},{"not_picked":["Brutality","Juggernaut"],"picked":"Berserk","floor":55.0},{"not_picked":["Thunderclap+1","Cleave"],"picked":"Heavy Blade+1","floor":57.0},{"not_picked":["Heavy Blade+1","Combust","Searing Blow+1"],"picked":"Singing Bowl","floor":57.0},{"not_picked":["Panache","Dark Shackles","Swift Strike"],"picked":"Singing Bowl","floor":59.0},{"not_picked":["Deep Breath","Blind","Jack Of All Trades"],"picked":"Singing Bowl","floor":59.0},{"not_picked":["Swift Strike","Impatience","Discovery"],"picked":"Singing Bowl","floor":59.0},{"not_picked":["Headbutt","Bludgeon"],"picked":"Combust+1","floor":61.0},{"not_picked":["Body Slam+1","Dropkick+1","Cleave"],"picked":"Singing Bowl","floor":61.0},{"not_picked":["Infernal Blade+1","Cleave+1","Perfected Strike+1"],"picked":"Singing Bowl","floor":61.0},{"not_picked":["Searing Blow+1","True Grit","Dual Wield+1"],"picked":"Singing Bowl","floor":61.0},{"not_picked":["Dark Embrace","Pommel Strike+1","Offering"],"picked":"Singing Bowl","floor":61.0},{"not_picked":["Sword Boomerang+1","Flex","True Grit+1"],"picked":"Singing Bowl","floor":65.0},{"not_picked":["Havoc","Thunderclap","Body Slam"],"picked":"Singing Bowl","floor":66.0},{"not_picked":["True Grit","Dual Wield","Pommel Strike+1"],"picked":"Singing Bowl","floor":66.0},{"not_picked":["Heavy Blade","Iron Wave+1","Twin Strike+1"],"picked":"Singing Bowl","floor":71.0},{"not_picked":["Offering","Warcry+1","Iron Wave+1"],"picked":"Singing Bowl","floor":71.0},{"not_picked":["Body Slam","Shrug It Off","Shockwave"],"picked":"Singing Bowl","floor":72.0},{"not_picked":["Havoc+1","Demon Form","Iron Wave"],"picked":"Singing Bowl","floor":72.0},{"not_picked":["Headbutt+1","Dark Embrace+1","Wild Strike+1"],"picked":"Singing Bowl","floor":78.0},{"not_picked":["Ghostly Armor","Armaments+1","Perfected Strike+1"],"picked":"Singing Bowl","floor":78.0},{"not_picked":["Clothesline+1","Armaments+1","Whirlwind"],"picked":"Singing Bowl","floor":86}],"player_experience":359960,"relics_obtained":[{"floor":7.0,"key":"Oddly Smooth Stone"},{"floor":12.0,"key":"Ornamental Fan"},{"floor":15.0,"key":"Shuriken"},{"floor":18.0,"key":"Bag of Preparation"},{"floor":28.0,"key":"Eternal Feather"},{"floor":36.0,"key":"Shovel"},{"floor":37.0,"key":"Thread and Needle"},{"floor":38.0,"key":"Regal Pillow"},{"floor":38.0,"key":"Mango"},{"floor":39.0,"key":"Prayer Wheel"},{"floor":40.0,"key":"Singing Bowl"},{"floor":41.0,"key":"Red Skull"},{"floor":43.0,"key":"Boot"},{"floor":43.0,"key":"Potion Belt"},{"floor":49.0,"key":"Strawberry"},{"floor":51.0,"key":"FossilizedHelix"},{"floor":54.0,"key":"Akabeko"},{"floor":62.0,"key":"InkBottle"},{"floor":63.0,"key":"White Beast Statue"},{"floor":65.0,"key":"Pen Nib"},{"floor":65.0,"key":"Pear"},{"floor":68.0,"key":"Gremlin Horn"},{"floor":69.0,"key":"Sundial"},{"floor":70.0,"key":"Blue Candle"},{"floor":75.0,"key":"Champion Belt"},{"floor":79.0,"key":"Paper Frog"},{"floor":80.0,"key":"CaptainsWheel"},{"floor":83.0,"key":"HornCleat"},{"floor":86,"key":"Orichalcum"},{"floor":86,"key":"Pantograph"}],"event_choices":[{"damage_healed":0.0,"max_hp_gain":0.0,"max_hp_loss":0.0,"gold_gain":0.0,"event_name":"betterThird:BetterScrap","player_choice":"Relic ","floor":4.0,"gold_loss":0.0,"damage_taken":18.0,"cards_obtained":["Melter"]},{"damage_healed":0.0,"max_hp_gain":0.0,"max_hp_loss":0.0,"gold_gain":0.0,"event_name":"betterThird:BetterSerpent","player_choice":"Ignored","floor":13.0,"gold_loss":0.0,"damage_taken":157.0},{"damage_healed":18.0,"max_hp_gain":0.0,"max_hp_loss":80.0,"gold_gain":0.0,"event_name":"betterThird:BetterShining","player_choice":"Leave","floor":17.0,"gold_loss":0.0,"damage_taken":0.0},{"cards_removed":["Defend_R"],"damage_healed":0.0,"max_hp_gain":0.0,"max_hp_loss":0.0,"gold_gain":0.0,"event_name":"The Cleric","player_choice":"Card Removal","floor":19.0,"gold_loss":50.0,"damage_taken":0.0},{"damage_healed":0.0,"max_hp_gain":0.0,"max_hp_loss":0.0,"gold_gain":0.0,"event_name":"The Woman in Blue","player_choice":"Bought 0 Potions","floor":20.0,"gold_loss":0.0,"damage_taken":0.0},{"damage_healed":0.0,"max_hp_gain":0.0,"max_hp_loss":0.0,"gold_gain":0.0,"event_name":"Lab","player_choice":"Got Potions","floor":27.0,"gold_loss":0.0,"damage_taken":0.0},{"damage_healed":0.0,"max_hp_gain":5.0,"max_hp_loss":0.0,"gold_gain":0.0,"event_name":"Forgotten Altar","player_choice":"Shed Blood","floor":32.0,"gold_loss":0.0,"damage_taken":20.0},{"damage_healed":0.0,"max_hp_gain":0.0,"max_hp_loss":8.0,"gold_gain":0.0,"event_name":"betterThird:BetterWriting","player_choice":"Simplicity","floor":33.0,"gold_loss":0.0,"damage_taken":0.0},{"damage_healed":0.0,"max_hp_gain":0.0,"max_hp_loss":0.0,"gold_gain":0.0,"event_name":"Drug Dealer","player_choice":"Inject Mutagens","floor":45.0,"gold_loss":0.0,"damage_taken":0.0,"relics_obtained":["MutagenicStrength"]},{"damage_healed":0.0,"max_hp_gain":0.0,"max_hp_loss":0.0,"gold_gain":0.0,"event_name":"Cursed Tome","player_choice":"Ignored","floor":46.0,"gold_loss":0.0,"damage_taken":0.0},{"damage_healed":36.0,"max_hp_gain":0.0,"max_hp_loss":0.0,"gold_gain":0.0,"event_name":"The Library","player_choice":"Heal","floor":52.0,"gold_loss":0.0,"damage_taken":0.0},{"cards_removed":["Corruption"],"damage_healed":0.0,"max_hp_gain":0.0,"max_hp_loss":0.0,"gold_gain":0.0,"event_name":"Falling","player_choice":"Removed Power","floor":58.0,"gold_loss":0.0,"damage_taken":0.0},{"damage_healed":0.0,"max_hp_gain":0.0,"max_hp_loss":0.0,"gold_gain":0.0,"event_name":"SensoryStone","player_choice":"Memory 3","floor":59.0,"gold_loss":0.0,"damage_taken":10.0},{"cards_removed":["Strike_R"],"damage_healed":0.0,"max_hp_gain":0.0,"max_hp_loss":0.0,"gold_gain":0.0,"event_name":"Bonfire Elementals","player_choice":"Offered Basic","floor":64.0,"gold_loss":0.0,"damage_taken":0.0},{"damage_healed":0.0,"max_hp_gain":0.0,"max_hp_loss":0.0,"gold_gain":0.0,"event_name":"Match and Keep!","player_choice":"1 cards matched","floor":74.0,"gold_loss":0.0,"damage_taken":0.0,"cards_obtained":["Bloodletting"]}],"is_beta":false,"boss_relics":[{"not_picked":["Velvet Choker","Fusion Hammer"],"picked":"Black Star"},{"not_picked":["Cursed Key","SacredBark"],"picked":"Sozu"}],"items_purged_floors":[60,85],"is_endless":false,"potions_floor_spawned":[2,3,15,16,29,47,57,65,66,71,72,78,86],"killed_by":"The Heart","ascension_level":11}}