{"host":"e4wnmsyty9uvvtwf","time":1607604470,"event":{"gold_per_floor":[19,35,35,110,130,161,178,249,249,249,264,274,304,315,315,417,417,434,25,25,25,25,25,60,60,85,113,113,164,164,178,178,277,277,296,296,296,80,125,158,158,158,158,158,189,189,200,211,211,211],"floor_reached":51,"playtime":2188,"items_purged":[],"score":1184,"play_id":"4b3636be-d88c-41eb-9eea-a76f4804ead1","local_time":"20201210204750","is_ascension_mode":true,"campfire_choices":[{"data":"TheCursedMod:NeowsMight","floor":10,"key":"SMITH"},{"data":"TheCursedMod:ManaBullet","floor":15,"key":"SMITH"},{"data":"TheCursedMod:AntiAging","floor":23,"key":"SMITH"},{"data":"TheCursedMod:CircleOfAmplification","floor":25,"key":"SMITH"},{"data":"TheCursedMod:CircleOfWindfury","floor":32,"key":"SMITH"},{"data":"TheCursedMod:ManaCirculation","floor":41,"key":"SMITH"},{"data":"TheCursedMod:HellfireBreathing","floor":44,"key":"SMITH"},{"data":"TheCursedMod:HellfireBreathing","floor":46,"key":"SMITH"},{"floor":49,"key":"REST"}],"neow_cost":"NO_GOLD","seed_source_timestamp":13575593870300,"circlet_count":0,"master_deck":["TheCursedMod:CleanUpWorkshop","TheCursedMod:CursedAmulet","TheCursedMod:HellfireBreathing+1","TheCursedMod:HellfireBreathing+1","TheCursedMod:SpitefulPlan","TheCursedMod:LuckyCharm","TheCursedMod:CursedSpellbook","TheCursedMod:NeowsMight+1","TheCursedMod:ParallelWorld+1","TheCursedMod:CircleOfAmplification+1","TheCursedMod:CursedShiv","TheCursedMod:AshesToAshes","TheCursedMod:SoulCrush","TheCursedMod:SpitefulPray+1","TheCursedMod:SurpriseAttack","TheCursedMod:CircleOfWindfury+1","TheCursedMod:ManaBullet+1","TheCursedMod:AntiAging+1","TheCursedMod:CircleOfFlame","TheCursedMod:DemonSword","TheCursedMod:BlessingInDisguise+1","Shame","TheCursedMod:CircleOfCorruption+1","TheCursedMod:Dregs","TheCursedMod:Evocation+1","Writhe","Decay","TheCursedMod:Neurasthenia","TheCursedMod:ManaCirculation+1","Madness","Madness","Injury","TheCursedMod:ReleasedKnowledge","Normality","TheCursedMod:EmpowerCircles+1","TheCursedMod:CursedShiv+1"],"relics":["TheCursedMod:BlackMagicAdvanced","Gambling Chip","Question Card","Meat on the Bone","TheCursedMod:DemonicMark","Cursed Key","Membership Card","Ancient Tea Set","Regal Pillow","Incense Burner","Centennial Puzzle","Blood Vial","War Paint","Orichalcum","Vajra","SlaversCollar","Mango","Pocketwatch","HandDrill","Thread and Needle","Mummified Hand","Boot","Pen Nib"],"potions_floor_usage":[],"damage_taken":[{"damage":13,"enemies":"Jaw Worm","floor":1,"turns":3},{"damage":3,"enemies":"Small Slimes","floor":2,"turns":2},{"damage":0,"enemies":"2 Louse","floor":5,"turns":1},{"damage":3,"enemies":"3 Sentries","floor":6,"turns":3},{"damage":0,"enemies":"Blue Slaver","floor":7,"turns":2},{"damage":20,"enemies":"3 Louse","floor":11,"turns":2},{"damage":1,"enemies":"Large Slime","floor":12,"turns":3},{"damage":0,"enemies":"Gremlin Nob","floor":13,"turns":3},{"damage":0,"enemies":"2 Fungi Beasts","floor":14,"turns":1},{"damage":0,"enemies":"The Guardian","floor":16,"turns":4},{"damage":4,"enemies":"3 Byrds","floor":18,"turns":3},{"damage":7,"enemies":"Gremlin Leader","floor":24,"turns":2},{"damage":0,"enemies":"Book of Stabbing","floor":27,"turns":2},{"damage":0,"enemies":"Spheric Guardian","floor":31,"turns":2},{"damage":6,"enemies":"Collector","floor":33,"turns":4},{"damage":4,"enemies":"Orb Walker","floor":35,"turns":5},{"damage":39,"enemies":"2 Orb Walkers","floor":39,"turns":4},{"damage":4,"enemies":"Giant Head","floor":40,"turns":6},{"damage":0,"enemies":"Reptomancer","floor":45,"turns":3},{"damage":0,"enemies":"3 Shapes","floor":47,"turns":5},{"damage":43,"enemies":"3 Darklings","floor":48,"turns":5},{"damage":16,"enemies":"Donu and Deca","floor":50,"turns":5}],"seed_played":"8437497754545285524","potions_obtained":[{"floor":1,"key":"SteroidPotion"},{"floor":11,"key":"Swift Potion"},{"floor":12,"key":"Fire Potion"},{"floor":16,"key":"Energy Potion"}],"is_trial":false,"path_per_floor":["M","M","?","?","M","E","M","?","T","R","M","M","E","M","R","B",null,"M","$","?","?","?","R","E","R","T","E","?","T","?","M","R","B",null,"M","?","T","$","?","E","R","?","T","R","E","R","M","M","R","B",null],"character_chosen":"THE_CURSED","items_purchased":["Membership Card","TheCursedMod:DemonSword","Ancient Tea Set","TheCursedMod:BlessingInDisguise","Regal Pillow","Pocketwatch","HandDrill"],"campfire_rested":1,"item_purchase_floors":[19,19,19,19,19,38,38],"current_hp_per_floor":[62,59,59,48,48,49,61,61,61,61,43,50,50,54,54,60,75,71,71,71,71,57,57,61,61,61,72,72,72,72,81,81,84,92,93,81,95,95,61,69,69,69,69,69,74,74,79,53,106,95],"gold":211,"neow_bonus":"ONE_RARE_RELIC","is_prod":false,"is_daily":false,"chose_seed":false,"campfire_upgraded":8,"win_rate":0,"timestamp":1607604470,"path_taken":["M","M","?","?","M","E","M","?","T","R","M","?","E","M","R","BOSS","M","$","?","?","?","R","E","R","T","E","?","?","?","M","R","BOSS","M","?","?","$","?","E","R","?","T","R","E","R","?","M","R","BOSS"],"build_version":"2020-11-30","purchased_purges":0,"victory":true,"max_hp_per_floor":[75,75,75,75,75,75,75,75,75,75,75,75,75,75,75,75,75,75,75,75,75,80,80,83,83,83,86,86,86,86,89,89,92,92,95,95,109,109,112,118,118,118,118,118,121,121,124,127,127,130],"card_choices":[{"not_picked":["TheCursedMod:WearCloak","TheCursedMod:CircleOfFlame"],"picked":"TheCursedMod:CircleOfBlood","floor":1},{"not_picked":["TheCursedMod:CursedMace","TheCursedMod:Torture","TheCursedMod:WearCloak"],"picked":"SKIP","floor":2},{"not_picked":["TheCursedMod:CursedAmulet","TheCursedMod:RapidMovement"],"picked":"TheCursedMod:CursedShiv","floor":5},{"not_picked":["TheCursedMod:SaltUponWound","TheCursedMod:SpreadPlague"],"picked":"TheCursedMod:AshesToAshes","floor":6},{"not_picked":["TheCursedMod:Evocation","TheCursedMod:FleshFromBone","TheCursedMod:EmpowerCircles"],"picked":"TheCursedMod:SoulCrush","floor":7},{"not_picked":["TheCursedMod:EmpowerCircles","TheCursedMod:WearCloak","TheCursedMod:CircleOfCorruption"],"picked":"TheCursedMod:SpitefulPray","floor":11},{"not_picked":["TheCursedMod:CursedSpellbook","TheCursedMod:CursedAmulet","TheCursedMod:BloodBarrier"],"picked":"TheCursedMod:SurpriseAttack","floor":12},{"not_picked":["TheCursedMod:CursedAmulet","TheCursedMod:SoulCrush","TheCursedMod:CursedBlade"],"picked":"TheCursedMod:CircleOfWindfury","floor":13},{"not_picked":["TheCursedMod:CursedShiv","TheCursedMod:CircleOfFocus","TheCursedMod:Obscuration"],"picked":"TheCursedMod:ManaBullet","floor":14},{"not_picked":["TheCursedMod:CursedRelics","TheCursedMod:StunningStrike","TheCursedMod:ShockAndAwe"],"picked":"TheCursedMod:AntiAging","floor":16},{"not_picked":["TheCursedMod:RavingStaff","TheCursedMod:TacticalStrike","TheCursedMod:SpreadPlague"],"picked":"TheCursedMod:CircleOfFlame","floor":18},{"not_picked":["TheCursedMod:RavingStaff+1","TheCursedMod:TacticalStrike","TheCursedMod:PrepareRite"],"picked":"TheCursedMod:CircleOfCorruption+1","floor":24},{"not_picked":["TheCursedMod:SoulCrush+1","TheCursedMod:SpreadPlague","TheCursedMod:SpitefulPlan"],"picked":"TheCursedMod:Evocation+1","floor":27},{"not_picked":["TheCursedMod:BlessingInDisguise","TheCursedMod:SpitefulStrike","TheCursedMod:RavingStaff"],"picked":"TheCursedMod:Neurasthenia","floor":31},{"not_picked":["TheCursedMod:DarkBarrier","TheCursedMod:VoidForm","TheCursedMod:DemonicPact"],"picked":"TheCursedMod:ManaCirculation","floor":33},{"not_picked":["TheCursedMod:AshesToAshes","TheCursedMod:SoulReap","TheCursedMod:BloodBarrier","TheCursedMod:CircleOfFlame"],"picked":"SKIP","floor":35},{"not_picked":["TheCursedMod:CursedStaff+1","TheCursedMod:SmokeScreen","TheCursedMod:BlessingInDisguise+1"],"picked":"TheCursedMod:ReleasedKnowledge","floor":39},{"not_picked":["TheCursedMod:SpitefulStrike","TheCursedMod:Stigma+1","TheCursedMod:DemonSword","TheCursedMod:CircleOfWindfury"],"picked":"SKIP","floor":40},{"not_picked":["TheCursedMod:CursedMace","TheCursedMod:Obscuration","TheCursedMod:Torture+1"],"picked":"TheCursedMod:EmpowerCircles+1","floor":45},{"not_picked":["TheCursedMod:SoulCrush+1","TheCursedMod:Stretching+1","TheCursedMod:SoulReap","TheCursedMod:SmokeScreen+1"],"picked":"SKIP","floor":47},{"not_picked":["TheCursedMod:BlessingInDisguise","TheCursedMod:CircleOfAmplification","TheCursedMod:CursedBoomerang"],"picked":"TheCursedMod:CursedShiv+1","floor":48}],"player_experience":473836,"relics_obtained":[{"floor":6,"key":"Question Card"},{"floor":9,"key":"Meat on the Bone"},{"floor":13,"key":"TheCursedMod:DemonicMark"},{"floor":24,"key":"Centennial Puzzle"},{"floor":26,"key":"Blood Vial"},{"floor":27,"key":"War Paint"},{"floor":29,"key":"Vajra"},{"floor":37,"key":"Mango"},{"floor":39,"key":"Thread and Needle"},{"floor":40,"key":"Mummified Hand"},{"floor":43,"key":"Boot"},{"floor":45,"key":"Pen Nib"}],"event_choices":[{"damage_healed":0,"gold_gain":0,"player_choice":"Grow","damage_taken":0,"max_hp_gain":0,"max_hp_loss":0,"event_name":"Living Wall","floor":3,"gold_loss":0,"cards_upgraded":["TheCursedMod:ParallelWorld"]},{"damage_healed":0,"gold_gain":75,"player_choice":"Gather Gold","damage_taken":11,"max_hp_gain":0,"max_hp_loss":0,"event_name":"World of Goop","floor":4,"gold_loss":0},{"damage_healed":0,"gold_gain":71,"player_choice":"Gained Gold","damage_taken":0,"max_hp_gain":0,"max_hp_loss":0,"event_name":"Golden Wing","floor":8,"gold_loss":0},{"damage_healed":0,"gold_gain":0,"player_choice":"Stole Relic","damage_taken":0,"relics_obtained":["Incense Burner"],"max_hp_gain":0,"max_hp_loss":0,"event_name":"Addict","floor":20,"gold_loss":0,"cards_obtained":["Shame"]},{"damage_healed":0,"gold_gain":0,"player_choice":"Ignored","damage_taken":0,"max_hp_gain":0,"max_hp_loss":0,"event_name":"Ghosts","floor":21,"gold_loss":0},{"damage_healed":0,"gold_gain":0,"player_choice":"Shed Blood","damage_taken":19,"max_hp_gain":5,"max_hp_loss":0,"event_name":"Forgotten Altar","floor":22,"gold_loss":0},{"damage_healed":0,"gold_gain":0,"player_choice":"Opened","damage_taken":0,"relics_obtained":["Orichalcum"],"max_hp_gain":0,"max_hp_loss":0,"event_name":"The Mausoleum","floor":28,"gold_loss":0,"cards_obtained":["Writhe"]},{"damage_healed":0,"gold_gain":0,"player_choice":"Ignored","damage_taken":0,"max_hp_gain":0,"max_hp_loss":0,"event_name":"Vampires","floor":30,"gold_loss":0},{"damage_healed":0,"gold_gain":0,"player_choice":"Embrace Madness","damage_taken":12,"max_hp_gain":0,"max_hp_loss":0,"event_name":"Winding Halls","floor":36,"gold_loss":0,"cards_obtained":["Madness","Madness"]},{"damage_healed":0,"gold_gain":0,"player_choice":"Fight","damage_taken":0,"max_hp_gain":0,"max_hp_loss":0,"event_name":"Mysterious Sphere","floor":39,"gold_loss":0},{"cards_removed":["TheCursedMod:CircleOfBlood"],"damage_healed":0,"gold_gain":0,"player_choice":"Removed Skill","damage_taken":0,"max_hp_gain":0,"max_hp_loss":0,"event_name":"Falling","floor":42,"gold_loss":0}],"is_beta":false,"boss_relics":[{"not_picked":["Coffee Dripper","Sozu"],"picked":"Cursed Key"},{"not_picked":["Empty Cage","Runic Dome"],"picked":"SlaversCollar"}],"items_purged_floors":[],"is_endless":false,"potions_floor_spawned":[1,11,12,16,18,45,47],"ascension_level":2}}