{"host":"leem2xi7qlpn2ezy","time":1607593001,"event":{"gold_per_floor":[118,72,35,46,46,46,79,79,79,92,122,122,147,158,158,253,253,253,253],"floor_reached":18,"playtime":554,"items_purged":[],"score":278,"play_id":"c7031d91-4692-4b7c-b308-d32269392db6","local_time":"20201210013641","daily_mods":["Heirloom","Flight"],"is_ascension_mode":false,"campfire_choices":[{"floor":6,"key":"REST"},{"floor":8,"key":"REST"},{"floor":15,"key":"REST"}],"neow_cost":"","seed_source_timestamp":2510875394514900,"circlet_count":0,"master_deck":["Strike_G","Strike_G","Strike_G","Strike_G","Strike_G","Defend_G","Defend_G","Defend_G","Defend_G","Defend_G","Survivor+1","Neutralize+1","Slice","Slice","All Out Attack","Dagger Spray","Sucker Punch+1","Blade Dance","Poisoned Stab+1","Blade Dance","Accuracy","After Image"],"relics":["Ring of the Snake","Ice Cream","Molten Egg 2","Question Card","Orichalcum","Pocketwatch","Runic Pyramid"],"potions_floor_usage":[16,16],"damage_taken":[{"damage":0,"enemies":"Cultist","floor":1,"turns":3},{"damage":0,"enemies":"2 Louse","floor":4,"turns":2},{"damage":21,"enemies":"Gremlin Nob","floor":7,"turns":4},{"damage":0,"enemies":"Jaw Worm","floor":10,"turns":2},{"damage":8,"enemies":"Lagavulin","floor":11,"turns":8},{"damage":6,"enemies":"3 Sentries","floor":13,"turns":5},{"damage":4,"enemies":"Large Slime","floor":14,"turns":4},{"damage":72,"enemies":"The Guardian","floor":16,"turns":8},{"damage":7,"enemies":"3 Byrds","floor":18,"turns":3}],"seed_played":"3292086637660097495","potions_obtained":[{"floor":4,"key":"FairyPotion"},{"floor":11,"key":"Regen Potion"},{"floor":13,"key":"LiquidMemories"},{"floor":16,"key":"Dexterity Potion"}],"is_trial":true,"path_per_floor":["M","$","$","M","?","R","E","R","T","M","E","?","E","M","R","B",null,"M"],"character_chosen":"THE_SILENT","items_purchased":["Slice","All Out Attack"],"campfire_rested":3,"item_purchase_floors":[2,3],"current_hp_per_floor":[70,70,70,70,56,70,49,70,70,70,62,62,56,52,70,7,70,63,63],"gold":253,"neow_bonus":"","is_prod":false,"is_daily":false,"chose_seed":false,"campfire_upgraded":0,"win_rate":0,"timestamp":1607593001,"path_taken":["M","?","$","?","?","R","E","R","T","M","E","?","E","M","R","BOSS","M"],"build_version":"2020-11-30","purchased_purges":0,"victory":false,"max_hp_per_floor":[70,70,70,70,70,70,70,70,70,70,70,70,70,70,70,70,70,70,70],"card_choices":[{"not_picked":["Deflect","Flying Knee"],"picked":"Slice","floor":1},{"not_picked":["Dodge and Roll","Acrobatics"],"picked":"Dagger Spray","floor":4},{"not_picked":["Catalyst","Burst"],"picked":"Sucker Punch+1","floor":7},{"not_picked":["Concentrate","Dagger Spray+1","Sucker Punch+1"],"picked":"Blade Dance","floor":10},{"not_picked":["Concentrate","Flechettes+1","Escape Plan"],"picked":"Poisoned Stab+1","floor":11},{"not_picked":["Wraith Form v2","Outmaneuver","Acrobatics"],"picked":"Blade Dance","floor":13},{"not_picked":["Predator+1","Outmaneuver","Sucker Punch+1"],"picked":"Accuracy","floor":14},{"not_picked":["Tools of the Trade","Glass Knife+1","Grand Finale+1"],"picked":"After Image","floor":16}],"player_experience":82750,"relics_obtained":[{"floor":7,"key":"Molten Egg 2"},{"floor":9,"key":"Question Card"},{"floor":11,"key":"Orichalcum"},{"floor":13,"key":"Pocketwatch"}],"event_choices":[{"damage_healed":0,"gold_gain":0,"player_choice":"Entered Light","damage_taken":14,"max_hp_gain":0,"max_hp_loss":0,"event_name":"Shining Light","floor":5,"gold_loss":0,"cards_upgraded":["Neutralize","Survivor"]},{"damage_healed":0,"gold_gain":0,"player_choice":"Bought 0 Potions","damage_taken":0,"max_hp_gain":0,"max_hp_loss":0,"event_name":"The Woman in Blue","floor":12,"gold_loss":0}],"is_beta":false,"boss_relics":[{"not_picked":["Runic Dome","Empty Cage"],"picked":"Runic Pyramid"}],"items_purged_floors":[],"is_endless":true,"potions_floor_spawned":[4,11,13,14,16],"killed_by":"3 Byrds","ascension_level":0}}