{"host":"ci7ivtocgfxh0ueo","time":1607573521,"event":{"gold_per_floor":[109,109,122,197,197,225,225,238,286,80,80,96,61,74,74,74,74],"floor_reached":16,"playtime":251,"items_purged":[],"score":180,"play_id":"26a6f626-918e-41a4-a6a3-4823ac195835","local_time":"20201210121201","is_ascension_mode":true,"campfire_choices":[{"data":"Defragment","floor":7,"key":"SMITH"},{"data":"Electrodynamics","floor":11,"key":"SMITH"},{"floor":15,"key":"REST"}],"neow_cost":"NONE","seed_source_timestamp":149345369632000,"circlet_count":0,"master_deck":["AscendersBane","Strike_B","Strike_B","Strike_B","Strike_B","Defend_B","Defend_B","Defend_B","Zap","Dualcast","Ball Lightning","Defragment+1","Chill","Sweeping Beam","Electrodynamics+1","Melter","Sunder","Ball Lightning"],"relics":["Cracked Core","Potion Belt","Dream Catcher"],"potions_floor_usage":[12,16],"damage_taken":[{"damage":12,"enemies":"Jaw Worm","floor":1,"turns":2},{"damage":9,"enemies":"2 Louse","floor":3,"turns":3},{"damage":40,"enemies":"Lagavulin","floor":6,"turns":5},{"damage":1,"enemies":"Cultist","floor":8,"turns":3},{"damage":6,"enemies":"Looter","floor":12,"turns":2},{"damage":8,"enemies":"Exordium Thugs","floor":14,"turns":2},{"damage":49,"enemies":"The Guardian","floor":16,"turns":8}],"seed_played":"7596266671568936310","potions_obtained":[{"floor":8,"key":"Regen Potion"}],"is_trial":false,"path_per_floor":["M","?","M","?","?","E","R","M","T","$","R","M","?","M","R","B"],"character_chosen":"DEFECT","items_purchased":["Electrodynamics","PowerPotion"],"campfire_rested":1,"item_purchase_floors":[10,10],"current_hp_per_floor":[52,52,43,32,55,15,15,14,14,14,14,13,30,22,43,0,0],"gold":74,"neow_bonus":"REMOVE_CARD","is_prod":false,"is_daily":false,"chose_seed":false,"campfire_upgraded":2,"win_rate":0,"timestamp":1607573521,"path_taken":["M","?","M","?","?","E","R","M","T","?","R","?","?","M","R","BOSS"],"build_version":"2020-11-30","purchased_purges":0,"victory":false,"max_hp_per_floor":[71,71,71,71,71,71,71,71,71,71,71,71,71,71,71,71,71],"card_choices":[{"not_picked":["Coolheaded","Barrage"],"picked":"Ball Lightning","floor":1},{"not_picked":["Rebound","Storm"],"picked":"Defragment","floor":3},{"not_picked":["Compile Driver","Gash"],"picked":"Chill","floor":6},{"not_picked":["Leap","Genetic Algorithm"],"picked":"Sweeping Beam","floor":8},{"not_picked":["Lockon","Undo"],"picked":"Melter","floor":12},{"not_picked":["Compile Driver","Stack"],"picked":"Sunder","floor":14},{"not_picked":["Stack","Beam Cell"],"picked":"Ball Lightning","floor":15}],"player_experience":1243745,"relics_obtained":[{"floor":6,"key":"Potion Belt"},{"floor":9,"key":"Dream Catcher"}],"event_choices":[{"damage_healed":0,"gold_gain":0,"player_choice":"Ignored","damage_taken":0,"max_hp_gain":0,"max_hp_loss":0,"event_name":"Golden Wing","floor":2,"gold_loss":0},{"damage_healed":0,"gold_gain":75,"player_choice":"Gather Gold","damage_taken":11,"max_hp_gain":0,"max_hp_loss":0,"event_name":"World of Goop","floor":4,"gold_loss":0},{"damage_healed":23,"gold_gain":0,"player_choice":"Banana","damage_taken":0,"max_hp_gain":0,"max_hp_loss":0,"event_name":"Big Fish","floor":5,"gold_loss":0},{"damage_healed":17,"gold_gain":0,"player_choice":"Healed","damage_taken":0,"max_hp_gain":0,"max_hp_loss":0,"event_name":"The Cleric","floor":13,"gold_loss":35}],"is_beta":false,"boss_relics":[],"items_purged_floors":[],"is_endless":false,"potions_floor_spawned":[8],"killed_by":"The Guardian","ascension_level":16}}