{"host":"omov159tyjzan9wn","time":1607613058,"event":{"mods":["BaseMod","StSLib","AchievementEnabler","Better Note","BetterRewards","Colored Powertips","Friendly Minions","Googly Eyes","Hermit","Highlight Path","KinomotoSakuraMod(????)","Kiyohime????","Koishi","Mad Scientist","Marisa????????","Minty Spire (QoL Compilation)","Prisma Mod","Quick Restart","Remilia??????","Replay The Spire","Shop Mod","The Administrix","The Animator","The Bug Knight","The Cursed","The Hierophant","The Mystic","The Servant 0.9.4","Yohane!","everything is the same but u backflip on backflip","Aspiration","Hubris","Lobotomy","2.2 Compatiblity","Downfall"],"gold_per_floor":[99,99,112,112,50,68,94,106,106,135,135,325,337,23,40,139,139,139,139,139],"floor_reached":19,"playtime":1281,"items_purged":["Slimebound:Strike_Slimebound"],"score":165,"play_id":"5ebbd3c7-6b64-45b0-9d35-c4d2212f6120","local_time":"20201210151058","is_ascension_mode":false,"campfire_choices":[{"data":"Slimebound:Split","floor":1,"key":"SMITH"},{"data":"Slimebound:CorrosiveSpit","floor":4,"key":"SMITH"},{"data":"Slimebound:LivingWall","floor":9,"key":"SMITH"},{"data":"Slimebound:MassFeed","floor":18,"key":"SMITH"}],"circlet_count":0,"master_deck":["Slimebound:Strike_Slimebound","Slimebound:Tackle","Slimebound:Defend_Slimebound","Slimebound:Defend_Slimebound","Slimebound:Defend_Slimebound","Slimebound:Defend_Slimebound","Slimebound:Split+1","Slimebound:CorrosiveSpit+1","Slimebound:Nibble","Slimebound:SplitBruiser","Slimebound:SplitBruiser","Slimebound:LivingWall+1","Slimebound:LeechEnergy","Slimebound:SamplingLick","Slimebound:Schlurp","Slimebound:Gluttony","Slimebound:SplitLeeching","Slimebound:MassFeed+1"],"relics":["Slimebound:AbsorbEndCombat","hubris:Towel","Boot","StoneCalendar","Slimebound:AggressiveSlimeRelic","hubris:BlackHole"],"acts_visited":["Exordium","TheCity"],"potions_floor_usage":[10,19],"damage_taken":[{"damage":9,"enemies":"Jaw Worm","floor":3,"turns":3},{"damage":8,"enemies":"downfall:FleeingMerchant","floor":5,"turns":4},{"damage":12,"enemies":"2 Louse","floor":6,"turns":2},{"damage":16,"enemies":"Small Slimes","floor":8,"turns":2},{"damage":37,"enemies":"HollowMod:MossKnight","floor":10,"turns":4},{"damage":18,"enemies":"2 Fungi Beasts","floor":13,"turns":3},{"damage":16,"enemies":"downfall:FleeingMerchant","floor":14,"turns":4},{"damage":22,"enemies":"Blue Slaver","floor":15,"turns":3},{"damage":48,"enemies":"downfall:CharBossIronclad","floor":16,"turns":7},{"damage":95,"enemies":"Gremlin Leader","floor":19,"turns":6}],"seed_played":"-4816248832365028029","potions_obtained":[{"floor":8,"key":"Slimebound:SlimedPotion"},{"floor":10,"key":"Dexterity Potion"},{"floor":13,"key":"SkillPotion"}],"is_trial":false,"path_per_floor":["R","?","M","R","$","M","T","M","R","E","?","?","M","$","M","B",null,"R","E"],"character_chosen":"SLIMEBOUND","items_purchased":["Slimebound:SplitBruiser","Slimebound:AggressiveSlimeRelic","Slimebound:Gluttony"],"campfire_rested":0,"item_purchase_floors":[5,14,14],"current_hp_per_floor":[66,66,66,66,66,66,66,62,62,53,53,37,39,51,53,58,66,66,0,0],"gold":139,"neow_bonus":"TEN_PERCENT_HP_BONUS","is_daily":false,"chose_seed":false,"campfire_upgraded":4,"win_rate":0.0,"timestamp":1607613058,"path_taken":["R","?","M","R","$","M","T","M","R","E","?","?","M","$","M","BOSS","R","E"],"build_version":"2020-11-30","purchased_purges":1,"victory":false,"max_hp_per_floor":[66,66,66,66,66,66,66,66,66,66,66,66,66,66,66,66,66,66,66,66],"card_choices":[{"not_picked":["Slimebound:RollThrough","Slimebound:LeechingTouch"],"picked":"Slimebound:Nibble","floor":3},{"not_picked":["Slimebound:LeechEnergy","Slimebound:Chomp"],"picked":"Slimebound:SplitBruiser","floor":6},{"not_picked":["Slimebound:ForwardTackle","Slimebound:DisruptingSlam"],"picked":"Slimebound:LivingWall","floor":8},{"not_picked":["Slimebound:Equalize","Slimebound:SplitBruiser"],"picked":"Slimebound:LeechEnergy","floor":10},{"not_picked":["Slimebound:GoopSpray","Slimebound:Chomp"],"picked":"Slimebound:SamplingLick","floor":12},{"not_picked":["Slimebound:GrowthPunch","Slimebound:PressTheAttack"],"picked":"Slimebound:Schlurp","floor":13},{"not_picked":["Slimebound:Prepare","Slimebound:GoopSpray"],"picked":"Slimebound:SplitLeeching","floor":15},{"not_picked":["Slimebound:LeechLife","Slimebound:MinionMaster"],"picked":"Slimebound:MassFeed","floor":16}],"player_experience":53277,"relics_obtained":[{"floor":7,"key":"Boot"},{"floor":10,"key":"StoneCalendar"}],"event_choices":[],"is_beta":false,"boss_relics":[{"not_picked":["hubris:Backtick","Coffee Dripper"],"picked":"hubris:BlackHole"}],"items_purged_floors":[14],"is_endless":false,"potions_floor_spawned":[8,10,13],"killed_by":"Gremlin Leader","ascension_level":0}}