{"host":"avjwtc49fhlk6kym","time":1607637083,"event":{"mods":["BaseMod","AchievementEnabler","StSLib","Colored Powertips","Highlight Path","Permanent Neow","Quick Restart","Minty Spire (QoL Compilation)","Colored Map","Better Third Choice","Displayed Cursed Tome","Better Match","Better Note"],"gold_per_floor":[115,131,150,167,132,132,161,161,161,186,41,53,3,20,20,121,121,135,153,166,166,19,19,19,19],"floor_reached":24,"playtime":967,"items_purged":[],"score":229,"play_id":"048aa2cb-53c4-4233-be73-08175ac24298","local_time":"20201210165123","is_ascension_mode":true,"campfire_choices":[{"data":"Apotheosis","floor":6,"key":"SMITH"},{"floor":15,"key":"REST"},{"floor":23,"key":"REST"}],"circlet_count":0,"master_deck":["Strike_P","Strike_P","Strike_P","Strike_P","Defend_P","Defend_P","Defend_P","Defend_P","Eruption","Vigilance","Apotheosis+1","Protect","Consecrate","Study","Prostrate","BattleHymn+1","FlurryOfBlows","BowlingBash","ForeignInfluence","Evaluate","SandsOfTime","Establishment","Wireheading+1","FollowUp+1","Prostrate"],"relics":["PureWater","Akabeko","Pantograph","Pear","Boot","Black Star","Smiling Mask","HandDrill"],"acts_visited":["Exordium","TheCity"],"potions_floor_usage":[12,12,12,18],"damage_taken":[{"damage":0,"enemies":"Cultist","floor":1,"turns":4},{"damage":7,"enemies":"Jaw Worm","floor":2,"turns":4},{"damage":0,"enemies":"2 Louse","floor":3,"turns":3},{"damage":15,"enemies":"Exordium Thugs","floor":4,"turns":4},{"damage":16,"enemies":"3 Sentries","floor":7,"turns":6},{"damage":2,"enemies":"Lagavulin","floor":10,"turns":6},{"damage":0,"enemies":"3 Louse","floor":12,"turns":3},{"damage":18,"enemies":"Gremlin Gang","floor":14,"turns":3},{"damage":3,"enemies":"The Guardian","floor":16,"turns":7},{"damage":13,"enemies":"3 Byrds","floor":18,"turns":2},{"damage":16,"enemies":"Shell Parasite","floor":19,"turns":4},{"damage":36,"enemies":"Centurion and Healer","floor":20,"turns":4},{"damage":38,"enemies":"Gremlin Leader","floor":24,"turns":2}],"seed_played":"5668642422296903331","potions_obtained":[{"floor":4,"key":"Ancient Potion"},{"floor":7,"key":"LiquidMemories"},{"floor":10,"key":"BlessingOfTheForge"},{"floor":16,"key":"LiquidBronze"},{"floor":18,"key":"Dexterity Potion"}],"is_trial":false,"path_per_floor":["M","M","M","M","$","R","E","?","T","E","$","M","$","M","R","B",null,"M","M","M","?","$","R","E"],"character_chosen":"WATCHER","items_purchased":["BattleHymn","Boot","Evaluate","HandDrill"],"campfire_rested":2,"item_purchase_floors":[5,11,13,22],"current_hp_per_floor":[65,58,58,43,43,43,27,27,27,35,35,35,35,17,39,61,75,62,46,10,10,10,32,0,0],"gold":19,"neow_bonus":"RANDOM_COLORLESS_2","is_daily":false,"chose_seed":false,"campfire_upgraded":1,"win_rate":0,"timestamp":1607637083,"path_taken":["M","M","M","?","$","R","E","?","T","E","$","M","?","M","R","BOSS","M","M","M","?","?","R","E"],"build_version":"2020-11-30","purchased_purges":0,"victory":false,"max_hp_per_floor":[65,65,65,65,65,65,65,65,65,75,75,75,75,75,75,75,75,75,75,75,75,75,75,75,75],"card_choices":[{"not_picked":["Thinking Ahead","Magnetism"],"picked":"Apotheosis","floor":0},{"not_picked":["JustLucky","Nirvana"],"picked":"Protect","floor":1},{"not_picked":["Worship","Study"],"picked":"Consecrate","floor":2},{"not_picked":["Prostrate","Weave"],"picked":"Study","floor":3},{"not_picked":["Halt","FlyingSleeves"],"picked":"Prostrate","floor":4},{"not_picked":["WheelKick","Blasphemy"],"picked":"FlurryOfBlows","floor":7},{"not_picked":["Swivel","Indignation"],"picked":"BowlingBash","floor":10},{"not_picked":["Protect","Swivel"],"picked":"ForeignInfluence","floor":12},{"not_picked":["FlurryOfBlows","BowlingBash"],"picked":"SandsOfTime","floor":14},{"not_picked":["SpiritShield","Vault"],"picked":"Establishment","floor":16},{"not_picked":["Vengeance","Protect+1"],"picked":"Wireheading+1","floor":18},{"not_picked":["Swivel","Sanctity"],"picked":"FollowUp+1","floor":19},{"not_picked":["SignatureMove","WindmillStrike"],"picked":"Prostrate","floor":20}],"player_experience":487070,"relics_obtained":[{"floor":7,"key":"Akabeko"},{"floor":9,"key":"Pantograph"},{"floor":10,"key":"Pear"}],"event_choices":[{"damage_healed":0,"gold_gain":0,"player_choice":"Grow","damage_taken":0,"max_hp_gain":0,"max_hp_loss":0,"event_name":"Living Wall","floor":8,"gold_loss":0,"cards_upgraded":["BattleHymn"]},{"damage_healed":0,"gold_gain":0,"player_choice":"Gave Potion","damage_taken":0,"relics_obtained":["Smiling Mask"],"max_hp_gain":0,"max_hp_loss":0,"event_name":"WeMeetAgain","floor":21,"gold_loss":0}],"is_beta":false,"boss_relics":[{"not_picked":["Fusion Hammer","Astrolabe"],"picked":"Black Star"}],"items_purged_floors":[],"is_endless":false,"potions_floor_spawned":[4,7,10,16,18],"killed_by":"Gremlin Leader","ascension_level":2}}