{"host":"cwd5s03r1oaxs6mx","time":1607605652,"event":{"gold_per_floor":[113,133,152,152,152,186,46,46,115,128,152,192,192,24,24,147,147,160,10,109,109,128,128,172,172,195,218,133,33,33,58,58,58,58],"floor_reached":33,"playtime":1345,"items_purged":["Strike_P","Defend_P","MasterReality"],"score":373,"play_id":"eff155d4-b4eb-4637-8bb2-2129303d875a","local_time":"20201210220732","is_ascension_mode":true,"campfire_choices":[{"floor":8.0,"key":"REST"},{"data":"Enlightenment","floor":15.0,"key":"SMITH"},{"data":"Eruption","floor":23.0,"key":"SMITH"},{"data":"TalkToTheHand","floor":25.0,"key":"SMITH"},{"data":"Vault","floor":30.0,"key":"SMITH"},{"floor":32.0,"key":"REST"}],"neow_cost":"","seed_source_timestamp":3019649029412600,"circlet_count":0,"master_deck":["Strike_P","Strike_P","Defend_P","Defend_P","Defend_P","Eruption+1","Vigilance","TalkToTheHand+1","Swift Strike","Wireheading","Enlightenment+1","InnerPeace","FlyingSleeves","Vault+1","FlyingSleeves","Judgement","Study+1","Indignation","hubris:DuctTapeCard"],"special_seed":0,"relics":["PureWater","hubris:BottledRain","Golden Idol","CaptainsWheel","hubris:PeanutButter","infinitespire:Satchel","MerchantsRug","Medical Kit","Calling Bell","Orichalcum","Mango","hubris:DuctTape","Chemical X","Akabeko","Gremlin Horn"],"potions_floor_usage":[],"damage_taken":[{"damage":3.0,"enemies":"2 Louse","floor":1.0,"turns":2.0},{"damage":0.0,"enemies":"Small Slimes","floor":2.0,"turns":2.0},{"damage":7.0,"enemies":"Jaw Worm","floor":3.0,"turns":3.0},{"damage":32.0,"enemies":"3 Sentries","floor":6.0,"turns":7.0},{"damage":0.0,"enemies":"Large Slime","floor":10.0,"turns":3.0},{"damage":0.0,"enemies":"3 Louse","floor":11.0,"turns":3.0},{"damage":0.0,"enemies":"Gremlin Nob","floor":12.0,"turns":4.0},{"damage":9.0,"enemies":"Slime Boss","floor":16.0,"turns":8.0},{"damage":20.0,"enemies":"2 Thieves","floor":18.0,"turns":5.0},{"damage":0.0,"enemies":"3 Byrds","floor":22.0,"turns":5.0},{"damage":23.0,"enemies":"Book of Stabbing","floor":24.0,"turns":7.0},{"damage":0.0,"enemies":"Centurion and Healer","floor":27.0,"turns":5.0},{"damage":21.0,"enemies":"Snake Plant","floor":31.0,"turns":4.0},{"damage":10,"enemies":"Automaton","floor":33,"turns":3}],"seed_played":"4551431592821344388","potions_obtained":[{"floor":1.0,"key":"Swift Potion"},{"floor":3.0,"key":"FairyPotion"},{"floor":10.0,"key":"BottledMiracle"}],"is_trial":false,"path_per_floor":["M","M","M","?","?","E","$","R","T","M","M","E","?","$","R","B",null,"M","$","?","AVR","M","R","E","R","T","M","?","$","R","M","R","B"],"character_chosen":"WATCHER","items_purchased":["TalkToTheHand","Swift Strike","Wireheading","Enlightenment","hubris:BottledRain","InnerPeace","Vault","MerchantsRug","Medical Kit","Chemical X"],"campfire_rested":2,"item_purchase_floors":[0,0,0,0,0,0,7,14,14,19],"current_hp_per_floor":[69,69,62,44,44,12,12,33,33,33,33,33,33,33,33,24,74,54,54,54,54,54,54,31,31,31,31,31,31,31,10,35,25,25],"gold":58,"neow_bonus":"","is_prod":false,"is_daily":false,"chose_seed":false,"campfire_upgraded":4,"win_rate":0,"timestamp":1607605652,"path_taken":["M","M","M","?","?","E","$","R","T","M","M","E","?","$","R","BOSS","M","$","?","AVR","M","R","E","R","T","M","?","$","R","M","R","BOSS"],"build_version":"2020-11-30","purchased_purges":3,"victory":false,"max_hp_per_floor":[72,72,72,72,72,72,72,72,72,72,72,72,72,72,72,72,86,86,86,86,86,86,86,86,86,86,86,86,86,86,86,86,86,86],"relic_stats":{"Gremlin Horn":[0,0],"counters":[173,689],"Golden Idol":74,"Chemical X":[1],"Orichalcum":[42],"Medical Kit":[7],"obtain_stats":[{"Calipers":37,"Gremlin Horn":54,"hubris:VirtuousBlindfold":17,"Ginger":43,"Bottled Tornado":23,"hubris:TerracottaHorce":17,"Blood Vial":7,"infinitespire:ShieldingShard":0,"Sundial":13,"infinitespire:Golems Mask":6,"MealTicket":29,"VioletLotus":17,"HandDrill":53,"Toxic Egg 2":5,"MerchantsRug":14,"hubris:DuctTape":9,"Oddly Smooth Stone":53,"Pen Nib":26,"infinitespire:Beetle Shell":7,"War Paint":6,"Question Card":47,"Akabeko":24,"infinitespire:Lychee Nut":10,"MutagenicStrength":31,"Bird Faced Urn":10,"Snecko Eye":0,"hubris:PeanutButter":9,"hubris:TenFootPole":40,"StrikeDummy":25,"Meat on the Bone":23,"infinitespire:Cupcake":17,"Lantern":26,"Regal Pillow":48,"Yang":54,"Mango":17,"Incense Burner":10,"hubris:SlimyHat":0,"hubris:EmptyBottle":53,"Smiling Mask":6,"Empty Cage":34,"Ancient Tea Set":39,"Matryoshka":11,"hubris:Icosahedron":12,"Gambling Chip":0,"Pantograph":6,"hubris:ScarierMask":17,"hubris:CuriousFeather":11,"Chemical X":19,"infinitespire:Eraser":44,"Runic Pyramid":34,"hubris:GlazedTorus":37,"Potion Belt":7,"Lee\u0027s Waffle":13,"NeowsBlessing":0,"Golden Idol":3,"hubris:64BitClover":9,"infinitespire:FocusingShard":30,"Omamori":48,"infinitespire:Lucky Rock":9,"hubris:Towel":19,"Frozen Egg 2":0,"Orichalcum":17,"MawBank":6,"Medical Kit":0,"GoldenEye":0,"Calling Bell":17,"Cauldron":53,"Anchor":46,"CaptainsWheel":6,"infinitespire:WardingShard":9,"Ornamental Fan":8,"infinitespire:Satchel":12,"Turnip":45,"Art of War":9,"Bag of Marbles":41,"Membership Card":0,"Bottled Lightning":54,"PureWater":0,"Toy Ornithopter":53,"hubris:Potato":0,"hubris:BottledRain":8},{"Calipers":89,"Gremlin Horn":126,"hubris:VirtuousBlindfold":8,"Ginger":149,"Bottled Tornado":82,"hubris:TerracottaHorce":27,"Blood Vial":22,"infinitespire:ShieldingShard":67,"Sundial":26,"infinitespire:Golems Mask":38,"MealTicket":141,"VioletLotus":77,"HandDrill":125,"Toxic Egg 2":3,"MerchantsRug":166,"hubris:DuctTape":73,"Oddly Smooth Stone":97,"Pen Nib":32,"infinitespire:Beetle Shell":104,"War Paint":73,"Question Card":96,"Akabeko":170,"infinitespire:Lychee Nut":74,"MutagenicStrength":114,"Bird Faced Urn":134,"Snecko Eye":159,"hubris:PeanutButter":163,"hubris:TenFootPole":119,"StrikeDummy":112,"Meat on the Bone":31,"infinitespire:Cupcake":136,"Lantern":83,"Regal Pillow":124,"Yang":154,"Mango":167,"Incense Burner":5,"hubris:SlimyHat":17,"hubris:EmptyBottle":153,"Smiling Mask":64,"Empty Cage":115,"Ancient Tea Set":118,"Matryoshka":56,"hubris:Icosahedron":105,"Gambling Chip":67,"Pantograph":132,"hubris:ScarierMask":107,"hubris:CuriousFeather":16,"Chemical X":168,"infinitespire:Eraser":150,"Runic Pyramid":86,"hubris:GlazedTorus":118,"Potion Belt":4,"Lee\u0027s Waffle":75,"NeowsBlessing":0,"Golden Idol":13,"hubris:64BitClover":133,"infinitespire:FocusingShard":142,"Omamori":152,"infinitespire:Lucky Rock":39,"hubris:Towel":28,"Frozen Egg 2":155,"Orichalcum":167,"MawBank":54,"Medical Kit":127,"GoldenEye":155,"Calling Bell":167,"Cauldron":125,"Anchor":122,"CaptainsWheel":163,"infinitespire:WardingShard":4,"Ornamental Fan":133,"infinitespire:Satchel":166,"Turnip":95,"Art of War":104,"Bag of Marbles":148,"Membership Card":17,"Bottled Lightning":98,"PureWater":0,"Toy Ornithopter":153,"hubris:Potato":155,"hubris:BottledRain":47},{"Calipers":339,"Gremlin Horn":503,"hubris:VirtuousBlindfold":33,"Ginger":584,"Bottled Tornado":312,"hubris:TerracottaHorce":111,"Blood Vial":96,"infinitespire:ShieldingShard":267,"Sundial":106,"infinitespire:Golems Mask":150,"MealTicket":558,"VioletLotus":298,"HandDrill":500,"Toxic Egg 2":4,"MerchantsRug":652,"hubris:DuctTape":283,"Oddly Smooth Stone":376,"Pen Nib":126,"infinitespire:Beetle Shell":396,"War Paint":283,"Question Card":372,"Akabeko":677,"infinitespire:Lychee Nut":288,"MutagenicStrength":440,"Bird Faced Urn":531,"Snecko Eye":628,"hubris:PeanutButter":642,"hubris:TenFootPole":472,"StrikeDummy":434,"Meat on the Bone":122,"infinitespire:Cupcake":541,"Lantern":316,"Regal Pillow":493,"Yang":607,"Mango":660,"Incense Burner":20,"hubris:SlimyHat":83,"hubris:EmptyBottle":603,"Smiling Mask":257,"Empty Cage":447,"Ancient Tea Set":468,"Matryoshka":218,"hubris:Icosahedron":400,"Gambling Chip":267,"Pantograph":525,"hubris:ScarierMask":412,"hubris:CuriousFeather":82,"Chemical X":665,"infinitespire:Eraser":587,"Runic Pyramid":328,"hubris:GlazedTorus":468,"Potion Belt":10,"Lee\u0027s Waffle":290,"NeowsBlessing":0,"Golden Idol":61,"hubris:64BitClover":529,"infinitespire:FocusingShard":563,"Omamori":596,"infinitespire:Lucky Rock":153,"hubris:Towel":112,"Frozen Egg 2":615,"Orichalcum":660,"MawBank":209,"Medical Kit":512,"GoldenEye":615,"Calling Bell":660,"Cauldron":500,"Anchor":485,"CaptainsWheel":642,"infinitespire:WardingShard":10,"Ornamental Fan":529,"infinitespire:Satchel":652,"Turnip":369,"Art of War":396,"Bag of Marbles":581,"Membership Card":83,"Bottled Lightning":377,"PureWater":0,"Toy Ornithopter":603,"hubris:Potato":615,"hubris:BottledRain":181}]},"card_choices":[{"not_picked":["Conclude","ClearTheMind","FollowUp"],"picked":"SKIP","floor":1.0},{"not_picked":["PathToVictory","ThirdEye","CutThroughFate"],"picked":"SKIP","floor":2.0},{"not_picked":["Weave","Consecrate"],"picked":"FlyingSleeves","floor":3.0},{"not_picked":["ThirdEye","Consecrate","Prostrate"],"picked":"SKIP","floor":6.0},{"not_picked":["BowlingBash","SashWhip"],"picked":"FlyingSleeves","floor":10.0},{"not_picked":["EmptyBody","Evaluate","SignatureMove"],"picked":"SKIP","floor":11.0},{"not_picked":["Fasting2","Collect"],"picked":"Judgement","floor":12.0},{"not_picked":["Omniscience","DeusExMachina"],"picked":"MasterReality","floor":16.0},{"not_picked":["SandsOfTime","WheelKick","Wireheading"],"picked":"SKIP","floor":18.0},{"not_picked":["Crescendo","Prostrate"],"picked":"Study+1","floor":22.0},{"not_picked":["SignatureMove","Collect","Sanctity+1"],"picked":"SKIP","floor":24.0},{"not_picked":["Adaptation","Prostrate"],"picked":"Indignation","floor":27.0},{"not_picked":["CutThroughFate","EmptyBody+1","Prostrate+1"],"picked":"SKIP","floor":31.0}],"player_experience":884444,"relics_obtained":[{"floor":6.0,"key":"CaptainsWheel"},{"floor":9.0,"key":"hubris:PeanutButter"},{"floor":12.0,"key":"infinitespire:Satchel"},{"floor":17.0,"key":"Orichalcum"},{"floor":17.0,"key":"Mango"},{"floor":17.0,"key":"hubris:DuctTape"},{"floor":24.0,"key":"Akabeko"}],"event_choices":[{"damage_healed":0.0,"max_hp_gain":0.0,"max_hp_loss":0.0,"gold_gain":0.0,"event_name":"Golden Idol","player_choice":"Take Damage","floor":4.0,"gold_loss":0.0,"damage_taken":18.0,"relics_obtained":["Golden Idol"]},{"cards_removed":["Strike_P"],"damage_healed":0.0,"max_hp_gain":0.0,"max_hp_loss":0.0,"gold_gain":0.0,"event_name":"Living Wall","player_choice":"Forget","floor":13.0,"gold_loss":0.0,"damage_taken":0.0},{"damage_healed":0.0,"max_hp_gain":0.0,"max_hp_loss":0.0,"gold_gain":99.0,"event_name":"betterThird:BetterNest","player_choice":"Steal","floor":20.0,"gold_loss":0.0,"damage_taken":0.0},{"damage_healed":0.0,"max_hp_gain":0.0,"max_hp_loss":0.0,"gold_gain":0.0,"event_name":"Addict","player_choice":"Obtained Relic","floor":28.0,"gold_loss":85.0,"damage_taken":0.0,"relics_obtained":["Gremlin Horn"]}],"is_beta":false,"boss_relics":[{"not_picked":["SacredBark","Runic Dome"],"picked":"Calling Bell"}],"items_purged_floors":[14,21,29],"is_endless":false,"potions_floor_spawned":[1,3,10,22],"killed_by":"Automaton","ascension_level":5}}