{"host":"hemshb5b6cie9gjx","time":1607572949,"event":{"gold_per_floor":[116,116,291,311,165,165,240,308,308,326,338,372,372,385,385,385,385],"floor_reached":16,"playtime":379,"items_purged":[],"score":100,"play_id":"d3e52600-b011-4b78-90ee-bd7ec8f8562f","local_time":"20201210150229","is_ascension_mode":false,"campfire_choices":[{"floor":6,"key":"REST"},{"data":"infinitespire:Fortify","floor":13,"key":"SMITH"},{"data":"Armaments","floor":15,"key":"SMITH"}],"neow_cost":"PERCENT_DAMAGE","seed_source_timestamp":18126038803152,"circlet_count":0,"master_deck":["Strike_R","Strike_R","Strike_R","Strike_R","Strike_R","Defend_R","Defend_R","Defend_R","Defend_R","Bash","Twin Strike","infinitespire:Fortify+1","Doubt","Shrug It Off","Pommel Strike","Dramatic Entrance","Armaments+1","Headbutt"],"relics":["Burning Blood","FossilizedHelix","Blue Candle","infinitespire:CursedDice","infinitespire:EmpoweringShard"],"potions_floor_usage":[16,16],"damage_taken":[{"damage":0,"enemies":"2 Louse","floor":1,"turns":3},{"damage":7,"enemies":"Jaw Worm","floor":4,"turns":4},{"damage":0,"enemies":"Small Slimes","floor":10,"turns":2},{"damage":1,"enemies":"Looter","floor":11,"turns":3},{"damage":8,"enemies":"3 Sentries","floor":12,"turns":7},{"damage":10,"enemies":"Gremlin Gang","floor":14,"turns":4},{"damage":62,"enemies":"Hexaghost","floor":16,"turns":15}],"seed_played":"6856301296922067205","potions_obtained":[{"floor":1,"key":"LiquidMemories"},{"floor":10,"key":"FearPotion"},{"floor":12,"key":"PowerPotion"}],"is_trial":false,"path_per_floor":["M","?","?","M","$","R","?","T","T","M","M","E","R","M","R","B"],"character_chosen":"IRONCLAD","items_purchased":["Pommel Strike","Dramatic Entrance"],"campfire_rested":1,"item_purchase_floors":[5,5],"current_hp_per_floor":[62,42,42,41,41,65,54,54,54,60,65,63,63,59,59,0,0],"gold":385,"neow_bonus":"ONE_RARE_RELIC","is_prod":false,"is_daily":false,"chose_seed":false,"campfire_upgraded":2,"win_rate":0,"timestamp":1607572949,"path_taken":["M","?","?","M","$","R","?","?","T","M","?","E","R","M","R","BOSS"],"build_version":"2020-11-30","purchased_purges":0,"victory":false,"max_hp_per_floor":[80,80,80,80,80,80,80,80,80,80,80,80,80,80,80,80,80],"relic_stats":{"counters":[7,38],"Blue Candle":[4],"obtain_stats":[{"infinitespire:CursedDice":9,"Blue Candle":8,"infinitespire:EmpoweringShard":12,"Burning Blood":0,"FossilizedHelix":0},{"infinitespire:CursedDice":2,"Blue Candle":2,"infinitespire:EmpoweringShard":5,"Burning Blood":0,"FossilizedHelix":0},{"infinitespire:CursedDice":7,"Blue Candle":7,"infinitespire:EmpoweringShard":19,"Burning Blood":0,"FossilizedHelix":0}],"Burning Blood":36},"card_choices":[{"not_picked":["Clash","Thunderclap"],"picked":"Twin Strike","floor":1},{"not_picked":["infinitespire:Starlight","infinitespire:FutureSight"],"picked":"infinitespire:Fortify","floor":2},{"not_picked":["Sword Boomerang","Rage"],"picked":"Shrug It Off","floor":4},{"not_picked":["Pommel Strike","Perfected Strike"],"picked":"Armaments","floor":10},{"not_picked":["Perfected Strike","Iron Wave"],"picked":"Headbutt","floor":11},{"not_picked":["Flex","Havoc","Perfected Strike"],"picked":"SKIP","floor":12},{"not_picked":["Dark Embrace","Combust","Whirlwind"],"picked":"SKIP","floor":14}],"player_experience":439319,"relics_obtained":[{"floor":8,"key":"Blue Candle"},{"floor":9,"key":"infinitespire:CursedDice"},{"floor":12,"key":"infinitespire:EmpoweringShard"}],"event_choices":[{"damage_healed":0,"gold_gain":175,"player_choice":"AGREE","damage_taken":0,"max_hp_gain":0,"max_hp_loss":0,"event_name":"Liars Game","floor":3,"gold_loss":0,"cards_obtained":["Doubt"]},{"damage_healed":0,"gold_gain":75,"player_choice":"Gather Gold","damage_taken":11,"max_hp_gain":0,"max_hp_loss":0,"event_name":"World of Goop","floor":7,"gold_loss":0}],"is_beta":false,"boss_relics":[],"items_purged_floors":[],"is_endless":false,"potions_floor_spawned":[1,10,12],"killed_by":"Hexaghost","ascension_level":0}}