{"host":"hfvpa4llnnjpeawn","time":1607563475,"event":{"gold_per_floor":[369,49,66,66,82,82,97,97,148,176,190,224,224,234,234,336,336,346,346,574,593,97,124,124,134,160,40,40,50,80,80,80,182,182,192,192,192,207,223,223,243,277,302,314,314,342,356,356,356,356],"floor_reached":51,"playtime":4191,"items_purged":[],"score":907,"play_id":"e3fb622a-90e2-4347-b4fc-3a0e8892b7bb","local_time":"20201209202435","is_ascension_mode":false,"campfire_choices":[{"floor":8,"key":"REST"},{"floor":15,"key":"REST"},{"data":"Koishi:FidgetySnatcher","floor":24,"key":"SMITH"},{"floor":32,"key":"REST"},{"data":"infinitespire:Oblivion","floor":40,"key":"SMITH"},{"data":"Koishi:Heartbroken","floor":45,"key":"SMITH"},{"data":"Koishi:MassHysteria","floor":49,"key":"SMITH"}],"neow_cost":"CURSE","seed_source_timestamp":0,"circlet_count":0,"master_deck":["Koishi:BasicStrike","Koishi:BasicStrike","Koishi:BasicStrike","Koishi:BasicStrike","Koishi:BasicDefend","Koishi:BasicDefend","Koishi:BasicDefend","Koishi:BasicDefend","Koishi:Provoke","Koishi:HauntingSlash","Spreading Infection","Koishi:SpiritedAway","Koishi:VengefulSpirit","Koishi:FleetingPhantom","Gensokyo:CrescentMoonSlash","Koishi:MassHysteria+1","Koishi:FidgetySnatcher+1","Koishi:SilentAndRestless+1","infinitespire:Oblivion+1","Koishi:UnconsciousUprising","Koishi:Heartbroken+1","Koishi:Possession","Koishi:SpiritedAway+1","Koishi:DreadfulBlow+1","Koishi:ReflexRadar+1","Koishi:SpiritedAway+1"],"special_seed":0,"relics":["Koishi:ImaginaryFriend","Singing Bowl","DemoMod:ClearGuonStone","hubris:SlimyHat","Orichalcum","Gensokyo:OccultBall","ChewingGum","Lee\u0027s Waffle","DemoMod:MonsterBlood","hubris:EmptyBottle","Molten Egg 2","ReplayTheSpireMod:Lightbulb","Nunchaku","Gensokyo:MaskOfHope","Gensokyo:DirgeOfMelancholy","infinitespire:Lychee Nut","DemoMod:LamentConfigurum","hubris:ScarierMask","Black Star","TheAbacus","Koishi:LettersToReimu","Bronze Scales","Lantern","Prayer Wheel","Blood Vial","DemoMod:GlassGuonStoneRelic"],"potions_floor_usage":[10,12,16,23,23,23,23,25,25,29,29,29,29,29,30,30,33,38,38,42,42,42,42,46,46,50,50],"damage_taken":[{"damage":0,"enemies":"Gensokyo:3_Fairies","floor":1,"turns":4},{"damage":4,"enemies":"Gensokyo:Python","floor":3,"turns":4},{"damage":8,"enemies":"Gensokyo:Gryphon","floor":5,"turns":4},{"damage":15,"enemies":"Gensokyo:2_Rabbits","floor":7,"turns":6},{"damage":11,"enemies":"Gensokyo:Mamizou","floor":10,"turns":9},{"damage":14,"enemies":"Gensokyo:LivingMonolith","floor":11,"turns":4},{"damage":14,"enemies":"Gensokyo:Aya","floor":12,"turns":4},{"damage":0,"enemies":"Gensokyo:5_Fairies","floor":14,"turns":2},{"damage":20,"enemies":"Gensokyo:Reimu","floor":16,"turns":7},{"damage":13,"enemies":"Gensokyo:Chomper","floor":18,"turns":4},{"damage":0,"enemies":"Gensokyo:2_Gloops","floor":21,"turns":4},{"damage":0,"enemies":"Gensokyo:Reisen","floor":23,"turns":7},{"damage":9,"enemies":"Gensokyo:Mirror_and_Dog","floor":25,"turns":2},{"damage":4,"enemies":"Gensokyo:Wraith","floor":29,"turns":3},{"damage":21,"enemies":"Gensokyo:Tenshi","floor":30,"turns":5},{"damage":7,"enemies":"Gensokyo:Eternal_Rivals","floor":33,"turns":9},{"damage":0,"enemies":"3 Shapes","floor":35,"turns":4},{"damage":0,"enemies":"Orb Walker","floor":38,"turns":3},{"damage":5,"enemies":"4 Shapes","floor":39,"turns":6},{"damage":8,"enemies":"Sphere and 2 Shapes","floor":41,"turns":2},{"damage":31,"enemies":"Giant Head","floor":42,"turns":7},{"damage":8,"enemies":"Spire Growth","floor":44,"turns":4},{"damage":0,"enemies":"R_Hoarder","floor":46,"turns":6},{"damage":4,"enemies":"Maw","floor":47,"turns":8},{"damage":0,"enemies":"Time Eater","floor":50,"turns":7}],"seed_played":"-6567478062223541833","potions_obtained":[{"floor":7,"key":"Ancient Potion"},{"floor":11,"key":"DistilledChaos"},{"floor":14,"key":"Explosive Potion"},{"floor":21,"key":"Toxic Potion"},{"floor":23,"key":"Energy Potion"},{"floor":25,"key":"sneckomod:MuddlingPotion"},{"floor":30,"key":"Elixir"},{"floor":35,"key":"Swift Potion"},{"floor":38,"key":"Ancient Potion"},{"floor":39,"key":"Strength Potion"},{"floor":47,"key":"DuplicationPotion"}],"is_trial":false,"path_per_floor":["M","$","M","?","M","?","M","R","T","E","M","E","?","M","R","B",null,"M","AVR","?","M","$","E","R","M","T","?","?","M","E","?","R","B",null,"M","AVR","?","M","M","R","M","E","T","M","R","E","M","?","R","B",null],"character_chosen":"KOISHI","items_purchased":["Singing Bowl","Koishi:VengefulSpirit","hubris:EmptyBottle","Molten Egg 2","EntropicBrew"],"campfire_rested":3,"item_purchase_floors":[2,2,22,22,22],"current_hp_per_floor":[60,60,58,58,51,45,33,52,52,44,31,17,17,19,38,19,66,56,75,48,48,48,51,51,44,44,44,44,51,34,34,52,63,63,65,65,65,65,66,66,62,41,41,40,40,47,55,55,55,64],"gold":356,"neow_bonus":"TWO_FIFTY_GOLD","is_prod":false,"is_daily":false,"chose_seed":false,"campfire_upgraded":4,"win_rate":0.0,"timestamp":1607563475,"path_taken":["M","$","M","?","M","?","M","R","T","E","M","E","?","M","R","BOSS","M","AVR","?","?","$","E","R","M","T","?","?","?","E","?","R","BOSS","M","AVR","?","M","M","R","M","E","T","M","R","E","M","?","R","BOSS"],"build_version":"2020-11-30","purchased_purges":0,"victory":true,"max_hp_per_floor":[60,60,62,62,62,62,64,64,64,64,64,64,64,66,66,66,66,68,75,82,82,82,84,84,86,86,86,86,88,68,63,63,63,63,65,65,65,65,67,67,67,69,69,69,69,69,71,71,71,71],"card_choices":[{"not_picked":["Koishi:JumpScare","Koishi:SubconsciousSweep"],"picked":"Koishi:SpiritedAway","floor":1},{"not_picked":["Koishi:IdleWhim","Koishi:RacingHeart","Koishi:UnconsciousUprising"],"picked":"Singing Bowl","floor":3},{"not_picked":["Koishi:StingingMind","Koishi:FourthEye"],"picked":"Koishi:SprinkleStarAndHeart","floor":5},{"not_picked":["Koishi:GeneticsOfTheUnconscious","Koishi:Prune","Koishi:FleetingPhantom"],"picked":"Singing Bowl","floor":7},{"not_picked":["Koishi:GhostParty","Koishi:DreadfulBlow"],"picked":"Koishi:UnconsciousUrges","floor":10},{"not_picked":["Koishi:TremblingHands","Koishi:VengefulSpirit"],"picked":"Koishi:MassHysteria","floor":11},{"not_picked":["Koishi:ParalyzingFear","Koishi:ConditionedTeleport"],"picked":"Koishi:FidgetySnatcher","floor":12},{"not_picked":["Koishi:SprinkleStarAndHeart","Koishi:FreudianInstinct","Koishi:UnseenTerror"],"picked":"Singing Bowl","floor":14},{"not_picked":["Koishi:ImGoingToCallYouNow","Koishi:Ego"],"picked":"Koishi:SilentAndRestless","floor":16},{"not_picked":["Koishi:RacingHeart","Koishi:EmbryosDream","Koishi:RorschachInDanmaku"],"picked":"Singing Bowl","floor":18},{"not_picked":["Koishi:CatchAndRose","Koishi:Catatonia"],"picked":"Koishi:UnconsciousUprising","floor":21},{"not_picked":["Koishi:JumpScare","Koishi:CatchAndRose","Koishi:ReleaseOfTheId"],"picked":"Singing Bowl","floor":23},{"not_picked":["Koishi:ParalyzingFear+1","Koishi:Prune+1","Koishi:UnconsciousUprising"],"picked":"Singing Bowl","floor":25},{"not_picked":["Koishi:YoukaiPolygraph+1","Koishi:UnseenTerror+1","Koishi:FleetingPhantom"],"picked":"Singing Bowl","floor":29},{"not_picked":["Koishi:SpiritedAway+1","Koishi:RacingHeart+1","Koishi:GrowingPain+1"],"picked":"Singing Bowl","floor":30},{"not_picked":["Koishi:GrowingPain+1","Koishi:FadingMemory"],"picked":"Koishi:Heartbroken","floor":33},{"not_picked":["Koishi:FreudianInstinct","Koishi:UnansweredLove+1","Koishi:UnconsciousUrges+1"],"picked":"Singing Bowl","floor":35},{"not_picked":["Koishi:Whimsy+1","Koishi:SubterraneanRose"],"picked":"Koishi:Possession","floor":38},{"not_picked":["Koishi:JumpScare+1","Koishi:PhantomBarrier","Koishi:ParalyzingFear+1"],"picked":"Singing Bowl","floor":39},{"not_picked":["Koishi:Whimsy+1","Koishi:DreadfulBlow+1"],"picked":"Koishi:SpiritedAway+1","floor":41},{"not_picked":["Koishi:FleetingPhantom","Koishi:StingingMind+1","Koishi:DreadfulBlow+1"],"picked":"Singing Bowl","floor":42},{"not_picked":["Koishi:ReleaseOfTheId","Koishi:UnseenTerror+1"],"picked":"Koishi:DreadfulBlow+1","floor":44},{"not_picked":["Koishi:JumpScare","Koishi:StingingMind+1"],"picked":"Koishi:ReflexRadar+1","floor":46},{"not_picked":["Koishi:StrangeCloudFist+1","Koishi:MindNumbingTerror+1","Koishi:UnseenTerror+1"],"picked":"Singing Bowl","floor":47},{"not_picked":["Koishi:StingingMind+1","Koishi:RacingHeart+1"],"picked":"Koishi:SpiritedAway+1","floor":47}],"player_experience":152795,"relics_obtained":[{"floor":9,"key":"DemoMod:ClearGuonStone"},{"floor":10,"key":"hubris:SlimyHat"},{"floor":12,"key":"Orichalcum"},{"floor":16,"key":"Gensokyo:OccultBall"},{"floor":23,"key":"ReplayTheSpireMod:Lightbulb"},{"floor":26,"key":"Nunchaku"},{"floor":30,"key":"infinitespire:Lychee Nut"},{"floor":33,"key":"Gensokyo:OccultBall"},{"floor":42,"key":"Koishi:LettersToReimu"},{"floor":42,"key":"Bronze Scales"},{"floor":43,"key":"Lantern"},{"floor":46,"key":"Prayer Wheel"},{"floor":46,"key":"Blood Vial"}],"event_choices":[{"damage_healed":0,"gold_gain":228,"player_choice":"GO GO RE ","damage_taken":38,"relics_obtained":["DemoMod:MonsterBlood"],"max_hp_gain":0,"max_hp_loss":0,"event_name":"betterSkull:BetterSkull","floor":20,"gold_loss":0,"cards_upgraded":[]},{"cards_removed":["Koishi:UnconsciousUrges"],"damage_healed":0,"gold_gain":0,"player_choice":"Removed Power","damage_taken":0,"max_hp_gain":0,"max_hp_loss":0,"event_name":"Falling","floor":37,"gold_loss":0},{"damage_healed":0,"gold_gain":0,"player_choice":"Upgraded","damage_taken":0,"max_hp_gain":0,"max_hp_loss":0,"event_name":"Upgrade Shrine","floor":48,"gold_loss":0,"cards_upgraded":["Koishi:SilentAndRestless"]}],"is_beta":false,"boss_relics":[{"not_picked":["Fusion Hammer","Runic Pyramid"],"picked":"ChewingGum"},{"not_picked":["hubris:VirtuousBlindfold","Velvet Choker"],"picked":"hubris:ScarierMask"}],"items_purged_floors":[],"is_endless":false,"potions_floor_spawned":[7,11,14,21,23,25,30,35,38,39,47],"ascension_level":0}}