{"host":"spdo1rkrnctwf3z7","time":1607618696,"event":{"gold_per_floor":[112,112,112,123,123,123,123,123,123,123,149,164,164,176,176,281,331,349,123,143,242,1,1,1,1,1,17,17,36,36,55,55,55,55],"floor_reached":33,"playtime":1087,"items_purged":["Pain","Writhe"],"score":283,"play_id":"37686296-21a6-468a-8655-d8f56a705ea5","local_time":"20201211014456","is_ascension_mode":false,"campfire_choices":[{"data":"Tantrum","floor":6,"key":"SMITH"},{"data":"Vigilance","floor":10,"key":"SMITH"},{"data":"EmptyBody","floor":13,"key":"SMITH"},{"data":"DevaForm","floor":15,"key":"SMITH"},{"data":"Alpha","floor":23,"key":"SMITH"},{"data":"Tantrum","floor":25,"key":"SMITH"},{"data":"Tantrum","floor":28,"key":"SMITH"},{"data":"Vengeance","floor":32,"key":"SMITH"}],"neow_cost":"NONE","seed_source_timestamp":186943264571300,"circlet_count":0,"master_deck":["Strike_P+1","Strike_P","Strike_P","Strike_P","Defend_P","Defend_P","Defend_P","Defend_P","Eruption+1","Vigilance+1","Vengeance+1","Tantrum+1","EmptyBody+1","DevaForm+1","Brilliance","Tantrum+1","Tantrum+1","Alpha+1"],"relics":["Cursed Key","Mercury Hourglass","Boot","Tiny House","Oddly Smooth Stone","MutagenicStrength","Strawberry"],"potions_floor_usage":[29,33,33,33],"damage_taken":[{"damage":0,"enemies":"Jaw Worm","floor":1,"turns":2},{"damage":4,"enemies":"Small Slimes","floor":4,"turns":3},{"damage":0,"enemies":"Cultist","floor":12,"turns":2},{"damage":0,"enemies":"2 Fungi Beasts","floor":14,"turns":2},{"damage":7,"enemies":"Slime Boss","floor":16,"turns":7},{"damage":5,"enemies":"2 Thieves","floor":18,"turns":3},{"damage":0,"enemies":"Chosen","floor":20,"turns":3},{"damage":12,"enemies":"3 Cultists","floor":27,"turns":3},{"damage":14,"enemies":"Cultist and Chosen","floor":29,"turns":7},{"damage":0,"enemies":"Chosen and Byrds","floor":31,"turns":4},{"damage":67,"enemies":"Champ","floor":33,"turns":3}],"seed_played":"-703502141838053980","potions_obtained":[{"floor":4,"key":"Fire Potion"},{"floor":16,"key":"PowerPotion"},{"floor":17,"key":"Regen Potion"},{"floor":27,"key":"ColorlessPotion"},{"floor":31,"key":"FearPotion"}],"is_trial":false,"path_per_floor":["M","?","?","M","$","R","$","?","T","R","T","M","R","M","R","B",null,"M","$","M","?","$","R","?","R","T","M","R","M","?","M","R","B"],"character_chosen":"WATCHER","items_purchased":["Oddly Smooth Stone","Alpha"],"campfire_rested":0,"item_purchase_floors":[19,22],"current_hp_per_floor":[72,72,72,68,68,68,68,68,68,68,68,68,68,68,68,61,77,72,72,72,72,72,72,72,72,79,67,67,65,65,65,65,0,0],"gold":55,"neow_bonus":"BOSS_RELIC","is_prod":false,"is_daily":false,"chose_seed":false,"campfire_upgraded":8,"win_rate":0.0,"timestamp":1607618696,"path_taken":["M","?","?","?","$","R","$","?","T","R","?","M","R","M","R","BOSS","M","$","M","?","$","R","?","R","T","M","R","M","?","M","R","BOSS"],"build_version":"2020-11-30","purchased_purges":2,"victory":false,"max_hp_per_floor":[72,72,72,72,72,72,72,72,72,72,72,72,72,72,72,72,77,77,77,77,77,77,77,77,77,84,84,84,84,81,81,81,81,81],"card_choices":[{"not_picked":["FollowUp","Nirvana"],"picked":"Vengeance","floor":1},{"not_picked":["JustLucky","InnerPeace"],"picked":"Tantrum","floor":4},{"not_picked":["Halt","Consecrate"],"picked":"EmptyBody","floor":12},{"not_picked":["Vengeance","BowlingBash"],"picked":"DevaForm","floor":14},{"not_picked":["ConjureBlade","Establishment"],"picked":"Brilliance","floor":16},{"not_picked":["Evaluate","Worship"],"picked":"Tantrum","floor":17},{"not_picked":["EmptyFist","Meditate"],"picked":"Tantrum","floor":18},{"not_picked":["CarveReality","Evaluate","Perseverance"],"picked":"SKIP","floor":20},{"not_picked":["ClearTheMind+1","PathToVictory+1","FlyingSleeves"],"picked":"SKIP","floor":27},{"not_picked":["PathToVictory","FlyingSleeves+1","Nirvana"],"picked":"SKIP","floor":29},{"not_picked":["FollowUp","PathToVictory+1","DeceiveReality"],"picked":"SKIP","floor":31}],"player_experience":111495,"relics_obtained":[{"floor":9,"key":"Mercury Hourglass"},{"floor":11,"key":"Boot"},{"floor":26,"key":"Strawberry"}],"event_choices":[{"damage_healed":0,"gold_gain":0,"player_choice":"Leave","damage_taken":0,"max_hp_gain":0,"max_hp_loss":0,"event_name":"The Cleric","floor":2,"gold_loss":0},{"damage_healed":0,"gold_gain":0,"player_choice":"Forge","damage_taken":0,"max_hp_gain":0,"max_hp_loss":0,"event_name":"Accursed Blacksmith","floor":3,"gold_loss":0,"cards_upgraded":["Eruption"]},{"damage_healed":0,"gold_gain":0,"player_choice":"Ignored","damage_taken":0,"max_hp_gain":0,"max_hp_loss":0,"event_name":"Liars Game","floor":8,"gold_loss":0},{"damage_healed":0,"gold_gain":99,"player_choice":"Stole From Cult","damage_taken":0,"max_hp_gain":0,"max_hp_loss":0,"event_name":"Nest","floor":21,"gold_loss":0},{"damage_healed":0,"gold_gain":0,"player_choice":"Inject Mutagens","damage_taken":0,"relics_obtained":["MutagenicStrength"],"max_hp_gain":0,"max_hp_loss":0,"event_name":"Drug Dealer","floor":24,"gold_loss":0},{"cards_removed":["Parasite"],"damage_healed":0,"gold_gain":0,"player_choice":"Elegance","damage_taken":0,"max_hp_gain":0,"max_hp_loss":0,"event_name":"Back to Basics","floor":30,"gold_loss":0}],"is_beta":false,"boss_relics":[{"not_picked":["Philosopher\u0027s Stone","Ectoplasm"],"picked":"Tiny House"}],"items_purged_floors":[19,22],"is_endless":false,"potions_floor_spawned":[4,16,18,27,31],"killed_by":"Champ","ascension_level":0}}