{"host":"krw8blyxua7at9ak","time":1607625975,"event":{"mods":["BaseMod","Highlight Path","Minty Spire (QoL Compilation)","ojb\u0027s Info Mod"],"gold_per_floor":[117,117,117,132,57,91,91,126,126,126,194,229,38,49,49,120,120,135,185,235,64,78,105,105,135,161,237,250,314,326,344,344,420,420,430,447,544,1593,495,528,556,581,607,136,146,146,146],"floor_reached":46,"playtime":1995,"items_purged":["Normality","Normality"],"score":1432,"play_id":"b0465e8b-d7f0-4955-9740-28c3376a07b1","local_time":"20201210194615","is_ascension_mode":true,"campfire_choices":[{"data":"Blade Dance","floor":7,"key":"SMITH"},{"data":"After Image","floor":15,"key":"SMITH"},{"data":"Blade Dance","floor":24,"key":"SMITH"},{"data":"Blade Dance","floor":32,"key":"SMITH"}],"circlet_count":0,"master_deck":["AscendersBane","Strike_G","Strike_G","Strike_G","Defend_G","Defend_G","Defend_G","Defend_G","Defend_G+1","Survivor","Neutralize","Blade Dance+1","All Out Attack","Blade Dance+1","Noxious Fumes","After Image+1","Bouncing Flask","Blade Dance+1","Corpse Explosion","Finisher","Terror","Calculated Gamble+1","Prepared+1","Acrobatics+1","Finesse","Footwork","Die Die Die","Eviscerate+1","Catalyst+1","Pain","Master of Strategy","Infinite Blades+1"],"relics":["Ring of the Snake","NeowsBlessing","Ginger","Lantern","Bottled Lightning","SsserpentHead","Tiny Chest","Oddly Smooth Stone","Runic Pyramid","MutagenicStrength","Ancient Tea Set","Happy Flower","Pear","Nunchaku","Cursed Key","Calipers","Sling","WingedGreaves","Potion Belt","Dream Catcher","War Paint","Prayer Wheel","Strawberry","Frozen Eye"],"acts_visited":["Exordium","TheCity","TheBeyond"],"potions_floor_usage":[8,8,12,23,33,33,41,42,45],"damage_taken":[{"damage":0,"enemies":"2 Louse","floor":1,"turns":1},{"damage":0,"enemies":"Jaw Worm","floor":4,"turns":1},{"damage":0,"enemies":"3 Sentries","floor":6,"turns":1},{"damage":0,"enemies":"Gremlin Nob","floor":8,"turns":2},{"damage":0,"enemies":"Cultist","floor":11,"turns":2},{"damage":29,"enemies":"Lagavulin","floor":12,"turns":9},{"damage":0,"enemies":"Blue Slaver","floor":14,"turns":3},{"damage":12,"enemies":"Hexaghost","floor":16,"turns":9},{"damage":12,"enemies":"Shell Parasite","floor":18,"turns":6},{"damage":0,"enemies":"3 Byrds","floor":22,"turns":2},{"damage":0,"enemies":"Gremlin Leader","floor":23,"turns":2},{"damage":15,"enemies":"Slavers","floor":25,"turns":3},{"damage":0,"enemies":"Centurion and Healer","floor":28,"turns":3},{"damage":0,"enemies":"Snecko","floor":29,"turns":2},{"damage":0,"enemies":"Cultist and Chosen","floor":30,"turns":4},{"damage":0,"enemies":"3 Cultists","floor":31,"turns":3},{"damage":53,"enemies":"Collector","floor":33,"turns":7},{"damage":14,"enemies":"3 Darklings","floor":35,"turns":3},{"damage":1,"enemies":"3 Shapes","floor":36,"turns":4},{"damage":9,"enemies":"2 Orb Walkers","floor":37,"turns":2},{"damage":10,"enemies":"Nemesis","floor":40,"turns":3},{"damage":11,"enemies":"Giant Head","floor":41,"turns":5},{"damage":6,"enemies":"Nemesis","floor":42,"turns":3},{"damage":5,"enemies":"Spire Growth","floor":45,"turns":3},{"damage":11,"enemies":"Giant Head","floor":46,"turns":4}],"seed_played":"814749860385910792","potions_obtained":[{"floor":1,"key":"Swift Potion"},{"floor":4,"key":"SteroidPotion"},{"floor":6,"key":"SkillPotion"},{"floor":11,"key":"Weak Potion"},{"floor":18,"key":"Explosive Potion"},{"floor":22,"key":"DuplicationPotion"},{"floor":23,"key":"Fire Potion"},{"floor":30,"key":"Regen Potion"},{"floor":35,"key":"Dexterity Potion"},{"floor":40,"key":"CultistPotion"},{"floor":41,"key":"Energy Potion"},{"floor":42,"key":"Ancient Potion"}],"is_trial":false,"path_per_floor":["M","?","?","M","?","E","R","E","T","?","M","E","$","M","R","B",null,"M","?","?","$","M","E","R","E","T","T","M","M","M","M","R","B",null,"M","M","?","?","$","E","E","E","T","$","M","E"],"character_chosen":"THE_SILENT","items_purchased":["Oddly Smooth Stone","Bouncing Flask","Ancient Tea Set","Sling","WingedGreaves","Finesse","Footwork","Potion Belt","LiquidMemories","ColorlessPotion","Energy Potion","Frozen Eye","Master of Strategy"],"campfire_rested":0,"item_purchase_floors":[13,13,21,39,39,39,39,39,39,39,39,44,44],"current_hp_per_floor":[59,52,48,48,48,48,48,48,48,48,48,19,19,19,19,7,51,39,52,52,52,52,52,52,47,47,47,47,47,47,47,47,6,59,45,44,35,35,35,25,14,8,15,15,10,0,0],"gold":146,"neow_bonus":"THREE_ENEMY_KILL","is_daily":false,"chose_seed":false,"campfire_upgraded":4,"win_rate":0,"timestamp":1607625975,"path_taken":["M","?","?","?","?","E","R","E","T","?","?","E","?","M","R","BOSS","M","?","?","$","M","E","R","E","T","?","M","?","M","M","R","BOSS","M","M","?","?","$","E","E","E","T","$","M","E"],"build_version":"2020-11-30","purchased_purges":2,"victory":false,"max_hp_per_floor":[66,66,66,66,66,66,66,66,66,66,66,66,66,66,66,66,66,66,66,66,66,66,66,66,76,76,76,76,76,76,76,76,76,76,76,76,76,76,76,76,76,76,83,83,83,83,83],"card_choices":[{"not_picked":["Masterful Stab","Terror"],"picked":"Blade Dance","floor":1},{"not_picked":["Backflip","Cloak And Dagger"],"picked":"All Out Attack","floor":4},{"not_picked":["Dagger Throw","Crippling Poison"],"picked":"Blade Dance","floor":6},{"not_picked":["Reflex","Deflect"],"picked":"Noxious Fumes","floor":8},{"not_picked":["Noxious Fumes","Poisoned Stab","Crippling Poison"],"picked":"SKIP","floor":11},{"not_picked":["Poisoned Stab","Choke"],"picked":"After Image","floor":12},{"not_picked":["Caltrops","Skewer"],"picked":"Blade Dance","floor":14},{"not_picked":["Tools of the Trade","Bullet Time"],"picked":"Corpse Explosion","floor":16},{"not_picked":["Underhanded Strike","Blur"],"picked":"Finisher","floor":18},{"not_picked":["Deadly Poison","Dodge and Roll"],"picked":"Terror","floor":22},{"not_picked":["Corpse Explosion","All Out Attack","Reflex"],"picked":"SKIP","floor":23},{"not_picked":["Underhanded Strike","Skewer"],"picked":"Calculated Gamble","floor":25},{"not_picked":["Choke","Dagger Throw","Poisoned Stab"],"picked":"SKIP","floor":28},{"not_picked":["Sucker Punch","Bouncing Flask"],"picked":"Prepared+1","floor":29},{"not_picked":["Bane","Terror","Flying Knee"],"picked":"SKIP","floor":30},{"not_picked":["Outmaneuver","Acrobatics+1","Dagger Throw"],"picked":"SKIP","floor":31},{"not_picked":["All Out Attack+1","Prepared"],"picked":"Acrobatics+1","floor":35},{"not_picked":["Reflex","Setup","Backflip"],"picked":"SKIP","floor":36},{"not_picked":["Backflip","Cloak And Dagger"],"picked":"Die Die Die","floor":40},{"not_picked":["Escape Plan","Glass Knife"],"picked":"Eviscerate+1","floor":41},{"not_picked":["Predator","Quick Slash"],"picked":"Catalyst+1","floor":42},{"not_picked":["Noxious Fumes","Skewer"],"picked":"Infinite Blades+1","floor":45},{"not_picked":["Dagger Spray","Prepared","Calculated Gamble"],"picked":"SKIP","floor":45}],"player_experience":323142,"relics_obtained":[{"floor":6,"key":"Ginger"},{"floor":8,"key":"Lantern"},{"floor":9,"key":"Bottled Lightning"},{"floor":12,"key":"Tiny Chest"},{"floor":23,"key":"Happy Flower"},{"floor":25,"key":"Pear"},{"floor":26,"key":"Nunchaku"},{"floor":37,"key":"Calipers"},{"floor":40,"key":"Dream Catcher"},{"floor":41,"key":"War Paint"},{"floor":42,"key":"Prayer Wheel"},{"floor":43,"key":"Strawberry"}],"event_choices":[{"cards_removed":["Strike_G"],"damage_healed":0,"gold_gain":0,"player_choice":"Card Removal","damage_taken":7,"max_hp_gain":0,"max_hp_loss":0,"event_name":"Golden Wing","floor":2,"gold_loss":0},{"damage_healed":0,"gold_gain":0,"player_choice":"Bought 0 Potions","damage_taken":0,"max_hp_gain":0,"max_hp_loss":0,"event_name":"The Woman in Blue","floor":3,"gold_loss":0},{"cards_removed":["Strike_G"],"damage_healed":0,"gold_gain":0,"player_choice":"Card Removal","damage_taken":0,"max_hp_gain":0,"max_hp_loss":0,"event_name":"The Cleric","floor":5,"gold_loss":75},{"damage_healed":0,"gold_gain":0,"player_choice":"Trade","damage_taken":0,"relics_obtained":["SsserpentHead"],"max_hp_gain":0,"max_hp_loss":0,"event_name":"FaceTrader","floor":10,"gold_loss":0},{"damage_healed":13,"gold_gain":0,"player_choice":"Heal","damage_taken":0,"max_hp_gain":0,"max_hp_loss":0,"event_name":"The Library","floor":19,"gold_loss":0},{"damage_healed":0,"gold_gain":0,"player_choice":"Inject Mutagens","damage_taken":0,"relics_obtained":["MutagenicStrength"],"max_hp_gain":0,"max_hp_loss":0,"event_name":"Drug Dealer","floor":20,"gold_loss":0},{"damage_healed":0,"gold_gain":0,"player_choice":"Fight","damage_taken":0,"max_hp_gain":0,"max_hp_loss":0,"event_name":"Mysterious Sphere","floor":37,"gold_loss":0},{"damage_healed":0,"gold_gain":999,"player_choice":"Gold","damage_taken":0,"max_hp_gain":0,"max_hp_loss":0,"event_name":"MindBloom","floor":38,"gold_loss":0,"cards_obtained":["Normality","Normality"]}],"is_beta":false,"boss_relics":[{"not_picked":["Ring of the Serpent","SacredBark"],"picked":"Runic Pyramid"},{"not_picked":["WristBlade","HoveringKite"],"picked":"Cursed Key"}],"items_purged_floors":[39,44],"is_endless":false,"potions_floor_spawned":[1,4,6,11,18,22,23,30,35,40,41,42],"killed_by":"Giant Head","ascension_level":20}}