{"host":"1tl36azeqm6yhdgj","time":1607615332,"event":{"mods":["BaseMod","AchievementEnabler","Minty Spire (QoL Compilation)","StSLib","everything is the same but u backflip on backflip","The IronCluck"],"gold_per_floor":[10,22,32,44,55,87,87,120,190,190,1,32,44,44,44,147,147,157,157,157,171,15,15,28,28,28,48,68,68,98,115,115,215,215,225,236,236,251,300,328,328,338,365,383,418,437,5,5,5,5,5],"floor_reached":50,"playtime":3130,"items_purged":[],"score":949,"play_id":"3dceaa2b-39b8-4066-9792-4cbb4c841f21","local_time":"20201210104852","is_ascension_mode":true,"campfire_choices":[{"data":"Barricade","floor":10.0,"key":"SMITH"},{"data":"Magnetism","floor":15.0,"key":"SMITH"},{"data":"Body Slam","floor":23.0,"key":"SMITH"},{"floor":29.0,"key":"REST"},{"floor":32.0,"key":"REST"},{"floor":41.0,"key":"RECALL"},{"floor":49.0,"key":"REST"}],"circlet_count":0,"master_deck":["AscendersBane","Bash+1","Metamorphosis","Flame Barrier","Cleave","Metallicize","Barricade+1","Magnetism+1","Anger","Disarm","Body Slam+1","Disarm","Reaper","Shrug It Off","Immolate","Metallicize","Rampage","Uppercut+1","Double Tap","Anger+1","Exhume","Warcry","Uppercut","Battle Trance","Hemokinesis","Dark Embrace","Inflame","Armaments","Clash","Shrug It Off","Shrug It Off+1","Discovery","Madness","Flash of Steel","Inflame","Limit Break","Infernal Blade+1","Evolve+1","Demon Form+1","Heavy Blade+1","Fire Breathing+1","Rage+1"],"special_seed":0,"relics":["Burning Blood","PreservedInsect","Mummified Hand","Magic Flower","Runic Cube","Nloth\u0027s Gift","Lantern","Pandora\u0027s Box","Juzu Bracelet","Frozen Egg 2","Dream Catcher","Thread and Needle","Oddly Smooth Stone","Bag of Preparation"],"acts_visited":["TheBeyond"],"potions_floor_usage":[50],"damage_taken":[{"damage":1.0,"enemies":"Cultist","floor":1.0,"turns":3.0},{"damage":5.0,"enemies":"2 Louse","floor":2.0,"turns":3.0},{"damage":8.0,"enemies":"Jaw Worm","floor":3.0,"turns":5.0},{"damage":24.0,"enemies":"Lots of Slimes","floor":4.0,"turns":6.0},{"damage":11.0,"enemies":"Blue Slaver","floor":5.0,"turns":4.0},{"damage":21.0,"enemies":"3 Sentries","floor":6.0,"turns":10.0},{"damage":2.0,"enemies":"Lagavulin","floor":8.0,"turns":7.0},{"damage":16.0,"enemies":"3 Sentries","floor":12.0,"turns":7.0},{"damage":0.0,"enemies":"Red Slaver","floor":13.0,"turns":4.0},{"damage":26.0,"enemies":"Slime Boss","floor":16.0,"turns":10.0},{"damage":39.0,"enemies":"2 Thieves","floor":18.0,"turns":4.0},{"damage":27.0,"enemies":"Spheric Guardian","floor":21.0,"turns":6.0},{"damage":41.0,"enemies":"3 Cultists","floor":24.0,"turns":5.0},{"damage":9.0,"enemies":"Cultist and Chosen","floor":27.0,"turns":9.0},{"damage":24.0,"enemies":"Snake Plant","floor":28.0,"turns":6.0},{"damage":36.0,"enemies":"Slavers","floor":30.0,"turns":7.0},{"damage":19.0,"enemies":"Sentry and Sphere","floor":31.0,"turns":8.0},{"damage":2.0,"enemies":"Champ","floor":33.0,"turns":15.0},{"damage":19.0,"enemies":"Orb Walker","floor":35.0,"turns":4.0},{"damage":33.0,"enemies":"3 Shapes","floor":36.0,"turns":4.0},{"damage":23.0,"enemies":"3 Darklings","floor":38.0,"turns":5.0},{"damage":23.0,"enemies":"Reptomancer","floor":40.0,"turns":8.0},{"damage":4.0,"enemies":"Maw","floor":42.0,"turns":7.0},{"damage":18.0,"enemies":"Sphere and 2 Shapes","floor":44.0,"turns":3.0},{"damage":7.0,"enemies":"Giant Head","floor":45.0,"turns":5.0},{"damage":41.0,"enemies":"Spire Growth","floor":46.0,"turns":7.0},{"damage":64,"enemies":"Time Eater","floor":50,"turns":7}],"seed_played":"-6680096272224416111","potions_obtained":[{"floor":3.0,"key":"AttackPotion"},{"floor":4.0,"key":"Strength Potion"},{"floor":7.0,"key":"Block Potion"},{"floor":7.0,"key":"ColorlessPotion"},{"floor":12.0,"key":"DistilledChaos"},{"floor":16.0,"key":"Swift Potion"},{"floor":30.0,"key":"SteroidPotion"},{"floor":31.0,"key":"Swift Potion"},{"floor":35.0,"key":"FearPotion"},{"floor":36.0,"key":"LiquidMemories"},{"floor":38.0,"key":"Weak Potion"},{"floor":44.0,"key":"Swift Potion"}],"is_trial":false,"path_per_floor":["M","M","M","M","M","E","?","E","T","R","$","E","M","?","R","B",null,"M","?","?","M","$","R","M","?","T","M","M","R","E","M","R","B",null,"M","M","?","M","T","E","R","M","T","M","E","M","$","$","R","B"],"character_chosen":"IRONCLAD","items_purchased":["Magnetism","Anger","Immolate","Oddly Smooth Stone","Bag of Preparation","Fire Breathing+1","Dexterity Potion"],"campfire_rested":3,"item_purchase_floors":[11,11,22,47,47,47,47],"current_hp_per_floor":[77,78,76,58,53,38,38,42,42,42,42,32,41,41,41,24,66,36,62,62,50,50,50,36,36,36,42,32,56,41,31,55,68,77,67,43,33,51,51,63,63,68,68,59,61,29,29,29,53,0,0],"gold":5,"neow_bonus":"RANDOM_COLORLESS_2","is_daily":false,"chose_seed":false,"campfire_upgraded":3,"win_rate":0,"timestamp":1607615332,"path_taken":["M","M","M","M","M","E","?","E","T","R","?","E","?","?","R","BOSS","M","?","?","?","$","R","?","?","T","?","M","R","E","M","R","BOSS","BOSS","M","?","?","M","?","E","R","M","T","M","E","M","$","?","R","BOSS"],"build_version":"2020-11-30","purchased_purges":0,"victory":false,"max_hp_per_floor":[80,80,80,80,80,80,80,80,80,80,80,80,80,80,80,80,80,80,80,80,80,80,80,80,80,80,80,80,80,80,80,80,80,80,80,80,80,80,80,80,80,80,80,80,80,80,80,80,80,80,80],"card_choices":[{"not_picked":["Master of Strategy","Secret Technique"],"picked":"Metamorphosis","floor":0.0},{"not_picked":["Feel No Pain","Headbutt"],"picked":"Flame Barrier","floor":1.0},{"not_picked":["Feel No Pain","Body Slam","Clothesline"],"picked":"SKIP","floor":2.0},{"not_picked":["Perfected Strike","Warcry"],"picked":"Cleave","floor":3.0},{"not_picked":["Hemokinesis","Heavy Blade","Perfected Strike"],"picked":"SKIP","floor":4.0},{"not_picked":["Havoc","Flame Barrier"],"picked":"Metallicize","floor":5.0},{"not_picked":["Twin Strike","Wild Strike","Heavy Blade"],"picked":"SKIP","floor":6.0},{"not_picked":["Heavy Blade","Thunderclap"],"picked":"Barricade","floor":8.0},{"not_picked":["True Grit","Shockwave"],"picked":"Disarm","floor":12.0},{"not_picked":["Heavy Blade","Body Slam","Clothesline"],"picked":"SKIP","floor":13.0},{"not_picked":["Heavy Blade","Clothesline"],"picked":"Body Slam","floor":13.0},{"not_picked":["Barricade","Brutality"],"picked":"Reaper","floor":16.0},{"not_picked":["Twin Strike","Battle Trance"],"picked":"Shrug It Off","floor":18.0},{"not_picked":["Reaper","Cleave","Sever Soul"],"picked":"SKIP","floor":21.0},{"not_picked":["Pommel Strike","Twin Strike","Heavy Blade"],"picked":"SKIP","floor":24.0},{"not_picked":["Sword Boomerang","Headbutt"],"picked":"Rampage","floor":27.0},{"not_picked":["Thunderclap+1","Hemokinesis"],"picked":"Uppercut+1","floor":28.0},{"not_picked":["Disarm+1","Combust"],"picked":"Double Tap","floor":30.0},{"not_picked":["Cleave+1","Sentinel+1"],"picked":"Anger+1","floor":31.0},{"not_picked":["Offering","Barricade"],"picked":"Exhume","floor":33.0},{"not_picked":["Twin Strike+1","Power Through+1"],"picked":"Shrug It Off","floor":35.0},{"not_picked":["Flex","Sword Boomerang"],"picked":"Shrug It Off+1","floor":36.0},{"not_picked":["Dark Shackles","Mayhem"],"picked":"Discovery","floor":37.0},{"not_picked":["Violence","Good Instincts"],"picked":"Madness","floor":37.0},{"not_picked":["Blind","Swift Strike"],"picked":"Flash of Steel","floor":37.0},{"not_picked":["Body Slam+1","Iron Wave"],"picked":"Inflame","floor":38.0},{"not_picked":["Anger","Immolate"],"picked":"Limit Break","floor":40.0},{"not_picked":["Twin Strike","Anger"],"picked":"Infernal Blade+1","floor":42.0},{"not_picked":["Bludgeon","Limit Break"],"picked":"Evolve+1","floor":44.0},{"not_picked":["Twin Strike","Pommel Strike+1"],"picked":"Demon Form+1","floor":45.0},{"not_picked":["Flame Barrier","Cleave"],"picked":"Heavy Blade+1","floor":46.0},{"not_picked":["Cleave","True Grit"],"picked":"Rage+1","floor":49.0}],"player_experience":1898479,"relics_obtained":[{"floor":6.0,"key":"PreservedInsect"},{"floor":8.0,"key":"Whetstone"},{"floor":9.0,"key":"Mummified Hand"},{"floor":12.0,"key":"Magic Flower"},{"floor":30.0,"key":"Lantern"},{"floor":39.0,"key":"Juzu Bracelet"},{"floor":40.0,"key":"Frozen Egg 2"},{"floor":43.0,"key":"Dream Catcher"},{"floor":45.0,"key":"Thread and Needle"}],"event_choices":[{"damage_healed":0.0,"max_hp_gain":0.0,"max_hp_loss":0.0,"gold_gain":0.0,"event_name":"Lab","player_choice":"Got Potions","floor":7.0,"gold_loss":0.0,"damage_taken":0.0},{"damage_healed":0.0,"max_hp_gain":0.0,"max_hp_loss":0.0,"gold_gain":0.0,"cards_transformed":["Strike_R"],"event_name":"Living Wall","player_choice":"Change","floor":14.0,"gold_loss":0.0,"damage_taken":0.0,"cards_obtained":["Disarm"]},{"damage_healed":26.0,"max_hp_gain":0.0,"max_hp_loss":0.0,"gold_gain":0.0,"event_name":"The Library","player_choice":"Heal","floor":19.0,"gold_loss":0.0,"damage_taken":0.0},{"damage_healed":0.0,"max_hp_gain":0.0,"max_hp_loss":0.0,"gold_gain":0.0,"event_name":"N\u0027loth","player_choice":"Traded Relic","floor":20.0,"relics_lost":["Whetstone"],"gold_loss":0.0,"damage_taken":0.0,"relics_obtained":["Nloth\u0027s Gift"]},{"damage_healed":0.0,"max_hp_gain":0.0,"max_hp_loss":0.0,"gold_gain":0.0,"event_name":"Duplicator","player_choice":"Copied","floor":25.0,"gold_loss":0.0,"damage_taken":0.0,"cards_obtained":["Metallicize"]},{"damage_healed":0.0,"max_hp_gain":0.0,"max_hp_loss":0.0,"gold_gain":0.0,"event_name":"SensoryStone","player_choice":"Memory 3","floor":37.0,"gold_loss":0.0,"damage_taken":10.0}],"is_beta":false,"boss_relics":[{"not_picked":["Fusion Hammer","SlaversCollar"],"picked":"Runic Cube"},{"not_picked":["Mark of Pain","SacredBark"],"picked":"Pandora\u0027s Box"}],"items_purged_floors":[],"is_endless":false,"potions_floor_spawned":[3,4,5,12,16,30,31,35,36,38,44],"killed_by":"Time Eater","ascension_level":11}}