{"host":"0uumfqrc8aynrssa","time":1607593899,"event":{"gold_per_floor":[117,127,127,138,138,138,158,191,191,207,207,227,227,227,227,328,328,340,340,340,265,25,25,39,69,69,87,87,12,32,60,60,165,165,184,184,184,202,225,225,225,225,225,0,32,32,32,49,49,56,78,94,94,13,13,27,27,27,27,71],"floor_reached":61,"playtime":5416,"items_purged":["potionbrewer:PotionbrewerStrike","potionbrewer:PotionbrewerStrike","potionbrewer:PotionbrewerStrike"],"score":1421,"play_id":"a9aa2490-4bae-4fad-b8de-5c36e37b9497","local_time":"20201210045139","is_ascension_mode":false,"campfire_choices":[{"data":"potionbrewer:Contingency","floor":6.0,"key":"SMITH"},{"data":"potionbrewer:FlareUp","floor":11.0,"key":"SMITH"},{"data":"potionbrewer:Fuel","floor":13.0,"key":"SMITH"},{"data":"potionbrewer:IronHeart","floor":15.0,"key":"SMITH"},{"data":"potionbrewer:TheFinalStraw","floor":23.0,"key":"SMITH"},{"data":"potionbrewer:QuickStep","floor":32.0,"key":"SMITH"},{"floor":40.0,"key":"REST"},{"floor":42.0,"key":"RECALL"},{"data":"potionbrewer:PrivateReserves","floor":46.0,"key":"SMITH"},{"data":"potionbrewer:TheFinalStraw","floor":49.0,"key":"SMITH"},{"data":"potionbrewer:ChemicalRage","floor":55.0,"key":"SMITH"},{"data":"potionbrewer:BeatDown","floor":57,"key":"SMITH"}],"neow_cost":"NONE","seed_source_timestamp":422777709880300,"circlet_count":0,"master_deck":["potionbrewer:PotionbrewerDefend","potionbrewer:PotionbrewerDefend","potionbrewer:PotionbrewerDefend","potionbrewer:PotionbrewerDefend","potionbrewer:Collect","potionbrewer:ChemicalSpill+1","potionbrewer:IronHeart+1","potionbrewer:Contingency+1","potionbrewer:OneTwoPunch","potionbrewer:PortableLab","potionbrewer:Prototype","potionbrewer:FlareUp+1","potionbrewer:Fuel+1","potionbrewer:TheFinalStraw+1","potionbrewer:Shovel","potionbrewer:ChemicalRage+1","potionbrewer:OneTwoPunch","potionbrewer:QuickStep+1","potionbrewer:LeftoverSpecimen+1","potionbrewer:IronHeart+1","potionbrewer:Fuel+1","potionbrewer:BeatDown+1","astrologer:TheFool","potionbrewer:TheFinalStraw+1","StuffTheSpire:FreeRealEstate","infinitespire:Gouge","potionbrewer:PrivateReserves+1","potionbrewer:QuickStep+1","Wraith","potionbrewer:Prototype","potionbrewer:Prototype","potionbrewer:ExothermicReaction"],"special_seed":0,"relics":["potionbrewer:PotionKit","YidongShenshe:ReiMu","NeowsBlessing","Omamori","theSleuth:ElfEgg","aspiration:MobileForge","infinitespire:FocusingShard","hubris:EmptyBottle","Simple Rune","Gensokyo:SongOfSouls","ReplayTheSpireMod:SealedPack","hubris:Towel","aspiration:SeaSaltIceCream","Slimebound:AbsorbEndCombat","MiniBlackHole","paleoftheancients:Timepiece","paleoftheancients:KeyRelic","Ice Cream","Letter Opener","paleoftheancients:SoulOfTheCollector","Runesmith:Locket"],"potions_floor_usage":[60,60,60,60,60,60],"damage_taken":[{"damage":0.0,"enemies":"Jaw Worm","floor":1.0,"turns":1.0},{"damage":0.0,"enemies":"infinitespire:Voidling","floor":2.0,"turns":1.0},{"damage":0.0,"enemies":"conspire:RoseBush","floor":4.0,"turns":1.0},{"damage":8.0,"enemies":"3 Louse","floor":7.0,"turns":5.0},{"damage":17.0,"enemies":"Gremlin Nob","floor":8.0,"turns":5.0},{"damage":7.0,"enemies":"Exordium Thugs","floor":10.0,"turns":4.0},{"damage":0.0,"enemies":"Gremlin Gang","floor":12.0,"turns":4.0},{"damage":0.0,"enemies":"The Guardian","floor":16.0,"turns":8.0},{"damage":0.0,"enemies":"Gensokyo:Chomper","floor":18.0,"turns":4.0},{"damage":5.0,"enemies":"Gensokyo:AngelMirror","floor":24.0,"turns":3.0},{"damage":0.0,"enemies":"Gensokyo:Tenshi","floor":25.0,"turns":4.0},{"damage":3.0,"enemies":"Gensokyo:3_Gloops","floor":27.0,"turns":4.0},{"damage":16.0,"enemies":"Gensokyo:Swordslinger","floor":30.0,"turns":5.0},{"damage":0.0,"enemies":"Gensokyo:Slime_Group","floor":31.0,"turns":4.0},{"damage":0.0,"enemies":"Gensokyo:Eternal_Rivals","floor":33.0,"turns":10.0},{"damage":7.0,"enemies":"3 Shapes","floor":35.0,"turns":8.0},{"damage":12.0,"enemies":"3 Darklings","floor":38.0,"turns":3.0},{"damage":11.0,"enemies":"Maw","floor":39.0,"turns":9.0},{"damage":0.0,"enemies":"Reptomancer","floor":45.0,"turns":5.0},{"damage":0.0,"enemies":"Transient","floor":48.0,"turns":5.0},{"damage":31.0,"enemies":"infinitespire:MassOfShapes","floor":50.0,"turns":7.0},{"damage":0.0,"enemies":"infinitespire:MassOfShapes","floor":51.0,"turns":7.0},{"damage":5.0,"enemies":"infinitespire:MassOfShapes","floor":52.0,"turns":5.0},{"damage":0,"enemies":"infinitespire:MassOfShapes","floor":56,"turns":1},{"damage":120,"enemies":"paleoftheancients:N","floor":60,"turns":13}],"seed_played":"7655496585973727006","potions_obtained":[{"floor":1.0,"key":"ColorlessPotion"},{"floor":4.0,"key":"Fire Potion"},{"floor":12.0,"key":"Cursed Concoction"},{"floor":16.0,"key":"Milkshake"},{"floor":24.0,"key":"potionbrewer:QuicksilverPotion"},{"floor":30.0,"key":"potionbrewer:MidasPotion"},{"floor":39.0,"key":"ZuzhouPotion:ReiMu"},{"floor":48.0,"key":"Explosive Potion"},{"floor":51.0,"key":"GamblersBrew"}],"is_trial":false,"path_per_floor":["M","M","?","M","?","R","M","E","T","M","R","M","R","?","R","B",null,"M","?","?","?","$","R","M","E","T","M","?","$","M","M","R","B",null,"M","?","?","M","M","R","?","R","T","$","E","R","?","M","R","B","M","M","?","$","R","M","R","T","?","B",null],"character_chosen":"POTIONBREWER","items_purchased":["hubris:EmptyBottle","potionbrewer:ChemicalRage","potionbrewer:OneTwoPunch","potionbrewer:ExothermicReaction"],"campfire_rested":1,"item_purchase_floors":[22,22,22,54],"current_hp_per_floor":[75,75,75,75,75,75,67,50,50,43,46,46,49,49,52,52,84,84,84,78,78,78,81,76,76,76,73,73,73,57,57,60,60,84,77,56,56,44,33,62,47,50,50,50,50,53,53,53,56,96,96,94,94,94,97,99,102,102,102,102],"gold":71,"neow_bonus":"THREE_ENEMY_KILL","is_prod":false,"is_daily":false,"chose_seed":false,"campfire_upgraded":10,"win_rate":0.0,"timestamp":1607593899,"path_taken":["M","M","?","M","?","R","M","E","T","M","R","M","R","?","R","BOSS","M","?","?","?","?","R","?","E","T","M","?","$","M","M","R","BOSS","M","?","?","M","M","R","?","R","T","$","E","R","?","M","R","BOSS","M","M","?","$","R","M","R","T","?","BOSS"],"build_version":"2020-11-30","purchased_purges":3,"victory":true,"max_hp_per_floor":[75,75,75,75,75,75,75,75,75,75,78,78,81,81,84,84,84,84,84,78,78,78,81,81,81,81,81,81,81,81,81,84,84,84,84,84,84,84,84,87,87,90,90,90,90,93,93,93,96,96,96,96,96,96,99,99,102,102,102,102],"card_choices":[{"not_picked":["potionbrewer:EmptyBottle","potionbrewer:OneTwoPunch"],"picked":"potionbrewer:IronHeart","floor":1.0},{"not_picked":["potionbrewer:MicrobeSpray","potionbrewer:CausticBarrier"],"picked":"potionbrewer:Contingency","floor":2.0},{"not_picked":["potionbrewer:CausticBarrier","potionbrewer:FlashPowder"],"picked":"potionbrewer:OneTwoPunch","floor":4.0},{"not_picked":["potionbrewer:IronFist","potionbrewer:VolatileSolution","potionbrewer:Prototype"],"picked":"potionbrewer:PortableLab","floor":7.0},{"not_picked":["potionbrewer:BottomlessFlask","potionbrewer:QuickStep","potionbrewer:Toxicity"],"picked":"potionbrewer:Prototype","floor":8.0},{"not_picked":["potionbrewer:WizBang","potionbrewer:Shovel"],"picked":"potionbrewer:FlareUp","floor":10.0},{"not_picked":["potionbrewer:ChemicalRage","potionbrewer:BlindingSpray"],"picked":"potionbrewer:Fuel","floor":12.0},{"not_picked":["potionbrewer:Accelerant","potionbrewer:PotentialEnergy"],"picked":"potionbrewer:TheFinalStraw","floor":16.0},{"not_picked":["potionbrewer:ExplosiveReaction","potionbrewer:PrivateReserves"],"picked":"potionbrewer:Shovel","floor":18.0},{"not_picked":["potionbrewer:Contingency","potionbrewer:Brandish"],"picked":"potionbrewer:QuickStep","floor":24.0},{"not_picked":["potionbrewer:Smokescreen+1","potionbrewer:OneTwoPunch"],"picked":"potionbrewer:LeftoverSpecimen","floor":25.0},{"not_picked":["potionbrewer:Brandish+1","potionbrewer:Refill","potionbrewer:FortifiedSerum"],"picked":"SKIP","floor":27.0},{"not_picked":["potionbrewer:FlashPowder+1","potionbrewer:ChemicalRage+1","potionbrewer:Prototype"],"picked":"potionbrewer:IronHeart+1","floor":30.0},{"not_picked":["potionbrewer:IronFist","potionbrewer:OneTwoPunch+1","potionbrewer:Prototype"],"picked":"potionbrewer:Fuel+1","floor":31.0},{"not_picked":["potionbrewer:Hoarder","potionbrewer:RefinedProcess","potionbrewer:Prototype"],"picked":"potionbrewer:BeatDown","floor":33.0},{"not_picked":["astrologer:NorthStar","Survivor","stsjorbsmod:Exhale"],"picked":"astrologer:TheFool","floor":34.0},{"not_picked":["potionbrewer:IronFlesh","potionbrewer:Hoarder","potionbrewer:BeatDown"],"picked":"potionbrewer:TheFinalStraw","floor":34.0},{"not_picked":["Replay:SS_forest_2","expansioncontent:LastStand","expansioncontent:Hexaburn"],"picked":"StuffTheSpire:FreeRealEstate","floor":34.0},{"not_picked":["infinitespire:Starlight","hubris:Fate","ReplayTheSpireMod:Black Plague"],"picked":"infinitespire:Gouge","floor":34.0},{"not_picked":["potionbrewer:AcidCloud","potionbrewer:Discombobulate"],"picked":"potionbrewer:PrivateReserves","floor":35.0},{"not_picked":["infinitespire:UltimateForm","ReplayTheSpireMod:??????????????????????"],"picked":"infinitespire:SealOfDarkness+","floor":36.0},{"not_picked":["potionbrewer:CausticBarrier","potionbrewer:Refill","potionbrewer:TestSubject+1","potionbrewer:Prototype"],"picked":"SKIP","floor":38.0},{"not_picked":["potionbrewer:Shovel","potionbrewer:AlchemistForm","potionbrewer:Prototype"],"picked":"potionbrewer:QuickStep+1","floor":39.0},{"not_picked":["potionbrewer:Shovel+1","potionbrewer:Toxicity","potionbrewer:BrokenBeakers"],"picked":"SKIP","floor":45.0},{"not_picked":["potionbrewer:HazardousMaterials","potionbrewer:PortableLab+1","potionbrewer:QuickStep+1"],"picked":"potionbrewer:Prototype","floor":48.0},{"not_picked":["potionbrewer:Smokescreen+1","potionbrewer:UnstableFormula","potionbrewer:ChemicalRage+1"],"picked":"potionbrewer:Prototype","floor":51.0},{"not_picked":["potionbrewer:CausticBarrier","potionbrewer:TimeBomb+1","potionbrewer:BlindingSpray"],"picked":"SKIP","floor":52.0},{"not_picked":["potionbrewer:Smokescreen","potionbrewer:CausticBarrier+1","potionbrewer:LabAccident+1"],"picked":"SKIP","floor":56}],"player_experience":815757,"relics_obtained":[{"floor":8.0,"key":"Omamori"},{"floor":9.0,"key":"theSleuth:ElfEgg"},{"floor":25.0,"key":"Simple Rune"},{"floor":43.0,"key":"aspiration:SeaSaltIceCream"},{"floor":45.0,"key":"MiniBlackHole"},{"floor":51.0,"key":"paleoftheancients:SoulOfTheCollector"},{"floor":58,"key":"Runesmith:Locket"}],"event_choices":[{"damage_healed":0.0,"max_hp_gain":0.0,"max_hp_loss":0.0,"gold_gain":0.0,"event_name":"betterThird:BetterSerpent","player_choice":"Ignored","floor":3.0,"gold_loss":0.0,"damage_taken":127.0},{"cards_removed":["potionbrewer:PotionbrewerStrike"],"damage_healed":0.0,"max_hp_gain":0.0,"max_hp_loss":0.0,"gold_gain":0.0,"event_name":"Purifier","player_choice":"Purged","floor":5.0,"gold_loss":0.0,"damage_taken":0.0},{"damage_healed":0.0,"max_hp_gain":0.0,"max_hp_loss":0.0,"gold_gain":0.0,"event_name":"yidonshenshe","player_choice":"Take Tiny Shrine away","floor":14.0,"gold_loss":0.0,"damage_taken":0.0,"relics_obtained":["YidongShenshe:ReiMu"],"cards_obtained":["Poor:ReiMu"]},{"damage_healed":0.0,"max_hp_gain":0.0,"max_hp_loss":0.0,"gold_gain":2.0,"event_name":"betterStone:BetterStone","player_choice":"1","floor":19.0,"gold_loss":0.0,"damage_taken":0.0},{"damage_healed":0.0,"max_hp_gain":0.0,"max_hp_loss":0.0,"gold_gain":0.0,"event_name":"betterMatch:BetterMatch","player_choice":"3","floor":21.0,"gold_loss":0.0,"damage_taken":0.0,"cards_obtained":[]},{"damage_healed":0.0,"max_hp_gain":0.0,"max_hp_loss":0.0,"gold_gain":0.0,"event_name":"betterSkull:BetterSkull","player_choice":"UP ","floor":41.0,"gold_loss":0.0,"damage_taken":17.0,"cards_upgraded":["potionbrewer:LeftoverSpecimen"],"relics_obtained":[]},{"damage_healed":0.0,"max_hp_gain":0.0,"max_hp_loss":0.0,"gold_gain":0.0,"event_name":"OrinTheCat","player_choice":"Ignored","floor":47.0,"gold_loss":0.0,"damage_taken":0.0}],"is_beta":false,"boss_relics":[{"not_picked":["aspiration:RandomNobGenerator","vexMod:MegatonBomb"],"picked":"aspiration:MobileForge"},{"not_picked":["conspire:SeveredTorchhead","Pandora\u0027s Box"],"picked":"ReplayTheSpireMod:SealedPack"}],"items_purged_floors":[29,44,44],"is_endless":false,"potions_floor_spawned":[1,4,12,16,24,30,39,48,51,60],"ascension_level":0}}