{"host":"c6uvvgqwlxq4k23y","time":1607599261,"event":{"gold_per_floor":[110,124,138,152,162,162,194,194,194,221,238,238,15,15,15,112,112,132,150,50,69,69,69,80,80,131,46,63,77,109,126,126,227,227,245,255,130,147,3,3,3,3],"floor_reached":41,"playtime":1324,"items_purged":["PrismaMod:ChloeCommonAttack","PrismaMod:ChloeCommonAttack","PrismaMod:ChloeExhaustOne+1"],"score":484,"play_id":"4bea9d35-7f4f-4b6f-8361-b29ec395c4fc","local_time":"20201210202101","is_ascension_mode":false,"campfire_choices":[{"data":"PrismaMod:ChloeRhongomyniad","floor":6.0,"key":"SMITH"},{"data":"PrismaMod:ChloeCaladbolg","floor":8.0,"key":"SMITH"},{"data":"PrismaMod:ChloeExhaustOne","floor":12.0,"key":"SMITH"},{"floor":15.0,"key":"REST"},{"data":"PrismaMod:ChloeEyeOfTheEuryale","floor":23.0,"key":"SMITH"},{"data":"PrismaMod:ChloeCheapAttack","floor":25.0,"key":"SMITH"},{"data":"PrismaMod:ChloeRhongomyniad","floor":32.0,"key":"SMITH"},{"data":"PrismaMod:ChloeChristmas","floor":40.0,"key":"SMITH"}],"neow_cost":"NONE","seed_source_timestamp":0,"circlet_count":0,"master_deck":["PrismaMod:ChloeCommonDefend+1","PrismaMod:ChloeCommonDefend","PrismaMod:ChloeCommonDefend","PrismaMod:ChloeCommonDefend","PrismaMod:ChloeCheapAttack+1","PrismaMod:ChloeCheapDefend+1","PrismaMod:ChloeExcalibur","PrismaMod:ChloeRhongomyniad+1","PrismaMod:ChloeDiscardRecovery","PrismaMod:ChloeCaladbolg+1","PrismaMod:ChloeExcalibur","PrismaMod:ChloeCarnivalDefend","PrismaMod:ChloeRuleBreaker+1","PrismaMod:ChloeHalloween+1","PrismaMod:ChloeDiscardRecovery+1","PrismaMod:ChloeCheapAttack","PrismaMod:ChloeEyeOfTheEuryale+1","PrismaMod:ChloeCheapAttackTwo","PrismaMod:ChloeCheapAttackTwo","PrismaMod:ChloeRhongomyniad+1","PrismaMod:ChloeCarnivalDefend","PrismaMod:ChloeCheapDefendTwo+1","PrismaMod:ChloeChristmas+1","PrismaMod:ChloeChristmas+1"],"special_seed":0,"relics":["PrismaMod:PrismaTraceOnUpgrade","MealTicket","Pocketwatch","Oddly Smooth Stone","Astrolabe","War Paint","TungstenRod","Chemical X"],"potions_floor_usage":[41],"damage_taken":[{"damage":2.0,"enemies":"Jaw Worm","floor":1.0,"turns":2.0},{"damage":4.0,"enemies":"Small Slimes","floor":2.0,"turns":4.0},{"damage":4.0,"enemies":"2 Louse","floor":3.0,"turns":2.0},{"damage":8.0,"enemies":"Exordium Wildlife","floor":4.0,"turns":5.0},{"damage":15.0,"enemies":"Blue Slaver","floor":5.0,"turns":3.0},{"damage":0.0,"enemies":"Gremlin Nob","floor":7.0,"turns":2.0},{"damage":18.0,"enemies":"3 Sentries","floor":10.0,"turns":4.0},{"damage":12.0,"enemies":"3 Louse","floor":11.0,"turns":2.0},{"damage":0.0,"enemies":"Slime Boss","floor":16.0,"turns":2.0},{"damage":7.0,"enemies":"2 Thieves","floor":18.0,"turns":3.0},{"damage":0.0,"enemies":"Spheric Guardian","floor":19.0,"turns":2.0},{"damage":12.0,"enemies":"3 Cultists","floor":21.0,"turns":5.0},{"damage":0.0,"enemies":"Snecko","floor":24.0,"turns":3.0},{"damage":0.0,"enemies":"Sentry and Sphere","floor":28.0,"turns":4.0},{"damage":9.0,"enemies":"Snake Plant","floor":29.0,"turns":3.0},{"damage":20.0,"enemies":"Centurion and Healer","floor":30.0,"turns":5.0},{"damage":2.0,"enemies":"Cultist and Chosen","floor":31.0,"turns":4.0},{"damage":44.0,"enemies":"Automaton","floor":33.0,"turns":7.0},{"damage":20.0,"enemies":"3 Darklings","floor":35.0,"turns":6.0},{"damage":2.0,"enemies":"Orb Walker","floor":36.0,"turns":3.0},{"damage":12.0,"enemies":"Maw","floor":38.0,"turns":10.0},{"damage":70,"enemies":"Giant Head","floor":41,"turns":10}],"seed_played":"-1807420115451635452","potions_obtained":[{"floor":2.0,"key":"BlessingOfTheForge"},{"floor":3.0,"key":"Dexterity Potion"},{"floor":5.0,"key":"Swift Potion"},{"floor":29.0,"key":"FairyPotion"},{"floor":38.0,"key":"Regen Potion"}],"is_trial":false,"path_per_floor":["M","M","M","M","M","R","E","R","T","E","M","R","$","?","R","B",null,"M","M","$","M","?","R","M","R","T","?","M","M","M","M","R","B",null,"M","M","$","M","$","R","E"],"character_chosen":"CHLOE","items_purchased":["Oddly Smooth Stone","Chemical X"],"campfire_rested":1,"item_purchase_floors":[13,39],"current_hp_per_floor":[80,76,72,64,49,49,49,49,49,31,19,19,34,27,51,51,82,75,75,82,70,54,54,54,54,54,54,54,45,25,23,23,7,87,67,65,80,68,83,83,13,13],"gold":3,"neow_bonus":"TEN_PERCENT_HP_BONUS","is_prod":false,"is_daily":false,"chose_seed":false,"campfire_upgraded":7,"win_rate":0.0,"timestamp":1607599261,"path_taken":["M","M","M","M","M","R","E","R","T","E","M","R","$","?","R","BOSS","M","M","$","M","?","R","M","R","T","?","?","M","M","M","R","BOSS","M","M","$","M","$","R","E"],"build_version":"2020-11-30","purchased_purges":3,"victory":false,"max_hp_per_floor":[82,82,82,82,82,82,82,82,82,82,82,82,82,82,82,82,82,82,82,82,82,87,87,87,87,87,87,87,87,87,87,87,87,87,87,87,87,87,87,87,87,87],"card_choices":[{"not_picked":["PrismaMod:ChloeDiscardRecovery","PrismaMod:ChloeUncommonDefend"],"picked":"PrismaMod:ChloeExcalibur","floor":1.0},{"not_picked":["PrismaMod:ChloeCheapAttack","PrismaMod:ChloeCheapDefend"],"picked":"PrismaMod:ChloeRhongomyniad","floor":2.0},{"not_picked":["PrismaMod:ChloeExhaustOne","PrismaMod:ChloeEyeOfTheEuryale"],"picked":"PrismaMod:ChloeDiscardRecovery","floor":3.0},{"not_picked":["PrismaMod:ChloeCheapDefendTwo","PrismaMod:ChloeBetterTracePools"],"picked":"PrismaMod:ChloeCaladbolg","floor":4.0},{"not_picked":["PrismaMod:ChloeRitsuka","PrismaMod:ChloeDiscardRecovery","PrismaMod:ChloeCheapAttack"],"picked":"SKIP","floor":5.0},{"not_picked":["PrismaMod:ChloeRuleBreaker","PrismaMod:ChloeUncommonAttack"],"picked":"PrismaMod:ChloeExcalibur","floor":7.0},{"not_picked":["PrismaMod:ChloeRuleBreaker","PrismaMod:ChloeCheapDefendTwo","PrismaMod:ChloeCheapAttack"],"picked":"SKIP","floor":10.0},{"not_picked":["PrismaMod:ChloeGreatTracePools","PrismaMod:ChloeCommonAOEAttack"],"picked":"PrismaMod:ChloeExhaustOne","floor":11.0},{"not_picked":["PrismaMod:ChloeAnyRareTrace","PrismaMod:ChloeAnyPowerTrace"],"picked":"PrismaMod:ChloeCarnivalDefend","floor":16.0},{"not_picked":["PrismaMod:ChloeMaid","PrismaMod:ChloeCheapDefendTwo"],"picked":"PrismaMod:ChloeCheapAttack","floor":18.0},{"not_picked":["PrismaMod:ChloeUncommonDefend","PrismaMod:ChloeRuleBreaker"],"picked":"PrismaMod:ChloeEyeOfTheEuryale","floor":19.0},{"not_picked":["PrismaMod:ChloeCheapAttack","PrismaMod:ChloeRuleBreaker+1","PrismaMod:ChloeCheapDefend"],"picked":"SKIP","floor":21.0},{"not_picked":["PrismaMod:ChloeCheapDefendTwo","PrismaMod:ChloeDiscardRecovery","PrismaMod:ChloeCheapDefend"],"picked":"SKIP","floor":24.0},{"not_picked":["PrismaMod:ChloeUncommonAttack","PrismaMod:ChloeExhaustOne","PrismaMod:ChloeMordred"],"picked":"SKIP","floor":28.0},{"not_picked":["PrismaMod:ChloeCheapDefendTwo","PrismaMod:ChloeExhaustThree"],"picked":"PrismaMod:ChloeCheapAttackTwo","floor":29.0},{"not_picked":["PrismaMod:ChloeCheapDefendTwo","PrismaMod:ChloeCommonAOEAttack+1"],"picked":"PrismaMod:ChloeCheapAttackTwo","floor":30.0},{"not_picked":["PrismaMod:ChloeCheapDefendTwo","PrismaMod:ChloeRitsuka"],"picked":"PrismaMod:ChloeRhongomyniad","floor":31.0},{"not_picked":["PrismaMod:ChloeAnyPowerTrace","PrismaMod:ChloeExhaustThree"],"picked":"PrismaMod:ChloeCarnivalDefend","floor":33.0},{"not_picked":["PrismaMod:ChloeExhaustOne+1","PrismaMod:ChloeCommonAOEAttack"],"picked":"PrismaMod:ChloeCheapDefendTwo+1","floor":35.0},{"not_picked":["PrismaMod:ChloeCheapAttackTwo","PrismaMod:ChloeExhaustOne"],"picked":"PrismaMod:ChloeChristmas","floor":36.0},{"not_picked":["PrismaMod:ChloeCommonAOEAttack","PrismaMod:ChloeCheapDefendTwo+1"],"picked":"PrismaMod:ChloeChristmas+1","floor":38.0}],"player_experience":320763,"relics_obtained":[{"floor":7.0,"key":"MealTicket"},{"floor":9.0,"key":"Pocketwatch"},{"floor":26.0,"key":"War Paint"}],"event_choices":[{"cards_removed":["PrismaMod:ChloeCommonAttack"],"damage_healed":0.0,"max_hp_gain":0.0,"max_hp_loss":0.0,"gold_gain":0.0,"event_name":"Golden Wing","player_choice":"Card Removal","floor":14.0,"gold_loss":0.0,"damage_taken":7.0},{"damage_healed":0.0,"max_hp_gain":5.0,"max_hp_loss":0.0,"gold_gain":0.0,"event_name":"Forgotten Altar","player_choice":"Shed Blood","floor":22.0,"gold_loss":0.0,"damage_taken":21.0},{"damage_healed":0.0,"max_hp_gain":0.0,"max_hp_loss":0.0,"gold_gain":0.0,"event_name":"Addict","player_choice":"Obtained Relic","floor":27.0,"gold_loss":85.0,"damage_taken":0.0,"relics_obtained":["TungstenRod"]}],"is_beta":false,"boss_relics":[{"not_picked":["Ectoplasm","Velvet Choker"],"picked":"Astrolabe"},{"not_picked":["Philosopher\u0027s Stone","Snecko Eye"],"picked":"PrismaMod:PrismaTraceOnUpgrade"}],"items_purged_floors":[13,20,37],"is_endless":false,"potions_floor_spawned":[2,3,5,10,18,24,28,29,38],"killed_by":"Giant Head","ascension_level":0}}