{"host":"plluk4al3qmxlp2w","time":1607589715,"event":{"gold_per_floor":[112,112,112,129,149,149,179,179,206,243,269,295,322,526,538,550,550],"floor_reached":16,"playtime":637,"items_purged":[],"score":129,"play_id":"0cfd9b15-4f8a-4459-9b29-1ae0ce53df17","local_time":"20201210004155","is_ascension_mode":true,"campfire_choices":[{"data":"Catalyst","floor":6,"key":"SMITH"},{"floor":8,"key":"RECALL"},{"floor":15,"key":"REST"}],"neow_cost":"NONE","seed_source_timestamp":893929023779100,"circlet_count":0,"master_deck":["Strike_G","Strike_G","Strike_G","Strike_G","Strike_G+1","Defend_G","Defend_G","Defend_G","Defend_G","Defend_G","Neutralize","Draining Mist+1","Catalyst+1","PiercingWail","Bane","Acrobatics","Sucker Punch","ReplayTheSpireMod:Necrosis","Outmaneuver","ReplayTheSpireMod:Splinters","Calculated Gamble"],"relics":["Ring of the Snake","Centennial Puzzle","Toy Ornithopter","MawBank","Basket Of Snakes"],"potions_floor_usage":[7,7,16,16],"damage_taken":[{"damage":0,"enemies":"2 Louse","floor":1,"turns":5},{"damage":2,"enemies":"Jaw Worm","floor":4,"turns":4},{"damage":0,"enemies":"Small Slimes","floor":5,"turns":2},{"damage":11,"enemies":"Gremlin Nob","floor":7,"turns":4},{"damage":17,"enemies":"Lagavulin","floor":10,"turns":5},{"damage":13,"enemies":"Exordium Wildlife","floor":11,"turns":5},{"damage":8,"enemies":"Lots of Slimes","floor":12,"turns":5},{"damage":10,"enemies":"3 Louse","floor":13,"turns":4},{"damage":43,"enemies":"Hexaghost","floor":16,"turns":13}],"seed_played":"-3551055540650523271","potions_obtained":[{"floor":1,"key":"SteroidPotion"},{"floor":5,"key":"Block Potion"},{"floor":10,"key":"Swift Potion"},{"floor":12,"key":"SteroidPotion"}],"is_trial":false,"path_per_floor":["M","?","?","M","M","R","E","R","T","E","M","M","M","?","R","B"],"character_chosen":"THE_SILENT","items_purchased":[],"campfire_rested":1,"item_purchase_floors":[],"current_hp_per_floor":[70,70,70,68,68,68,57,57,57,40,27,19,9,9,30,0,0],"gold":550,"neow_bonus":"RANDOM_COMMON_RELIC","is_prod":false,"is_daily":false,"chose_seed":false,"campfire_upgraded":1,"win_rate":0,"timestamp":1607589715,"path_taken":["M","?","?","M","M","R","E","R","T","E","?","M","M","?","R","BOSS"],"build_version":"2020-11-30","purchased_purges":0,"victory":false,"max_hp_per_floor":[70,70,70,70,70,70,70,70,70,70,70,70,70,70,70,70,70],"card_choices":[{"not_picked":["Riddle With Holes","Underhanded Strike","Masterful Stab"],"picked":"SKIP","floor":1},{"not_picked":["Skewer","Distraction"],"picked":"Catalyst","floor":4},{"not_picked":["Dagger Throw","Underhanded Strike"],"picked":"PiercingWail","floor":5},{"not_picked":["Hidden Blade","Blade Dance"],"picked":"Bane","floor":7},{"not_picked":["Dagger Spray","ReplayTheSpireMod:Tripwire"],"picked":"Acrobatics","floor":10},{"not_picked":["Flying Knee","Dodge and Roll"],"picked":"Sucker Punch","floor":11},{"not_picked":["Deflect","Heel Hook"],"picked":"ReplayTheSpireMod:Necrosis","floor":12},{"not_picked":["Bane","Eviscerate"],"picked":"Outmaneuver","floor":13},{"not_picked":["Dodge and Roll","Acrobatics"],"picked":"Calculated Gamble","floor":14}],"player_experience":302796,"relics_obtained":[{"floor":7,"key":"Toy Ornithopter"},{"floor":9,"key":"MawBank"},{"floor":10,"key":"Basket Of Snakes"}],"event_choices":[],"is_beta":false,"boss_relics":[],"items_purged_floors":[],"is_endless":false,"potions_floor_spawned":[1,5,10,12],"killed_by":"Hexaghost","ascension_level":3}}