{"host":"78hrz0ylpj9lzvi8","time":1607631488,"event":{"mods":["BaseMod","Bestiary","Minty Spire (QoL Compilation)","StSLib","Quick Restart","Random Character Button","Relic Stats"],"gold_per_floor":[109,1,19,19,32,32,63,63,63,76,76,1,1,20,20,111,111,134,134,17,30,46,46,46,46],"floor_reached":24,"playtime":829,"items_purged":["Strike_P"],"score":392,"play_id":"26bfc584-0520-4ca5-a901-fff8ca7372da","local_time":"20201210171808","is_ascension_mode":true,"campfire_choices":[{"data":"Eruption","floor":6.0,"key":"SMITH"},{"data":"SashWhip","floor":8.0,"key":"SMITH"},{"data":"Vigilance","floor":11.0,"key":"SMITH"},{"data":"SashWhip","floor":13.0,"key":"SMITH"},{"data":"CrushJoints","floor":15.0,"key":"SMITH"},{"data":"LikeWater","floor":23.0,"key":"SMITH"}],"circlet_count":0,"master_deck":["AscendersBane","Strike_P","Strike_P","Defend_P","Defend_P","Defend_P","Defend_P","Eruption+1","Vigilance+1","SashWhip+1","FlyingSleeves","CrushJoints+1","SashWhip+1","CarveReality","Consecrate","Halt","EmptyFist","SpiritShield","FearNoEvil","LikeWater+1","Indignation","Perseverance","FearNoEvil"],"special_seed":0,"relics":["HolyWater","Golden Idol","Incense Burner","Ginger"],"acts_visited":["Exordium","TheCity"],"potions_floor_usage":[24],"damage_taken":[{"damage":1.0,"enemies":"Cultist","floor":1.0,"turns":4.0},{"damage":0.0,"enemies":"Small Slimes","floor":3.0,"turns":2.0},{"damage":3.0,"enemies":"2 Louse","floor":5.0,"turns":3.0},{"damage":25.0,"enemies":"3 Sentries","floor":7.0,"turns":5.0},{"damage":0.0,"enemies":"Large Slime","floor":10.0,"turns":2.0},{"damage":4.0,"enemies":"Red Slaver","floor":14.0,"turns":3.0},{"damage":29.0,"enemies":"The Guardian","floor":16.0,"turns":9.0},{"damage":1.0,"enemies":"3 Byrds","floor":18.0,"turns":6.0},{"damage":21.0,"enemies":"2 Thieves","floor":21.0,"turns":3.0},{"damage":6.0,"enemies":"Centurion and Healer","floor":22.0,"turns":4.0},{"damage":39,"enemies":"Slavers","floor":24,"turns":2}],"seed_played":"-9047056964066362900","potions_obtained":[{"floor":3.0,"key":"BottledMiracle"},{"floor":5.0,"key":"SkillPotion"},{"floor":14.0,"key":"Regen Potion"}],"is_trial":false,"path_per_floor":["M","$","M","?","M","R","E","R","T","M","R","?","R","M","R","B",null,"M","?","$","M","M","R","E"],"character_chosen":"WATCHER","items_purchased":["FlyingSleeves","CrushJoints","Indignation"],"campfire_rested":0,"item_purchase_floors":[2,2,20],"current_hp_per_floor":[66,66,66,66,63,63,38,38,38,38,38,38,38,34,34,5,52,51,51,51,30,24,24,0,0],"gold":46,"neow_bonus":"TEN_PERCENT_HP_BONUS","is_daily":false,"chose_seed":false,"campfire_upgraded":6,"win_rate":0,"timestamp":1607631488,"path_taken":["M","$","?","?","M","R","E","R","T","M","R","?","R","M","R","BOSS","M","?","$","M","M","R","E"],"build_version":"2020-11-30","purchased_purges":1,"victory":false,"max_hp_per_floor":[74,74,74,67,67,67,67,67,67,67,67,67,67,67,67,67,67,67,67,67,67,67,67,67,67],"relic_stats":{"counters":[11,43],"Golden Idol":45,"Ginger":[2],"obtain_stats":[{"Golden Idol":4,"HolyWater":17,"Incense Burner":7,"Ginger":9,"PureWater":0},{"Golden Idol":2,"HolyWater":7,"Incense Burner":4,"Ginger":4,"PureWater":0},{"Golden Idol":6,"HolyWater":28,"Incense Burner":14,"Ginger":14,"PureWater":0}]},"card_choices":[{"not_picked":["JustLucky","Consecrate"],"picked":"SashWhip","floor":1.0},{"not_picked":["Protect","EmptyBody"],"picked":"SashWhip","floor":3.0},{"not_picked":["WindmillStrike","CutThroughFate"],"picked":"CarveReality","floor":5.0},{"not_picked":["ConjureBlade","CarveReality"],"picked":"Consecrate","floor":7.0},{"not_picked":["Evaluate","EmptyFist"],"picked":"Halt","floor":10.0},{"not_picked":["FollowUp","ForeignInfluence"],"picked":"EmptyFist","floor":14.0},{"not_picked":["MasterReality","LessonLearned"],"picked":"SpiritShield","floor":16.0},{"not_picked":["CarveReality","JustLucky"],"picked":"FearNoEvil","floor":18.0},{"not_picked":["Crescendo","FollowUp"],"picked":"Perseverance","floor":21.0},{"not_picked":["Halt","Nirvana"],"picked":"FearNoEvil","floor":22.0}],"player_experience":909100,"relics_obtained":[{"floor":7.0,"key":"Incense Burner"},{"floor":9.0,"key":"Ginger"}],"event_choices":[{"damage_healed":0.0,"max_hp_gain":0.0,"max_hp_loss":7.0,"gold_gain":0.0,"event_name":"Golden Idol","player_choice":"Lose Max HP","floor":4.0,"gold_loss":0.0,"damage_taken":0.0,"relics_obtained":["Golden Idol"]},{"cards_removed":["Strike_P"],"damage_healed":0.0,"max_hp_gain":0.0,"max_hp_loss":0.0,"gold_gain":0.0,"event_name":"The Cleric","player_choice":"Card Removal","floor":12.0,"gold_loss":75.0,"damage_taken":0.0},{"damage_healed":0.0,"max_hp_gain":0.0,"max_hp_loss":0.0,"gold_gain":0.0,"event_name":"The Library","player_choice":"Read","floor":19.0,"gold_loss":0.0,"damage_taken":0.0,"cards_obtained":["LikeWater"]}],"is_beta":false,"boss_relics":[{"not_picked":["Runic Dome","Sozu"],"picked":"HolyWater"}],"items_purged_floors":[20],"is_endless":false,"potions_floor_spawned":[3,5,14,16,18,22],"killed_by":"Slavers","ascension_level":20}}