{"host":"eydwxg59205c3vtl","time":1607562696,"event":{"gold_per_floor":[109,125,200,280,32,58,58,78,105,124,124,124,49,85,85,180,180,199,199,199,225,251,263,275,313,348,379,419,481,418,447,459,545,557,579,591,603,615,627,627],"floor_reached":39,"playtime":1978,"items_purged":["Strike_R"],"score":846,"play_id":"5763f2a6-4ee6-4543-8a4a-969768e0908f","local_time":"20201209201136","is_ascension_mode":true,"campfire_choices":[{"data":"Sword Boomerang","floor":7.0,"key":"SMITH"},{"floor":15.0,"key":"REST"},{"data":"Double Tap","floor":23.0,"key":"SMITH"},{"data":"Iron Wave","floor":32,"key":"SMITH"}],"neow_cost":"NONE","seed_source_timestamp":0,"circlet_count":0,"master_deck":["AscendersBane","Bash+1","Headbutt","Sword Boomerang+1","Twin Strike","Pommel Strike","Iron Wave+1","Ghostly Armor","Double Tap+1","Seeing Red","Iron Wave","Disarm","Twin Strike","Offering","Clothesline","Sentinel","Searing Blow","Corruption","Corruption","Trip"],"special_seed":0,"relics":["Burning Blood","Vajra","War Paint","Juzu Bracelet","Bloody Idol","InkBottle","Busted Crown","MawBank","Champion Belt","Smiling Mask","Pen Nib","Pandora\u0027s Box"],"potions_floor_usage":[27,28,33,33,39],"damage_taken":[{"damage":9.0,"enemies":"Jaw Worm","floor":1.0,"turns":4.0},{"damage":6.0,"enemies":"Small Slimes","floor":2.0,"turns":3.0},{"damage":35.0,"enemies":"Lagavulin","floor":6.0,"turns":6.0},{"damage":2.0,"enemies":"2 Louse","floor":8.0,"turns":3.0},{"damage":0.0,"enemies":"2 Fungi Beasts","floor":10.0,"turns":3.0},{"damage":13.0,"enemies":"3 Sentries","floor":14.0,"turns":8.0},{"damage":43.0,"enemies":"The Guardian","floor":16.0,"turns":14.0},{"damage":4.0,"enemies":"3 Byrds","floor":18.0,"turns":5.0},{"damage":0.0,"enemies":"Chosen","floor":22.0,"turns":2.0},{"damage":63.0,"enemies":"Slavers","floor":25.0,"turns":8.0},{"damage":12,"enemies":"Centurion and Healer","floor":27,"turns":5},{"damage":30,"enemies":"Gremlin Leader","floor":28,"turns":8},{"damage":8,"enemies":"Sentry and Sphere","floor":31,"turns":4},{"damage":61,"enemies":"Champ","floor":33,"turns":12},{"damage":51,"enemies":"3 Darklings","floor":35,"turns":9},{"damage":55,"enemies":"3 Shapes","floor":39,"turns":4}],"seed_played":"5309889907398057238","potions_obtained":[{"floor":8.0,"key":"EssenceOfSteel"},{"floor":16.0,"key":"BloodPotion"},{"floor":22.0,"key":"Energy Potion"},{"floor":25.0,"key":"Weak Potion"},{"floor":28,"key":"SneckoOil"},{"floor":31,"key":"BloodPotion"},{"floor":35,"key":"FearPotion"}],"is_trial":false,"path_per_floor":["M","M","?","?","$","E","R","M","T","M","?","?","?","E","R","B",null,"M","?","?","T","M","R","?","E","T","M","E","?","?","M","R","B",null,"M","?","?","?","M"],"character_chosen":"IRONCLAD","items_purchased":["Vajra"],"campfire_rested":1,"item_purchase_floors":[5],"current_hp_per_floor":[65,65,54,54,54,25,25,29,29,35,35,35,35,28,50,13,60,62,62,62,67,75,75,75,38,48,52,38,48,53,61,66,36,67,32,37,42,47,0,0],"gold":627,"neow_bonus":"UPGRADE_CARD","is_prod":false,"is_daily":false,"chose_seed":false,"campfire_upgraded":3,"win_rate":0,"timestamp":1607562696,"path_taken":["M","M","?","?","$","E","R","M","T","M","?","?","?","E","R","BOSS","M","?","?","?","M","R","?","E","T","M","E","?","?","M","R","BOSS","M","?","?","?","M"],"build_version":"2020-11-30","purchased_purges":1,"victory":false,"max_hp_per_floor":[75,75,75,75,75,75,75,75,75,75,75,75,75,75,75,75,75,75,75,75,75,75,75,75,75,75,75,75,75,75,75,75,75,75,75,75,75,75,75,75],"card_choices":[{"not_picked":["Heavy Blade","Dual Wield"],"picked":"Headbutt","floor":1.0},{"not_picked":["Thunderclap","Pummel"],"picked":"Sword Boomerang","floor":2.0},{"not_picked":["Fire Breathing","Searing Blow"],"picked":"Twin Strike","floor":6.0},{"not_picked":["Wild Strike","Clothesline"],"picked":"Pommel Strike","floor":8.0},{"not_picked":["Thunderclap","Barricade"],"picked":"Iron Wave","floor":10.0},{"not_picked":["Barricade","Disarm"],"picked":"Ghostly Armor","floor":14.0},{"not_picked":["Brutality","Impervious"],"picked":"Double Tap","floor":16.0},{"not_picked":[],"picked":"Seeing Red","floor":18.0},{"not_picked":[],"picked":"Iron Wave","floor":22.0},{"not_picked":["Battle Trance"],"picked":"SKIP","floor":25.0},{"not_picked":["Anger"],"picked":"SKIP","floor":27},{"not_picked":[],"picked":"Disarm","floor":28},{"not_picked":[],"picked":"Twin Strike","floor":31},{"not_picked":[],"picked":"Offering","floor":33},{"not_picked":["Searing Blow"],"picked":"SKIP","floor":35},{"not_picked":[],"picked":"Trip","floor":38}],"player_experience":475339,"relics_obtained":[{"floor":6.0,"key":"War Paint"},{"floor":9.0,"key":"Juzu Bracelet"},{"floor":14.0,"key":"InkBottle"},{"floor":21.0,"key":"MawBank"},{"floor":25.0,"key":"Champion Belt"},{"floor":26.0,"key":"Smiling Mask"},{"floor":28,"key":"Pen Nib"}],"event_choices":[{"damage_healed":0.0,"max_hp_gain":0.0,"max_hp_loss":0.0,"gold_gain":75.0,"event_name":"World of Goop","player_choice":"Gather Gold","floor":3.0,"gold_loss":0.0,"damage_taken":11.0},{"damage_healed":0.0,"max_hp_gain":0.0,"max_hp_loss":0.0,"gold_gain":80.0,"event_name":"Golden Wing","player_choice":"Gained Gold","floor":4.0,"gold_loss":0.0,"damage_taken":0.0},{"cards_removed":["Strike_R"],"damage_healed":0.0,"max_hp_gain":0.0,"max_hp_loss":0.0,"gold_gain":0.0,"event_name":"Living Wall","player_choice":"Forget","floor":11.0,"gold_loss":0.0,"damage_taken":0.0},{"damage_healed":0.0,"max_hp_gain":0.0,"max_hp_loss":0.0,"gold_gain":0.0,"event_name":"Golden Idol","player_choice":"Take Wound","floor":12.0,"gold_loss":0.0,"damage_taken":0.0,"relics_obtained":["Golden Idol"],"cards_obtained":["Injury"]},{"cards_removed":["Injury"],"damage_healed":0.0,"max_hp_gain":0.0,"max_hp_loss":0.0,"gold_gain":0.0,"event_name":"The Cleric","player_choice":"Card Removal","floor":13.0,"gold_loss":75.0,"damage_taken":0.0},{"cards_removed":["Strike_R"],"damage_healed":0.0,"max_hp_gain":0.0,"max_hp_loss":0.0,"gold_gain":0.0,"event_name":"Back to Basics","player_choice":"Elegance","floor":19.0,"gold_loss":0.0,"damage_taken":0.0},{"damage_healed":0.0,"max_hp_gain":0.0,"max_hp_loss":0.0,"gold_gain":0.0,"event_name":"Forgotten Altar","player_choice":"Gave Idol","floor":20.0,"relics_lost":["Golden Idol"],"gold_loss":0.0,"damage_taken":0.0,"relics_obtained":["Bloody Idol"]},{"damage_healed":0.0,"max_hp_gain":0.0,"max_hp_loss":0.0,"gold_gain":0.0,"event_name":"Vampires","player_choice":"Ignored","floor":24.0,"gold_loss":0.0,"damage_taken":0.0},{"damage_healed":0,"gold_gain":50,"player_choice":"Stole From Cult","damage_taken":0,"max_hp_gain":0,"max_hp_loss":0,"event_name":"Nest","floor":29,"gold_loss":0},{"cards_removed":["Strike_R"],"damage_healed":0,"gold_gain":0,"player_choice":"Gave Gold","damage_taken":0,"max_hp_gain":0,"max_hp_loss":0,"event_name":"Beggar","floor":30,"gold_loss":75},{"damage_healed":0,"gold_gain":0,"player_choice":"Ignored","damage_taken":0,"max_hp_gain":0,"max_hp_loss":0,"event_name":"The Moai Head","floor":36,"gold_loss":0},{"damage_healed":0,"gold_gain":0,"cards_transformed":["Wild Strike"],"player_choice":"Transformed","damage_taken":0,"max_hp_gain":0,"max_hp_loss":0,"event_name":"Transmorgrifier","floor":37,"gold_loss":0,"cards_obtained":["Corruption"]},{"damage_healed":0,"gold_gain":0,"player_choice":"Memory 1","damage_taken":0,"max_hp_gain":0,"max_hp_loss":0,"event_name":"SensoryStone","floor":38,"gold_loss":0}],"is_beta":false,"boss_relics":[{"not_picked":["SacredBark","Coffee Dripper"],"picked":"Busted Crown"},{"not_picked":["Runic Dome","Black Blood"],"picked":"Pandora\u0027s Box"}],"items_purged_floors":[5],"is_endless":false,"potions_floor_spawned":[8,16,22,25,28,31,35],"killed_by":"3 Shapes","ascension_level":20}}