{"host":"k5dhp0bkccqfauyu","time":1607568061,"event":{"gold_per_floor":[116,130,144,144,144,169,169,183,209,242,242,75,75,75,75,147,147,160,176,101,101,101,101,136,166,178,190,237,16,16,41,41,118,118,137,35,35,35,54,85,85,117,117,137,163,176,186,204,204,204,204,204,204,50,50,50],"floor_reached":55,"playtime":2820,"items_purged":["WreathOfFlame"],"score":2627,"play_id":"ac6e238b-3d4d-4b99-886a-568dcdb9318d","local_time":"20201210134101","is_ascension_mode":true,"campfire_choices":[{"floor":7,"key":"REST"},{"data":"MentalFortress","floor":11,"key":"SMITH"},{"data":"MentalFortress","floor":13,"key":"SMITH"},{"data":"Blasphemy","floor":15,"key":"SMITH"},{"data":"Vault","floor":23,"key":"SMITH"},{"data":"ForeignInfluence","floor":27,"key":"SMITH"},{"data":"Scrawl","floor":30,"key":"SMITH"},{"data":"Conclude","floor":32,"key":"SMITH"},{"floor":41,"key":"RECALL"},{"data":"CrushJoints","floor":49,"key":"SMITH"},{"data":"Evaluate","floor":53,"key":"SMITH"}],"neow_cost":"NONE","seed_source_timestamp":57724674310600,"circlet_count":0,"master_deck":["AscendersBane","Eruption+1","Vigilance+1","Scrawl+1","FollowUp+1","Wireheading+1","ForeignInfluence+1","Consecrate+1","MentalFortress+1","MentalFortress+1","Blasphemy+1","Vault+1","ReachHeaven+1","Consecrate+1","DeusExMachina+1","MentalFortress+1","Conclude+1","WreathOfFlame+1","FlyingSleeves+1","ClearTheMind+1","Vengeance+1","Ghostly+1","Ghostly+1","Ghostly+1","Wallop+1","Vault+1","Fasting2+1","Discovery+1","Evaluate+1","ClearTheMind+1","Wallop+1","WheelKick+1","CrushJoints+1","FearNoEvil","JustLucky"],"relics":["PureWater","Orichalcum","Damaru","Anchor","Orrery","White Beast Statue","Pandora\u0027s Box","MawBank","Ginger","Bag of Preparation","Red Mask","Runic Dome","Mark of the Bloom","Bag of Marbles","Unceasing Top","Mummified Hand","Lantern"],"potions_floor_usage":[6,10,16,24,28,33,33,51,55],"damage_taken":[{"damage":11,"enemies":"Small Slimes","floor":1,"turns":5},{"damage":0,"enemies":"2 Louse","floor":2,"turns":2},{"damage":7,"enemies":"Jaw Worm","floor":3,"turns":2},{"damage":31,"enemies":"3 Sentries","floor":6,"turns":13},{"damage":8,"enemies":"3 Louse","floor":8,"turns":3},{"damage":0,"enemies":"Gremlin Nob","floor":10,"turns":2},{"damage":18,"enemies":"Hexaghost","floor":16,"turns":6},{"damage":14,"enemies":"3 Byrds","floor":18,"turns":5},{"damage":11,"enemies":"Shell Parasite","floor":19,"turns":2},{"damage":0,"enemies":"Book of Stabbing","floor":24,"turns":5},{"damage":0,"enemies":"Centurion and Healer","floor":25,"turns":5},{"damage":0,"enemies":"Gremlin Leader","floor":28,"turns":5},{"damage":0,"enemies":"Masked Bandits","floor":31,"turns":4},{"damage":0,"enemies":"Collector","floor":33,"turns":5},{"damage":0,"enemies":"3 Darklings","floor":35,"turns":4},{"damage":0,"enemies":"3 Shapes","floor":39,"turns":5},{"damage":0,"enemies":"Giant Head","floor":40,"turns":8},{"damage":0,"enemies":"Reptomancer","floor":42,"turns":2},{"damage":0,"enemies":"3 Darklings","floor":44,"turns":3},{"damage":28,"enemies":"Giant Head","floor":45,"turns":6},{"damage":0,"enemies":"4 Shapes","floor":46,"turns":2},{"damage":0,"enemies":"Jaw Worm Horde","floor":47,"turns":2},{"damage":0,"enemies":"Writhing Mass","floor":48,"turns":3},{"damage":0,"enemies":"Awakened One","floor":50,"turns":9},{"damage":0,"enemies":"Donu and Deca","floor":51,"turns":4},{"damage":13,"enemies":"Shield and Spear","floor":55,"turns":2}],"seed_played":"-7960494576072997398","potions_obtained":[{"floor":1,"key":"BottledMiracle"},{"floor":6,"key":"Fire Potion"},{"floor":10,"key":"Weak Potion"},{"floor":16,"key":"Dexterity Potion"},{"floor":18,"key":"Energy Potion"},{"floor":19,"key":"Block Potion"},{"floor":24,"key":"BlessingOfTheForge"},{"floor":25,"key":"FearPotion"},{"floor":28,"key":"Explosive Potion"},{"floor":31,"key":"FearPotion"},{"floor":33,"key":"Dexterity Potion"},{"floor":35,"key":"Energy Potion"},{"floor":39,"key":"Block Potion"},{"floor":40,"key":"PowerPotion"},{"floor":42,"key":"GamblersBrew"},{"floor":44,"key":"Ancient Potion"}],"is_trial":false,"path_per_floor":["M","M","M","?","?","E","R","M","T","E","R","$","R","T","R","B",null,"M","M","?","?","?","R","E","M","T","R","E","$","R","?","R","B",null,"M","$","?","?","M","E","R","E","T","M","E","M","M","M","R","B","B",null,"R","$","E"],"character_chosen":"WATCHER","items_purchased":["Orrery","Bag of Preparation","Discovery","FearNoEvil","JustLucky","ColorlessPotion"],"campfire_rested":1,"item_purchase_floors":[12,29,36,54,54,54],"current_hp_per_floor":[50,50,43,43,43,12,32,24,24,24,24,24,24,24,24,6,53,39,28,28,28,28,28,28,28,28,28,28,28,28,28,28,28,33,33,33,33,33,33,33,33,33,33,33,5,5,5,5,5,5,5,5,5,5,0,0],"gold":50,"neow_bonus":"ONE_RANDOM_RARE_CARD","is_prod":false,"is_daily":false,"chose_seed":false,"campfire_upgraded":9,"win_rate":0,"timestamp":1607568061,"path_taken":["M","M","M","?","?","E","R","M","T","E","R","$","R","?","R","BOSS","M","M","?","?","?","R","E","M","T","R","E","$","R","?","R","BOSS","M","$","?","?","M","E","R","E","T","M","E","M","M","M","R","BOSS","BOSS","R","$","E"],"build_version":"2020-11-30","purchased_purges":1,"victory":false,"max_hp_per_floor":[68,68,68,68,68,68,68,68,68,68,68,68,68,68,68,68,68,68,68,68,68,34,34,34,34,34,34,34,34,34,34,34,34,34,34,34,34,34,34,34,34,34,34,34,34,34,34,34,34,34,34,34,34,34,34,34],"card_choices":[{"not_picked":["LikeWater","EmptyBody"],"picked":"FollowUp","floor":1},{"not_picked":["Nirvana","Pray"],"picked":"WreathOfFlame","floor":2},{"not_picked":["ClearTheMind","Perseverance"],"picked":"Wireheading","floor":3},{"not_picked":["Nirvana","ThirdEye"],"picked":"ForeignInfluence","floor":6},{"not_picked":["EmptyFist","Prostrate"],"picked":"Consecrate","floor":8},{"not_picked":["Halt","Wallop"],"picked":"MentalFortress","floor":10},{"not_picked":["CutThroughFate","Prostrate"],"picked":"MentalFortress","floor":12},{"not_picked":["Study","Wireheading"],"picked":"Blasphemy","floor":12},{"not_picked":["SashWhip","BowlingBash"],"picked":"Vault","floor":12},{"not_picked":["EmptyFist","CrushJoints"],"picked":"ReachHeaven","floor":12},{"not_picked":["BattleHymn","CutThroughFate"],"picked":"Consecrate","floor":12},{"not_picked":["Brilliance","DevaForm"],"picked":"DeusExMachina","floor":16},{"not_picked":["SandsOfTime","EmptyFist","Consecrate"],"picked":"SKIP","floor":18},{"not_picked":["SashWhip","BowlingBash"],"picked":"Vengeance+1","floor":19},{"not_picked":["EmptyFist","ThirdEye","Collect"],"picked":"SKIP","floor":24},{"not_picked":["EmptyFist","WheelKick"],"picked":"Wallop","floor":25},{"not_picked":["EmptyFist","ClearTheMind","MentalFortress"],"picked":"SKIP","floor":28},{"not_picked":["Judgement","Blasphemy"],"picked":"Vault","floor":33},{"not_picked":["SignatureMove+1","BattleHymn+1"],"picked":"Fasting2","floor":35},{"not_picked":["Fasting2","BowlingBash+1"],"picked":"Evaluate","floor":39},{"not_picked":["WindmillStrike","ForeignInfluence"],"picked":"ClearTheMind+1","floor":40},{"not_picked":["Nirvana","FlurryOfBlows+1"],"picked":"Wallop+1","floor":42},{"not_picked":["Weave","BowlingBash"],"picked":"WheelKick+1","floor":44},{"not_picked":["Conclude+1","FollowUp","Pray"],"picked":"SKIP","floor":45},{"not_picked":["Consecrate+1","BowlingBash","Prostrate"],"picked":"SKIP","floor":46},{"not_picked":["Pray+1","BattleHymn","BowlingBash"],"picked":"SKIP","floor":47},{"not_picked":["Conclude","Blasphemy"],"picked":"CrushJoints","floor":48}],"player_experience":1745115,"relics_obtained":[{"floor":6,"key":"Orichalcum"},{"floor":9,"key":"Damaru"},{"floor":10,"key":"Anchor"},{"floor":14,"key":"White Beast Statue"},{"floor":24,"key":"MawBank"},{"floor":28,"key":"Ginger"},{"floor":31,"key":"Red Mask"},{"floor":40,"key":"Bag of Marbles"},{"floor":42,"key":"Unceasing Top"},{"floor":43,"key":"Mummified Hand"},{"floor":45,"key":"Lantern"}],"event_choices":[{"damage_healed":0,"gold_gain":0,"player_choice":"Ignored","damage_taken":0,"max_hp_gain":0,"max_hp_loss":0,"event_name":"Liars Game","floor":4,"gold_loss":0},{"damage_healed":0,"gold_gain":0,"player_choice":"Grow","damage_taken":0,"max_hp_gain":0,"max_hp_loss":0,"event_name":"Living Wall","floor":5,"gold_loss":0,"cards_upgraded":["Eruption"]},{"cards_removed":["WindmillStrike"],"damage_healed":0,"gold_gain":0,"player_choice":"Gave Gold","damage_taken":0,"max_hp_gain":0,"max_hp_loss":0,"event_name":"Beggar","floor":20,"gold_loss":75},{"cards_removed":["WreathOfFlame"],"damage_healed":0,"gold_gain":0,"player_choice":"Elegance","damage_taken":0,"max_hp_gain":0,"max_hp_loss":0,"event_name":"Back to Basics","floor":21,"gold_loss":0},{"damage_healed":0,"gold_gain":0,"player_choice":"Became a Ghost","damage_taken":0,"max_hp_gain":0,"max_hp_loss":34,"event_name":"Ghosts","floor":22,"gold_loss":0,"cards_obtained":["Ghostly","Ghostly","Ghostly"]},{"damage_healed":0,"gold_gain":0,"player_choice":"Fought Bandits","damage_taken":0,"max_hp_gain":0,"max_hp_loss":0,"event_name":"Masked Bandits","floor":31,"gold_loss":0},{"damage_healed":0,"gold_gain":0,"player_choice":"Upgrade","damage_taken":0,"relics_obtained":["Mark of the Bloom"],"max_hp_gain":0,"max_hp_loss":0,"event_name":"MindBloom","floor":37,"gold_loss":0,"cards_upgraded":["Vigilance","FollowUp","Wireheading","Consecrate","ReachHeaven","Consecrate","DeusExMachina","MentalFortress","Prostrate","WreathOfFlame","FlyingSleeves","ClearTheMind","Ghostly","Ghostly","Ghostly","Wallop","Vault","Fasting2","Discovery"]},{"cards_removed":["Prostrate"],"damage_healed":0,"gold_gain":0,"player_choice":"Removed Skill","damage_taken":0,"max_hp_gain":0,"max_hp_loss":0,"event_name":"Falling","floor":38,"gold_loss":0}],"is_beta":false,"boss_relics":[{"not_picked":["Calling Bell","Philosopher\u0027s Stone"],"picked":"Pandora\u0027s Box"},{"not_picked":["Velvet Choker","Astrolabe"],"picked":"Runic Dome"}],"items_purged_floors":[29],"is_endless":false,"potions_floor_spawned":[1,6,10,16,18,19,24,25,28,31,33,35,39,40,42,44,45,46,47,48],"killed_by":"Shield and Spear","ascension_level":20}}