{"host":"agga6lej02o7kt08","time":1607628929,"event":{"mods":["BaseMod","Colored Powertips","Colored Map","StSLib","Hubris","Hermit","Koishi","Marisa£¨Ùöéë¡¡Øª×âÞÞ£©","Minty Spire (QoL Compilation)","Better Third Choice","Replay The Spire","Spicy Shops","Aspiration","¡¼?Úª?ø«¡½REMEMod","Arknights The Spire","Infinite Spire"],"gold_per_floor":[116,116,135,57,57,101,101,144,169,204,131,155,155,170,170,300,300,323,323,313,313,329,369,369,405,405,405,441,441,165,180,180,306,306,325,325,350,370,370,404,427,466,466,466,466,479,503,547,547,547,547,547,21,65,65],"floor_reached":56,"playtime":4226,"items_purged":["ats:Powerful Strike","Languid","hubris:Despair","ats:Powerful Strike","ats:Poison Spread"],"score":2016,"play_id":"d615ea2a-6f9b-46fd-bcea-e205feaa60fb","local_time":"20201211043529","is_ascension_mode":true,"campfire_choices":[{"floor":7.0,"key":"REST"},{"floor":15.0,"key":"REST"},{"data":"ats:Emotion Absorption","floor":15.0,"key":"SMITH"},{"floor":24.0,"key":"REST"},{"data":"ats:Emotion Absorption","floor":24.0,"key":"SMITH"},{"data":"ats:Hook Shot","floor":27.0,"key":"SMITH"},{"floor":29.0,"key":"REST"},{"data":"ats:Soul Rend","floor":29.0,"key":"SMITH"},{"data":"ats:Armor Crushing Shot","floor":32.0,"key":"SMITH"},{"data":"ats:Shadow Assault","floor":44,"key":"SMITH"},{"floor":49,"key":"RECALL"},{"data":"ats:Counter Healing Mode","floor":52,"key":"SMITH"}],"circlet_count":0,"master_deck":["ats:Armor Crushing Shot+1","ats:Defend Up","ats:Defend Up","ats:Emotion Absorption+1","ats:Emotion Absorption+1","ats:Echo Reverb","ats:Hook Shot+1","ats:Thorns","ats:Assault Order","ats:Disruption Kick","infinitespire:NeuralNetwork","ats:Soul Rend+1","ats:Cat Scratch+1","ats:Red Shift+1","ats:Counter Healing Mode+1","ats:Shadow Assault+1","ats:Emotion Absorption+1"],"special_seed":0,"relics":["ats:Sanity","REME_ComplimentaryCards","Golden Idol","Replay:Ringing Soul","Quantum Egg","ReplayFunnel","infinitespire:Magic Flask","ReplayTheSpireMod:CursedCoin","hubris:Towel","ReplayTheSpireMod:SealedPack","aspiration:Lifesprig","Lantern","hubris:MysteriousPyramids","ReplayTheSpireMod:Shallot","ats:MaxSp1","Sozu","Letter Opener","ats:Sanity Plus","Incense Burner","Pear","hubris:TenFootPole","ats:MaxSp4","Whetstone","ats:Attack","infinitespire:ShieldingShard"],"acts_visited":["Exordium","TheCity","TheBeyond","TheEnding"],"potions_floor_usage":[],"damage_taken":[{"damage":0.0,"enemies":"Cultist","floor":1.0,"turns":4.0},{"damage":6.0,"enemies":"infinitespire:Voidling","floor":3.0,"turns":3.0},{"damage":23.0,"enemies":"Gremlin Nob","floor":6.0,"turns":5.0},{"damage":2.0,"enemies":"Lagavulin","floor":8.0,"turns":8.0},{"damage":5.0,"enemies":"Replay:BlueRogue","floor":10.0,"turns":7.0},{"damage":0.0,"enemies":"2 Louse","floor":12.0,"turns":2.0},{"damage":5.0,"enemies":"Looter","floor":14.0,"turns":3.0},{"damage":0.0,"enemies":"Hexaghost","floor":16.0,"turns":2.0},{"damage":5.0,"enemies":"Shell Parasite","floor":18.0,"turns":4.0},{"damage":35.0,"enemies":"2 Thieves","floor":20.0,"turns":4.0},{"damage":15.0,"enemies":"Shelled Parasite and Fungi","floor":22.0,"turns":6.0},{"damage":16.0,"enemies":"REME_1_Revenger","floor":23.0,"turns":10.0},{"damage":44.0,"enemies":"Book of Stabbing","floor":25.0,"turns":7.0},{"damage":70.0,"enemies":"Gremlin Leader","floor":28.0,"turns":10.0},{"damage":0.0,"enemies":"Centurion and Healer","floor":31.0,"turns":5.0},{"damage":96.0,"enemies":"Collector","floor":33.0,"turns":8.0},{"damage":55.0,"enemies":"3 Darklings","floor":35.0,"turns":5.0},{"damage":14.0,"enemies":"Orb Walker","floor":37.0,"turns":4.0},{"damage":0.0,"enemies":"Sphere and 2 Shapes","floor":38.0,"turns":4.0},{"damage":32.0,"enemies":"Reptomancer","floor":40.0,"turns":5.0},{"damage":6.0,"enemies":"4 Shapes","floor":41.0,"turns":5.0},{"damage":12,"enemies":"Nightmare","floor":42,"turns":4},{"damage":21,"enemies":"3 Darklings","floor":46,"turns":4},{"damage":38,"enemies":"Transient","floor":47,"turns":5},{"damage":72,"enemies":"Reptomancer","floor":48,"turns":4},{"damage":16,"enemies":"Donu and Deca","floor":50,"turns":7},{"damage":66,"enemies":"Shield and Spear","floor":54,"turns":4},{"damage":60,"enemies":"The Heart","floor":55,"turns":7}],"seed_played":"-3036209708944070608","potions_obtained":[{"floor":3.0,"key":"Energy Potion"},{"floor":6.0,"key":"Toxic Potion"},{"floor":10.0,"key":"Swift Potion"},{"floor":20.0,"key":"Venom Potion"},{"floor":22.0,"key":"SpeedPotion"},{"floor":33.0,"key":"Swift Potion"}],"is_trial":false,"path_per_floor":["M","?","M","$","?","E","R","E","T","E","$","M","?","M","R","B",null,"M","?","M","?","M","E","R","E","T","R","E","R","$","M","R","B",null,"M","?","M","M","AVR","E","M","NM","T","R","?","M","M","E","R","B",null,"R","$","E","B",null],"character_chosen":"DOCTOR_CLASS","items_purchased":["ats:Hook Shot","ReplayTheSpireMod:CursedCoin","ats:Poison Spread","ats:MaxSp1","REME_HandOfSuture","Whetstone","ats:Attack"],"campfire_rested":4,"item_purchase_floors":[4,11,11,30,53,53,53],"current_hp_per_floor":[47,47,46,46,28,5,26,27,27,25,28,28,28,26,51,54,82,80,80,46,77,71,66,94,73,73,73,50,78,78,99,99,88,99,66,69,79,105,105,105,105,115,115,115,115,115,115,77,77,115,115,115,115,115,115],"gold":65,"neow_bonus":"REMOVE_TWO","is_daily":false,"chose_seed":false,"campfire_upgraded":7,"win_rate":0,"timestamp":1607628929,"path_taken":["M","?","?","$","?","E","R","E","T","E","$","M","?","M","R","BOSS","M","?","M","?","?","E","R","E","T","R","E","R","$","M","R","BOSS","M","?","M","M","AVR","E","?","NM","T","R","?","?","M","E","R","BOSS","R","$","E","BOSS"],"build_version":"2020-11-30","purchased_purges":5,"victory":true,"max_hp_per_floor":[72,72,72,72,72,72,72,75,75,78,81,81,81,84,84,87,90,93,93,93,93,93,96,96,96,96,96,96,96,96,99,99,102,102,102,105,105,105,105,105,105,115,115,115,115,115,115,115,115,115,115,115,115,115,115],"card_choices":[{"not_picked":["ats:Attack Strengthen","ats:Flexible Camouflage","ats:Chain Hook"],"picked":"SKIP","floor":1.0},{"not_picked":["ats:Spore Proliferation","ats:Just Like an Apocalypse","ats:Flexible Camouflage"],"picked":"SKIP","floor":3.0},{"not_picked":["ats:Explosion Area Strengthen","ats:Curse Doll","ats:Consecutive Shot: Auto"],"picked":"SKIP","floor":6.0},{"not_picked":["ats:Very Hot Blade","ats:Poison Spread"],"picked":"ats:Thorns","floor":8.0},{"not_picked":["ats:Poison Spread","ats:Thermite Blade"],"picked":"ats:Assault Order","floor":10.0},{"not_picked":["ats:Charging Defense","ats:Composite Medical Shells","ats:Revitalization"],"picked":"SKIP","floor":12.0},{"not_picked":["ats:Revitalization","ats:Explosion Area Strengthen"],"picked":"ats:Shell Defense","floor":14.0},{"not_picked":["ats:Ambush","ats:Shadow Assault"],"picked":"ats:Disruption Kick","floor":16.0},{"not_picked":["ReplayTheSpireMod:Black Plague","infinitespire:DeathsTouch"],"picked":"infinitespire:NeuralNetwork","floor":17.0},{"not_picked":["ats:Roar Of Ursus","ats:Wolf Pack"],"picked":"ats:Soul Rend","floor":17.0},{"not_picked":["ats:Encircling Forest","ats:Support Order"],"picked":"ats:Cat Scratch","floor":18.0},{"not_picked":["ats:Explosion Area Strengthen","ats:Very Hot Blade+1","ats:Assault Order"],"picked":"SKIP","floor":20.0},{"not_picked":["ats:Disruption Kick","ats:Just Like an Apocalypse+1","ats:Overload"],"picked":"SKIP","floor":22.0},{"not_picked":["ats:Shell Defense","ats:Mental Burst+1"],"picked":"ats:Red Shift","floor":23.0},{"not_picked":["ats:Fate","ats:Assault Order","ats:Flexible Camouflage"],"picked":"SKIP","floor":25.0},{"not_picked":["ats:Consecutive Shot: Auto+1","ats:Revitalization","ats:Shell Defense"],"picked":"SKIP","floor":28.0},{"not_picked":["ats:Red Shift","ats:Revitalization"],"picked":"ats:Counter Healing Mode","floor":31.0},{"not_picked":["ats:Volcano","ats:Rat Pack"],"picked":"ats:Shadow Assault","floor":33.0},{"not_picked":["ats:Shell Defense+1","ats:Attack Strengthen+1","ats:Sunburst"],"picked":"SKIP","floor":35.0},{"not_picked":["ats:Poison Spread","ats:Flexible Camouflage","ats:Curse Doll"],"picked":"SKIP","floor":37.0},{"not_picked":["ats:Flexible Camouflage+1","ats:Curse Doll+1","ats:Very Hot Blade+1"],"picked":"SKIP","floor":38.0},{"not_picked":["ats:Blood Oath+1","ats:Assault Order","ats:Charging Defense+1"],"picked":"SKIP","floor":40.0},{"not_picked":["ats:Cat Scratch+1","ats:Rapid Magazine+1","ats:Support Order"],"picked":"SKIP","floor":41.0},{"not_picked":["ats:Disruption Kick","ats:Composite Medical Shells","ats:Shell Defense"],"picked":"SKIP","floor":42},{"not_picked":["ats:Chain Hook","ats:Neurotoxin","ats:Flexible Camouflage+1"],"picked":"SKIP","floor":46},{"not_picked":["ats:Flexible Camouflage","ats:Cat Scratch+1","ats:Thorns"],"picked":"SKIP","floor":47},{"not_picked":["ats:Very Hot Blade","ats:Cat Scratch+1","ats:Rapid Magazine"],"picked":"SKIP","floor":48},{"not_picked":["ats:Magnetic Hammer","ats:Automatic Cover+1","ats:Rat Pack"],"picked":"SKIP","floor":54}],"player_experience":1086402,"relics_obtained":[{"floor":6.0,"key":"Replay:Ringing Soul"},{"floor":8.0,"key":"Quantum Egg"},{"floor":9.0,"key":"ReplayFunnel"},{"floor":10.0,"key":"infinitespire:Magic Flask"},{"floor":23.0,"key":"aspiration:Lifesprig"},{"floor":25.0,"key":"Lantern"},{"floor":26.0,"key":"hubris:MysteriousPyramids"},{"floor":28.0,"key":"ReplayTheSpireMod:Shallot"},{"floor":40.0,"key":"Incense Burner"},{"floor":42,"key":"Pear"},{"floor":48,"key":"ats:MaxSp4"},{"floor":54,"key":"infinitespire:ShieldingShard"}],"event_choices":[{"cards_removed":["ats:Defend Up"],"damage_healed":0.0,"max_hp_gain":0.0,"max_hp_loss":0.0,"gold_gain":0.0,"event_name":"Purifier","player_choice":"Purged","floor":2.0,"gold_loss":0.0,"damage_taken":0.0},{"damage_healed":0.0,"max_hp_gain":0.0,"max_hp_loss":0.0,"gold_gain":0.0,"event_name":"Golden Idol","player_choice":"Take Damage","floor":5.0,"gold_loss":0.0,"damage_taken":18.0,"relics_obtained":["Golden Idol"]},{"damage_healed":0.0,"max_hp_gain":0.0,"max_hp_loss":0.0,"gold_gain":0.0,"event_name":"Ghosts","player_choice":"Ignored","floor":19.0,"gold_loss":0.0,"damage_taken":0.0},{"damage_healed":31.0,"max_hp_gain":0.0,"max_hp_loss":0.0,"gold_gain":0.0,"event_name":"The Library","player_choice":"Heal","floor":21.0,"gold_loss":0.0,"damage_taken":0.0},{"damage_healed":0.0,"max_hp_gain":0.0,"max_hp_loss":0.0,"gold_gain":0.0,"event_name":"Duplicator","player_choice":"Copied","floor":36.0,"gold_loss":0.0,"damage_taken":0.0,"cards_obtained":["ats:Emotion Absorption"]},{"cards_removed":["ats:Shell Defense"],"damage_healed":0,"gold_gain":0,"player_choice":"Gave Card","damage_taken":0,"relics_obtained":["hubris:TenFootPole"],"max_hp_gain":0,"max_hp_loss":0,"event_name":"WeMeetAgain","floor":45,"gold_loss":0}],"is_beta":false,"boss_relics":[{"not_picked":["aspiration:FutureDiary","Kintsugi"],"picked":"ReplayTheSpireMod:SealedPack"},{"not_picked":["hubris:GrandSneckoEye","hubris:CrackedHourglass"],"picked":"Sozu"}],"items_purged_floors":[11,11,30,39,53],"is_endless":false,"potions_floor_spawned":[3,6,10,20,22,33,38,40,42,46,54],"ascension_level":9}}