{"host":"wbdly04l9mkn9nrc","time":1607591555,"event":{"gold_per_floor":[117,133,150,22,22,56,56,71,71,84,84,101,129,140,140,236,236,255,266,54,54,69,142,142,242,242,260,260,292,355,375,375,508,508,518,518,518,532,589,589,637,648,674,382,403,503,534,582,582,617],"floor_reached":51,"playtime":3328,"items_purged":["Strike_B","Strike_B","Defend_B","Parasite"],"score":947,"play_id":"b683ad60-39ea-4fe9-956f-01cc6d945e48","local_time":"20201210171235","is_ascension_mode":true,"campfire_choices":[{"floor":7.0,"key":"REST"},{"floor":11.0,"key":"DIG"},{"floor":15.0,"key":"DIG"},{"floor":32.0,"key":"DIG"},{"floor":40.0,"key":"DIG"},{"floor":49,"key":"DIG"}],"neow_cost":"","seed_source_timestamp":266427753427800,"circlet_count":0,"master_deck":["Defend_B","Defend_B","Defend_B","Zap+1","Dualcast","EpicFetus","Ball Lightning","Conserve Battery","Apotheosis","Ghostly Armor","Reboot+1","Leap","Steam","SandsOfTime","Self Repair+1","FollowUp+1","Dagger Throw+1","Pummel+1","Bite","Bite","Bite","Bite","Bite","Battle Trance","BettingIsNotGood+1","Inflame+1","Protect+1","Stack+1","Tools of the Trade+1","Underhanded Strike","Master of Strategy+1","Hologram+1","Blade Dance+1","Static Discharge+1","Seeing Red+1","PathToVictory+1","Reboot+1","Cancel+1","Crippling Poison+1","Sanctity+1","SandsOfTime","Terror+1"],"special_seed":0,"relics":["Cracked Core","HushsDoor","Lizard Tail","GuppysPaw","SteamSale","PrismaticShard","Toolbox","Ginger","Shuriken","Shovel","Frozen Egg 2","Gremlin Horn","PillsDrop","MagicMushroom","SalivaCoin","Whetstone","TheBean","Toxic Egg 2","SatanicBible","Calipers","WingedGreaves","Cursed Key","StoneCalendar","Meat on the Bone","Prayer Wheel","War Paint","BelialBook","Habit","Eternal Feather","Nunchaku","BookofShadows"],"potions_floor_usage":[],"damage_taken":[{"damage":11.0,"enemies":"Jaw Worm","floor":1.0,"turns":2.0},{"damage":0.0,"enemies":"Small Slimes","floor":2.0,"turns":3.0},{"damage":0.0,"enemies":"Cultist","floor":3.0,"turns":3.0},{"damage":6.0,"enemies":"Lagavulin","floor":6.0,"turns":6.0},{"damage":0.0,"enemies":"Large Slime","floor":8.0,"turns":3.0},{"damage":7.0,"enemies":"3 Louse","floor":10.0,"turns":2.0},{"damage":0.0,"enemies":"2 Fungi Beasts","floor":12.0,"turns":3.0},{"damage":0.0,"enemies":"Gremlin Nob","floor":13.0,"turns":3.0},{"damage":1.0,"enemies":"Red Slaver","floor":14.0,"turns":3.0},{"damage":14.0,"enemies":"Hexaghost","floor":16.0,"turns":6.0},{"damage":0.0,"enemies":"Shell Parasite","floor":18.0,"turns":5.0},{"damage":6.0,"enemies":"Spheric Guardian","floor":19.0,"turns":4.0},{"damage":0.0,"enemies":"Snecko","floor":22.0,"turns":3.0},{"damage":47.0,"enemies":"Gremlin Leader","floor":23.0,"turns":5.0},{"damage":0.0,"enemies":"Centurion and Healer","floor":27.0,"turns":4.0},{"damage":22.0,"enemies":"Shelled Parasite and Fungi","floor":29.0,"turns":4.0},{"damage":12.0,"enemies":"Book of Stabbing","floor":30.0,"turns":2.0},{"damage":0.0,"enemies":"Chosen and Byrds","floor":31.0,"turns":3.0},{"damage":64.0,"enemies":"Collector","floor":33.0,"turns":7.0},{"damage":0.0,"enemies":"3 Darklings","floor":35.0,"turns":3.0},{"damage":0.0,"enemies":"3 Shapes","floor":38.0,"turns":3.0},{"damage":3.0,"enemies":"Mind Bloom Boss Battle","floor":39.0,"turns":6.0},{"damage":0.0,"enemies":"2 Orb Walkers","floor":41.0,"turns":3.0},{"damage":0.0,"enemies":"Jaw Worm Horde","floor":42.0,"turns":2.0},{"damage":0.0,"enemies":"Writhing Mass","floor":45.0,"turns":4.0},{"damage":0,"enemies":"Reptomancer","floor":47,"turns":4},{"damage":14,"enemies":"Nemesis","floor":48,"turns":7},{"damage":9,"enemies":"Time Eater","floor":50,"turns":4}],"seed_played":"-6972088039882189357","potions_obtained":[{"floor":3.0,"key":"EssenceOfDarkness"},{"floor":10.0,"key":"AttackPotion"},{"floor":13.0,"key":"Strength Potion"},{"floor":14.0,"key":"FocusPotion"},{"floor":16.0,"key":"AttackPotion"},{"floor":18.0,"key":"SpeedPotion"},{"floor":30.0,"key":"Fire Potion"},{"floor":33.0,"key":"ColorlessPotion"},{"floor":38.0,"key":"Explosive Potion"},{"floor":39.0,"key":"Regen Potion"},{"floor":45.0,"key":"CultistPotion"}],"is_trial":false,"path_per_floor":["M","M","M","$","?","E","R","M","T","M","R","M","E","M","R","B",null,"M","M","$","?","M","E","?","?","T","M","?","M","E","M","R","B",null,"M","?","?","M","?","R","?","M","T","$","M","?","E","E","R","B",null],"character_chosen":"DEFECT","items_purchased":["SteamSale","Ball Lightning","Conserve Battery","Apotheosis","PrismaticShard","Toolbox","SalivaCoin","Whetstone","BelialBook","Habit","Reboot+1"],"campfire_rested":1,"item_purchase_floors":[0,0,0,0,0,4,20,20,44,44,44],"current_hp_per_floor":[29,29,29,29,22,16,38,38,38,31,31,31,31,30,30,29,85,85,79,79,79,85,51,51,51,51,64,64,52,50,66,66,17,73,73,73,73,68,71,71,71,71,71,68,68,68,68,60,68,68],"gold":617,"neow_bonus":"","is_prod":false,"is_daily":false,"chose_seed":false,"campfire_upgraded":0,"win_rate":0,"timestamp":1607591555,"path_taken":["M","M","M","$","?","E","R","M","T","M","R","M","E","M","R","BOSS","M","M","$","?","M","E","?","?","T","M","?","M","E","?","R","BOSS","M","?","?","M","?","R","?","M","T","$","M","?","E","E","R","BOSS"],"build_version":"2020-11-30","purchased_purges":4,"victory":true,"max_hp_per_floor":[75,75,75,75,75,75,75,75,75,75,75,75,75,75,75,78,85,85,85,85,85,85,88,61,61,61,64,64,64,67,70,70,73,73,73,73,73,68,71,71,71,71,71,68,68,68,68,68,68,68],"card_choices":[{"not_picked":[],"picked":"EpicFetus","floor":0.0},{"not_picked":["Eviscerate","CutThroughFate"],"picked":"Ghostly Armor","floor":1.0},{"not_picked":["Sweeping Beam","Tantrum","Outmaneuver"],"picked":"SKIP","floor":2.0},{"not_picked":["Backstab","Fusion"],"picked":"Reboot","floor":3.0},{"not_picked":["Stack","BowlingBash"],"picked":"Leap","floor":6.0},{"not_picked":["Conserve Battery","Slice"],"picked":"Steam","floor":8.0},{"not_picked":["WreathOfFlame","Secret Weapon"],"picked":"SandsOfTime","floor":10.0},{"not_picked":["ClearTheMind","Twin Strike","Prepared"],"picked":"SKIP","floor":12.0},{"not_picked":["Perfected Strike","Twin Strike","Go for the Eyes"],"picked":"SKIP","floor":13.0},{"not_picked":["Uppercut","SashWhip"],"picked":"Self Repair+1","floor":14.0},{"not_picked":["Anger","Dramatic Entrance"],"picked":"FollowUp","floor":18.0},{"not_picked":["Beam Cell","Trip"],"picked":"Dagger Throw","floor":19.0},{"not_picked":["Battery","PiercingWail+1","BowlingBash"],"picked":"SKIP","floor":22.0},{"not_picked":["Battery","PiercingWail+1","BowlingBash"],"picked":"SKIP","floor":22.0},{"not_picked":["Go for the Eyes+1","Acrobatics"],"picked":"Pummel+1","floor":23.0},{"not_picked":["Rupture+1","Vault"],"picked":"Battle Trance","floor":25.0},{"not_picked":["Fusion+1","Dagger Spray+1"],"picked":"BettingIsNotGood+1","floor":27.0},{"not_picked":["Sweeping Beam","Coolheaded+1"],"picked":"Inflame+1","floor":29.0},{"not_picked":["Underhanded Strike+1","Dark Embrace+1"],"picked":"Protect+1","floor":30.0},{"not_picked":["Sweeping Beam+1","Havoc+1"],"picked":"Stack+1","floor":31.0},{"not_picked":["Panache+1","Ragnarok"],"picked":"Tools of the Trade+1","floor":33.0},{"not_picked":["Reinforced Body+1","Clash+1"],"picked":"Underhanded Strike","floor":35.0},{"not_picked":["Dramatic Entrance","Bandage Up+1"],"picked":"Master of Strategy+1","floor":36.0},{"not_picked":["Stack+1","Sucker Punch"],"picked":"Hologram+1","floor":38.0},{"not_picked":["True Grit+1","Undo+1"],"picked":"Blade Dance+1","floor":39.0},{"not_picked":["Outmaneuver+1","Beam Cell+1"],"picked":"Static Discharge+1","floor":41.0},{"not_picked":["Force Field+1","Perseverance+1"],"picked":"Seeing Red+1","floor":42.0},{"not_picked":["True Grit+1","Darkness+1"],"picked":"PathToVictory+1","floor":42.0},{"not_picked":["Dagger Throw","Go for the Eyes+1"],"picked":"Cancel+1","floor":45.0},{"not_picked":["Barrage","Well Laid Plans+1"],"picked":"Crippling Poison+1","floor":45.0},{"not_picked":["Disarm+1","Hemokinesis+1"],"picked":"Sanctity+1","floor":46.0},{"not_picked":["EmptyFist","PiercingWail+1"],"picked":"SandsOfTime","floor":47},{"not_picked":["SashWhip","Footwork+1"],"picked":"Terror+1","floor":48}],"player_experience":41826,"relics_obtained":[{"floor":6.0,"key":"Shuriken"},{"floor":9.0,"key":"Shovel"},{"floor":11.0,"key":"Frozen Egg 2"},{"floor":13.0,"key":"Gremlin Horn"},{"floor":15.0,"key":"PillsDrop"},{"floor":23.0,"key":"TheBean"},{"floor":26.0,"key":"Toxic Egg 2"},{"floor":28.0,"key":"SatanicBible"},{"floor":30.0,"key":"Calipers"},{"floor":32.0,"key":"WingedGreaves"},{"floor":39.0,"key":"StoneCalendar"},{"floor":40.0,"key":"Meat on the Bone"},{"floor":41.0,"key":"Prayer Wheel"},{"floor":43.0,"key":"War Paint"},{"floor":47,"key":"Eternal Feather"},{"floor":48,"key":"Nunchaku"},{"floor":49,"key":"BookofShadows"}],"event_choices":[{"damage_healed":0.0,"max_hp_gain":0.0,"max_hp_loss":0.0,"gold_gain":0.0,"event_name":"Scrap Ooze","player_choice":"Success","floor":5.0,"gold_loss":0.0,"damage_taken":7.0,"relics_obtained":["Ginger"]},{"damage_healed":0.0,"max_hp_gain":0.0,"max_hp_loss":0.0,"gold_gain":0.0,"event_name":"Ghosts","player_choice":"Ignored","floor":21.0,"gold_loss":0.0,"damage_taken":0.0},{"damage_healed":0.0,"max_hp_gain":0.0,"max_hp_loss":27.0,"gold_gain":0.0,"event_name":"Vampires","player_choice":"Became a vampire","floor":24.0,"gold_loss":0.0,"damage_taken":0.0,"cards_obtained":["Bite","Bite","Bite","Bite","Bite"]},{"damage_healed":0.0,"max_hp_gain":0.0,"max_hp_loss":0.0,"gold_gain":0.0,"event_name":"Wheel of Change","player_choice":"Relic","floor":28.0,"gold_loss":0.0,"damage_taken":0.0},{"damage_healed":0.0,"max_hp_gain":0.0,"max_hp_loss":0.0,"gold_gain":0.0,"event_name":"SensoryStone","player_choice":"Memory 1","floor":36.0,"gold_loss":0.0,"damage_taken":0.0},{"damage_healed":0.0,"max_hp_gain":0.0,"max_hp_loss":0.0,"gold_gain":0.0,"event_name":"Tomb of Lord Red Mask","player_choice":"Ignored","floor":37.0,"gold_loss":0.0,"damage_taken":0.0},{"damage_healed":0.0,"max_hp_gain":0.0,"max_hp_loss":0.0,"gold_gain":0.0,"event_name":"MindBloom","player_choice":"Fight","floor":39.0,"gold_loss":0.0,"damage_taken":0.0},{"damage_healed":0.0,"max_hp_gain":0.0,"max_hp_loss":0.0,"gold_gain":0.0,"event_name":"Mysterious Sphere","player_choice":"Fight","floor":41.0,"gold_loss":0.0,"damage_taken":0.0}],"is_beta":false,"boss_relics":[{"not_picked":["Runic Pyramid","Calling Bell"],"picked":"MagicMushroom"},{"not_picked":[]},{"not_picked":["ChampionBelt","Black Star"],"picked":"Cursed Key"},{"not_picked":[]}],"items_purged_floors":[0,4,20,44],"is_endless":false,"potions_floor_spawned":[3,10,13,14,16,18,29,30,31,33,38,39,41,45],"ascension_level":1}}