{"host":"4nqeo0vu1vuav7gg","time":1607607634,"event":{"gold_per_floor":[118,134,149,168,168,196,74,54,103,113,113,146,156,185,185,288,288,304,304,317,592,610,610,945,945,945,976,976,1007,1106,762,762,762,762],"floor_reached":33,"playtime":1948,"items_purged":["Regret"],"score":413,"play_id":"135ab138-3e22-457c-933b-499b8278c247","local_time":"20201210144034","is_ascension_mode":true,"campfire_choices":[{"floor":11.0,"key":"REST"},{"floor":15.0,"key":"REST"},{"data":"Accuracy","floor":23.0,"key":"SMITH"},{"floor":25.0,"key":"REST"},{"floor":28.0,"key":"REST"},{"floor":32.0,"key":"REST"}],"neow_cost":"NONE","seed_source_timestamp":11545287839700,"circlet_count":0,"master_deck":["Strike_G","Strike_G","Strike_G","Strike_G","Strike_G","Defend_G","Defend_G","Defend_G","Defend_G","Defend_G","Survivor","Neutralize","Storm of Steel","Accuracy+1","PiercingWail","Backflip","Grand Finale+1","Infinite Blades","Dramatic Entrance+1","All Out Attack+1","Cloak And Dagger","Backflip","Sucker Punch+1","Phantasmal Killer","Cloak And Dagger","Blade Dance","Accuracy+1","Die Die Die+1","Backflip","Quick Slash+1","Footwork","Dagger Spray+1","Heel Hook+1"],"special_seed":0,"relics":["Ring of the Snake","Letter Opener","HornCleat","Happy Flower","Sundial","Blood Vial","Oddly Smooth Stone","Philosopher\u0027s Stone","Molten Egg 2","Dream Catcher","Smiling Mask","Membership Card","Old Coin"],"potions_floor_usage":[],"damage_taken":[{"damage":0.0,"enemies":"Cultist","floor":1.0,"turns":5.0},{"damage":0.0,"enemies":"Small Slimes","floor":2.0,"turns":3.0},{"damage":6.0,"enemies":"Jaw Worm","floor":3.0,"turns":5.0},{"damage":6.0,"enemies":"Exordium Thugs","floor":4.0,"turns":5.0},{"damage":22.0,"enemies":"3 Sentries","floor":6.0,"turns":8.0},{"damage":3.0,"enemies":"Blue Slaver","floor":10.0,"turns":4.0},{"damage":12.0,"enemies":"Lagavulin","floor":12.0,"turns":7.0},{"damage":0.0,"enemies":"Exordium Wildlife","floor":13.0,"turns":1.0},{"damage":11.0,"enemies":"3 Sentries","floor":14.0,"turns":4.0},{"damage":54.0,"enemies":"The Guardian","floor":16.0,"turns":8.0},{"damage":13.0,"enemies":"3 Byrds","floor":18.0,"turns":5.0},{"damage":11.0,"enemies":"2 Thieves","floor":20.0,"turns":4.0},{"damage":8.0,"enemies":"Cultist and Chosen","floor":22.0,"turns":4.0},{"damage":10.0,"enemies":"Book of Stabbing","floor":24.0,"turns":4.0},{"damage":37.0,"enemies":"Slavers","floor":27.0,"turns":6.0},{"damage":36.0,"enemies":"Book of Stabbing","floor":29.0,"turns":5.0},{"damage":77,"enemies":"Automaton","floor":33,"turns":6}],"seed_played":"3029866007012099907","potions_obtained":[{"floor":1.0,"key":"PowerPotion"},{"floor":3.0,"key":"LiquidMemories"},{"floor":8.0,"key":"CultistPotion"},{"floor":12.0,"key":"ColorlessPotion"},{"floor":16.0,"key":"SneckoOil"},{"floor":18.0,"key":"Swift Potion"}],"is_trial":false,"path_per_floor":["M","M","M","M","?","E","$","?","T","M","R","E","M","E","R","B",null,"M","?","M","?","M","R","E","R","T","E","R","E","?","$","R","B"],"character_chosen":"THE_SILENT","items_purchased":["Infinite Blades","Dramatic Entrance+1","Membership Card","Happy Flower","Footwork","Dagger Spray+1"],"campfire_rested":5,"item_purchase_floors":[7,7,31,31,31,31],"current_hp_per_floor":[70,70,64,58,55,33,33,33,33,32,53,43,45,36,57,5,70,57,57,48,48,42,42,34,55,55,20,41,7,7,7,28,0,0],"gold":762,"neow_bonus":"ONE_RANDOM_RARE_CARD","is_prod":false,"is_daily":false,"chose_seed":false,"campfire_upgraded":1,"win_rate":0,"timestamp":1607607634,"path_taken":["M","M","M","?","?","E","$","?","T","M","R","E","?","E","R","BOSS","M","?","M","?","?","R","E","R","T","E","R","E","?","?","R","BOSS"],"build_version":"2020-11-30","purchased_purges":1,"victory":false,"max_hp_per_floor":[70,70,70,70,70,70,70,70,70,70,70,70,70,70,70,70,70,70,70,70,70,70,70,70,70,70,70,70,70,70,70,70,70,70],"card_choices":[{"not_picked":["Slice","Dagger Spray"],"picked":"Accuracy","floor":1.0},{"not_picked":["Dagger Throw","Prepared","Dagger Spray"],"picked":"SKIP","floor":2.0},{"not_picked":["Deadly Poison","Masterful Stab"],"picked":"PiercingWail","floor":3.0},{"not_picked":["Underhanded Strike","Sucker Punch"],"picked":"Backflip","floor":4.0},{"not_picked":["Outmaneuver","Bane+1"],"picked":"Grand Finale+1","floor":6.0},{"not_picked":["Caltrops","Poisoned Stab+1"],"picked":"All Out Attack+1","floor":10.0},{"not_picked":["Escape Plan","Dagger Spray+1"],"picked":"Cloak And Dagger","floor":11.0},{"not_picked":["Bane+1","Choke+1"],"picked":"Backflip","floor":12.0},{"not_picked":["Prepared","Escape Plan","Eviscerate+1"],"picked":"SKIP","floor":13.0},{"not_picked":["Bane+1","Riddle With Holes+1"],"picked":"Sucker Punch+1","floor":14.0},{"not_picked":["Venomology","Envenom"],"picked":"Phantasmal Killer","floor":16.0},{"not_picked":["Dagger Throw+1","Leg Sweep"],"picked":"Cloak And Dagger","floor":18.0},{"not_picked":["Quick Slash+1","Deadly Poison"],"picked":"Blade Dance","floor":20.0},{"not_picked":["Tactician","Dodge and Roll"],"picked":"Accuracy+1","floor":22.0},{"not_picked":["Dodge and Roll","Sucker Punch+1","Deadly Poison"],"picked":"SKIP","floor":24.0},{"not_picked":["Bane+1","Quick Slash+1"],"picked":"Die Die Die+1","floor":25.0},{"not_picked":["Setup","Prepared+1"],"picked":"Backflip","floor":27.0},{"not_picked":["All Out Attack+1","Deadly Poison"],"picked":"Quick Slash+1","floor":28.0},{"not_picked":["Poisoned Stab+1","Concentrate","Eviscerate+1"],"picked":"SKIP","floor":29.0},{"not_picked":["Slice+1","Dagger Throw+1"],"picked":"Heel Hook+1","floor":32.0}],"player_experience":860660,"relics_obtained":[{"floor":6.0,"key":"Dream Catcher"},{"floor":9.0,"key":"Blood Vial"},{"floor":12.0,"key":"Sundial"},{"floor":14.0,"key":"Oddly Smooth Stone"},{"floor":24.0,"key":"Old Coin"},{"floor":26.0,"key":"Smiling Mask"},{"floor":27.0,"key":"Letter Opener"},{"floor":29.0,"key":"HornCleat"}],"event_choices":[{"damage_healed":0.0,"max_hp_gain":0.0,"max_hp_loss":0.0,"gold_gain":0.0,"event_name":"Scrap Ooze","player_choice":"Success","floor":5.0,"gold_loss":0.0,"damage_taken":3.0,"relics_obtained":["Molten Egg 2"]},{"damage_healed":0.0,"max_hp_gain":0.0,"max_hp_loss":0.0,"gold_gain":0.0,"event_name":"The Woman in Blue","player_choice":"Bought 1 Potion","floor":8.0,"gold_loss":0.0,"damage_taken":0.0},{"damage_healed":0.0,"max_hp_gain":0.0,"max_hp_loss":0.0,"gold_gain":0.0,"event_name":"Ghosts","player_choice":"Ignored","floor":19.0,"gold_loss":0.0,"damage_taken":0.0},{"damage_healed":0.0,"max_hp_gain":0.0,"max_hp_loss":0.0,"gold_gain":275.0,"event_name":"Golden Shrine","player_choice":"Desecrate","floor":21.0,"gold_loss":0.0,"damage_taken":0.0,"cards_obtained":["Regret"]},{"damage_healed":0.0,"max_hp_gain":0.0,"max_hp_loss":0.0,"gold_gain":99.0,"event_name":"Nest","player_choice":"Stole From Cult","floor":30.0,"gold_loss":0.0,"damage_taken":0.0}],"is_beta":false,"boss_relics":[{"not_picked":["Cursed Key","Fusion Hammer"],"picked":"Philosopher\u0027s Stone"}],"items_purged_floors":[31],"is_endless":false,"potions_floor_spawned":[1,3,12,16,18],"killed_by":"Automaton","ascension_level":4}}