{"host":"2lo6hma6kymb0g9i","time":1607617412,"event":{"mods":["BaseMod","DeckTracker","Colored Map","Minty Spire (QoL Compilation)"],"gold_per_floor":[115,128,143,154,154,180,199,234,234,234,264,233,233,183,183,282,282,302,314,239,239,239,239,257,257,257,270,21,39,39,53,53,149,149,163,163,163,186,136,164,164,181,181,78,78,98,116,132,132,132],"floor_reached":51,"playtime":4179,"items_purged":["Strike_G","Defend_G","Strike_G+1","Defend_G"],"score":806,"play_id":"a0195c1a-2d51-4c8f-9d99-82aafec342aa","local_time":"20201211012332","is_ascension_mode":true,"campfire_choices":[{"floor":10.0,"key":"REST"},{"floor":13.0,"key":"REST"},{"data":"Riddle With Holes","floor":15.0,"key":"SMITH"},{"data":"Venomology","floor":23.0,"key":"SMITH"},{"data":"Phantasmal Killer","floor":25.0,"key":"SMITH"},{"floor":32.0,"key":"REST"},{"floor":45,"key":"REST"},{"floor":49,"key":"REST"}],"circlet_count":0,"master_deck":["Defend_G","Defend_G","Defend_G","Survivor","Neutralize+1","Madness","Riddle With Holes+1","Backflip","Dagger Throw","Dagger Throw","Noxious Fumes","Deadly Poison","Terror","Venomology+1","Phantasmal Killer+1","Eviscerate+1","Riddle With Holes","Acrobatics","Reflex","RitualDagger","Doppelganger","Tactician","Deflect","Prepared+1"],"special_seed":0,"relics":["Ring of the Snake","Anchor","Whetstone","Matryoshka","Sundial","Busted Crown","Pantograph","Turnip","Bag of Preparation","Fusion Hammer","Boot","Smiling Mask","Question Card","Vajra"],"acts_visited":["TheBeyond"],"potions_floor_usage":[35,42,46,46,47,50,50,50],"damage_taken":[{"damage":0.0,"enemies":"Cultist","floor":1.0,"turns":4.0},{"damage":0.0,"enemies":"2 Louse","floor":2.0,"turns":3.0},{"damage":0.0,"enemies":"Small Slimes","floor":3.0,"turns":2.0},{"damage":5.0,"enemies":"Looter","floor":4.0,"turns":4.0},{"damage":28.0,"enemies":"Gremlin Nob","floor":6.0,"turns":4.0},{"damage":0.0,"enemies":"Exordium Wildlife","floor":7.0,"turns":4.0},{"damage":25.0,"enemies":"Lagavulin","floor":8.0,"turns":8.0},{"damage":30.0,"enemies":"Gremlin Nob","floor":11.0,"turns":4.0},{"damage":15.0,"enemies":"Hexaghost","floor":16.0,"turns":9.0},{"damage":14.0,"enemies":"Spheric Guardian","floor":18.0,"turns":4.0},{"damage":0.0,"enemies":"Chosen","floor":19.0,"turns":3.0},{"damage":13.0,"enemies":"Snake Plant","floor":24.0,"turns":4.0},{"damage":0.0,"enemies":"Shelled Parasite and Fungi","floor":27.0,"turns":4.0},{"damage":0.0,"enemies":"Snecko","floor":29.0,"turns":2.0},{"damage":12.0,"enemies":"3 Cultists","floor":31.0,"turns":5.0},{"damage":46.0,"enemies":"Collector","floor":33.0,"turns":10.0},{"damage":21,"enemies":"3 Darklings","floor":35,"turns":6},{"damage":0,"enemies":"Giant Head","floor":40,"turns":4},{"damage":10,"enemies":"3 Shapes","floor":42,"turns":5},{"damage":7,"enemies":"Writhing Mass","floor":46,"turns":3},{"damage":0,"enemies":"Transient","floor":47,"turns":5},{"damage":8,"enemies":"4 Shapes","floor":48,"turns":4},{"damage":54,"enemies":"Time Eater","floor":50,"turns":7}],"seed_played":"3092366368101650723","potions_obtained":[{"floor":2.0,"key":"AttackPotion"},{"floor":4.0,"key":"SpeedPotion"},{"floor":6.0,"key":"EssenceOfSteel"},{"floor":8.0,"key":"Explosive Potion"},{"floor":19.0,"key":"EssenceOfSteel"},{"floor":27.0,"key":"EntropicBrew"},{"floor":31.0,"key":"Dexterity Potion"},{"floor":42,"key":"ColorlessPotion"},{"floor":46,"key":"ColorlessPotion"},{"floor":47,"key":"GhostInAJar"}],"is_trial":false,"path_per_floor":["M","M","M","M","$","E","M","E","T","R","E","?","R","?","R","B",null,"M","M","$","?","?","R","M","R","T","M","$","M","?","M","R","B",null,"M","?","?","T","$","E","?","M","T","$","R","M","M","M","R","B",null],"character_chosen":"THE_SILENT","items_purchased":["Bag of Preparation","Deflect"],"campfire_rested":5,"item_purchase_floors":[28,44],"current_hp_per_floor":[70,70,70,65,65,37,37,12,12,33,3,3,24,24,24,9,70,56,56,56,56,56,56,43,43,43,43,43,43,37,25,46,24,70,49,49,49,49,49,49,49,39,39,39,58,51,51,43,62,12],"gold":132,"neow_bonus":"RANDOM_COLORLESS","is_daily":false,"chose_seed":false,"campfire_upgraded":3,"win_rate":0,"timestamp":1607617412,"path_taken":["M","M","M","M","$","E","M","E","T","R","E","?","R","?","R","BOSS","M","M","$","?","?","R","M","R","T","M","$","M","?","M","R","BOSS","M","?","?","?","$","E","?","?","T","$","R","M","M","M","R","BOSS"],"build_version":"2020-11-30","purchased_purges":4,"victory":true,"max_hp_per_floor":[70,70,70,70,70,70,70,70,70,70,70,70,70,70,70,70,70,70,70,70,70,70,70,70,70,70,70,70,70,70,70,70,70,70,70,70,66,66,66,66,66,66,66,66,66,66,66,66,66,66],"card_choices":[{"not_picked":["Purity","Trip"],"picked":"Madness","floor":0.0},{"not_picked":["Dagger Spray","Quick Slash"],"picked":"Riddle With Holes","floor":1.0},{"not_picked":["Flying Knee","Deflect"],"picked":"Backflip","floor":2.0},{"not_picked":["Tactician","Blade Dance"],"picked":"Dagger Throw","floor":3.0},{"not_picked":["Bane","Flying Knee"],"picked":"Dagger Throw","floor":4.0},{"not_picked":["Poisoned Stab","Crippling Poison"],"picked":"Noxious Fumes","floor":6.0},{"not_picked":["Dodge and Roll","Backflip"],"picked":"Deadly Poison","floor":7.0},{"not_picked":["Crippling Poison","Escape Plan"],"picked":"Terror","floor":8.0},{"not_picked":["Dagger Spray","Blade Dance"],"picked":"Venomology","floor":11.0},{"not_picked":["Glass Knife","Die Die Die"],"picked":"Phantasmal Killer","floor":16.0},{"not_picked":["Accuracy+1"],"picked":"SKIP","floor":18.0},{"not_picked":[],"picked":"Eviscerate+1","floor":19.0},{"not_picked":["Riddle With Holes"],"picked":"SKIP","floor":24.0},{"not_picked":["Blade Dance"],"picked":"SKIP","floor":27.0},{"not_picked":[],"picked":"Reflex","floor":29.0},{"not_picked":["Finisher+1"],"picked":"SKIP","floor":31.0},{"not_picked":[],"picked":"Doppelganger","floor":33.0},{"not_picked":["Dagger Throw+1"],"picked":"SKIP","floor":35},{"not_picked":[],"picked":"Tactician","floor":40},{"not_picked":["Blade Dance","Slice+1"],"picked":"SKIP","floor":42},{"not_picked":["Bane","Dodge and Roll"],"picked":"SKIP","floor":46},{"not_picked":["Outmaneuver+1"],"picked":"Prepared+1","floor":47},{"not_picked":["Distraction","Cloak And Dagger"],"picked":"SKIP","floor":48}],"player_experience":738149,"relics_obtained":[{"floor":6.0,"key":"Anchor"},{"floor":8.0,"key":"Whetstone"},{"floor":9.0,"key":"Matryoshka"},{"floor":11.0,"key":"Sundial"},{"floor":26.0,"key":"Pantograph"},{"floor":26.0,"key":"Turnip"},{"floor":38,"key":"Boot"},{"floor":38,"key":"Smiling Mask"},{"floor":40,"key":"Question Card"},{"floor":43,"key":"Vajra"}],"event_choices":[{"damage_healed":0.0,"max_hp_gain":0.0,"max_hp_loss":0.0,"gold_gain":0.0,"event_name":"World of Goop","player_choice":"Left Gold","floor":12.0,"gold_loss":31.0,"damage_taken":0.0},{"cards_removed":["Strike_G"],"damage_healed":0.0,"max_hp_gain":0.0,"max_hp_loss":0.0,"gold_gain":0.0,"event_name":"The Cleric","player_choice":"Card Removal","floor":14.0,"gold_loss":50.0,"damage_taken":0.0},{"damage_healed":0.0,"max_hp_gain":0.0,"max_hp_loss":0.0,"gold_gain":0.0,"cards_transformed":["Strike_G","Strike_G"],"event_name":"Drug Dealer","player_choice":"Became Test Subject","floor":21.0,"gold_loss":0.0,"damage_taken":0.0,"cards_obtained":["Riddle With Holes","Acrobatics"]},{"damage_healed":0.0,"max_hp_gain":0.0,"max_hp_loss":0.0,"gold_gain":0.0,"event_name":"The Mausoleum","player_choice":"Ignored","floor":22.0,"gold_loss":0.0,"damage_taken":0.0},{"damage_healed":0.0,"max_hp_gain":0.0,"max_hp_loss":0.0,"gold_gain":0.0,"event_name":"Nest","player_choice":"Joined the Cult","floor":30.0,"gold_loss":0.0,"damage_taken":6.0,"cards_obtained":["RitualDagger"]},{"damage_healed":0,"gold_gain":0,"player_choice":"Ignored","damage_taken":0,"max_hp_gain":0,"max_hp_loss":0,"event_name":"Mysterious Sphere","floor":36,"gold_loss":0},{"damage_healed":0,"gold_gain":0,"player_choice":"Max HP","damage_taken":0,"max_hp_gain":0,"max_hp_loss":4,"event_name":"Winding Halls","floor":37,"gold_loss":0},{"damage_healed":0,"gold_gain":0,"player_choice":"Ignored","damage_taken":0,"max_hp_gain":0,"max_hp_loss":0,"event_name":"Tomb of Lord Red Mask","floor":41,"gold_loss":0}],"is_beta":false,"boss_relics":[{"not_picked":["Calling Bell","SacredBark"],"picked":"Busted Crown"},{"not_picked":["Runic Pyramid","Astrolabe"],"picked":"Fusion Hammer"}],"items_purged_floors":[20,28,39,44],"is_endless":false,"potions_floor_spawned":[2,4,6,8,19,24,27,31,42,46,47],"ascension_level":4}}