{"host":"j0a1jfichhxu8b8p","time":1607567717,"event":{"gold_per_floor":[119,44,63,76,90,117,117,142,212,212,239,239,289,309,309,402,402,421,175,189,204,254,254,285,285,311,351,351,366,387,411,411,504,504,528,139,159,173,173,212,224,236,248,285,54,90,90,90,90,90,90],"floor_reached":50,"playtime":2672,"items_purged":["Rupture","Iron Wave","Iron Wave"],"score":1180,"play_id":"2c8d4181-2abe-4e90-bce7-d0a4ff2ea295","local_time":"20201210113517","is_ascension_mode":true,"campfire_choices":[{"data":"Body Slam","floor":7.0,"key":"SMITH"},{"data":"Uppercut","floor":10.0,"key":"SMITH"},{"data":"Body Slam","floor":15.0,"key":"SMITH"},{"data":"Corruption","floor":23.0,"key":"SMITH"},{"data":"Entrench","floor":25,"key":"SMITH"},{"data":"Shrug It Off","floor":28,"key":"SMITH"},{"data":"Shockwave","floor":32,"key":"SMITH"},{"data":"Dark Embrace","floor":41,"key":"SMITH"},{"floor":47,"key":"DIG"},{"floor":49,"key":"REST"}],"neow_cost":"NONE","seed_source_timestamp":0,"circlet_count":0,"master_deck":["AscendersBane","Bash","Flame Barrier","Uppercut+1","Cleave","Shrug It Off+1","Body Slam+1","Corruption+1","Burning Pact","Shrug It Off","Body Slam+1","Immolate","Iron Wave+1","Shrug It Off+1","Ghostly Armor+1","Shockwave+1","Entrench+1","Sentinel+1","Battle Trance","Evolve","Shrug It Off","Dark Embrace+1","Second Wind","Madness","Madness","Dramatic Entrance","Feel No Pain","Havoc+1"],"special_seed":0,"relics":["Pandora\u0027s Box","Nunchaku","Champion Belt","Bottled Lightning","Strawberry","Golden Idol","Astrolabe","Strange Spoon","Letter Opener","Lantern","Potion Belt","SlaversCollar","ClockworkSouvenir","MawBank","Mummified Hand","Meat on the Bone","Shovel","Dream Catcher","Gremlin Horn"],"potions_floor_usage":[40,46,46,46,50],"damage_taken":[{"damage":0.0,"enemies":"Cultist","floor":1.0,"turns":2.0},{"damage":0.0,"enemies":"Small Slimes","floor":3.0,"turns":2.0},{"damage":0.0,"enemies":"2 Louse","floor":4.0,"turns":1.0},{"damage":10.0,"enemies":"Red Slaver","floor":5.0,"turns":3.0},{"damage":22.0,"enemies":"3 Sentries","floor":6.0,"turns":6.0},{"damage":12.0,"enemies":"Gremlin Nob","floor":8.0,"turns":5.0},{"damage":7.0,"enemies":"Lagavulin","floor":11.0,"turns":6.0},{"damage":0.0,"enemies":"Large Slime","floor":14.0,"turns":3.0},{"damage":0.0,"enemies":"Slime Boss","floor":16.0,"turns":6.0},{"damage":0.0,"enemies":"Chosen","floor":18.0,"turns":4.0},{"damage":0.0,"enemies":"3 Byrds","floor":20.0,"turns":6.0},{"damage":0.0,"enemies":"Centurion and Healer","floor":21.0,"turns":8.0},{"damage":20,"enemies":"Gremlin Leader","floor":24,"turns":5},{"damage":0,"enemies":"Slavers","floor":27,"turns":3},{"damage":7,"enemies":"Snake Plant","floor":29,"turns":2},{"damage":0,"enemies":"Snecko","floor":30,"turns":4},{"damage":7,"enemies":"3 Cultists","floor":31,"turns":4},{"damage":52,"enemies":"Collector","floor":33,"turns":7},{"damage":6,"enemies":"3 Shapes","floor":35,"turns":3},{"damage":10,"enemies":"Orb Walker","floor":37,"turns":4},{"damage":0,"enemies":"Spire Growth","floor":38,"turns":4},{"damage":14,"enemies":"Nemesis","floor":40,"turns":7},{"damage":0,"enemies":"4 Shapes","floor":44,"turns":2},{"damage":18,"enemies":"Reptomancer","floor":46,"turns":4},{"damage":46,"enemies":"Time Eater","floor":50,"turns":11}],"seed_played":"-6615061045236696958","potions_obtained":[{"floor":3.0,"key":"Ancient Potion"},{"floor":4.0,"key":"SpeedPotion"},{"floor":11.0,"key":"DistilledChaos"},{"floor":18.0,"key":"BlessingOfTheForge"},{"floor":20.0,"key":"FairyPotion"},{"floor":27,"key":"Regen Potion"},{"floor":31,"key":"Explosive Potion"},{"floor":37,"key":"DistilledChaos"},{"floor":40,"key":"Block Potion"}],"is_trial":false,"path_per_floor":["M","$","M","M","M","E","R","E","T","R","E","?","?","M","R","B",null,"M","$","M","M","?","R","E","R","T","E","R","M","M","M","R","B",null,"M","$","M","M","?","E","R","?","T","M","$","E","R","T","R","B"],"character_chosen":"IRONCLAD","items_purchased":["Strange Spoon","Dark Embrace","ClockworkSouvenir","Second Wind","Meat on the Bone"],"campfire_rested":1,"item_purchase_floors":[19,36,36,36,45],"current_hp_per_floor":[68,68,68,68,58,36,36,24,24,24,24,24,24,24,24,24,62,62,62,62,62,62,62,42,42,42,42,42,35,35,28,28,22,61,55,55,45,45,32,18,18,18,18,18,18,24,24,24,46,0,0],"gold":90,"neow_bonus":"BOSS_RELIC","is_prod":false,"is_daily":false,"chose_seed":false,"campfire_upgraded":8,"win_rate":0,"timestamp":1607567717,"path_taken":["M","$","M","M","M","E","R","E","T","R","E","?","?","M","R","BOSS","M","?","M","M","?","R","E","R","T","E","R","M","M","?","R","BOSS","M","$","M","M","?","E","R","?","T","M","$","E","R","?","R","BOSS"],"build_version":"2020-11-30","purchased_purges":3,"victory":false,"max_hp_per_floor":[75,75,75,75,75,75,75,75,75,75,82,74,74,74,74,74,74,74,74,74,74,74,74,74,74,74,74,74,74,74,74,74,74,74,74,74,74,74,74,74,74,74,74,74,74,74,74,74,74,74,74],"card_choices":[{"not_picked":["Heavy Blade","Sword Boomerang"],"picked":"Shrug It Off","floor":1.0},{"not_picked":["Perfected Strike","Combust","Thunderclap"],"picked":"SKIP","floor":3.0},{"not_picked":["True Grit","Iron Wave","Clothesline"],"picked":"SKIP","floor":4.0},{"not_picked":["Iron Wave","True Grit"],"picked":"Body Slam","floor":5.0},{"not_picked":["Flex","Reckless Charge"],"picked":"Corruption","floor":6.0},{"not_picked":["Warcry","Armaments"],"picked":"Burning Pact","floor":8.0},{"not_picked":["Body Slam","Pommel Strike"],"picked":"Shrug It Off","floor":11.0},{"not_picked":["Metallicize","Hemokinesis"],"picked":"Body Slam","floor":14.0},{"not_picked":["Brutality","Juggernaut"],"picked":"Immolate","floor":16.0},{"not_picked":["Headbutt","Wild Strike"],"picked":"Shockwave","floor":18.0},{"not_picked":["Blood for Blood","Armaments"],"picked":"Entrench","floor":20.0},{"not_picked":["Havoc+1","Shrug It Off+1"],"picked":"Sentinel+1","floor":21.0},{"not_picked":["Corruption","Flex"],"picked":"Battle Trance","floor":24},{"not_picked":["Rage+1","Clothesline"],"picked":"Evolve","floor":27},{"not_picked":["Battle Trance","Havoc"],"picked":"Shrug It Off","floor":29},{"not_picked":["Thunderclap","Havoc","Heavy Blade"],"picked":"SKIP","floor":30},{"not_picked":["Sword Boomerang","Armaments","Pommel Strike"],"picked":"SKIP","floor":31},{"not_picked":["Perfected Strike","Thunderclap","Headbutt"],"picked":"SKIP","floor":35},{"not_picked":["Seeing Red","Anger","Rampage"],"picked":"SKIP","floor":37},{"not_picked":["Anger+1","Battle Trance","Pommel Strike+1"],"picked":"SKIP","floor":38},{"not_picked":["True Grit+1","Reckless Charge","Iron Wave"],"picked":"SKIP","floor":40},{"not_picked":["Blind","PanicButton"],"picked":"Dramatic Entrance","floor":42},{"not_picked":["Cleave","Anger"],"picked":"Feel No Pain","floor":44},{"not_picked":["Ghostly Armor","Wild Strike","Demon Form"],"picked":"SKIP","floor":46},{"not_picked":["Flex","Armaments+1"],"picked":"Havoc+1","floor":49}],"player_experience":266424,"relics_obtained":[{"floor":6.0,"key":"Nunchaku"},{"floor":8.0,"key":"Champion Belt"},{"floor":9.0,"key":"Bottled Lightning"},{"floor":11.0,"key":"Strawberry"},{"floor":24,"key":"Letter Opener"},{"floor":26,"key":"Lantern"},{"floor":27,"key":"Potion Belt"},{"floor":40,"key":"MawBank"},{"floor":43,"key":"Mummified Hand"},{"floor":46,"key":"Shovel"},{"floor":47,"key":"Dream Catcher"},{"floor":48,"key":"Gremlin Horn"}],"event_choices":[{"damage_healed":0.0,"max_hp_gain":0.0,"max_hp_loss":8.0,"gold_gain":0.0,"event_name":"Golden Idol","player_choice":"Lose Max HP","floor":12.0,"gold_loss":0.0,"damage_taken":0.0,"relics_obtained":["Golden Idol"]},{"damage_healed":0.0,"max_hp_gain":0.0,"max_hp_loss":0.0,"gold_gain":50.0,"event_name":"Golden Shrine","player_choice":"Pray","floor":13.0,"gold_loss":0.0,"damage_taken":0.0},{"damage_healed":0.0,"max_hp_gain":0.0,"max_hp_loss":0.0,"gold_gain":100.0,"event_name":"The Joust","player_choice":"Bet on Murderer","floor":22.0,"gold_loss":50.0,"damage_taken":0.0},{"damage_healed":0,"gold_gain":0,"player_choice":"Embrace Madness","damage_taken":13,"max_hp_gain":0,"max_hp_loss":0,"event_name":"Winding Halls","floor":39,"gold_loss":0,"cards_obtained":["Madness","Madness"]},{"damage_healed":0,"gold_gain":0,"player_choice":"Memory 1","damage_taken":0,"max_hp_gain":0,"max_hp_loss":0,"event_name":"SensoryStone","floor":42,"gold_loss":0}],"is_beta":false,"boss_relics":[{"not_picked":["Tiny House","Fusion Hammer"],"picked":"Astrolabe"},{"not_picked":["Philosopher\u0027s Stone","Black Star"],"picked":"SlaversCollar"}],"items_purged_floors":[2,19,36],"is_endless":false,"potions_floor_spawned":[3,4,11,18,20,27,31,37,38,40],"killed_by":"Time Eater","ascension_level":15}}