{"host":"wl5kcyk3ocgwii71","time":1607628849,"event":{"mods":["BaseMod","StSLib","Better Altar","Better Match","Better Note","Better Sensory Stone","Better Skull","Better Third Choice","Hermit","Minty Spire (QoL Compilation)","Colored Powertips","Downfall","Quick Restart","Replay The Spire","The Servant 0.9.4","AchievementEnabler"],"gold_per_floor":[214,225,237,252,10,10,39,39,92,124,139,149,175,185,185,287,287,299,157,175,192,204,230,230,230,230,82,113,113,133,233,233,338,338,351,76,96,107,118,118,118],"floor_reached":40,"playtime":1497,"items_purged":["Strike_G","Strike_G","Normality"],"score":814,"play_id":"efcdb07a-4d59-40c1-9e5c-d693b2db74bd","local_time":"20201210113409","is_ascension_mode":true,"campfire_choices":[{"data":"Die Die Die","floor":6,"key":"SMITH"},{"floor":15,"key":"REST"},{"data":"Noxious Fumes","floor":24,"key":"SMITH"},{"floor":29,"key":"REST"},{"floor":32,"key":"REST"}],"circlet_count":0,"master_deck":["Strike_G","Strike_G","Strike_G","Defend_G","Defend_G","Defend_G","Defend_G","Defend_G+1","Survivor","Neutralize","Dagger Spray","Cloak And Dagger","Crippling Poison","Dagger Throw+1","Die Die Die+1","Corpse Explosion","Cloak And Dagger","Noxious Fumes+1","Leg Sweep","Backflip+1","Caltrops","Blade Dance","Infinite Blades","PiercingWail+1","Parasite","Backstab+1","Dodge and Roll+1"],"relics":["Ring of the Snake","BargainBundle","The Courier","Potion Belt","Gremlin Food","Replay:WaspNest","Busted Crown","Du-Vu Doll","Bloody Idol","Replay:Bottled Snecko","Bag of Marbles","Red Mask","Black Star","ReplayTheSpireMod:CursedCoin","Replay:Ringing Soul","Boot"],"acts_visited":["Exordium","TheCity","TheBeyond"],"potions_floor_usage":[10,10,13,16,28,33,33,33,38,39],"damage_taken":[{"damage":0,"enemies":"Cultist","floor":1,"turns":5},{"damage":0,"enemies":"Jaw Worm","floor":2,"turns":4},{"damage":0,"enemies":"Small Slimes","floor":3,"turns":4},{"damage":0,"enemies":"2 Fungi Beasts","floor":4,"turns":3},{"damage":16,"enemies":"Replay:BlueRogue","floor":7,"turns":11},{"damage":1,"enemies":"Gremlin Nob","floor":10,"turns":3},{"damage":0,"enemies":"Gremlin Gang","floor":11,"turns":1},{"damage":0,"enemies":"Large Slime","floor":12,"turns":5},{"damage":16,"enemies":"Lagavulin","floor":13,"turns":8},{"damage":0,"enemies":"Red Slaver","floor":14,"turns":3},{"damage":25,"enemies":"Slime Boss","floor":16,"turns":8},{"damage":8,"enemies":"2 Thieves","floor":18,"turns":4},{"damage":0,"enemies":"Chosen","floor":20,"turns":5},{"damage":1,"enemies":"3 Cultists","floor":21,"turns":3},{"damage":0,"enemies":"Cultist and Chosen","floor":22,"turns":3},{"damage":2,"enemies":"Replay:Snechameleon","floor":23,"turns":6},{"damage":0,"enemies":"Masked Bandits","floor":28,"turns":3},{"damage":10,"enemies":"Centurion and Healer","floor":30,"turns":4},{"damage":23,"enemies":"Pondfish","floor":33,"turns":9},{"damage":6,"enemies":"3 Shapes","floor":35,"turns":4},{"damage":0,"enemies":"Orb Walker","floor":37,"turns":4},{"damage":31,"enemies":"Writhing Mass","floor":38,"turns":7},{"damage":46,"enemies":"Transient","floor":39,"turns":5},{"damage":11,"enemies":"Reptomancer","floor":40,"turns":5}],"seed_played":"345497528257085568","potions_obtained":[{"floor":1,"key":"CunningPotion"},{"floor":4,"key":"Block Potion"},{"floor":10,"key":"Weak Potion"},{"floor":11,"key":"ColorlessPotion"},{"floor":12,"key":"EntropicBrew"},{"floor":14,"key":"AttackPotion"},{"floor":18,"key":"Block Potion"},{"floor":28,"key":"Weak Potion"},{"floor":38,"key":"BlessingOfTheForge"},{"floor":39,"key":"BlessingOfTheForge"}],"is_trial":false,"path_per_floor":["M","M","M","M","$","R","E","?","T","E","M","M","E","M","R","B",null,"M","$","M","M","M","E","R","?","T","$","?","R","M","?","R","B",null,"M","$","M","M","M","E"],"character_chosen":"THE_SILENT","items_purchased":["BargainBundle","SteroidPotion","Die Die Die","Caltrops","Bag of Marbles","Infinite Blades","ReplayTheSpireMod:CursedCoin","Replay:Ringing Soul","Boot"],"campfire_rested":3,"item_purchase_floors":[5,5,5,19,27,27,36,36,36],"current_hp_per_floor":[63,63,63,63,63,63,47,47,47,46,46,46,30,30,51,26,59,51,51,51,50,50,48,48,13,13,13,18,39,34,39,60,42,63,62,67,70,47,9,0,0],"gold":118,"neow_bonus":"HUNDRED_GOLD","is_daily":false,"chose_seed":false,"campfire_upgraded":2,"win_rate":0,"timestamp":1607628849,"path_taken":["M","M","M","M","$","R","E","?","T","E","M","M","E","M","R","BOSS","M","$","M","M","M","E","R","?","T","$","?","R","M","?","R","BOSS","M","$","M","M","?","E"],"build_version":"2020-11-30","purchased_purges":3,"victory":false,"max_hp_per_floor":[70,70,70,70,70,70,70,70,70,70,70,70,70,70,70,70,70,70,70,70,70,70,70,70,70,70,70,70,70,70,70,70,70,70,70,70,70,73,76,76,76],"card_choices":[{"not_picked":["All Out Attack","Blur"],"picked":"Dagger Spray","floor":1},{"not_picked":["Slice","Acrobatics"],"picked":"Cloak And Dagger","floor":2},{"not_picked":["Setup","Deadly Poison"],"picked":"Crippling Poison","floor":3},{"not_picked":["Caltrops","Sucker Punch"],"picked":"Dagger Throw","floor":4},{"not_picked":["ReplayTheSpireMod:Exploit Weakness","Tactician"],"picked":"Corpse Explosion","floor":7},{"not_picked":["Finisher","Deflect","Prepared"],"picked":"SKIP","floor":10},{"not_picked":["Dodge and Roll","Hidden Blade"],"picked":"Cloak And Dagger","floor":11},{"not_picked":["Concentrate","Flechettes"],"picked":"Noxious Fumes","floor":12},{"not_picked":["Predator","Sucker Punch"],"picked":"Leg Sweep","floor":13},{"not_picked":["Fluid Movement","Setup"],"picked":"Backflip","floor":14},{"not_picked":["Prepared"],"picked":"SKIP","floor":18},{"not_picked":[],"picked":"Blade Dance","floor":20},{"not_picked":["Sucker Punch"],"picked":"SKIP","floor":21},{"not_picked":["Bane"],"picked":"SKIP","floor":22},{"not_picked":["Expertise"],"picked":"SKIP","floor":23},{"not_picked":[],"picked":"PiercingWail+1","floor":28},{"not_picked":["Deflect"],"picked":"SKIP","floor":30},{"not_picked":["Quick Slash"],"picked":"SKIP","floor":35},{"not_picked":["Acrobatics+1"],"picked":"SKIP","floor":37},{"not_picked":[],"picked":"Backstab+1","floor":38},{"not_picked":[],"picked":"Dodge and Roll+1","floor":39}],"player_experience":347957,"relics_obtained":[{"floor":7,"key":"The Courier"},{"floor":9,"key":"Potion Belt"},{"floor":10,"key":"Gremlin Food"},{"floor":13,"key":"Replay:WaspNest"},{"floor":23,"key":"Du-Vu Doll"},{"floor":26,"key":"Replay:Bottled Snecko"},{"floor":28,"key":"Red Mask"}],"event_choices":[{"damage_healed":0,"gold_gain":0,"player_choice":"Leave","damage_taken":0,"max_hp_gain":0,"max_hp_loss":0,"event_name":"The Cleric","floor":8,"gold_loss":0},{"damage_healed":0,"gold_gain":0,"player_choice":" Idol ","damage_taken":35,"relics_obtained":["Bloody Idol"],"max_hp_gain":48,"max_hp_loss":13,"event_name":"betterAltar:BetterAltar","floor":25,"potions_obtained":[],"relics_lost":[],"gold_loss":0},{"damage_healed":0,"gold_gain":0,"player_choice":"Fought Bandits","damage_taken":0,"max_hp_gain":0,"max_hp_loss":0,"event_name":"Masked Bandits","floor":28,"gold_loss":0},{"damage_healed":0,"gold_gain":100,"player_choice":"Pray","damage_taken":0,"max_hp_gain":0,"max_hp_loss":0,"event_name":"Golden Shrine","floor":31,"gold_loss":0}],"is_beta":false,"boss_relics":[{"not_picked":["Kintsugi","Runic Dome"],"picked":"Busted Crown"},{"not_picked":["Snecko Eye","Cursed Key"],"picked":"Black Star"}],"items_purged_floors":[5,19,36],"is_endless":false,"potions_floor_spawned":[1,4,7,10,11,12,14,18,28,33,37,38,39],"killed_by":"Reptomancer","ascension_level":6}}