{"host":"vufxz1jdl6xr1o6x","time":1607625191,"event":{"mods":["BaseMod","AchievementEnabler","Highlight Path","Colored Map","BetterRewards","StSLib","Jorbs\u0027s Wanderer Trilogy","The Servant 0.9.4","Act Like it!","Aspiration","Bard","Beaked The Cultist","Better Altar","Better Match","Better Note","Better Sensory Stone","Better Skull","Better Third Choice","Better Vampires","CCEM","CapriCore","Clawfect","Conspire","Downfall","GifTheSpireLib","Halation","Hallownest","Hermit","Hubris","Infinite Spire","Jedi Mod","Mad Scientist","Mimic Mod","Minty Spire (QoL Compilation)","Permanent Neow","Replay The Spire","Reworked Bosses","Shade Mod","Shop Mod","Spicy Shops","Stuff the Spire","The Administrix","The Blackbeard","The Bug Knight","The Construct","The Cursed","The Disciple","The Gatherer","The Hierophant","The Immortal","The IronCluck","The Jungle","The Mystic","The Necromancer","The Problem Sleuth","The Runesmith","The Spell Scribe","The Witch","Unceasing Turn Reminder","everything is the same but u backflip on backflip","slay the spire mod where everything is the same but ironclad has a cowboy hat"],"gold_per_floor":[120,120,140,140,140,140,72,72,72],"floor_reached":8,"playtime":671,"items_purged":[],"score":44,"play_id":"59659b6e-3fa5-4b81-9538-2d416169fcff","local_time":"20201210193311","is_ascension_mode":false,"campfire_choices":[],"circlet_count":0,"master_deck":["AdministrixMod:Strike_Administrix","AdministrixMod:Strike_Administrix","AdministrixMod:Strike_Administrix","AdministrixMod:Strike_Administrix","AdministrixMod:RedCloak","AdministrixMod:Defend_Administrix","AdministrixMod:Defend_Administrix","AdministrixMod:Defend_Administrix","AdministrixMod:BlueCloak","AdministrixMod:NoblePath","AdministrixMod:Wuji+1","AdministrixMod:BishamonBlessing","AdministrixMod:CastOffRegrets","AdministrixMod:Convergence"],"relics":["Turnip","StuffTheSpire:Expresso","halation:Thesaurus","Gatherer:AlchemyBag","hubris:Towel","Hallownest:DreamNailRelic"],"acts_visited":["Hallownest:Greenpath"],"potions_floor_usage":[],"damage_taken":[{"damage":0,"enemies":"Hallownest:monsterHuskGuard","floor":1,"turns":4},{"damage":4,"enemies":"2_ Uuma","floor":3,"turns":5},{"damage":2,"enemies":"Hallownest:eliteMossKnight","floor":8,"turns":6}],"seed_played":"-5459857696917300943","potions_obtained":[{"floor":1,"key":"Block Potion"}],"is_trial":false,"path_per_floor":["M","?","M","PTL","PTL","?","$","E"],"character_chosen":"TheAdministrix","items_purchased":["AdministrixMod:NoblePath","AdministrixMod:Wuji+1","Turnip","StuffTheSpire:Expresso","halation:Thesaurus","AdministrixMod:Convergence"],"campfire_rested":0,"item_purchase_floors":[0,0,0,0,0,7],"current_hp_per_floor":[65,65,61,61,61,61,61,59,59],"gold":72,"neow_bonus":"","is_daily":false,"chose_seed":false,"campfire_upgraded":0,"win_rate":0.0,"timestamp":1607625191,"path_taken":["M","?","M","PTL","PTL","?","?","E"],"build_version":"2020-11-30","purchased_purges":0,"victory":false,"max_hp_per_floor":[65,65,65,65,65,65,65,65,65],"card_choices":[{"not_picked":["AdministrixMod:CenturiesAscent","AdministrixMod:QuietConspiracy"],"picked":"AdministrixMod:BishamonBlessing","floor":1},{"not_picked":["AdministrixMod:Transition","AdministrixMod:SipOfSparks"],"picked":"AdministrixMod:CastOffRegrets","floor":3}],"player_experience":81794,"relics_obtained":[],"event_choices":[],"is_beta":false,"boss_relics":[],"items_purged_floors":[],"is_endless":false,"potions_floor_spawned":[1],"killed_by":"Hallownest:eliteMossKnight","ascension_level":0}}