{"host":"jbw7u82x3ez0pquu","time":1607621362,"event":{"mods":["BaseMod","AchievementEnabler","DeckTracker","Minty Spire (QoL Compilation)","Colored Powertips","Quick Restart","Random Character Button","everything is the same but u backflip on backflip","StSLib","Googly Eyes"],"gold_per_floor":[116,133,149,164,87,87,87,87,87,87,101,24,24,41,41,145,145,158,158,169,14,28,45,74,74,74,101,120,120,147,159,159,262,262,273,286,286,296,346,376,376,394,421,434,101,134,134,153,153,153],"floor_reached":51,"playtime":3023,"items_purged":["Pain","Clothesline"],"score":1202,"play_id":"7e2163bd-e180-4af9-8853-76e4d06e84d0","local_time":"20201210182922","daily_mods":["Draft"],"is_ascension_mode":true,"campfire_choices":[{"data":"Searing Blow","floor":6,"key":"SMITH"},{"data":"Searing Blow+1","floor":8,"key":"SMITH"},{"data":"Searing Blow+2","floor":13,"key":"SMITH"},{"data":"Searing Blow+3","floor":15,"key":"SMITH"},{"floor":25,"key":"REST"},{"data":"Searing Blow+4","floor":29,"key":"SMITH"},{"data":"Searing Blow+5","floor":32,"key":"SMITH"},{"data":"Searing Blow+6","floor":41,"key":"SMITH"},{"data":"Searing Blow+7","floor":47,"key":"SMITH"},{"data":"Searing Blow+8","floor":49,"key":"SMITH"}],"circlet_count":0,"master_deck":["Inflame","Armaments","Feel No Pain","Cleave","True Grit","Metallicize","Disarm","Iron Wave","Twin Strike","True Grit","Shockwave","Searing Blow+9","Iron Wave","Battle Trance","Fiend Fire","Bludgeon","Flame Barrier","Exhume","Dark Embrace","Feel No Pain","Disarm","Carnage","Bludgeon","Immolate","Feel No Pain","Feel No Pain+1","Flame Barrier+1","Sentinel","Shockwave","Armaments+1"],"relics":["Snecko Eye","Bag of Marbles","Black Star","WarpedTongs","Meat on the Bone","Lizard Tail","HornCleat","CaptainsWheel","Pear","Smiling Mask","Omamori","SlaversCollar","Ginger","White Beast Statue","Nunchaku","Akabeko","Strange Spoon","Mercury Hourglass","Molten Egg 2"],"acts_visited":["Exordium","TheCity","TheBeyond"],"potions_floor_usage":[24,27,50],"damage_taken":[{"damage":0,"enemies":"2 Louse","floor":1,"turns":1},{"damage":0,"enemies":"Cultist","floor":2,"turns":2},{"damage":4,"enemies":"Jaw Worm","floor":3,"turns":3},{"damage":0,"enemies":"3 Louse","floor":4,"turns":2},{"damage":11,"enemies":"Red Slaver","floor":11,"turns":2},{"damage":0,"enemies":"Blue Slaver","floor":14,"turns":1},{"damage":0,"enemies":"The Guardian","floor":16,"turns":5},{"damage":0,"enemies":"3 Byrds","floor":18,"turns":4},{"damage":17,"enemies":"Shell Parasite","floor":20,"turns":3},{"damage":0,"enemies":"Snake Plant","floor":22,"turns":2},{"damage":23,"enemies":"3 Cultists","floor":23,"turns":4},{"damage":0,"enemies":"Gremlin Leader","floor":24,"turns":7},{"damage":1,"enemies":"Slavers","floor":27,"turns":4},{"damage":2,"enemies":"Centurion and Healer","floor":28,"turns":3},{"damage":20,"enemies":"Book of Stabbing","floor":30,"turns":6},{"damage":0,"enemies":"Snecko","floor":31,"turns":2},{"damage":9,"enemies":"Automaton","floor":33,"turns":8},{"damage":0,"enemies":"3 Darklings","floor":35,"turns":1},{"damage":11,"enemies":"Orb Walker","floor":36,"turns":2},{"damage":16,"enemies":"Jaw Worm Horde","floor":38,"turns":4},{"damage":0,"enemies":"Mind Bloom Boss Battle","floor":39,"turns":5},{"damage":1,"enemies":"Reptomancer","floor":40,"turns":5},{"damage":6,"enemies":"Writhing Mass","floor":42,"turns":3},{"damage":0,"enemies":"Transient","floor":44,"turns":5},{"damage":0,"enemies":"Nemesis","floor":46,"turns":3},{"damage":5,"enemies":"Spire Growth","floor":48,"turns":3},{"damage":0,"enemies":"Donu and Deca","floor":50,"turns":7}],"seed_played":"-5407851776074237310","potions_obtained":[{"floor":2,"key":"SteroidPotion"},{"floor":11,"key":"DuplicationPotion"},{"floor":20,"key":"Regen Potion"},{"floor":23,"key":"Block Potion"},{"floor":24,"key":"GamblersBrew"},{"floor":31,"key":"Fire Potion"},{"floor":33,"key":"Explosive Potion"},{"floor":36,"key":"SkillPotion"},{"floor":44,"key":"LiquidBronze"}],"is_trial":true,"path_per_floor":["M","M","M","M","$","R","?","R","T","$","M","$","R","M","R","B",null,"M","?","M","$","M","M","E","R","T","E","M","R","E","M","R","B",null,"M","M","?","M","?","E","R","M","T","M","$","E","R","M","R","B",null],"character_chosen":"IRONCLAD","items_purchased":["Fiend Fire","Flame Barrier","Dark Embrace","Strange Spoon","Shockwave","BloodPotion"],"campfire_rested":1,"item_purchase_floors":[5,12,21,45,45,45],"current_hp_per_floor":[72,72,68,68,68,68,68,68,68,68,57,57,57,57,57,57,74,74,74,57,57,57,34,34,58,58,67,65,65,57,57,57,48,80,80,69,69,53,53,52,52,46,46,46,46,46,46,53,53,53],"gold":153,"neow_bonus":"","is_daily":false,"chose_seed":false,"campfire_upgraded":9,"win_rate":0,"timestamp":1607621362,"path_taken":["M","M","M","M","$","R","?","R","T","$","?","$","R","M","R","BOSS","M","?","M","$","M","M","E","R","T","E","M","R","E","?","R","BOSS","M","M","?","M","?","E","R","M","T","M","$","E","R","M","R","BOSS"],"build_version":"2020-11-30","purchased_purges":2,"victory":true,"max_hp_per_floor":[80,80,80,80,80,80,80,80,80,80,80,80,80,80,80,80,80,80,80,80,80,80,80,80,80,80,90,90,90,90,90,90,90,90,90,90,90,90,90,90,90,90,90,90,90,90,90,90,90,90],"card_choices":[{"not_picked":["Headbutt","Rampage"],"picked":"Clothesline","floor":0},{"not_picked":["Wild Strike","Warcry"],"picked":"Inflame","floor":0},{"not_picked":["Iron Wave","Clothesline"],"picked":"Armaments","floor":0},{"not_picked":["Heavy Blade","Armaments"],"picked":"Feel No Pain","floor":0},{"not_picked":["Sever Soul","Flex"],"picked":"Cleave","floor":0},{"not_picked":["Perfected Strike","Clothesline"],"picked":"Pummel","floor":0},{"not_picked":["Seeing Red","Anger"],"picked":"Dark Embrace","floor":0},{"not_picked":["Sword Boomerang","Twin Strike"],"picked":"True Grit","floor":0},{"not_picked":["Clothesline","Flex"],"picked":"Metallicize","floor":0},{"not_picked":["Thunderclap","Rupture"],"picked":"Disarm","floor":0},{"not_picked":["Anger","Havoc"],"picked":"Iron Wave","floor":0},{"not_picked":["Pommel Strike","Cleave"],"picked":"Twin Strike","floor":0},{"not_picked":["Clash","Evolve"],"picked":"True Grit","floor":0},{"not_picked":["Warcry","Anger"],"picked":"Shockwave","floor":0},{"not_picked":["Iron Wave","Body Slam"],"picked":"Searing Blow","floor":0},{"not_picked":["Body Slam","Searing Blow"],"picked":"Iron Wave","floor":1},{"not_picked":["Cleave","Havoc","Flex"],"picked":"SKIP","floor":2},{"not_picked":["Evolve","Flex","Clothesline"],"picked":"SKIP","floor":3},{"not_picked":["Rupture","Perfected Strike"],"picked":"Battle Trance","floor":4},{"not_picked":["Ghostly Armor","Dark Embrace"],"picked":"Bludgeon","floor":11},{"not_picked":["Ghostly Armor","Anger","Thunderclap"],"picked":"SKIP","floor":14},{"not_picked":["Fiend Fire","Immolate"],"picked":"Exhume","floor":16},{"not_picked":["Thunderclap+1","Whirlwind","Perfected Strike"],"picked":"SKIP","floor":18},{"not_picked":["Havoc","Perfected Strike","Sword Boomerang+1"],"picked":"SKIP","floor":20},{"not_picked":["Infernal Blade+1","Twin Strike","Armaments"],"picked":"SKIP","floor":22},{"not_picked":["Heavy Blade","Armaments","Infernal Blade"],"picked":"SKIP","floor":23},{"not_picked":["Power Through","Ghostly Armor"],"picked":"Feel No Pain","floor":24},{"not_picked":["Warcry+1","Havoc"],"picked":"Disarm","floor":27},{"not_picked":["Evolve","Clothesline+1"],"picked":"Carnage","floor":28},{"not_picked":["Pommel Strike","Second Wind","Iron Wave"],"picked":"SKIP","floor":30},{"not_picked":["Wild Strike","Searing Blow"],"picked":"Bludgeon","floor":31},{"not_picked":["Exhume","Bludgeon"],"picked":"Immolate","floor":33},{"not_picked":["Wild Strike","Inflame+1"],"picked":"Feel No Pain","floor":35},{"not_picked":["Intimidate+1","True Grit+1"],"picked":"Feel No Pain+1","floor":36},{"not_picked":["Carnage","Flex+1","Clothesline+1"],"picked":"SKIP","floor":38},{"not_picked":["Perfected Strike+1","Sword Boomerang+1"],"picked":"Flame Barrier+1","floor":40},{"not_picked":["Whirlwind+1","Second Wind"],"picked":"Sentinel","floor":42},{"not_picked":["Headbutt+1","Pommel Strike","Heavy Blade"],"picked":"SKIP","floor":44},{"not_picked":["Power Through+1","Seeing Red+1"],"picked":"Armaments+1","floor":46},{"not_picked":["Sword Boomerang+1","Searing Blow+1","Dark Embrace"],"picked":"SKIP","floor":48}],"player_experience":144078,"relics_obtained":[{"floor":9,"key":"Bag of Marbles"},{"floor":24,"key":"Meat on the Bone"},{"floor":24,"key":"Lizard Tail"},{"floor":26,"key":"HornCleat"},{"floor":27,"key":"CaptainsWheel"},{"floor":27,"key":"Pear"},{"floor":30,"key":"Smiling Mask"},{"floor":30,"key":"Omamori"},{"floor":39,"key":"Ginger"},{"floor":40,"key":"White Beast Statue"},{"floor":40,"key":"Nunchaku"},{"floor":43,"key":"Akabeko"},{"floor":46,"key":"Mercury Hourglass"},{"floor":46,"key":"Molten Egg 2"}],"event_choices":[{"cards_removed":["Dark Embrace"],"damage_healed":0,"gold_gain":0,"player_choice":"Purged","damage_taken":0,"max_hp_gain":0,"max_hp_loss":0,"event_name":"Purifier","floor":7,"gold_loss":0},{"damage_healed":0,"gold_gain":0,"player_choice":"Rummage","damage_taken":0,"relics_obtained":["WarpedTongs"],"max_hp_gain":0,"max_hp_loss":0,"event_name":"Accursed Blacksmith","floor":19,"gold_loss":0,"cards_obtained":["Pain"]},{"cards_removed":["Pummel"],"damage_healed":0,"gold_gain":0,"player_choice":"Removed Attack","damage_taken":0,"max_hp_gain":0,"max_hp_loss":0,"event_name":"Falling","floor":37,"gold_loss":0},{"damage_healed":0,"gold_gain":0,"player_choice":"Fight","damage_taken":0,"max_hp_gain":0,"max_hp_loss":0,"event_name":"MindBloom","floor":39,"gold_loss":0}],"is_beta":false,"boss_relics":[{"not_picked":["Runic Dome","Mark of Pain"],"picked":"Black Star"},{"not_picked":["Coffee Dripper","Philosopher\u0027s Stone"],"picked":"SlaversCollar"}],"items_purged_floors":[21,45],"is_endless":false,"potions_floor_spawned":[2,11,20,23,24,31,33,36,40,42,44,46,48],"ascension_level":6}}