{"host":"w4b7hmige5bnqipq","time":1607589711,"event":{"gold_per_floor":[109,184,30,43,343,372,392,407,407,437,451,451,376,376,376,376,376],"floor_reached":16,"playtime":4832,"items_purged":["Strike_G"],"score":270,"play_id":"87294752-a2e3-409c-ba93-de427b176727","local_time":"20201210174151","is_ascension_mode":true,"campfire_choices":[{"floor":12.0,"key":"REST"},{"data":"Tactician","floor":15,"key":"SMITH"}],"neow_cost":"NONE","seed_source_timestamp":8867471662000,"circlet_count":0,"master_deck":["AscendersBane","Strike_G","Strike_G","Strike_G","Strike_G","Defend_G","Defend_G","Defend_G","Defend_G","Defend_G","Survivor","Neutralize","Dagger Spray","Grand Finale","Prepared","Footwork","Tools of the Trade","Tactician+1","Well Laid Plans","Prepared","Acrobatics"],"special_seed":0,"relics":["Ring of the Snake","NeowsBlessing","Old Coin","CaptainsWheel","Prayer Wheel","Dream Catcher"],"potions_floor_usage":[],"damage_taken":[{"damage":0.0,"enemies":"Cultist","floor":1.0,"turns":1.0},{"damage":0.0,"enemies":"2 Louse","floor":4.0,"turns":1.0},{"damage":0.0,"enemies":"3 Sentries","floor":6.0,"turns":1.0},{"damage":1.0,"enemies":"Small Slimes","floor":7.0,"turns":5.0},{"damage":1.0,"enemies":"Looter","floor":8.0,"turns":5.0},{"damage":10.0,"enemies":"Lagavulin","floor":10.0,"turns":7.0},{"damage":27.0,"enemies":"Exordium Wildlife","floor":11.0,"turns":7.0},{"damage":32,"enemies":"Hexaghost","floor":16,"turns":9}],"seed_played":"-4453502454983217305","potions_obtained":[{"floor":1.0,"key":"DistilledChaos"},{"floor":4.0,"key":"Fire Potion"}],"is_trial":false,"path_per_floor":["M","?","$","M","?","E","M","M","T","E","M","R","$","?","R","B"],"character_chosen":"THE_SILENT","items_purchased":["Grand Finale"],"campfire_rested":1,"item_purchase_floors":[3],"current_hp_per_floor":[59,48,48,48,48,48,47,46,46,36,9,28,28,28,28,0,0],"gold":376,"neow_bonus":"THREE_ENEMY_KILL","is_prod":false,"is_daily":false,"chose_seed":false,"campfire_upgraded":1,"win_rate":0,"timestamp":1607589711,"path_taken":["M","?","$","M","?","E","M","M","T","E","?","R","$","?","R","BOSS"],"build_version":"2020-11-30","purchased_purges":1,"victory":false,"max_hp_per_floor":[66,66,66,66,66,66,66,66,66,66,66,66,66,66,66,66,66],"card_choices":[{"not_picked":["Concentrate","Dodge and Roll"],"picked":"Dagger Spray","floor":1.0},{"not_picked":["Deadly Poison","Bane"],"picked":"Prepared","floor":4.0},{"not_picked":["Quick Slash","Outmaneuver","Sucker Punch"],"picked":"SKIP","floor":6.0},{"not_picked":["Deadly Poison","All Out Attack"],"picked":"Footwork","floor":7.0},{"not_picked":["All Out Attack","Accuracy"],"picked":"Tools of the Trade","floor":8.0},{"not_picked":["Prepared","Calculated Gamble"],"picked":"Tactician","floor":10.0},{"not_picked":["Deadly Poison","Eviscerate"],"picked":"Well Laid Plans","floor":11.0},{"not_picked":["Crippling Poison","Bane"],"picked":"Prepared","floor":11.0},{"not_picked":["Quick Slash","Tactician"],"picked":"Acrobatics","floor":12.0}],"player_experience":365461,"relics_obtained":[{"floor":6.0,"key":"CaptainsWheel"},{"floor":9.0,"key":"Prayer Wheel"},{"floor":10.0,"key":"Dream Catcher"}],"event_choices":[{"damage_healed":0.0,"max_hp_gain":0.0,"max_hp_loss":0.0,"gold_gain":75.0,"event_name":"World of Goop","player_choice":"Gather Gold","floor":2.0,"gold_loss":0.0,"damage_taken":11.0},{"damage_healed":0.0,"max_hp_gain":0.0,"max_hp_loss":0.0,"gold_gain":0.0,"event_name":"WeMeetAgain","player_choice":"Gave Potion","floor":5.0,"gold_loss":0.0,"damage_taken":0.0,"relics_obtained":["Old Coin"]},{"damage_healed":0,"gold_gain":0,"player_choice":"Searched \u00270\u0027 times","damage_taken":0,"max_hp_gain":0,"max_hp_loss":0,"event_name":"Dead Adventurer","floor":14,"gold_loss":0}],"is_beta":false,"boss_relics":[],"items_purged_floors":[13],"is_endless":false,"potions_floor_spawned":[1,4],"killed_by":"Hexaghost","ascension_level":20}}