{"host":"92108ef2q9tm8rod","time":1607628564,"event":{"mods":["BaseMod","StSLib","Minty Spire (QoL Compilation)","Defuse TimeMaze Blight","The Jungle"],"gold_per_floor":[409,428,448,464,245,245,245,245,299,299,333,333,333,362,362,459,459,476,476,476,489,500,500,186,186,186,186,196,223,252,272,272,371,371,391,391,404,404,422,454,480,480,480,530,240,274,172,191,191,191],"floor_reached":51,"playtime":2338,"items_purged":["PiercingWail","Poisoned Stab+1","Corpse Explosion+1"],"score":1131,"play_id":"2e2d081c-de4f-4559-8eef-0729278fc25b","local_time":"20201210192924","daily_mods":["SealedDeck","Colorless Cards","Heirloom","Flight"],"is_ascension_mode":false,"campfire_choices":[{"data":"Skewer","floor":6.0,"key":"SMITH"},{"data":"Deflect","floor":7.0,"key":"SMITH"},{"data":"Bouncing Flask","floor":8.0,"key":"SMITH"},{"data":"Deadly Poison","floor":10.0,"key":"SMITH"},{"data":"Malaise","floor":12.0,"key":"SMITH"},{"data":"Bane","floor":15.0,"key":"SMITH"},{"data":"Swift Strike","floor":23,"key":"SMITH"},{"data":"Blur","floor":25,"key":"SMITH"},{"floor":27,"key":"REST"},{"data":"Corpse Explosion","floor":32,"key":"SMITH"},{"floor":42,"key":"REST"},{"floor":49,"key":"REST"}],"circlet_count":0,"master_deck":["Skewer+1","Backflip+1","Swift Strike+1","Bane+1","Leg Sweep+1","Deflect+1","Bouncing Flask+1","Bandage Up+1","Deadly Poison+1","Malaise+1","Blur+1"],"special_seed":0,"relics":["Ring of the Snake","Old Coin","Chemical X","Oddly Smooth Stone","War Paint","Boot","TwistedFunnel","Ornamental Fan","Art of War","Whetstone","SacredBark","CeramicFish","Blood Vial","Darkstone Periapt","Du-Vu Doll","Membership Card","Incense Burner","Pen Nib"],"acts_visited":["TheBeyond"],"potions_floor_usage":[31,33,40,44,50,50,50],"damage_taken":[{"damage":1.0,"enemies":"Jaw Worm","floor":1.0,"turns":3.0},{"damage":0.0,"enemies":"2 Louse","floor":2.0,"turns":2.0},{"damage":0.0,"enemies":"Cultist","floor":3.0,"turns":3.0},{"damage":2.0,"enemies":"Red Slaver","floor":4.0,"turns":3.0},{"damage":0.0,"enemies":"Gremlin Nob","floor":11.0,"turns":3.0},{"damage":0.0,"enemies":"3 Sentries","floor":14.0,"turns":5.0},{"damage":0.0,"enemies":"Slime Boss","floor":16.0,"turns":4.0},{"damage":3.0,"enemies":"theJungle:Flameango_and_Byrd","floor":18.0,"turns":4.0},{"damage":0,"enemies":"theJungle:GiantWrat","floor":21,"turns":4},{"damage":0,"enemies":"Snake Plant","floor":22,"turns":4},{"damage":0,"enemies":"theJungle:Lyon","floor":28,"turns":4},{"damage":0,"enemies":"theJungle:MamaSnecko","floor":29,"turns":6},{"damage":0,"enemies":"theJungle:2_Phrogs","floor":30,"turns":6},{"damage":0,"enemies":"theJungle:2_Flameangoes","floor":31,"turns":6},{"damage":0,"enemies":"theJungle:QueenSpyder","floor":33,"turns":12},{"damage":0,"enemies":"3 Shapes","floor":35,"turns":1},{"damage":7,"enemies":"Orb Walker","floor":37,"turns":3},{"damage":0,"enemies":"Jaw Worm Horde","floor":39,"turns":2},{"damage":11,"enemies":"Reptomancer","floor":40,"turns":5},{"damage":0,"enemies":"Nemesis","floor":41,"turns":8},{"damage":0,"enemies":"Mind Bloom Boss Battle","floor":44,"turns":5},{"damage":1,"enemies":"Giant Head","floor":46,"turns":9},{"damage":2,"enemies":"Sphere and 2 Shapes","floor":48,"turns":6},{"damage":31,"enemies":"Time Eater","floor":50,"turns":15}],"seed_played":"910583187521092315","potions_obtained":[{"floor":3.0,"key":"Dexterity Potion"},{"floor":4.0,"key":"SteroidPotion"},{"floor":11.0,"key":"SpeedPotion"},{"floor":18.0,"key":"Explosive Potion"},{"floor":30,"key":"EssenceOfSteel"},{"floor":37,"key":"AttackPotion"},{"floor":40,"key":"SkillPotion"},{"floor":41,"key":"Weak Potion"}],"is_trial":true,"path_per_floor":["M","M","M","M","$","R","R","R","T","R","E","R","?","E","R","B",null,"M","$","?","M","M","R","$","R","T","R","M","E","E","M","R","B",null,"M","$","M","$","M","E","E","R","T","?","$","E","$","M","R","B",null],"character_chosen":"THE_SILENT","items_purchased":["Chemical X","TwistedFunnel","Blur","Membership Card","Incense Burner","DuplicationPotion"],"campfire_rested":3,"item_purchase_floors":[5,24,24,45,45,47],"current_hp_per_floor":[70,70,70,70,70,70,70,70,70,70,70,70,56,62,62,68,70,70,70,70,70,70,70,70,70,70,70,70,70,70,70,70,70,70,70,70,69,69,70,59,65,70,70,70,70,70,70,70,70,39],"gold":191,"neow_bonus":"","is_daily":false,"chose_seed":false,"campfire_upgraded":9,"win_rate":0,"timestamp":1607628564,"path_taken":["M","M","M","M","$","R","R","R","T","R","E","R","?","E","R","BOSS","M","$","?","M","M","R","$","R","T","R","M","E","E","M","R","BOSS","M","$","M","$","M","E","E","R","T","?","$","E","?","M","R","BOSS"],"build_version":"2020-11-30","purchased_purges":3,"victory":true,"max_hp_per_floor":[70,70,70,70,70,70,70,70,70,70,70,70,70,70,70,70,70,70,70,70,70,70,70,70,70,70,70,70,70,70,70,70,70,70,70,70,70,70,70,70,70,70,70,70,70,70,70,70,70,70],"card_choices":[{"not_picked":["Sucker Punch","Backflip"],"picked":"Deadly Poison","floor":1.0},{"not_picked":["Eviscerate","Tactician","Dagger Throw"],"picked":"SKIP","floor":2.0},{"not_picked":["PiercingWail","Distraction","Tactician"],"picked":"SKIP","floor":3.0},{"not_picked":["Accuracy","Poisoned Stab","Quick Slash"],"picked":"SKIP","floor":4.0},{"not_picked":["Riddle With Holes","Bouncing Flask"],"picked":"Malaise","floor":11.0},{"not_picked":["Deadly Poison","Flying Knee","Eviscerate"],"picked":"SKIP","floor":14.0},{"not_picked":["Slice","Underhanded Strike","Backstab"],"picked":"SKIP","floor":18.0},{"not_picked":["PiercingWail","Deep Breath","Sucker Punch"],"picked":"SKIP","floor":21},{"not_picked":["Bane","Cloak And Dagger","Dagger Throw"],"picked":"SKIP","floor":22},{"not_picked":["Accuracy+1","Dramatic Entrance","Tactician"],"picked":"SKIP","floor":28},{"not_picked":["Choke","Underhanded Strike","Cloak And Dagger"],"picked":"SKIP","floor":29},{"not_picked":["Blind","Prepared","Dodge and Roll"],"picked":"SKIP","floor":30},{"not_picked":["Terror","Sucker Punch+1"],"picked":"Corpse Explosion","floor":31},{"not_picked":["Blade Dance","Distraction+1","Deadly Poison+1"],"picked":"SKIP","floor":35},{"not_picked":["PiercingWail","Poisoned Stab+1","Prepared+1"],"picked":"SKIP","floor":37},{"not_picked":["Dodge and Roll","After Image","Deadly Poison+1"],"picked":"SKIP","floor":39},{"not_picked":["Dodge and Roll","After Image","Deadly Poison+1"],"picked":"SKIP","floor":39},{"not_picked":["Distraction","Grand Finale","Finesse"],"picked":"SKIP","floor":40},{"not_picked":["Bane+1","Expertise+1","Acrobatics"],"picked":"SKIP","floor":41},{"not_picked":["All Out Attack+1","Predator","Escape Plan"],"picked":"SKIP","floor":46},{"not_picked":["All Out Attack+1","Predator","Escape Plan"],"picked":"SKIP","floor":46},{"not_picked":["Flying Knee+1","Deflect","Choke+1"],"picked":"SKIP","floor":48}],"player_experience":3133024,"relics_obtained":[{"floor":9.0,"key":"Oddly Smooth Stone"},{"floor":11.0,"key":"War Paint"},{"floor":14.0,"key":"Boot"},{"floor":26,"key":"Ornamental Fan"},{"floor":29,"key":"Art of War"},{"floor":30,"key":"Whetstone"},{"floor":40,"key":"CeramicFish"},{"floor":41,"key":"Blood Vial"},{"floor":43,"key":"Darkstone Periapt"},{"floor":44,"key":"Du-Vu Doll"},{"floor":46,"key":"Pen Nib"}],"event_choices":[{"damage_healed":0.0,"max_hp_gain":0.0,"max_hp_loss":0.0,"gold_gain":0.0,"event_name":"Shining Light","player_choice":"Entered Light","floor":13.0,"gold_loss":0.0,"damage_taken":14.0,"cards_upgraded":["Poisoned Stab","Backflip"]},{"damage_healed":0,"gold_gain":0,"player_choice":"Fight","damage_taken":0,"max_hp_gain":0,"max_hp_loss":0,"event_name":"MindBloom","floor":44,"gold_loss":0}],"is_beta":false,"boss_relics":[{"not_picked":["Sozu","Empty Cage","Velvet Choker"]},{"not_picked":["Coffee Dripper","Black Star"],"picked":"SacredBark"}],"items_purged_floors":[5,24,47],"is_endless":false,"potions_floor_spawned":[3,4,11,16,18,28,30,37,40,41],"ascension_level":0}}