{"host":"0i8dz4ityulxi1rd","time":1607627079,"event":{"mods":["BaseMod","Colored Map","Colored Powertips","Custom Start","Highlight Path","Keyboard Shortcuts","Minty Spire (QoL Compilation)","StSLib","SuperFastMode","The Dragon Tamer"],"gold_per_floor":[118,118,39,62,62,98,116,116,116,116,139,158,158,191,191,191,191,191],"floor_reached":16,"playtime":394,"items_purged":[],"score":149,"play_id":"5028a832-abac-482e-9113-2f1e5e5c7c54","local_time":"20201211040439","is_ascension_mode":true,"metric_token":671,"campfire_choices":[{"data":"DTMod:CleansingStrike","floor":10,"key":"SMITH"},{"data":"DTMod:SwitchingTactic","floor":15,"key":"SMITH"}],"dtmod_dragon_data":[48,50,-1,-1,0,0],"circlet_count":0,"master_deck":["DTMod:Strike","DTMod:Strike","DTMod:Strike","DTMod:Strike","DTMod:DoubleHit","DTMod:TargetDefense","DTMod:TargetDefense","DTMod:TargetDefense","DTMod:SwitchingTactic+1","DTMod:Hide","DTMod:GearUp","DTMod:BlazingStrike","DTMod:CleansingStrike+1","DTMod:FlameSlash","DTMod:SneakAttack","Regret"],"relics":["DTMod:PactStone","NeowsBlessing","Golden Idol","Singing Bowl","Meat on the Bone","Mummified Hand","Pear","Juzu Bracelet"],"acts_visited":["Exordium"],"potions_floor_usage":[11,14,16],"damage_taken":[{"damage":0,"enemies":"Small Slimes","floor":1,"turns":1},{"damage":0,"enemies":"Jaw Worm","floor":4,"turns":1},{"damage":0,"enemies":"Lagavulin","floor":6,"turns":2},{"damage":0,"enemies":"2 Louse","floor":7,"turns":3},{"damage":0,"enemies":"2 Fungi Beasts","floor":11,"turns":4},{"damage":0,"enemies":"Large Slime","floor":12,"turns":5},{"damage":9,"enemies":"3 Sentries","floor":14,"turns":4},{"damage":48,"enemies":"Hexaghost","floor":16,"turns":14}],"seed_played":"1697134981257510043","potions_obtained":[{"floor":1,"key":"SneckoOil"},{"floor":4,"key":"Strength Potion"},{"floor":11,"key":"Explosive Potion"},{"floor":14,"key":"Regen Potion"}],"is_trial":false,"path_per_floor":["M","?","$","M","?","E","M","T","T","R","M","M","?","E","R","B"],"character_chosen":"THE_DT","items_purchased":["DTMod:GearUp"],"campfire_rested":0,"item_purchase_floors":[3],"current_hp_per_floor":[45,34,34,34,27,27,29,29,29,29,29,29,39,32,32,0,0,0],"gold":191,"neow_bonus":"THREE_ENEMY_KILL","is_daily":false,"chose_seed":false,"campfire_upgraded":2,"win_rate":0,"timestamp":1607627079,"path_taken":["M","?","$","M","?","E","M","?","T","R","M","M","?","E","R","BOSS"],"build_version":"2020-11-30","purchased_purges":0,"victory":false,"max_hp_per_floor":[45,45,45,45,45,45,47,47,47,47,47,47,57,59,59,59,59,59],"card_choices":[{"not_picked":["DTMod:StarRain","DTMod:QuickFly"],"picked":"DTMod:Hide","floor":1},{"not_picked":["DTMod:BlueScale","DTMod:HeatWave"],"picked":"DTMod:BlazingStrike","floor":4},{"not_picked":["DTMod:MagiciansMark","DTMod:MagicField"],"picked":"DTMod:CleansingStrike","floor":6},{"not_picked":["DTMod:BurningEnergy","DTMod:Hide","DTMod:ComboAttack"],"picked":"Singing Bowl","floor":7},{"not_picked":["DTMod:ComboAttack","DTMod:LowKick"],"picked":"DTMod:FlameSlash","floor":11},{"not_picked":["DTMod:BizarreTactic","DTMod:PurifyingFlame"],"picked":"DTMod:SneakAttack","floor":12},{"not_picked":["DTMod:ComboAttack","DTMod:DarkBreath","DTMod:BizarreTactic"],"picked":"Singing Bowl","floor":14}],"player_experience":1262142,"relics_obtained":[{"floor":6,"key":"Singing Bowl"},{"floor":8,"key":"Meat on the Bone"},{"floor":9,"key":"Mummified Hand"},{"floor":14,"key":"Juzu Bracelet"}],"event_choices":[{"damage_healed":0,"gold_gain":0,"player_choice":"Take Damage","damage_taken":11,"relics_obtained":["Golden Idol"],"max_hp_gain":0,"max_hp_loss":0,"event_name":"Golden Idol","floor":2,"gold_loss":0},{"cards_removed":["DTMod:TargetDefense"],"damage_healed":0,"gold_gain":0,"player_choice":"Card Removal","damage_taken":7,"max_hp_gain":0,"max_hp_loss":0,"event_name":"Golden Wing","floor":5,"gold_loss":0},{"damage_healed":0,"gold_gain":0,"player_choice":"Box","damage_taken":0,"relics_obtained":["Pear"],"max_hp_gain":0,"max_hp_loss":0,"event_name":"Big Fish","floor":13,"gold_loss":0,"cards_obtained":["Regret"]}],"is_beta":false,"boss_relics":[],"items_purged_floors":[],"is_endless":false,"potions_floor_spawned":[1,4,11,14],"killed_by":"Hexaghost","ascension_level":2}}