{"host":"gk5m6v7zec9neb0j","time":1607614488,"event":{"mods":["BaseMod","Relic Stats","AchievementEnabler","Block Reminder","Minty Spire (QoL Compilation)","Rare Cards Sparkle","StSLib","AlwaysNeverKeys","BetterRewards"],"gold_per_floor":[117,131,18,30,30,61,61,80,105,119,44,44,44,44,44,141,141,161,161,178,54,68,68,29,40,40,40,74,84,114,64,64,165,165,179,179,192,209,259,48,48,74,150,164,179,179,179],"floor_reached":46,"playtime":2666,"items_purged":["Strike_G","Strike_G"],"score":640,"play_id":"5295c0f3-636f-4688-9275-4412504330d0","local_time":"20201210103448","is_ascension_mode":false,"campfire_choices":[{"data":"Neutralize","floor":7,"key":"SMITH"},{"data":"Phantasmal Killer","floor":12,"key":"SMITH"},{"data":"Footwork","floor":15,"key":"SMITH"},{"data":"Footwork","floor":23,"key":"SMITH"},{"data":"Caltrops","floor":27,"key":"SMITH"},{"data":"Infinite Blades","floor":32,"key":"SMITH"},{"data":"Caltrops","floor":41,"key":"SMITH"}],"circlet_count":0,"master_deck":["Strike_G","Strike_G","Defend_G+1","Defend_G","Defend_G","Defend_G","Defend_G","Survivor","Neutralize+1","Footwork+1","Leg Sweep+1","Phantasmal Killer+1","Footwork+1","Cloak And Dagger","Escape Plan","After Image","Terror","Accuracy","Cloak And Dagger","Infinite Blades+1","Caltrops+1","Quick Slash+1","Corpse Explosion","Caltrops+1","All Out Attack+1","Blade Dance","Footwork","Panache","Deflect","Escape Plan","Deflect"],"relics":["Ring of the Serpent","Incense Burner","Turnip","Centennial Puzzle","MealTicket","HoveringKite","Enchiridion","War Paint","Smiling Mask","Gremlin Horn","Prayer Wheel","Darkstone Periapt","Question Card"],"acts_visited":["Exordium","TheCity","TheBeyond"],"potions_floor_usage":[6,16,20,30,39,42],"damage_taken":[{"damage":0,"enemies":"Cultist","floor":1,"turns":4},{"damage":0,"enemies":"Small Slimes","floor":2,"turns":5},{"damage":0,"enemies":"Jaw Worm","floor":4,"turns":4},{"damage":8,"enemies":"3 Sentries","floor":6,"turns":5},{"damage":0,"enemies":"Blue Slaver","floor":8,"turns":5},{"damage":0,"enemies":"Large Slime","floor":10,"turns":13},{"damage":4,"enemies":"The Guardian","floor":16,"turns":21},{"damage":1,"enemies":"Spheric Guardian","floor":18,"turns":19},{"damage":10,"enemies":"3 Byrds","floor":20,"turns":8},{"damage":12,"enemies":"Snecko","floor":22,"turns":8},{"damage":0,"enemies":"Snake Plant","floor":25,"turns":6},{"damage":4,"enemies":"Book of Stabbing","floor":28,"turns":7},{"damage":11,"enemies":"Shelled Parasite and Fungi","floor":29,"turns":5},{"damage":6,"enemies":"Gremlin Leader","floor":30,"turns":6},{"damage":19,"enemies":"Collector","floor":33,"turns":11},{"damage":0,"enemies":"3 Shapes","floor":35,"turns":5},{"damage":2,"enemies":"Orb Walker","floor":37,"turns":6},{"damage":16,"enemies":"Sphere and 2 Shapes","floor":38,"turns":6},{"damage":0,"enemies":"Mind Bloom Boss Battle","floor":39,"turns":8},{"damage":29,"enemies":"Nemesis","floor":42,"turns":11},{"damage":0,"enemies":"Maw","floor":44,"turns":7},{"damage":10,"enemies":"Transient","floor":45,"turns":5},{"damage":31,"enemies":"Sphere and 2 Shapes","floor":46,"turns":3}],"seed_played":"6964459758973878529","potions_obtained":[{"floor":1,"key":"Energy Potion"},{"floor":4,"key":"SkillPotion"},{"floor":8,"key":"SkillPotion"},{"floor":20,"key":"Energy Potion"},{"floor":25,"key":"LiquidMemories"},{"floor":35,"key":"SkillPotion"},{"floor":38,"key":"Ancient Potion"}],"is_trial":false,"path_per_floor":["M","M","$","M","?","E","R","M","T","M","$","R","?","$","R","B",null,"M","?","M","$","M","R","$","M","T","R","E","M","E","$","R","B",null,"M","?","M","M","?","$","R","E","T","M","M","M"],"character_chosen":"THE_SILENT","items_purchased":["Footwork","Leg Sweep","Footwork","Escape Plan","Accuracy","Cloak And Dagger","Caltrops","Footwork","Panache"],"campfire_rested":0,"item_purchase_floors":[0,0,3,11,21,21,24,40,40],"current_hp_per_floor":[41,41,41,41,41,33,33,33,33,33,48,48,41,56,56,52,70,69,53,43,58,46,46,61,61,61,61,57,46,40,55,55,36,70,70,70,68,52,52,67,67,38,38,38,28,0,0],"gold":179,"neow_bonus":"","is_daily":false,"chose_seed":false,"campfire_upgraded":7,"win_rate":0,"timestamp":1607614488,"path_taken":["M","M","$","?","?","E","R","M","T","M","$","R","?","?","R","BOSS","M","?","M","$","M","R","$","M","T","R","E","M","E","$","R","BOSS","M","?","M","M","?","$","R","E","T","M","M","M"],"build_version":"2020-11-30","purchased_purges":2,"victory":false,"max_hp_per_floor":[70,70,70,70,70,70,70,70,70,70,70,70,70,70,70,70,70,70,70,70,70,70,70,70,70,70,70,70,70,70,70,70,70,70,70,70,70,70,70,70,70,70,70,70,70,70,70],"relic_stats":{"Darkstone Periapt":0,"Centennial Puzzle":[39],"Gremlin Horn":[7,7],"counters":[571,3311],"HoveringKite":[24],"MealTicket":90,"Prayer Wheel":2,"Turnip":[32],"War Paint":["Leg Sweep","Defend_G"],"Smiling Mask":50,"Question Card":4,"obtain_stats":[{"TwistedFunnel":0,"Ginger":0,"Whetstone":4,"Bottled Tornado":14,"Sling":0,"Boot":49,"FrozenCore":17,"Old Coin":15,"Blood Vial":19,"Sundial":52,"MealTicket":8,"Fusion Hammer":34,"HandDrill":10,"Necronomicon":28,"Kunai":9,"Pear":26,"Blue Candle":9,"Tingsha":0,"Eternal Feather":52,"Pen Nib":9,"Paper Crane":40,"Akabeko":9,"SlaversCollar":34,"Bird Faced Urn":7,"MutagenicStrength":20,"CultistMask":10,"StrikeDummy":47,"Unceasing Top":3,"Ring of the Serpent":17,"Lantern":13,"Regal Pillow":11,"Torii":0,"StoneCalendar":0,"Bag of Preparation":7,"Cursed Key":34,"Ancient Tea Set":26,"Smiling Mask":26,"Shovel":9,"Matryoshka":24,"WristBlade":17,"Ninja Scroll":43,"Toolbox":53,"WingedGreaves":0,"Chemical X":0,"InkBottle":49,"Ring of the Snake":0,"Potion Belt":14,"The Specimen":0,"Golden Idol":8,"PreservedInsect":43,"The Courier":26,"Omamori":23,"Seething Fire":0,"Frozen Egg 2":25,"MawBank":43,"Ornamental Fan":30,"Orrery":20,"Turnip":48,"Art of War":7,"Bottled Lightning":9,"Toy Ornithopter":9,"Ice Cream":42,"Calipers":9,"Tiny House":17,"Gremlin Horn":29,"CeramicFish":43,"Vajra":10,"HoveringKite":17,"Hammer of Thor":0,"Runic Capacitor":0,"Sozu":34,"Lizard Tail":0,"Centennial Puzzle":42,"DollysMirror":0,"Strawberry":23,"Prayer Wheel":47,"Toxic Egg 2":11,"Girya":0,"Happy Flower":26,"Dead Branch":17,"Oddly Smooth Stone":28,"Letter Opener":17,"War Paint":43,"Question Card":41,"WarpedTongs":3,"Du-Vu Doll":20,"OrangePellets":0,"Bottled Flame":28,"Shuriken":42,"Anvil of the Gods":0,"Bronze Scales":0,"Molten Egg 2":43,"Pocketwatch":0,"Meat on the Bone":14,"Darkstone Periapt":42,"SacredBark":17,"Enchiridion":20,"Mango":0,"Snake Skull":54,"Juzu Bracelet":43,"Incense Burner":17,"Empty Cage":17,"PrismaticShard":0,"ClockworkSouvenir":0,"Frozen Eye":45,"Nunchaku":3,"Dream Catcher":40,"Tough Bandages":0,"TheAbacus":22,"Mummified Hand":31,"Pantograph":3,"Gambling Chip":0,"Tiny Chest":30,"Red Mask":29,"Cracked Core":0,"Runic Pyramid":17,"Orichalcum":26,"Odd Mushroom":8,"White Beast Statue":41,"Mercury Hourglass":17,"Peace Pipe":0,"Calling Bell":17,"Cauldron":36,"Strange Spoon":37,"CaptainsWheel":9,"Anchor":26,"Bag of Marbles":30,"Membership Card":20,"TungstenRod":0,"FossilizedHelix":40},{"TwistedFunnel":195,"Ginger":96,"Whetstone":196,"Bottled Tornado":144,"Sling":149,"Boot":367,"FrozenCore":145,"Old Coin":299,"Blood Vial":192,"Sundial":368,"MealTicket":142,"Fusion Hammer":232,"HandDrill":155,"Necronomicon":383,"Kunai":164,"Pear":205,"Blue Candle":526,"Tingsha":149,"Eternal Feather":216,"Pen Nib":220,"Paper Crane":389,"Akabeko":155,"SlaversCollar":284,"Bird Faced Urn":154,"MutagenicStrength":354,"CultistMask":422,"StrikeDummy":135,"Unceasing Top":98,"Ring of the Serpent":353,"Lantern":116,"Regal Pillow":298,"Torii":195,"StoneCalendar":218,"Bag of Preparation":113,"Cursed Key":255,"Ancient Tea Set":305,"Smiling Mask":356,"Shovel":198,"Matryoshka":382,"WristBlade":326,"Ninja Scroll":213,"Toolbox":445,"WingedGreaves":521,"Chemical X":370,"InkBottle":215,"Ring of the Snake":0,"Potion Belt":352,"The Specimen":149,"Golden Idol":164,"PreservedInsect":365,"The Courier":382,"Omamori":123,"Seething Fire":0,"Frozen Egg 2":253,"MawBank":261,"Ornamental Fan":171,"Orrery":202,"Turnip":315,"Art of War":244,"Bottled Lightning":113,"Toy Ornithopter":187,"Ice Cream":338,"Calipers":100,"Tiny House":166,"Gremlin Horn":282,"CeramicFish":236,"Vajra":198,"HoveringKite":201,"Hammer of Thor":0,"Runic Capacitor":136,"Sozu":173,"Lizard Tail":159,"Centennial Puzzle":389,"DollysMirror":184,"Strawberry":304,"Prayer Wheel":341,"Toxic Egg 2":114,"Girya":184,"Happy Flower":125,"Dead Branch":224,"Oddly Smooth Stone":126,"Letter Opener":426,"War Paint":338,"Question Card":515,"WarpedTongs":397,"Du-Vu Doll":147,"OrangePellets":292,"Bottled Flame":534,"Shuriken":312,"Anvil of the Gods":0,"Bronze Scales":136,"Molten Egg 2":468,"Pocketwatch":240,"Meat on the Bone":249,"Darkstone Periapt":568,"SacredBark":378,"Enchiridion":405,"Mango":136,"Snake Skull":217,"Juzu Bracelet":312,"Incense Burner":426,"Empty Cage":250,"PrismaticShard":419,"ClockworkSouvenir":108,"Frozen Eye":261,"Nunchaku":138,"Dream Catcher":312,"Tough Bandages":318,"TheAbacus":251,"Mummified Hand":359,"Pantograph":241,"Gambling Chip":395,"Tiny Chest":462,"Red Mask":307,"Cracked Core":0,"Runic Pyramid":118,"Orichalcum":382,"Odd Mushroom":453,"White Beast Statue":312,"Mercury Hourglass":224,"Peace Pipe":96,"Calling Bell":224,"Cauldron":210,"Strange Spoon":513,"CaptainsWheel":142,"Anchor":253,"Bag of Marbles":384,"Membership Card":276,"TungstenRod":136,"FossilizedHelix":212},{"TwistedFunnel":1189,"Ginger":557,"Whetstone":1192,"Bottled Tornado":862,"Sling":888,"Boot":2096,"FrozenCore":869,"Old Coin":1756,"Blood Vial":1170,"Sundial":2104,"MealTicket":855,"Fusion Hammer":1381,"HandDrill":918,"Necronomicon":2179,"Kunai":960,"Pear":1237,"Blue Candle":3024,"Tingsha":888,"Eternal Feather":1305,"Pen Nib":1324,"Paper Crane":2214,"Akabeko":918,"SlaversCollar":1680,"Bird Faced Urn":914,"MutagenicStrength":2040,"CultistMask":2385,"StrikeDummy":823,"Unceasing Top":563,"Ring of the Serpent":2036,"Lantern":676,"Regal Pillow":1753,"Torii":1189,"StoneCalendar":1315,"Bag of Preparation":659,"Cursed Key":1509,"Ancient Tea Set":1788,"Smiling Mask":2047,"Shovel":1198,"Matryoshka":2174,"WristBlade":1903,"Ninja Scroll":1279,"Toolbox":2526,"WingedGreaves":3001,"Chemical X":2114,"InkBottle":1292,"Ring of the Snake":0,"Potion Belt":2028,"The Specimen":888,"Golden Idol":960,"PreservedInsect":2086,"The Courier":2174,"Omamori":726,"Seething Fire":0,"Frozen Egg 2":1491,"MawBank":1540,"Ornamental Fan":1014,"Orrery":1224,"Turnip":1843,"Art of War":1440,"Bottled Lightning":659,"Toy Ornithopter":1139,"Ice Cream":1963,"Calipers":572,"Tiny House":977,"Gremlin Horn":1668,"CeramicFish":1397,"Vajra":1198,"HoveringKite":1218,"Hammer of Thor":0,"Runic Capacitor":826,"Sozu":1042,"Lizard Tail":936,"Centennial Puzzle":2214,"DollysMirror":1127,"Strawberry":1784,"Prayer Wheel":1981,"Toxic Egg 2":663,"Girya":1127,"Happy Flower":737,"Dead Branch":1342,"Oddly Smooth Stone":743,"Letter Opener":2414,"War Paint":1963,"Question Card":2941,"WarpedTongs":2266,"Du-Vu Doll":878,"OrangePellets":1727,"Bottled Flame":3059,"Shuriken":1826,"Anvil of the Gods":0,"Bronze Scales":826,"Molten Egg 2":2649,"Pocketwatch":1420,"Meat on the Bone":1468,"Darkstone Periapt":3296,"SacredBark":2153,"Enchiridion":2303,"Mango":826,"Snake Skull":1313,"Juzu Bracelet":1826,"Incense Burner":2414,"Empty Cage":1476,"PrismaticShard":2372,"ClockworkSouvenir":632,"Frozen Eye":1540,"Nunchaku":835,"Dream Catcher":1826,"Tough Bandages":1864,"TheAbacus":1480,"Mummified Hand":2061,"Pantograph":1424,"Gambling Chip":2258,"Tiny Chest":2611,"Red Mask":1796,"Cracked Core":0,"Runic Pyramid":691,"Orichalcum":2174,"Odd Mushroom":2564,"White Beast Statue":1826,"Mercury Hourglass":1342,"Peace Pipe":557,"Calling Bell":1342,"Cauldron":1264,"Strange Spoon":2928,"CaptainsWheel":855,"Anchor":1491,"Bag of Marbles":2184,"Membership Card":1631,"TungstenRod":826,"FossilizedHelix":1274}]},"card_choices":[{"not_picked":["Well Laid Plans","Reflex","Acrobatics"],"picked":"SKIP","floor":1},{"not_picked":["Dagger Throw","Flying Knee"],"picked":"Phantasmal Killer","floor":2},{"not_picked":["Deadly Poison","Acrobatics","Well Laid Plans"],"picked":"SKIP","floor":4},{"not_picked":["Underhanded Strike","Quick Slash","Outmaneuver"],"picked":"SKIP","floor":6},{"not_picked":["Dagger Throw","Noxious Fumes","Outmaneuver"],"picked":"SKIP","floor":8},{"not_picked":["Grand Finale","Deflect"],"picked":"Cloak And Dagger","floor":10},{"not_picked":["Grand Finale","Bullet Time"],"picked":"After Image","floor":16},{"not_picked":["Calculated Gamble","Deadly Poison"],"picked":"Terror","floor":18},{"not_picked":["Masterful Stab","Crippling Poison+1","Leg Sweep"],"picked":"SKIP","floor":20},{"not_picked":["Masterful Stab","Crippling Poison+1","Leg Sweep"],"picked":"SKIP","floor":20},{"not_picked":["Masterful Stab","Crippling Poison+1","Leg Sweep"],"picked":"SKIP","floor":20},{"not_picked":["Riddle With Holes","Backflip+1"],"picked":"Infinite Blades","floor":22},{"not_picked":["Cloak And Dagger","Distraction+1","Expertise"],"picked":"SKIP","floor":25},{"not_picked":["Skewer","Sucker Punch"],"picked":"Quick Slash+1","floor":28},{"not_picked":["Sucker Punch","Prepared+1","PiercingWail"],"picked":"SKIP","floor":29},{"not_picked":["Flying Knee","Poisoned Stab+1","Prepared"],"picked":"SKIP","floor":30},{"not_picked":["Bullet Time","Grand Finale"],"picked":"Corpse Explosion","floor":33},{"not_picked":["Acrobatics+1","Cloak And Dagger"],"picked":"Caltrops","floor":35},{"not_picked":["All Out Attack+1","Sucker Punch","Well Laid Plans"],"picked":"SKIP","floor":37},{"not_picked":["Sucker Punch","Well Laid Plans"],"picked":"All Out Attack+1","floor":37},{"not_picked":["Calculated Gamble+1","Flying Knee+1","Acrobatics+1"],"picked":"SKIP","floor":38},{"not_picked":["Outmaneuver","Concentrate"],"picked":"Blade Dance","floor":39},{"not_picked":["Dagger Spray","Underhanded Strike+1","A Thousand Cuts"],"picked":"SKIP","floor":42},{"not_picked":["Outmaneuver","Sucker Punch+1","Dagger Throw"],"picked":"Deflect","floor":44},{"not_picked":["Bane","Terror+1","Slice+1"],"picked":"Escape Plan","floor":44},{"not_picked":["Catalyst+1","Backstab","Slice"],"picked":"Deflect","floor":45},{"not_picked":["Dagger Throw+1","Die Die Die","Choke","Underhanded Strike"],"picked":"SKIP","floor":45}],"player_experience":661326,"relics_obtained":[{"floor":6,"key":"Centennial Puzzle"},{"floor":9,"key":"MealTicket"},{"floor":19,"key":"Enchiridion"},{"floor":26,"key":"War Paint"},{"floor":28,"key":"Smiling Mask"},{"floor":30,"key":"Gremlin Horn"},{"floor":39,"key":"Prayer Wheel"},{"floor":42,"key":"Darkstone Periapt"},{"floor":43,"key":"Question Card"}],"event_choices":[{"damage_healed":0,"gold_gain":0,"player_choice":"Ignored","damage_taken":0,"max_hp_gain":0,"max_hp_loss":0,"event_name":"Golden Idol","floor":5,"gold_loss":0},{"cards_removed":["Strike_G"],"damage_healed":0,"gold_gain":0,"player_choice":"Card Removal","damage_taken":7,"max_hp_gain":0,"max_hp_loss":0,"event_name":"Golden Wing","floor":13,"gold_loss":0},{"damage_healed":0,"gold_gain":0,"player_choice":"Obtained Book","damage_taken":16,"max_hp_gain":0,"max_hp_loss":0,"event_name":"Cursed Tome","floor":19,"gold_loss":0},{"damage_healed":0,"gold_gain":0,"player_choice":"Ignored","damage_taken":0,"max_hp_gain":0,"max_hp_loss":0,"event_name":"Mysterious Sphere","floor":36,"gold_loss":0},{"damage_healed":0,"gold_gain":0,"player_choice":"Fight","damage_taken":0,"max_hp_gain":0,"max_hp_loss":0,"event_name":"MindBloom","floor":39,"gold_loss":0}],"is_beta":false,"boss_relics":[{"not_picked":["Busted Crown","Tiny House"],"picked":"HoveringKite"},{"not_picked":["Snecko Eye","Runic Dome"],"picked":"Ring of the Serpent"}],"items_purged_floors":[3,31],"is_endless":false,"potions_floor_spawned":[1,4,8,16,20,25,28,35,38],"killed_by":"Sphere and 2 Shapes","ascension_level":0}}