{"host":"i0avyit1s6jb1siw","time":1607636020,"event":{"mods":["BaseMod","DeckTracker","Highlight Path","Minty Spire (QoL Compilation)","Quick Restart","StSLib","SuperFastMode","Replay The Spire","Dota2Spire"],"gold_per_floor":[111,111,123,143,243,243,261,286,286,286,286,296,296,313,313,313,313],"floor_reached":16,"playtime":339,"items_purged":[],"score":204,"play_id":"231726c4-4f22-4322-b774-a0f5475cf9cd","local_time":"20201210223340","is_ascension_mode":true,"campfire_choices":[{"data":"Flechettes","floor":6,"key":"SMITH"},{"data":"Tactician","floor":10,"key":"SMITH"}],"circlet_count":0,"master_deck":["AscendersBane","Strike_G","Strike_G","Strike_G","Strike_G","Strike_G","Defend_G","Defend_G","Defend_G","Defend_G","Defend_G","Survivor+1","Neutralize","Defend_P","Defend_B","Poison Darts","Flechettes+1","Tactician+1","Dagger Throw","Burst+1","Acrobatics+1","Concentrate"],"relics":["Ring of the Snake","Golden Egg","Letter Opener"],"acts_visited":["Exordium"],"potions_floor_usage":[8,8,8,16,16],"damage_taken":[{"damage":2,"enemies":"Jaw Worm","floor":1,"turns":5},{"damage":3,"enemies":"2 Louse","floor":3,"turns":4},{"damage":0,"enemies":"Cultist","floor":4,"turns":2},{"damage":5,"enemies":"3 Louse","floor":7,"turns":5},{"damage":20,"enemies":"Lagavulin","floor":8,"turns":5},{"damage":0,"enemies":"Looter","floor":12,"turns":3},{"damage":13,"enemies":"Red Slaver","floor":14,"turns":4},{"damage":64,"enemies":"Fading Forest","floor":16,"turns":7}],"seed_played":"-6398805155298244023","potions_obtained":[{"floor":3,"key":"SteroidPotion"},{"floor":4,"key":"Ancient Potion"},{"floor":7,"key":"EntropicBrew"},{"floor":13,"key":"EntropicBrew"}],"is_trial":false,"path_per_floor":["M","?","M","M","?","R","M","E","T","R","?","M","?","M","R","B"],"character_chosen":"THE_SILENT","items_purchased":[],"campfire_rested":0,"item_purchase_floors":[],"current_hp_per_floor":[57,57,54,54,54,54,49,29,29,29,34,34,34,21,42,0,0],"gold":313,"neow_bonus":"THREE_RARE_CARDS","is_daily":false,"chose_seed":false,"campfire_upgraded":2,"win_rate":0,"timestamp":1607636020,"path_taken":["M","?","M","M","?","R","?","E","T","R","?","M","?","M","R","BOSS"],"build_version":"2020-11-30","purchased_purges":0,"victory":false,"max_hp_per_floor":[66,66,66,66,66,66,66,66,66,66,71,71,71,71,71,71,71],"card_choices":[{"not_picked":["Storm of Steel","Unload"],"picked":"Poison Darts","floor":0},{"not_picked":["Underhanded Strike","Infinite Blades"],"picked":"Flechettes","floor":1},{"not_picked":["Underhanded Strike","Accuracy","Infinite Blades"],"picked":"SKIP","floor":3},{"not_picked":["Backflip","Hidden Blade"],"picked":"Tactician","floor":4},{"not_picked":["Prepared","Deadly Poison"],"picked":"Dagger Throw","floor":7},{"not_picked":["ReplayTheSpireMod:Exploit Weakness","Tactician"],"picked":"Burst","floor":8},{"not_picked":["Expertise","Toxin Wave"],"picked":"Acrobatics","floor":12},{"not_picked":["Outmaneuver","Prepared"],"picked":"Concentrate","floor":14}],"player_experience":2066122,"relics_obtained":[{"floor":8,"key":"Golden Egg"},{"floor":9,"key":"Letter Opener"}],"event_choices":[{"damage_healed":0,"gold_gain":100,"player_choice":"Gold","damage_taken":0,"max_hp_gain":0,"max_hp_loss":0,"event_name":"Wheel of Change","floor":5,"gold_loss":0},{"damage_healed":0,"gold_gain":0,"player_choice":"Donut","damage_taken":0,"max_hp_gain":5,"max_hp_loss":0,"event_name":"Big Fish","floor":11,"gold_loss":0},{"damage_healed":0,"gold_gain":0,"player_choice":"Got Potions","damage_taken":0,"max_hp_gain":0,"max_hp_loss":0,"event_name":"Lab","floor":13,"gold_loss":0}],"is_beta":false,"boss_relics":[],"items_purged_floors":[],"is_endless":false,"potions_floor_spawned":[3,4,7],"killed_by":"Fading Forest","ascension_level":20}}