{"host":"98h4g33y3ss2ktsr","time":1607564720,"event":{"gold_per_floor":[99,109,109,109,123,48,95,106,140,65,77,97,113,128,145,145,145],"floor_reached":16,"playtime":1029,"items_purged":[],"score":131,"play_id":"a5c70279-cd70-4fcd-b4e2-fec4c10942cc","local_time":"20201209204520","is_ascension_mode":false,"campfire_choices":[{"floor":1,"key":"RECALL"},{"data":"hexamod:Hexaguard","floor":6,"key":"SMITH"},{"data":"hexamod:Float","floor":10,"key":"SMITH"}],"neow_cost":"NONE","seed_source_timestamp":77757503240800,"circlet_count":0,"master_deck":["hexamod:Strike","hexamod:Strike","hexamod:Strike","hexamod:Strike","hexamod:Defend","hexamod:Defend","hexamod:Defend","hexamod:Defend","hexamod:Sear","hexamod:Float+1","hexamod:FourthSeal","Replay:LoomingThreat","hexamod:Hexaguard+1","hexamod:FastForward","hexamod:PhantomCloak","hexamod:SwordOfDarkness","hexamod:FastForward","hexamod:WildfireWeapon","hexamod:ShieldOfDarkness","hexamod:GhostShield"],"relics":["hexamod:SpiritBrand","jedi:crownofsimplicity","Replay:Kaleidoscope","downfall:HeartBlessingRed","Garlic","downfall:HeartBlessingBlue"],"potions_floor_usage":[4,8,9,9,12,12,12,14,15,16],"damage_taken":[{"damage":2,"enemies":"2 Louse","floor":2,"turns":3},{"damage":3,"enemies":"Jaw Worm","floor":5,"turns":4},{"damage":0,"enemies":"Cultist","floor":8,"turns":3},{"damage":18,"enemies":"3 Sentries","floor":9,"turns":7},{"damage":0,"enemies":"Red Slaver","floor":11,"turns":3},{"damage":0,"enemies":"Lots of Slimes","floor":12,"turns":5},{"damage":0,"enemies":"Exordium Thugs","floor":13,"turns":5},{"damage":0,"enemies":"Red Slaver","floor":14,"turns":3},{"damage":0,"enemies":"Exordium Wildlife","floor":15,"turns":4},{"damage":62,"enemies":"downfall:CharBossWatcher","floor":16,"turns":10}],"seed_played":"4062342709835497751","potions_obtained":[{"floor":4,"key":"Fire Potion"},{"floor":4,"key":"GamblersBrew"},{"floor":4,"key":"Fruit Juice"},{"floor":5,"key":"Regen Potion"},{"floor":5,"key":"Milkshake"},{"floor":8,"key":"Energy Potion"},{"floor":8,"key":"ColorlessPotion"},{"floor":9,"key":"FearPotion"},{"floor":11,"key":"SneckoOil"},{"floor":11,"key":"jedi:mysterypotion"},{"floor":12,"key":"Energy Potion"},{"floor":13,"key":"Cursed Concoction"},{"floor":14,"key":"Dexterity Potion"},{"floor":14,"key":"jedi:StrikingPotion"},{"floor":15,"key":"FairyPotion"},{"floor":15,"key":"Swift Potion"}],"is_trial":false,"path_per_floor":["R_BF","M","?","?","M","R","T","M","E","R","M","M","M","M","M","B"],"character_chosen":"THE_SPIRIT","items_purchased":[],"campfire_rested":0,"item_purchase_floors":[],"current_hp_per_floor":[70,68,23,28,25,25,25,25,12,22,22,22,22,22,22,0,0],"gold":145,"neow_bonus":"RANDOM_COMMON_RELIC","is_prod":false,"is_daily":false,"chose_seed":false,"campfire_upgraded":2,"win_rate":0.0,"timestamp":1607564720,"path_taken":["R_BF","M","?","?","M","R","T","M","E","R","M","M","M","M","M","BOSS"],"build_version":"2020-11-30","purchased_purges":0,"victory":false,"max_hp_per_floor":[70,70,70,75,75,75,75,75,75,85,85,85,85,85,85,85,85],"card_choices":[{"not_picked":["hexamod:SpectersWail","hexamod:NightmareGuise"],"picked":"hexamod:FourthSeal","floor":2},{"not_picked":["hexamod:FastForward","hexamod:InspiringFlames"],"picked":"hexamod:Hexaguard","floor":5},{"not_picked":["hexamod:BacktrackSmack","hexamod:RetreatToShadows"],"picked":"hexamod:FastForward","floor":8},{"not_picked":["hexamod:PhantomFireball","hexamod:FourthSeal"],"picked":"hexamod:PhantomCloak","floor":9},{"not_picked":["hexamod:AdvancingGuard","hexamod:ThermalTransfer"],"picked":"hexamod:SwordOfDarkness","floor":11},{"not_picked":["hexamod:GhostLash","hexamod:NightmareStrike"],"picked":"hexamod:FastForward","floor":12},{"not_picked":["hexamod:SpectersWail","hexamod:HauntingEcho"],"picked":"hexamod:WildfireWeapon","floor":13},{"not_picked":["hexamod:BurningTouch","hexamod:Firestarter"],"picked":"hexamod:ShieldOfDarkness","floor":14},{"not_picked":["hexamod:SpectersWail","hexamod:GhostLash"],"picked":"hexamod:GhostShield","floor":15}],"player_experience":88711,"relics_obtained":[{"floor":9,"key":"Garlic"}],"event_choices":[{"damage_healed":0,"gold_gain":0,"player_choice":"Got Potions","damage_taken":0,"max_hp_gain":0,"max_hp_loss":0,"event_name":"Lab","floor":4,"gold_loss":0}],"is_beta":false,"boss_relics":[],"items_purged_floors":[],"is_endless":false,"potions_floor_spawned":[5,8,11,14,15],"killed_by":"downfall:CharBossWatcher","ascension_level":0}}