{"host":"nuu0xlk1bpqu5s2n","time":1607604863,"event":{"gold_per_floor":[119,119,129,129,86,86,113,113,195,207,219,219,219,219],"floor_reached":13,"playtime":480,"items_purged":[],"score":166,"play_id":"068a5d34-0d71-4ac3-bfb1-55bd5693f7d1","local_time":"20201210145423","is_ascension_mode":true,"campfire_choices":[{"data":"Zap","floor":6,"key":"SMITH"},{"floor":8,"key":"REST"},{"floor":12,"key":"REST"}],"neow_cost":"NONE","seed_source_timestamp":35391541423100,"circlet_count":0,"master_deck":["AscendersBane","Strike_B","Strike_B","Strike_B","Defend_B","Defend_B","Defend_B","Defend_B","Zap+1","Dualcast","BootSequence","FTL","Force Field","Glacier","Hologram"],"relics":["Cracked Core","Centennial Puzzle","Nunchaku","Pantograph"],"potions_floor_usage":[],"damage_taken":[{"damage":1,"enemies":"Cultist","floor":1,"turns":3},{"damage":0,"enemies":"2 Louse","floor":3,"turns":2},{"damage":41,"enemies":"Lagavulin","floor":7,"turns":15},{"damage":0,"enemies":"Small Slimes","floor":10,"turns":3},{"damage":7,"enemies":"Exordium Wildlife","floor":11,"turns":4},{"damage":82,"enemies":"Gremlin Nob","floor":13,"turns":4}],"seed_played":"3037117131467113218","potions_obtained":[],"is_trial":false,"path_per_floor":["M","$","M","?","$","R","E","R","T","M","M","R","E"],"character_chosen":"DEFECT","items_purchased":["Glacier"],"campfire_rested":2,"item_purchase_floors":[5],"current_hp_per_floor":[63,63,63,63,63,63,22,43,43,43,36,57,0,0],"gold":219,"neow_bonus":"RANDOM_COMMON_RELIC","is_prod":false,"is_daily":false,"chose_seed":false,"campfire_upgraded":1,"win_rate":0,"timestamp":1607604863,"path_taken":["M","?","M","?","$","R","E","R","T","M","M","R","E"],"build_version":"2020-11-30","purchased_purges":0,"victory":false,"max_hp_per_floor":[71,71,71,71,71,71,71,71,71,71,71,71,71,71],"card_choices":[{"not_picked":["Coolheaded","Beam Cell"],"picked":"BootSequence","floor":1},{"not_picked":["Coolheaded","Go for the Eyes"],"picked":"FTL","floor":3},{"not_picked":["Streamline","Turbo"],"picked":"Hologram","floor":7},{"not_picked":["Double Energy","Steam Power","Leap"],"picked":"SKIP","floor":10},{"not_picked":["Beam Cell","Coolheaded","Barrage"],"picked":"SKIP","floor":11}],"player_experience":537509,"relics_obtained":[{"floor":7,"key":"Nunchaku"},{"floor":9,"key":"Pantograph"}],"event_choices":[{"damage_healed":0,"gold_gain":0,"cards_transformed":["Strike_B"],"player_choice":"Transformed","damage_taken":0,"max_hp_gain":0,"max_hp_loss":0,"event_name":"Transmorgrifier","floor":4,"gold_loss":0,"cards_obtained":["Force Field"]}],"is_beta":false,"boss_relics":[],"items_purged_floors":[],"is_endless":false,"potions_floor_spawned":[],"killed_by":"Gremlin Nob","ascension_level":20}}