{"host":"jak4ncvfzor9mys0","time":1607627066,"event":{"mods":["BaseMod","StSLib","2.2 Compatiblity","Colored Powertips","Colored Map","Relic Sorter","AchievementEnabler","Gold Saver","Block Reminder","Key Reminder","Relic Stats","Rare Cards Sparkle","SuperFastMode","Better Sensory Stone","Better Altar","Better Note","Better Third Choice","Better Match","BetterRewards","Better Skull","Minty Spire (QoL Compilation)","Hubris","Energized Spire","Replay The Spire","Retaliation","Red Circlet Mod","Infinite Spire","The Blue Laboratory"],"gold_per_floor":[756,773,442,457,472,497,515,515,515,515,588,588,158,183,183,283,283,296,296,312,327,342,370,386,386,386,386,404,439,439,455,455,553,553,571,586,586,436,456,456,456,471,525,545,556,556,572,603,603,603,603],"floor_reached":50,"playtime":2038,"items_purged":["Strike_B","Strike_B","Strike_B","Strike_B","Cold Snap+1"],"score":678,"play_id":"bb847fa2-4219-469c-b72a-91a6a88912ec","local_time":"20201210110426","is_ascension_mode":false,"campfire_choices":[{"data":"Gash","floor":8,"key":"SMITH"},{"data":"ReplayGash","floor":15,"key":"SMITH"},{"data":"Beam Cell","floor":25,"key":"SMITH"},{"floor":32,"key":"REST"},{"data":"Reprogram","floor":41,"key":"SMITH"},{"floor":46,"key":"REST"},{"floor":49,"key":"REST"}],"circlet_count":0,"master_deck":["Defend_B","Defend_B","Defend_B+1","Defend_B","Zap","Dualcast+1","ReplayGash+1","Leap","Beam Cell+1","Scrape+1","Leap","Gash+1","Rebound","Gash+1","Skim","Redo+1","Melter+1","Go for the Eyes+1","infinitespire:Gouge+1","Reprogram+1","BootSequence+1","Stack+1"],"relics":["Cracked Core","InkBottle","MealTicket","HandDrill","Solar Panel","hubris:SphereOfDissonance","ClockworkSouvenir","Anchor","War Paint","hubris:ScarierMask","Molten Egg 2","Replay:Baseball","SlaversCollar","hubris:SlimyHat","energizedSpire:OldTV","hubris:Towel","hubris:TenFootPole","hubris:MedicalManual"],"acts_visited":["Exordium","TheCity","TheBeyond"],"potions_floor_usage":[6,33,48,48,50],"damage_taken":[{"damage":0,"enemies":"Jaw Worm","floor":1,"turns":4},{"damage":1,"enemies":"Small Slimes","floor":2,"turns":4},{"damage":0,"enemies":"2 Louse","floor":4,"turns":2},{"damage":1,"enemies":"2 Fungi Beasts","floor":5,"turns":3},{"damage":22,"enemies":"Gremlin Nob","floor":6,"turns":4},{"damage":5,"enemies":"Looter","floor":7,"turns":3},{"damage":4,"enemies":"Lagavulin","floor":14,"turns":5},{"damage":29,"enemies":"Fading Forest","floor":16,"turns":11},{"damage":0,"enemies":"3 Byrds","floor":18,"turns":3},{"damage":0,"enemies":"Chosen","floor":20,"turns":3},{"damage":4,"enemies":"Snake Plant","floor":21,"turns":4},{"damage":0,"enemies":"Chosen and Byrds","floor":22,"turns":3},{"damage":19,"enemies":"Gremlin Leader","floor":23,"turns":6},{"damage":0,"enemies":"Sentry and Sphere","floor":24,"turns":2},{"damage":12,"enemies":"Centurion and Healer","floor":28,"turns":3},{"damage":10,"enemies":"Book of Stabbing","floor":29,"turns":3},{"damage":0,"enemies":"Shelled Parasite and Fungi","floor":31,"turns":3},{"damage":26,"enemies":"Champ","floor":33,"turns":8},{"damage":0,"enemies":"Orb Walker","floor":35,"turns":4},{"damage":2,"enemies":"3 Darklings","floor":36,"turns":4},{"damage":0,"enemies":"Jaw Worm Horde","floor":39,"turns":4},{"damage":4,"enemies":"Spire Growth","floor":42,"turns":4},{"damage":10,"enemies":"Maw","floor":44,"turns":6},{"damage":10,"enemies":"4 Shapes","floor":45,"turns":4},{"damage":0,"enemies":"Transient","floor":47,"turns":5},{"damage":48,"enemies":"Nightmare","floor":48,"turns":7},{"damage":87,"enemies":"infinitespire:MassOfShapes","floor":50,"turns":12}],"seed_played":"2085619221859120013","potions_obtained":[{"floor":4,"key":"Fire Potion"},{"floor":7,"key":"LifebloodPotion"},{"floor":11,"key":"Fire Potion"},{"floor":23,"key":"FairyPotion"},{"floor":44,"key":"Fire Potion"},{"floor":48,"key":"blueLaboratory:BiasPotion"}],"is_trial":false,"path_per_floor":["M","M","$","M","M","E","M","R","T","?","?","?","$","E","R","B",null,"M","?","M","M","M","E","M","R","T","AVR","M","E","?","M","R","B",null,"M","M","?","$","M","?","R","M","T","M","M","R","M","NM","R","B"],"character_chosen":"DEFECT","items_purchased":["ReplayGash","Leap","MealTicket","HandDrill","Scrape","ClockworkSouvenir","Anchor"],"campfire_rested":3,"item_purchase_floors":[0,0,0,3,3,13,13],"current_hp_per_floor":[75,74,75,75,74,52,51,51,51,51,51,51,66,66,66,39,75,75,75,75,71,71,54,58,58,58,58,50,40,40,42,64,42,75,75,75,75,75,75,68,68,64,64,54,44,66,68,24,46,0,0],"gold":603,"neow_bonus":"","is_daily":false,"chose_seed":false,"campfire_upgraded":4,"win_rate":0,"timestamp":1607627066,"path_taken":["M","M","$","M","M","E","M","R","T","?","?","?","$","E","R","BOSS","M","?","M","M","M","E","M","R","T","AVR","M","E","?","M","R","BOSS","M","M","?","$","M","?","R","M","T","M","M","R","M","NM","R","BOSS"],"build_version":"2020-11-30","purchased_purges":5,"victory":false,"max_hp_per_floor":[75,75,75,75,75,75,75,75,75,75,75,75,75,75,75,75,75,75,75,75,75,75,75,75,75,75,75,75,75,75,75,75,75,75,75,75,75,75,75,75,75,75,75,75,75,75,75,75,75,75,75],"relic_stats":{"counters":[84,418],"MealTicket":16,"HandDrill":[42],"War Paint":["Defend_B","Dualcast"],"obtain_stats":[{"Ice Cream":39,"energizedSpire:UnstableMolecules":20,"Calipers":17,"CeramicFish":24,"Whetstone":9,"Sling":0,"Lizard Tail":29,"infinitespire:SolderingIron":28,"infinitespire:Golems Mask":20,"MealTicket":0,"HandDrill":3,"Toxic Egg 2":7,"Counterbalance":40,"hubris:SphereOfDissonance":9,"War Paint":14,"Du-Vu Doll":24,"SlaversCollar":27,"Replay:Baseball":26,"Molten Egg 2":23,"hubris:TenFootPole":43,"energizedSpire:OldTV":34,"Solar Panel":6,"hubris:Metronome":14,"Carrot":9,"Snecko Heart":17,"StoneCalendar":37,"hubris:SlimyHat":29,"ClockworkSouvenir":13,"hubris:Backtick":17,"hubris:ScarierMask":17,"Replay:Bottled Eggs":10,"Cracked Core":0,"InkBottle":27,"hubris:GlazedTorus":9,"Lee\u0027s Waffle":3,"NeowsBlessing":0,"Golden Idol":4,"The Courier":13,"hubris:MedicalManual":48,"hubris:Towel":37,"Peace Pipe":11,"Anchor":13,"betterThird:SlimedRelic":2,"Snack Pack":26,"Membership Card":28,"ReplayTheSpireMod:Lightbulb":26,"Toy Ornithopter":13,"hubris:OldNail":12,"infinitespire:Midas Blood":9},{"Ice Cream":55,"energizedSpire:UnstableMolecules":25,"Calipers":45,"CeramicFish":12,"Whetstone":42,"Sling":39,"Lizard Tail":50,"infinitespire:SolderingIron":49,"infinitespire:Golems Mask":25,"MealTicket":57,"HandDrill":59,"Toxic Egg 2":42,"Counterbalance":56,"hubris:SphereOfDissonance":63,"War Paint":64,"Du-Vu Doll":48,"SlaversCollar":71,"Replay:Baseball":71,"Molten Egg 2":70,"hubris:TenFootPole":79,"energizedSpire:OldTV":52,"Solar Panel":62,"hubris:Metronome":22,"Carrot":30,"Snecko Heart":23,"StoneCalendar":55,"hubris:SlimyHat":73,"ClockworkSouvenir":63,"hubris:Backtick":45,"hubris:ScarierMask":65,"Replay:Bottled Eggs":5,"Cracked Core":0,"InkBottle":71,"hubris:GlazedTorus":4,"Lee\u0027s Waffle":17,"NeowsBlessing":0,"Golden Idol":29,"The Courier":22,"hubris:MedicalManual":83,"hubris:Towel":77,"Peace Pipe":43,"Anchor":63,"betterThird:SlimedRelic":17,"Snack Pack":13,"Membership Card":49,"ReplayTheSpireMod:Lightbulb":48,"Toy Ornithopter":33,"hubris:OldNail":43,"infinitespire:Midas Blood":19},{"Ice Cream":284,"energizedSpire:UnstableMolecules":129,"Calipers":223,"CeramicFish":65,"Whetstone":205,"Sling":194,"Lizard Tail":254,"infinitespire:SolderingIron":245,"infinitespire:Golems Mask":129,"MealTicket":294,"HandDrill":302,"Toxic Egg 2":205,"Counterbalance":291,"hubris:SphereOfDissonance":314,"War Paint":319,"Du-Vu Doll":239,"SlaversCollar":351,"Replay:Baseball":351,"Molten Egg 2":349,"hubris:TenFootPole":384,"energizedSpire:OldTV":269,"Solar Panel":311,"hubris:Metronome":107,"Carrot":150,"Snecko Heart":118,"StoneCalendar":284,"hubris:SlimyHat":357,"ClockworkSouvenir":314,"hubris:Backtick":223,"hubris:ScarierMask":330,"Replay:Bottled Eggs":18,"Cracked Core":0,"InkBottle":351,"hubris:GlazedTorus":8,"Lee\u0027s Waffle":90,"NeowsBlessing":0,"Golden Idol":145,"The Courier":107,"hubris:MedicalManual":406,"hubris:Towel":376,"Peace Pipe":212,"Anchor":314,"betterThird:SlimedRelic":90,"Snack Pack":70,"Membership Card":245,"ReplayTheSpireMod:Lightbulb":239,"Toy Ornithopter":162,"hubris:OldNail":212,"infinitespire:Midas Blood":94}],"InkBottle":[30]},"card_choices":[{"not_picked":["Compile Driver","Steam"],"picked":"Beam Cell","floor":1},{"not_picked":["Cold Snap","BasicCrystalCard","White Noise"],"picked":"SKIP","floor":2},{"not_picked":["Steam","Compile Driver"],"picked":"Leap","floor":4},{"not_picked":["Panic Button","Auto Shields"],"picked":"Gash","floor":5},{"not_picked":["Coolheaded","Lockon","Doom and Gloom"],"picked":"SKIP","floor":6},{"not_picked":["Barrage","Static Discharge"],"picked":"Rebound","floor":7},{"not_picked":["hubris:PowerSurge","Rebound"],"picked":"Gash","floor":11},{"not_picked":["Mirror Shield","Skim","Panic Button"],"picked":"SKIP","floor":14},{"not_picked":["Panic Button","ReplayTheSpireMod:Calculation Training","Turbo"],"picked":"SKIP","floor":18},{"not_picked":["Rip and Tear","ReplayTheSpireMod:GoodbyeWorld"],"picked":"Skim","floor":20},{"not_picked":["Turbo","Coolheaded"],"picked":"Redo+1","floor":21},{"not_picked":["Panic Button+1","Reboot","Stack"],"picked":"SKIP","floor":22},{"not_picked":["Rebound+1","BasicCrystalCard+1"],"picked":"Melter+1","floor":23},{"not_picked":["Stack+1","Redo"],"picked":"Go for the Eyes+1","floor":24},{"not_picked":["Turbo","Steam+1"],"picked":"Cold Snap+1","floor":28},{"not_picked":["Reinforced Body","Tempest+1"],"picked":"Reprogram","floor":29},{"not_picked":["Turbo","Hello World","Doom and Gloom+1"],"picked":"SKIP","floor":31},{"not_picked":["Auto Shields+1","Ball Lightning+1","Panic Button+1"],"picked":"SKIP","floor":35},{"not_picked":["Defragment","Coolheaded+1"],"picked":"BootSequence+1","floor":36},{"not_picked":["Reinforced Body+1","Doom and Gloom+1"],"picked":"Stack+1","floor":39},{"not_picked":["Reprogram","Multi-Cast","Redo+1"],"picked":"SKIP","floor":42},{"not_picked":["Streamline+1","Compile Driver+1","Heatsinks+1"],"picked":"SKIP","floor":44},{"not_picked":["Static Discharge+1","Genetic Algorithm+1","Darkness+1"],"picked":"SKIP","floor":45},{"not_picked":["Turbo","hubris:Ukulele+1","Chill"],"picked":"SKIP","floor":47},{"not_picked":["ReplayTheSpireMod:Reroute Power","Compile Driver+1","Aggregate+1"],"picked":"SKIP","floor":48}],"player_experience":2558312,"relics_obtained":[{"floor":6,"key":"Solar Panel"},{"floor":9,"key":"hubris:SphereOfDissonance"},{"floor":14,"key":"War Paint"},{"floor":23,"key":"Molten Egg 2"},{"floor":26,"key":"Replay:Baseball"},{"floor":29,"key":"hubris:SlimyHat"},{"floor":43,"key":"hubris:TenFootPole"},{"floor":48,"key":"hubris:MedicalManual"}],"event_choices":[{"damage_healed":0,"gold_gain":0,"player_choice":"Upgraded","damage_taken":0,"max_hp_gain":0,"max_hp_loss":0,"event_name":"Upgrade Shrine","floor":19,"gold_loss":0,"cards_upgraded":["Scrape"]},{"cards_removed":["Defend_B"],"damage_healed":0,"gold_gain":0,"player_choice":"Give","damage_taken":0,"max_hp_gain":0,"max_hp_loss":0,"event_name":"betterNote:BetterNote","floor":30,"gold_loss":0,"cards_obtained":["Defend_B"]},{"damage_healed":0,"gold_gain":0,"player_choice":"Damaged","damage_taken":7,"max_hp_gain":0,"max_hp_loss":0,"event_name":"Wheel of Change","floor":40,"gold_loss":0}],"is_beta":false,"boss_relics":[{"not_picked":["Busted Crown","Coffee Dripper"],"picked":"hubris:ScarierMask"},{"not_picked":["energizedSpire:SpiderWeb","energizedSpire:MagnifyingGlass"],"picked":"energizedSpire:OldTV"}],"items_purged_floors":[0,3,13,27,38],"is_endless":true,"potions_floor_spawned":[2,4,7,16,23,28,29,31,44,48],"killed_by":"infinitespire:MassOfShapes","ascension_level":0}}