{"host":"c10fjmjt4zmpjqlg","time":1607598224,"event":{"gold_per_floor":[113,123,133,151,163,196,207,241,241,266,114,114,126,153,153,250,250,270,81,81,101,121,121,133,133,133,160,171,14,14,32,32,133,133,151,164,164,164,184,184,6,6,6,6,0,20,32,5,5,5],"floor_reached":51,"playtime":1827,"items_purged":[],"score":716,"play_id":"5882bead-46f8-49c9-85be-1c81dfd3dd5a","local_time":"20201210220344","is_ascension_mode":false,"campfire_choices":[{"floor":12,"key":"REST"},{"floor":15,"key":"REST"},{"floor":23,"key":"REST"},{"data":"Infinite Blades","floor":25,"key":"SMITH"},{"floor":32,"key":"REST"},{"floor":40,"key":"REST"},{"floor":42,"key":"REST"},{"data":"Mayhem","floor":44,"key":"SMITH"},{"floor":49,"key":"REST"}],"neow_cost":"NONE","seed_source_timestamp":5966397051279570366,"circlet_count":0,"master_deck":["Survivor","Neutralize","Deflect","Eviscerate","Cloak And Dagger","Slice","Blade Dance","Distraction","Infinite Blades+1","Footwork","All Out Attack","Sucker Punch","Blade Dance","Bullet Time","Quick Slash","Eviscerate","Bane","Accuracy","Leg Sweep","Sucker Punch","Acrobatics","Calculated Gamble","Blur","Caltrops","Caltrops","Mayhem+1","Cloak And Dagger+1","After Image","Dagger Throw+1","Accuracy+1","Backstab","Infinite Blades+1","Blade Dance","Footwork+1","Envenom+1","Endless Agony","Madness","Madness","HandOfGreed","Magnetism+1","Deflect","Sadistic Nature+1","Endless Agony+1","Underhanded Strike","Outmaneuver","Cloak And Dagger"],"relics":["WristBlade","InkBottle","Potion Belt","Pen Nib","Odd Mushroom","Vajra","Oddly Smooth Stone","Pandora\u0027s Box","Frozen Egg 2","Dream Catcher","Lee\u0027s Waffle","Busted Crown","Orichalcum","Red Mask"],"potions_floor_usage":[18,22,33,33,36,50,50,50,50,50],"damage_taken":[{"damage":0,"enemies":"Cultist","floor":1,"turns":4},{"damage":0,"enemies":"2 Louse","floor":2,"turns":4},{"damage":2,"enemies":"Small Slimes","floor":3,"turns":4},{"damage":1,"enemies":"Looter","floor":4,"turns":4},{"damage":6,"enemies":"Exordium Thugs","floor":5,"turns":4},{"damage":24,"enemies":"Gremlin Nob","floor":6,"turns":4},{"damage":0,"enemies":"Large Slime","floor":7,"turns":4},{"damage":11,"enemies":"Lagavulin","floor":8,"turns":5},{"damage":2,"enemies":"The Mushroom Lair","floor":10,"turns":4},{"damage":7,"enemies":"Red Slaver","floor":13,"turns":3},{"damage":10,"enemies":"3 Sentries","floor":14,"turns":6},{"damage":46,"enemies":"The Guardian","floor":16,"turns":7},{"damage":0,"enemies":"Spheric Guardian","floor":18,"turns":3},{"damage":18,"enemies":"Shell Parasite","floor":21,"turns":3},{"damage":3,"enemies":"Centurion and Healer","floor":22,"turns":3},{"damage":3,"enemies":"3 Cultists","floor":24,"turns":5},{"damage":21,"enemies":"Book of Stabbing","floor":27,"turns":5},{"damage":8,"enemies":"Snecko","floor":28,"turns":3},{"damage":20,"enemies":"Centurion and Healer","floor":31,"turns":3},{"damage":13,"enemies":"Champ","floor":33,"turns":5},{"damage":14,"enemies":"3 Shapes","floor":35,"turns":3},{"damage":13,"enemies":"3 Darklings","floor":36,"turns":3},{"damage":14,"enemies":"Jaw Worm Horde","floor":39,"turns":2},{"damage":10,"enemies":"4 Shapes","floor":46,"turns":3},{"damage":9,"enemies":"Maw","floor":47,"turns":5},{"damage":67,"enemies":"Awakened One","floor":50,"turns":6}],"seed_played":"3004388322359531878","potions_obtained":[{"floor":5,"key":"EssenceOfSteel"},{"floor":6,"key":"Poison Potion"},{"floor":7,"key":"Weak Potion"},{"floor":8,"key":"Swift Potion"},{"floor":18,"key":"CunningPotion"},{"floor":24,"key":"Strength Potion"},{"floor":27,"key":"DuplicationPotion"},{"floor":33,"key":"BlessingOfTheForge"},{"floor":35,"key":"Energy Potion"},{"floor":39,"key":"Weak Potion"},{"floor":47,"key":"Ancient Potion"}],"is_trial":false,"path_per_floor":["M","M","M","M","M","E","M","E","T","?","$","R","M","E","R","B",null,"M","$","?","M","M","R","M","R","T","E","M","$","?","M","R","B",null,"M","M","?","?","M","R","$","R","T","R","?","M","M","$","R","B",null],"character_chosen":"THE_SILENT","items_purchased":["Vajra","Mayhem","Lee\u0027s Waffle","Sadistic Nature+1","Outmaneuver"],"campfire_rested":7,"item_purchase_floors":[11,19,29,41,48],"current_hp_per_floor":[70,70,68,67,61,37,37,26,26,24,24,45,38,28,49,3,70,70,70,57,39,36,58,55,55,55,34,26,82,82,62,82,69,82,68,55,45,40,26,50,50,74,74,74,74,64,55,55,79,12],"gold":5,"neow_bonus":"BOSS_RELIC","is_prod":false,"is_daily":false,"chose_seed":false,"campfire_upgraded":2,"win_rate":0,"timestamp":1607598224,"path_taken":["M","M","?","M","M","E","M","E","T","?","$","R","M","E","R","BOSS","M","$","?","M","M","R","M","R","T","E","M","$","?","M","R","BOSS","M","M","?","?","?","R","$","R","T","R","?","M","M","$","R","BOSS"],"build_version":"2020-11-30","purchased_purges":0,"victory":true,"max_hp_per_floor":[70,70,70,70,70,70,70,70,70,70,70,70,70,70,70,70,70,70,70,75,75,75,75,75,75,75,75,75,82,82,82,82,82,82,82,82,82,82,82,82,82,82,82,82,82,82,82,82,82,82],"relic_stats":{"Dream Catcher":4,"Lee\u0027s Waffle":56,"Busted Crown":20,"counters":[26,105],"Pandora\u0027s Box":["Quick Slash","Eviscerate","Bane","Accuracy","Leg Sweep","Sucker Punch","Acrobatics","Calculated Gamble","Blur","Caltrops"],"Pen Nib":[25],"Orichalcum":[36],"obtain_stats":[{"Potion Belt":8,"Lee\u0027s Waffle":29,"Vajra":11,"Oddly Smooth Stone":14,"Pen Nib":9,"Odd Mushroom":10,"Frozen Egg 2":26,"Orichalcum":43,"Dream Catcher":27,"Busted Crown":34,"WristBlade":0,"Pandora\u0027s Box":17,"Red Mask":45,"InkBottle":6,"Ring of the Snake":0},{"Potion Belt":8,"Lee\u0027s Waffle":18,"Vajra":9,"Oddly Smooth Stone":11,"Pen Nib":8,"Odd Mushroom":9,"Frozen Egg 2":16,"Orichalcum":23,"Dream Catcher":17,"Busted Crown":20,"WristBlade":0,"Pandora\u0027s Box":12,"Red Mask":23,"InkBottle":6,"Ring of the Snake":0},{"Potion Belt":33,"Lee\u0027s Waffle":75,"Vajra":37,"Oddly Smooth Stone":46,"Pen Nib":33,"Odd Mushroom":37,"Frozen Egg 2":67,"Orichalcum":91,"Dream Catcher":72,"Busted Crown":83,"WristBlade":0,"Pandora\u0027s Box":53,"Red Mask":91,"InkBottle":24,"Ring of the Snake":0}],"InkBottle":[47]},"card_choices":[{"not_picked":["Deadly Poison","Distraction"],"picked":"Deflect","floor":1},{"not_picked":["PiercingWail","Quick Slash"],"picked":"Eviscerate","floor":2},{"not_picked":["Deadly Poison","Deflect"],"picked":"Cloak And Dagger","floor":3},{"not_picked":["Poisoned Stab","Deflect"],"picked":"Slice","floor":4},{"not_picked":["Backflip","Tools of the Trade"],"picked":"Blade Dance","floor":5},{"not_picked":["Dagger Throw","Dash"],"picked":"Distraction","floor":6},{"not_picked":["Escape Plan","Blur"],"picked":"Infinite Blades","floor":7},{"not_picked":["Wraith Form v2","Escape Plan"],"picked":"Footwork","floor":8},{"not_picked":["Underhanded Strike","Deflect"],"picked":"All Out Attack","floor":10},{"not_picked":["Caltrops","Acrobatics"],"picked":"Sucker Punch","floor":13},{"not_picked":["Acrobatics","Distraction"],"picked":"Blade Dance","floor":14},{"not_picked":["Venomology","Unload"],"picked":"Bullet Time","floor":16},{"not_picked":["Poisoned Stab","Deflect"],"picked":"Caltrops","floor":18},{"not_picked":["Slice","Skewer+1"],"picked":"Cloak And Dagger+1","floor":21},{"not_picked":["Bane+1","Well Laid Plans"],"picked":"After Image","floor":22},{"not_picked":["PiercingWail","Underhanded Strike"],"picked":"Dagger Throw+1","floor":24},{"not_picked":["Unload","Storm of Steel"],"picked":"Accuracy+1","floor":27},{"not_picked":["Distraction","Outmaneuver"],"picked":"Backstab","floor":28},{"not_picked":["PiercingWail","Tactician"],"picked":"Blade Dance","floor":31},{"not_picked":["Outmaneuver+1","Leg Sweep"],"picked":"Footwork+1","floor":32},{"not_picked":["Die Die Die","After Image+1"],"picked":"Envenom+1","floor":33},{"not_picked":["Bane"],"picked":"SKIP","floor":35},{"not_picked":[],"picked":"Endless Agony","floor":36},{"not_picked":[],"picked":"HandOfGreed","floor":38},{"not_picked":[],"picked":"Magnetism+1","floor":38},{"not_picked":["Reflex+1"],"picked":"SKIP","floor":39},{"not_picked":[],"picked":"Deflect","floor":40},{"not_picked":[],"picked":"Endless Agony+1","floor":46},{"not_picked":[],"picked":"Underhanded Strike","floor":47},{"not_picked":[],"picked":"Cloak And Dagger","floor":49}],"player_experience":303692,"relics_obtained":[{"floor":6,"key":"InkBottle"},{"floor":8,"key":"Potion Belt"},{"floor":9,"key":"Pen Nib"},{"floor":10,"key":"Odd Mushroom"},{"floor":14,"key":"Oddly Smooth Stone"},{"floor":26,"key":"Frozen Egg 2"},{"floor":27,"key":"Dream Catcher"},{"floor":43,"key":"Orichalcum"}],"event_choices":[{"damage_healed":0,"gold_gain":0,"player_choice":"Fought Mushrooms","damage_taken":0,"max_hp_gain":0,"max_hp_loss":0,"event_name":"Mushrooms","floor":10,"gold_loss":0},{"damage_healed":0,"gold_gain":0,"player_choice":"Shed Blood","damage_taken":18,"max_hp_gain":5,"max_hp_loss":0,"event_name":"Forgotten Altar","floor":20,"gold_loss":0},{"damage_healed":0,"gold_gain":0,"player_choice":"Read","damage_taken":0,"max_hp_gain":0,"max_hp_loss":0,"event_name":"The Library","floor":30,"gold_loss":0,"cards_obtained":["Infinite Blades"]},{"damage_healed":0,"gold_gain":0,"player_choice":"Embrace Madness","damage_taken":10,"max_hp_gain":0,"max_hp_loss":0,"event_name":"Winding Halls","floor":37,"gold_loss":0,"cards_obtained":["Madness","Madness"]},{"damage_healed":0,"gold_gain":0,"player_choice":"Memory 2","damage_taken":5,"max_hp_gain":0,"max_hp_loss":0,"event_name":"SensoryStone","floor":38,"gold_loss":0},{"damage_healed":0,"gold_gain":0,"player_choice":"Paid","damage_taken":0,"relics_obtained":["Red Mask"],"max_hp_gain":0,"max_hp_loss":0,"event_name":"Tomb of Lord Red Mask","floor":45,"gold_loss":6}],"is_beta":false,"boss_relics":[{"not_picked":["Runic Dome","Astrolabe"],"picked":"Pandora\u0027s Box"},{"not_picked":["HoveringKite","Runic Pyramid"],"picked":"Busted Crown"}],"items_purged_floors":[],"is_endless":false,"potions_floor_spawned":[5,6,7,8,18,24,27,31,33,35,39,47],"ascension_level":0}}