{"host":"11b7ahfcobviluut","time":1607593090,"event":{"gold_per_floor":[110,60,60,72,84,84,99,132,210,243,243,243,243,253,253,354,404,467,536,536,596,646,722,722,722,722],"floor_reached":25,"playtime":2168,"items_purged":[],"score":258,"play_id":"4749e606-4f10-4ced-986b-eee0db25b25b","local_time":"20201210113810","is_ascension_mode":false,"campfire_choices":[{"data":"hierophant:ChurchCoffers","floor":6,"key":"SMITH"},{"data":"hierophant:Smite","floor":12,"key":"SMITH"},{"floor":15,"key":"RECALL"},{"data":"hierophant:Repentance","floor":24,"key":"SMITH"}],"neow_cost":"NONE","seed_source_timestamp":184840020378700,"circlet_count":0,"master_deck":["hierophant:Strike_Hierophant","hierophant:Strike_Hierophant","hierophant:Strike_Hierophant","hierophant:Strike_Hierophant+1","hierophant:Punish+1","hierophant:Defend_Hierophant","hierophant:Defend_Hierophant","hierophant:Defend_Hierophant","hierophant:ChurchCoffers+1","hierophant:MorningPrayer+1","hierophant:Zeal","hierophant:Blessing+1","hierophant:Smite+1","hierophant:BulkyChest","hierophant:Repentance+1","hierophant:PristineSoul+1"],"relics":["hierophant:PropheticMaskRelic","Ginger","Question Card","Bronze Scales","Tiny House","Strawberry"],"potions_floor_usage":[10,10,19,22,23,23,25],"damage_taken":[{"damage":0,"enemies":"Small Slimes","floor":1,"turns":3},{"damage":0,"enemies":"2 Louse","floor":4,"turns":1},{"damage":1,"enemies":"Cultist","floor":5,"turns":4},{"damage":6,"enemies":"Lots of Slimes","floor":7,"turns":2},{"damage":26,"enemies":"Gremlin Nob","floor":8,"turns":5},{"damage":8,"enemies":"Lagavulin","floor":10,"turns":4},{"damage":0,"enemies":"Large Slime","floor":14,"turns":2},{"damage":22,"enemies":"The Guardian","floor":16,"turns":10},{"damage":10,"enemies":"3 Byrds","floor":18,"turns":2},{"damage":0,"enemies":"Shell Parasite","floor":19,"turns":3},{"damage":14,"enemies":"Shelled Parasite and Fungi","floor":21,"turns":4},{"damage":32,"enemies":"Snake Plant","floor":22,"turns":3},{"damage":25,"enemies":"Gremlin Leader","floor":23,"turns":7},{"damage":58,"enemies":"Book of Stabbing","floor":25,"turns":7}],"seed_played":"-8683016251260387972","potions_obtained":[{"floor":5,"key":"Swift Potion"},{"floor":8,"key":"Block Potion"},{"floor":14,"key":"Explosive Potion"},{"floor":16,"key":"LiquidBronze"},{"floor":17,"key":"LiquidMemories"},{"floor":18,"key":"Fire Potion"},{"floor":19,"key":"PowerPotion"},{"floor":22,"key":"BlessingOfTheForge"}],"is_trial":false,"path_per_floor":["M","?","?","M","M","R","M","E","T","E","?","R","?","M","R","B",null,"M","M","?","M","M","E","R","E"],"character_chosen":"HIEROPHANT","items_purchased":[],"campfire_rested":0,"item_purchase_floors":[],"current_hp_per_floor":[82,82,66,66,65,65,66,47,47,39,44,44,44,44,44,29,92,82,92,92,78,56,48,48,0,0],"gold":722,"neow_bonus":"TEN_PERCENT_HP_BONUS","is_prod":false,"is_daily":false,"chose_seed":false,"campfire_upgraded":3,"win_rate":0.0,"timestamp":1607593090,"path_taken":["M","?","?","M","M","R","M","E","T","E","?","R","?","M","R","BOSS","M","M","?","M","?","E","R","E"],"build_version":"2020-11-30","purchased_purges":0,"victory":false,"max_hp_per_floor":[82,82,82,82,82,82,82,82,82,82,87,87,87,87,87,87,92,92,92,92,92,92,99,99,99,99],"card_choices":[{"not_picked":["hierophant:Shelter","hierophant:FieryStrike"],"picked":"hierophant:MorningPrayer","floor":1},{"not_picked":["hierophant:Purify","hierophant:SecretStash"],"picked":"hierophant:Zeal","floor":4},{"not_picked":["hierophant:Doubloon","hierophant:MorningPrayer"],"picked":"hierophant:Blessing","floor":5},{"not_picked":["hierophant:Alms","hierophant:SealAway"],"picked":"hierophant:Smite","floor":7},{"not_picked":["hierophant:Smite","hierophant:Purify","hierophant:Kindle"],"picked":"SKIP","floor":8},{"not_picked":["hierophant:AuricForm","hierophant:Encroach","hierophant:CursedGold","hierophant:HammerAndAnvil"],"picked":"SKIP","floor":10},{"not_picked":["hierophant:Doomsaying","hierophant:Zeal","hierophant:HammerAndAnvil","hierophant:ThreeLashes"],"picked":"SKIP","floor":14},{"not_picked":["hierophant:DeathKnell","hierophant:LocustPlague","hierophant:AuricForm"],"picked":"hierophant:BulkyChest","floor":16},{"not_picked":["hierophant:Dazzle","hierophant:Flagellation","hierophant:MorningPrayer"],"picked":"hierophant:Repentance","floor":17},{"not_picked":["hierophant:HammerAndAnvil+1","hierophant:RecallFunds","hierophant:Chorus+1","hierophant:Empathy"],"picked":"SKIP","floor":18},{"not_picked":["hierophant:ArchangelShield","hierophant:HammerAndAnvil","hierophant:FlamingChariot","hierophant:MintersHammer"],"picked":"SKIP","floor":19},{"not_picked":["hierophant:Doubloon+1","hierophant:Flagellation","hierophant:Embezzle+1","hierophant:HammerAndAnvil"],"picked":"SKIP","floor":21},{"not_picked":["hierophant:Purify","hierophant:DisplayOfPower","hierophant:ConvertCurrency","hierophant:FieryStrike"],"picked":"SKIP","floor":22},{"not_picked":["hierophant:RepressedViolence","hierophant:MorningPrayer+1","hierophant:Doubloon+1"],"picked":"hierophant:PristineSoul+1","floor":23}],"player_experience":198221,"relics_obtained":[{"floor":8,"key":"Ginger"},{"floor":9,"key":"Question Card"},{"floor":10,"key":"Bronze Scales"},{"floor":23,"key":"Strawberry"}],"event_choices":[{"cards_removed":["hierophant:Defend_Hierophant"],"damage_healed":0,"gold_gain":0,"player_choice":"Card Removal","damage_taken":0,"max_hp_gain":0,"max_hp_loss":0,"event_name":"The Cleric","floor":2,"gold_loss":50},{"damage_healed":0,"gold_gain":0,"player_choice":"Entered Light","damage_taken":16,"max_hp_gain":0,"max_hp_loss":0,"event_name":"Shining Light","floor":3,"gold_loss":0,"cards_upgraded":["hierophant:Strike_Hierophant","hierophant:MorningPrayer"]},{"damage_healed":0,"gold_gain":0,"player_choice":"Donut","damage_taken":0,"max_hp_gain":5,"max_hp_loss":0,"event_name":"Big Fish","floor":11,"gold_loss":0},{"damage_healed":0,"gold_gain":0,"player_choice":"Grow","damage_taken":0,"max_hp_gain":0,"max_hp_loss":0,"event_name":"Living Wall","floor":13,"gold_loss":0,"cards_upgraded":["hierophant:Punish"]},{"damage_healed":0,"gold_gain":0,"player_choice":"Ignored","damage_taken":0,"max_hp_gain":0,"max_hp_loss":0,"event_name":"Transmorgrifier","floor":20,"gold_loss":0}],"is_beta":false,"boss_relics":[{"not_picked":["Astrolabe","Pandora\u0027s Box"],"picked":"Tiny House"}],"items_purged_floors":[],"is_endless":false,"potions_floor_spawned":[5,8,14,16,18,19,22],"killed_by":"Book of Stabbing","ascension_level":0}}