{"host":"jbw7u82x3ez0pquu","time":1607623381,"event":{"mods":["BaseMod","AchievementEnabler","DeckTracker","Minty Spire (QoL Compilation)","Colored Powertips","Quick Restart","Random Character Button","everything is the same but u backflip on backflip","StSLib","Googly Eyes"],"gold_per_floor":[114,114,129,57,57,57,87,87,87,102,117,76,76,106,106,206,206,221,236,251,266,281,281,290,290,290],"floor_reached":25,"playtime":1877,"items_purged":[],"score":213,"play_id":"d3cdb734-0d03-44ad-81e2-946e3c7119a2","local_time":"20201210190301","daily_mods":["Allstar","Vintage","Night Terrors"],"is_ascension_mode":false,"campfire_choices":[{"data":"Apotheosis","floor":6,"key":"SMITH"},{"data":"Secret Technique","floor":8,"key":"SMITH"},{"data":"Study","floor":13,"key":"SMITH"},{"floor":15,"key":"REST"},{"data":"Strike_P","floor":23,"key":"PURGE"}],"circlet_count":0,"master_deck":["Strike_P","Strike_P+1","Defend_P","Defend_P","Defend_P","Defend_P","Eruption+1","Vigilance","Master of Strategy","The Bomb","Bandage Up","Apotheosis+1","Secret Technique+1","BowlingBash","JustLucky","CutThroughFate","Study+1","Swivel","ConjureBlade","Perseverance"],"special_seed":18606,"relics":["PureWater","Boot","Bronze Scales","GoldenEye","Darkstone Periapt","Smiling Mask","Eternal Feather","Torii","Cursed Key","Frozen Egg 2","Ornamental Fan","Peace Pipe","Potion Belt","Juzu Bracelet","Red Mask"],"acts_visited":["Exordium","TheCity"],"potions_floor_usage":[7,14,20,24,25],"damage_taken":[{"damage":0,"enemies":"Cultist","floor":1,"turns":2},{"damage":1,"enemies":"2 Louse","floor":3,"turns":4},{"damage":2,"enemies":"Lagavulin","floor":7,"turns":6},{"damage":1,"enemies":"Jaw Worm","floor":10,"turns":3},{"damage":0,"enemies":"Blue Slaver","floor":11,"turns":4},{"damage":13,"enemies":"Gremlin Nob","floor":14,"turns":3},{"damage":17,"enemies":"The Guardian","floor":16,"turns":7},{"damage":0,"enemies":"Chosen","floor":18,"turns":3},{"damage":2,"enemies":"Shell Parasite","floor":19,"turns":5},{"damage":15,"enemies":"Shelled Parasite and Fungi","floor":20,"turns":4},{"damage":7,"enemies":"Snake Plant","floor":21,"turns":5},{"damage":22,"enemies":"Snecko","floor":22,"turns":4},{"damage":44,"enemies":"Masked Bandits","floor":24,"turns":5},{"damage":42,"enemies":"Cultist and Chosen","floor":25,"turns":6}],"seed_played":"8996604888150855735","potions_obtained":[{"floor":1,"key":"EssenceOfSteel"},{"floor":3,"key":"StancePotion"},{"floor":7,"key":"FearPotion"},{"floor":22,"key":"PowerPotion"},{"floor":24,"key":"Block Potion"}],"is_trial":false,"path_per_floor":["M","?","M","$","?","R","E","R","T","M","M","$","R","E","R","B",null,"M","M","M","M","M","R","?","M"],"character_chosen":"WATCHER","items_purchased":["BowlingBash","JustLucky","Study"],"campfire_rested":1,"item_purchase_floors":[4,4,12],"current_hp_per_floor":[72,65,70,70,56,56,60,60,60,59,65,65,72,59,67,56,67,67,65,50,49,27,39,1,0,0],"gold":290,"neow_bonus":"","is_daily":true,"chose_seed":false,"campfire_upgraded":3,"win_rate":0,"timestamp":1607623381,"path_taken":["M","?","M","$","?","R","E","R","T","M","M","$","R","E","R","BOSS","M","M","M","M","M","R","?","M"],"build_version":"2020-11-30","purchased_purges":0,"victory":false,"max_hp_per_floor":[72,72,72,72,72,72,72,72,72,72,72,72,72,72,67,67,67,67,67,67,67,67,67,67,67,67],"card_choices":[{"not_picked":["SignatureMove","InnerPeace"],"picked":"CutThroughFate","floor":7},{"not_picked":["CrushJoints","WreathOfFlame"],"picked":"Swivel","floor":14},{"not_picked":["Scrawl","Judgement"],"picked":"ConjureBlade","floor":16},{"not_picked":["Halt","InnerPeace"],"picked":"Perseverance","floor":24}],"player_experience":147101,"relics_obtained":[{"floor":1,"key":"Boot"},{"floor":3,"key":"Bronze Scales"},{"floor":7,"key":"GoldenEye"},{"floor":9,"key":"Darkstone Periapt"},{"floor":10,"key":"Smiling Mask"},{"floor":11,"key":"Eternal Feather"},{"floor":14,"key":"Torii"},{"floor":18,"key":"Frozen Egg 2"},{"floor":19,"key":"Ornamental Fan"},{"floor":20,"key":"Peace Pipe"},{"floor":21,"key":"Potion Belt"},{"floor":22,"key":"Juzu Bracelet"},{"floor":24,"key":"Red Mask"}],"event_choices":[{"cards_removed":["Strike_P"],"damage_healed":0,"gold_gain":0,"player_choice":"Card Removal","damage_taken":7,"max_hp_gain":0,"max_hp_loss":0,"event_name":"Golden Wing","floor":2,"gold_loss":0},{"damage_healed":0,"gold_gain":0,"player_choice":"Entered Light","damage_taken":14,"max_hp_gain":0,"max_hp_loss":0,"event_name":"Shining Light","floor":5,"gold_loss":0,"cards_upgraded":["Strike_P","Eruption"]},{"damage_healed":0,"gold_gain":0,"player_choice":"Fought Bandits","damage_taken":0,"max_hp_gain":0,"max_hp_loss":0,"event_name":"Masked Bandits","floor":24,"gold_loss":0}],"is_beta":false,"boss_relics":[{"not_picked":["Runic Dome","Black Star"],"picked":"Cursed Key"}],"items_purged_floors":[],"is_endless":false,"potions_floor_spawned":[1,3,7,22,24],"killed_by":"Cultist and Chosen","ascension_level":0}}