{"host":"o5or1zybx7au40zl","time":1607638374,"event":{"mods":["BaseMod","Minty Spire (QoL Compilation)","StSLib","The Bug Knight","Better Third Choice","Conspire","Hubris","Replay The Spire","2.2 Compatiblity","Act Like it!","Dota2Spire","GifTheSpireLib","Infinite Spire"],"gold_per_floor":[118,132,152,152,152,152,183,196,196,230,230,230,256,266,266,370,370,357,5,5,15,0,0,25,25,97,117,137,137,164,178,178,280,380,392,402,422,422,422,451,451,466,492,547,547,562,605,13,13,140,140,151,426,436,336,348,348,327,327],"floor_reached":58,"playtime":1429,"items_purged":["Regret","Looming Evil"],"score":923,"play_id":"8eafa6ad-45f2-4164-8799-ad3a4602efef","local_time":"20201210231254","is_ascension_mode":false,"campfire_choices":[{"floor":6,"key":"RECALL"},{"data":"Uppercut","floor":12,"key":"SMITH"},{"data":"Clothesline","floor":15,"key":"SMITH"},{"data":"infinitespire:OneForAll","floor":23,"key":"SMITH"},{"data":"Inflame","floor":29,"key":"SMITH"},{"floor":32,"key":"REST"},{"floor":41,"key":"REST"},{"floor":45,"key":"REST"},{"data":"Demon Form","floor":57,"key":"SMITH"}],"circlet_count":0,"master_deck":["Strike_R","Strike_R","Strike_R","Strike_R","Strike_R","Defend_R","Defend_R","Defend_R","Bash","Uppercut+1","Clothesline+1","Cleave+1","Pommel Strike","Defy Death","Double Tap","Sword Boomerang","Fiend Fire","Flex+1","infinitespire:OneForAll+1","Wild Strike+1","Necronomicurse","Cleave+1","Inflame+1","Iron Wave+1","ReplayTheSpireMod:Stacked+1","Demon Form+1","Wild Strike+1","Replay:Undeath\u0027s Touch+1","Wild Strike+1","infinitespire:SevenWalls+1","conspire:HitWhereItHurts","Brutality","Inflame+1","Pommel Strike+1","Whirlwind+1","Inflame","Injury","hubris:Compulsion","Pommel Strike","Regret","Replay:Many Hands","Massacre"],"relics":["Burning Blood","FossilizedHelix","Garlic","Dota2Spire:ShadowBlade","Anchor","Replay:Wax Seal","Ring of Chaos","Replay:Ringing Soul","Necronomicon","Matryoshka","Replay:Baseball","ReplayFunnel","conspire:DecoderRing","Dream Catcher","Replay:Wanted Poster","Mirror","hubris:SphereOfDissonance","hubris:MysteriousPyramids","Dota2Spire:HandOfMidas","infinitespire:WardingShard","Lee\u0027s Waffle","Akabeko","Pet Ghost","Replay:Ancient Bell","Dota2Spire:DrumOfEndurance","hubris:IronBody","Dota2Spire:DivineRapier"],"acts_visited":["Exordium","TheCity","TheBeyond","Exordium"],"potions_floor_usage":[16,24,33,40,40,40,50,50,50,50,50],"damage_taken":[{"damage":0,"enemies":"Cultist","floor":1,"turns":3},{"damage":0,"enemies":"2 Louse","floor":2,"turns":3},{"damage":0,"enemies":"Jaw Worm","floor":3,"turns":2},{"damage":10,"enemies":"Gremlin Nob","floor":7,"turns":4},{"damage":0,"enemies":"2 Fungi Beasts","floor":8,"turns":2},{"damage":19,"enemies":"3 Sentries","floor":10,"turns":6},{"damage":6,"enemies":"Looter","floor":14,"turns":3},{"damage":68,"enemies":"The Guardian","floor":16,"turns":11},{"damage":19,"enemies":"2 Thieves","floor":18,"turns":4},{"damage":5,"enemies":"3 Byrds","floor":21,"turns":7},{"damage":0,"enemies":"Gremlin Leader","floor":24,"turns":3},{"damage":23,"enemies":"Sentry and Sphere","floor":27,"turns":4},{"damage":4,"enemies":"Snake Plant","floor":28,"turns":3},{"damage":8,"enemies":"Book of Stabbing","floor":30,"turns":4},{"damage":0,"enemies":"Snecko","floor":31,"turns":3},{"damage":68,"enemies":"Champ","floor":33,"turns":8},{"damage":27,"enemies":"3 Darklings","floor":35,"turns":5},{"damage":19,"enemies":"3 Shapes","floor":36,"turns":4},{"damage":21,"enemies":"Maw","floor":37,"turns":6},{"damage":37,"enemies":"Nightmare","floor":40,"turns":10},{"damage":0,"enemies":"Jaw Worm Horde","floor":42,"turns":3},{"damage":12,"enemies":"R_Hoarder","floor":44,"turns":4},{"damage":0,"enemies":"Sphere and 2 Shapes","floor":46,"turns":2},{"damage":1,"enemies":"Maw","floor":47,"turns":3},{"damage":110,"enemies":"infinitespire:MassOfShapes","floor":50,"turns":6},{"damage":0,"enemies":"Jaw Worm","floor":52,"turns":2},{"damage":0,"enemies":"2 Louse","floor":54,"turns":1},{"damage":0,"enemies":"Small Slimes","floor":56,"turns":1},{"damage":159,"enemies":"Nightmare","floor":58,"turns":5}],"seed_played":"-3664896439705785531","potions_obtained":[{"floor":1,"key":"EssenceOfSteel"},{"floor":8,"key":"BloodPotion"},{"floor":10,"key":"SpeedPotion"},{"floor":16,"key":"infinitespire:BlackPotion"},{"floor":24,"key":"Dota2Spire:Clarity"},{"floor":31,"key":"Ancient Potion"},{"floor":33,"key":"Block Potion"},{"floor":42,"key":"Dota2Spire:HealingSalve"},{"floor":47,"key":"EntropicBrew"},{"floor":50,"key":"SteroidPotion"},{"floor":56,"key":"Dota2Spire:HealingSalve"}],"is_trial":false,"path_per_floor":["M","M","M","?","?","R","E","M","T","E","?","R","T","M","R","B",null,"M","$","?","M","?","R","E","?","T","M","M","R","E","M","R","B",null,"M","M","M","?","AVR","NM","R","M","T","E","R","M","M","$","R","B",null,"M","?","M","$","M","R","NM"],"character_chosen":"IRONCLAD","items_purchased":["infinitespire:OneForAll","Replay:Ringing Soul","Wild Strike+1","Lee\u0027s Waffle","Inflame","Akabeko","Pet Ghost"],"campfire_rested":3,"item_purchase_floors":[19,19,19,48,48,48,48],"current_hp_per_floor":[62,68,74,74,74,74,70,76,76,63,63,63,63,63,63,17,80,67,70,57,61,61,61,70,70,70,56,61,61,59,65,94,35,101,83,73,61,61,64,36,70,79,79,76,115,124,128,138,138,43,141,144,147,150,150,153,153,0,0],"gold":327,"neow_bonus":"ONE_RARE_RELIC","is_daily":false,"chose_seed":false,"campfire_upgraded":5,"win_rate":0,"timestamp":1607638374,"path_taken":["M","M","?","?","?","R","E","M","T","E","?","R","?","?","R","BOSS","M","$","?","M","?","R","E","?","T","M","M","R","E","M","R","BOSS","M","M","?","?","AVR","NM","R","M","T","E","R","M","M","$","R","BOSS","M","?","M","?","M","R","NM"],"build_version":"2020-11-30","purchased_purges":2,"victory":false,"max_hp_per_floor":[80,80,80,80,80,80,80,80,80,80,80,80,80,80,80,80,80,80,83,86,89,89,89,92,92,92,95,98,98,98,98,98,101,101,104,107,110,110,113,116,116,119,119,122,125,128,128,138,138,138,141,144,147,150,150,153,153,153,153],"card_choices":[{"not_picked":["Cleave","Pommel Strike"],"picked":"Uppercut","floor":1},{"not_picked":["Thunderclap","Flex"],"picked":"Perfected Strike","floor":2},{"not_picked":["Body Slam","Heavy Blade"],"picked":"Clothesline","floor":3},{"not_picked":["Run Through","ReplayReversal"],"picked":"Pommel Strike","floor":7},{"not_picked":["Bludgeon","Wild Strike"],"picked":"Defy Death","floor":8},{"not_picked":["conspire:ExplosiveBarrier","Uppercut"],"picked":"Double Tap","floor":10},{"not_picked":["Thunderclap","Anger"],"picked":"Sword Boomerang","floor":14},{"not_picked":["hubris:StunningStrike","Juggernaut"],"picked":"Fiend Fire","floor":16},{"not_picked":["Carnage","Sword Boomerang"],"picked":"Flex+1","floor":18},{"not_picked":["True Grit+1","Run Through"],"picked":"Cleave+1","floor":21},{"not_picked":["Iron Wave","Run Through"],"picked":"Inflame","floor":24},{"not_picked":["Clothesline","Perfected Strike"],"picked":"Iron Wave+1","floor":27},{"not_picked":["Armaments","Replay:Undeath\u0027s Touch"],"picked":"ReplayTheSpireMod:Stacked+1","floor":28},{"not_picked":["Body Slam","ReplayTheSpireMod:Strike From Hell","Thunderclap"],"picked":"SKIP","floor":30},{"not_picked":["Exhume","Armaments","Havoc"],"picked":"SKIP","floor":31},{"not_picked":["Feed","Corruption"],"picked":"Demon Form","floor":33},{"not_picked":["Pommel Strike","Headbutt+1"],"picked":"Wild Strike+1","floor":35},{"not_picked":["Bloodletting+1","Clash+1"],"picked":"Replay:Undeath\u0027s Touch+1","floor":36},{"not_picked":["True Grit+1","Run Through+1"],"picked":"Wild Strike+1","floor":37},{"not_picked":["Run Through","Searing Blow+1"],"picked":"conspire:HitWhereItHurts","floor":40},{"not_picked":["Run Through+1","Shrug It Off"],"picked":"Brutality","floor":42},{"not_picked":["Heavy Blade","Replay:Undeath\u0027s Touch"],"picked":"Inflame+1","floor":44},{"not_picked":["Rage+1","Clash"],"picked":"Pommel Strike+1","floor":45},{"not_picked":["Body Slam","Feel No Pain"],"picked":"Whirlwind+1","floor":46},{"not_picked":["Thunderclap+1","Headbutt","Armaments+1"],"picked":"SKIP","floor":47},{"not_picked":["Looming Evil","Replay:Hysterical Blindness"],"picked":"Injury","floor":51},{"not_picked":["ReplayTheSpireMod:Restless Dread","ReplayTheSpireMod:Splinters"],"picked":"hubris:Compulsion","floor":51},{"not_picked":["hubris:Sloth","infinitespire:Pacifist"],"picked":"Looming Evil","floor":51},{"not_picked":["Fire Breathing","hubris:ReadiedAction"],"picked":"Pommel Strike","floor":52},{"not_picked":["Shrug It Off","Combust"],"picked":"Replay:Many Hands","floor":54},{"not_picked":["Sentinel","Combust"],"picked":"Massacre","floor":56}],"player_experience":957135,"relics_obtained":[{"floor":7,"key":"Garlic"},{"floor":10,"key":"Dota2Spire:ShadowBlade"},{"floor":13,"key":"Replay:Wax Seal"},{"floor":20,"key":"Necronomicon"},{"floor":24,"key":"Matryoshka"},{"floor":26,"key":"ReplayFunnel"},{"floor":26,"key":"conspire:DecoderRing"},{"floor":30,"key":"Dream Catcher"},{"floor":40,"key":"hubris:SphereOfDissonance"},{"floor":43,"key":"hubris:MysteriousPyramids"},{"floor":43,"key":"Dota2Spire:HandOfMidas"},{"floor":44,"key":"infinitespire:WardingShard"}],"event_choices":[{"damage_healed":0,"gold_gain":0,"player_choice":"Grow","damage_taken":0,"max_hp_gain":0,"max_hp_loss":0,"event_name":"Living Wall","floor":4,"gold_loss":0,"cards_upgraded":["Perfected Strike"]},{"damage_healed":0,"gold_gain":0,"player_choice":"Box","damage_taken":0,"relics_obtained":["Anchor"],"max_hp_gain":0,"max_hp_loss":0,"event_name":"Big Fish","floor":11,"gold_loss":0,"cards_obtained":["Regret"]},{"damage_healed":0,"gold_gain":0,"player_choice":"Obtained Book","damage_taken":16,"max_hp_gain":0,"max_hp_loss":0,"event_name":"Cursed Tome","floor":20,"gold_loss":0},{"damage_healed":0,"gold_gain":0,"player_choice":"Paid Fearfully","damage_taken":0,"max_hp_gain":0,"max_hp_loss":0,"event_name":"Masked Bandits","floor":22,"gold_loss":15},{"damage_healed":0,"gold_gain":0,"player_choice":"Gave Potion","damage_taken":0,"relics_obtained":["Replay:Baseball"],"max_hp_gain":0,"max_hp_loss":0,"event_name":"WeMeetAgain","floor":25,"gold_loss":0},{"cards_removed":["Defend_R"],"damage_healed":0,"gold_gain":0,"player_choice":"Removed Skill","damage_taken":0,"max_hp_gain":0,"max_hp_loss":0,"event_name":"Falling","floor":38,"gold_loss":0},{"damage_healed":0,"gold_gain":275,"player_choice":"Desecrate","damage_taken":0,"max_hp_gain":0,"max_hp_loss":0,"event_name":"Golden Shrine","floor":53,"gold_loss":0,"cards_obtained":["Regret"]}],"is_beta":false,"boss_relics":[{"not_picked":["Black Star","hubris:BlackHole"],"picked":"Ring of Chaos"},{"not_picked":["Electric Blood","conspire:SlowCooker"],"picked":"Replay:Wanted Poster"},{"not_picked":["Busted Crown","Astrolabe"],"picked":"Replay:Ancient Bell"},{"not_picked":["Dota2Spire:MaskOfMadness","Gremlin Food"],"picked":"Dota2Spire:DrumOfEndurance"},{"not_picked":["Replay:Accelerometer","infinitespire:CheckeredPen"],"picked":"hubris:IronBody"},{"not_picked":["Shovel","hubris:MedicalManual"],"picked":"Dota2Spire:DivineRapier"}],"items_purged_floors":[48,55],"is_endless":true,"potions_floor_spawned":[1,8,10,16,21,24,31,33,36,42,47,50,56],"killed_by":"Nightmare","ascension_level":0}}