{"host":"svwqvw2il1zfkkg0","time":1607633828,"event":{"mods":["BaseMod","Colored Map","StSLib","Infinite Spire","Replay The Spire","SuperFastMode","BetterRewards","Highlight Path","Custom Start","AchievementEnabler","Colored Powertips","Downfall","GifTheSpireLib","Hubris","Quick Restart","Shop Mod","Minty Spire (QoL Compilation)"],"gold_per_floor":[116,136,136,152,171,171,197,216,216,216,234,234,268,268,268,370,370,382,382,396,413,430,430,430],"floor_reached":23,"playtime":575,"items_purged":[],"score":255,"play_id":"a7f08082-51ae-4c17-a18e-e54fc513039d","local_time":"20201210125708","is_ascension_mode":false,"campfire_choices":[{"floor":6,"key":"REST"},{"floor":10,"key":"REST"},{"floor":15,"key":"REST"}],"circlet_count":0,"master_deck":["Strike_G","Strike_G","Strike_G","Strike_G","Strike_G","Defend_G","Defend_G","Defend_G","Defend_G","Defend_G","Survivor","Neutralize","Accuracy","Infinite Blades","hubris:InfiniteBlow+3","Cloak And Dagger","Accuracy","Blade Dance","Bullet Time","Quick Slash","Glass Knife+1","Blade Dance","Infinite Blades","All Out Attack"],"relics":["Ring of the Snake","NeowsBlessing","hubris:MysteriousPyramids","Replay:Multitool","Pondfish Scales","Golden Egg","Black Star"],"acts_visited":["Exordium","TheCity"],"potions_floor_usage":[13,13,16,18,21,23],"damage_taken":[{"damage":0,"enemies":"2 Louse","floor":1,"turns":1},{"damage":0,"enemies":"Jaw Worm","floor":2,"turns":1},{"damage":0,"enemies":"Small Slimes","floor":4,"turns":1},{"damage":6,"enemies":"2 Fungi Beasts","floor":5,"turns":3},{"damage":31,"enemies":"Lagavulin","floor":7,"turns":5},{"damage":6,"enemies":"3 Louse","floor":8,"turns":5},{"damage":1,"enemies":"Looter","floor":11,"turns":2},{"damage":14,"enemies":"Gremlin Nob","floor":13,"turns":3},{"damage":0,"enemies":"Slime Boss","floor":16,"turns":7},{"damage":22,"enemies":"2 Thieves","floor":18,"turns":3},{"damage":1,"enemies":"3 Byrds","floor":20,"turns":4},{"damage":15,"enemies":"Snake Plant","floor":21,"turns":3},{"damage":22,"enemies":"3 Cultists","floor":22,"turns":5},{"damage":14,"enemies":"Book of Stabbing","floor":23,"turns":2}],"seed_played":"320585767684782232","potions_obtained":[{"floor":2,"key":"Swift Potion"},{"floor":7,"key":"LifebloodPotion"},{"floor":8,"key":"Fire Potion"},{"floor":16,"key":"SteroidPotion"},{"floor":18,"key":"Energy Potion"},{"floor":22,"key":"BlessingOfTheForge"}],"is_trial":false,"path_per_floor":["M","M","?","M","M","R","E","M","T","R","M","?","E","?","R","B",null,"M","?","M","M","M","E"],"character_chosen":"THE_SILENT","items_purchased":[],"campfire_rested":3,"item_purchase_floors":[],"current_hp_per_floor":[70,70,53,53,47,68,37,31,31,52,51,48,34,34,55,55,70,48,48,47,32,10,0,0],"gold":430,"neow_bonus":"THREE_ENEMY_KILL","is_daily":false,"chose_seed":false,"campfire_upgraded":0,"win_rate":0,"timestamp":1607633828,"path_taken":["M","M","?","M","M","R","E","M","T","R","M","?","E","?","R","BOSS","M","?","M","M","M","E"],"build_version":"2020-11-30","purchased_purges":0,"victory":false,"max_hp_per_floor":[70,70,70,70,70,70,70,70,70,70,70,70,70,70,70,70,70,70,70,70,70,70,70,70],"card_choices":[{"not_picked":["Outmaneuver","Calculated Gamble"],"picked":"Accuracy","floor":1},{"not_picked":["Bane","Underhanded Strike"],"picked":"Infinite Blades","floor":2},{"not_picked":["infinitespire:TheBestDefense","ReplayTheSpireMod:Echoes of Time"],"picked":"hubris:InfiniteBlow+3","floor":3},{"not_picked":["ReplayTheSpireMod:Exploit Weakness","Crippling Poison"],"picked":"Cloak And Dagger","floor":4},{"not_picked":["Riddle With Holes","Crippling Poison"],"picked":"Accuracy","floor":5},{"not_picked":["Prepared","Backflip","Tactician"],"picked":"SKIP","floor":7},{"not_picked":["PiercingWail","Caltrops"],"picked":"Blade Dance","floor":8},{"not_picked":["Deadly Poison","Outmaneuver"],"picked":"Bullet Time","floor":11},{"not_picked":["Deflect","Sucker Punch"],"picked":"Quick Slash","floor":13},{"not_picked":["Envenom","Atom Bomb"],"picked":"Glass Knife","floor":16},{"not_picked":["Flying Knee","ReplayTheSpireMod:Tripwire"],"picked":"Blade Dance","floor":18},{"not_picked":["Deflect+1","Atom Bomb"],"picked":"Infinite Blades","floor":20},{"not_picked":["Calculated Gamble","Bane+1","Hidden Blade"],"picked":"SKIP","floor":21},{"not_picked":["Deadly Poison","Hidden Blade+1"],"picked":"All Out Attack","floor":22}],"player_experience":356811,"relics_obtained":[{"floor":7,"key":"hubris:MysteriousPyramids"},{"floor":9,"key":"Replay:Multitool"},{"floor":13,"key":"Golden Egg"}],"event_choices":[{"damage_healed":0,"gold_gain":0,"player_choice":"Success","damage_taken":3,"relics_obtained":["Pondfish Scales"],"max_hp_gain":0,"max_hp_loss":0,"event_name":"Scrap Ooze","floor":12,"gold_loss":0}],"is_beta":false,"boss_relics":[{"not_picked":["hubris:ScarierMask","SlaversCollar"],"picked":"Black Star"}],"items_purged_floors":[],"is_endless":false,"potions_floor_spawned":[2,7,8,16,18,22],"killed_by":"Book of Stabbing","ascension_level":0}}