{"host":"utqe55yv0jihe4d6","time":1607572606,"event":{"gold_per_floor":[114,114,33,33,45,76,76,76,101,134,154,168,497,517,517,593,593,605,289,289,339,355,388,112,128,201,47,47,47],"floor_reached":28,"playtime":689,"items_purged":["Strike_R","Doubt"],"score":562,"play_id":"c25464a3-c918-4b38-a285-6716b274bf05","local_time":"20201209225646","is_ascension_mode":true,"campfire_choices":[{"data":"Seeing Red","floor":7.0,"key":"SMITH"},{"data":"Clothesline","floor":15.0,"key":"SMITH"}],"neow_cost":"NONE","seed_source_timestamp":7160100059106,"circlet_count":0,"master_deck":["AscendersBane","Strike_R","Strike_R+1","Strike_R","Strike_R","Defend_R","Defend_R","Defend_R","Defend_R","Bash+1","Anger","Whirlwind+1","Clothesline+1","Seeing Red+1","Seeing Red","Dark Embrace","Demon Form","Pommel Strike","Shockwave","Disarm","Heavy Blade","Limit Break","Armaments+1"],"special_seed":0,"relics":["Burning Blood","NeowsBlessing","Orichalcum","Eternal Feather","Strawberry","Bag of Preparation","Old Coin","Cursed Key","Sling","Magic Flower","Pantograph"],"potions_floor_usage":[18,22,23],"damage_taken":[{"damage":0.0,"enemies":"Small Slimes","floor":1.0,"turns":1.0},{"damage":0.0,"enemies":"Jaw Worm","floor":5.0,"turns":1.0},{"damage":0.0,"enemies":"3 Sentries","floor":6.0,"turns":2.0},{"damage":5.0,"enemies":"Gremlin Nob","floor":10.0,"turns":3.0},{"damage":0.0,"enemies":"Cultist","floor":11.0,"turns":3.0},{"damage":2.0,"enemies":"Exordium Thugs","floor":12.0,"turns":2.0},{"damage":24.0,"enemies":"Lagavulin","floor":13.0,"turns":6.0},{"damage":0.0,"enemies":"Lots of Slimes","floor":14.0,"turns":2.0},{"damage":63.0,"enemies":"Slime Boss","floor":16.0,"turns":12.0},{"damage":3,"enemies":"Shell Parasite","floor":18,"turns":5},{"damage":6,"enemies":"3 Byrds","floor":22,"turns":3},{"damage":65,"enemies":"Slavers","floor":23,"turns":5},{"damage":14,"enemies":"Cultist and Chosen","floor":25,"turns":4},{"damage":24,"enemies":"Sentry and Sphere","floor":28,"turns":3}],"seed_played":"-2877341124178336756","potions_obtained":[{"floor":1.0,"key":"SpeedPotion"},{"floor":5.0,"key":"Weak Potion"},{"floor":16.0,"key":"HeartOfIron"},{"floor":22,"key":"BloodPotion"},{"floor":25,"key":"LiquidMemories"}],"is_trial":false,"path_per_floor":["M","?","$","?","M","E","R","T","T","E","M","M","E","M","R","B",null,"M","$","?","?","M","E","$","M","T","$","M"],"character_chosen":"IRONCLAD","items_purchased":["Whirlwind","Shockwave","Sling","Pantograph","AttackPotion"],"campfire_rested":0,"item_purchase_floors":[3,19,19,24,27],"current_hp_per_floor":[74,51,51,51,57,63,63,63,70,71,77,81,63,69,78,21,67,70,70,70,70,70,27,27,22,22,22,0,0],"gold":47,"neow_bonus":"THREE_ENEMY_KILL","is_prod":false,"is_daily":false,"chose_seed":false,"campfire_upgraded":2,"win_rate":0,"timestamp":1607572606,"path_taken":["M","?","$","?","?","E","R","?","T","E","M","M","E","M","R","BOSS","M","?","?","?","M","E","$","M","T","?","M"],"build_version":"2020-11-30","purchased_purges":2,"victory":false,"max_hp_per_floor":[75,75,75,75,75,75,75,75,82,82,82,82,82,82,82,82,82,82,82,82,82,82,82,82,82,82,82,82,82],"relic_stats":{"counters":[14,52],"Pantograph":0,"Magic Flower":[3],"Eternal Feather":9,"Bag of Preparation":[20],"Orichalcum":[174],"Cursed Key":1,"obtain_stats":[{"NeowsBlessing":0,"Strawberry":9,"Pantograph":24,"Magic Flower":23,"Eternal Feather":8,"Bag of Preparation":10,"Orichalcum":6,"Cursed Key":17,"Sling":19,"Burning Blood":0,"Old Coin":13},{"NeowsBlessing":0,"Strawberry":3,"Pantograph":12,"Magic Flower":12,"Eternal Feather":3,"Bag of Preparation":4,"Orichalcum":3,"Cursed Key":9,"Sling":10,"Burning Blood":0,"Old Coin":7},{"NeowsBlessing":0,"Strawberry":4,"Pantograph":45,"Magic Flower":45,"Eternal Feather":4,"Bag of Preparation":7,"Orichalcum":4,"Cursed Key":32,"Sling":37,"Burning Blood":0,"Old Coin":18}],"Burning Blood":81},"card_choices":[{"not_picked":["Burning Pact","Havoc"],"picked":"Anger","floor":1.0},{"not_picked":["Armaments","Shrug It Off"],"picked":"Clothesline","floor":5.0},{"not_picked":["Barricade","Twin Strike"],"picked":"Seeing Red","floor":6.0},{"not_picked":["Combust","Twin Strike"],"picked":"Seeing Red","floor":10.0},{"not_picked":["Dual Wield","Infernal Blade"],"picked":"Dark Embrace","floor":11.0},{"not_picked":["Sword Boomerang","Clothesline","Perfected Strike"],"picked":"SKIP","floor":12.0},{"not_picked":["Armaments","Blood for Blood","Warcry"],"picked":"SKIP","floor":13.0},{"not_picked":["Entrench","Anger","Rage"],"picked":"SKIP","floor":14.0},{"not_picked":["Feed","Bludgeon"],"picked":"Demon Form","floor":16.0},{"not_picked":["Iron Wave","Entrench"],"picked":"Pommel Strike","floor":18},{"not_picked":["Havoc+1","Ghostly Armor"],"picked":"Heavy Blade","floor":22},{"not_picked":["Twin Strike","Warcry"],"picked":"Limit Break","floor":23},{"not_picked":["Dark Embrace","Havoc"],"picked":"Armaments+1","floor":25}],"player_experience":2725927,"relics_obtained":[{"floor":6.0,"key":"Orichalcum"},{"floor":8.0,"key":"Eternal Feather"},{"floor":9.0,"key":"Strawberry"},{"floor":10.0,"key":"Bag of Preparation"},{"floor":13.0,"key":"Old Coin"},{"floor":23,"key":"Magic Flower"}],"event_choices":[{"damage_healed":0.0,"max_hp_gain":0.0,"max_hp_loss":0.0,"gold_gain":0.0,"event_name":"Shining Light","player_choice":"Entered Light","floor":2.0,"gold_loss":0.0,"damage_taken":23.0,"cards_upgraded":["Bash","Strike_R"]},{"damage_healed":0.0,"max_hp_gain":0.0,"max_hp_loss":0.0,"gold_gain":0.0,"event_name":"Upgrade Shrine","player_choice":"Upgraded","floor":4.0,"gold_loss":0.0,"damage_taken":0.0,"cards_upgraded":["Whirlwind"]},{"damage_healed":0,"gold_gain":0,"player_choice":"Read","damage_taken":0,"max_hp_gain":0,"max_hp_loss":0,"event_name":"The Library","floor":20,"gold_loss":0,"cards_obtained":["Disarm"]},{"damage_healed":0,"gold_gain":50,"player_choice":"Stole From Cult","damage_taken":0,"max_hp_gain":0,"max_hp_loss":0,"event_name":"Nest","floor":21,"gold_loss":0}],"is_beta":false,"boss_relics":[{"not_picked":["Astrolabe","Sozu"],"picked":"Cursed Key"}],"items_purged_floors":[19,27],"is_endless":false,"potions_floor_spawned":[1,5,14,16,22,25],"killed_by":"Sentry and Sphere","ascension_level":20}}