{"host":"nc3dlacrfhmj2qcx","time":1607603924,"event":{"gold_per_floor":[19,38,57,75,91,91,106,133,133,183,194,194,119,150,150,150,150],"floor_reached":16,"playtime":415,"items_purged":["Strike_G"],"score":228,"play_id":"6fe3e1b7-2534-4710-954f-1eaba67e16fb","local_time":"20201210213844","is_ascension_mode":true,"campfire_choices":[{"floor":6,"key":"REST"},{"floor":12,"key":"REST"},{"floor":15,"key":"REST"}],"neow_cost":"NO_GOLD","seed_source_timestamp":54955314197327,"circlet_count":0,"master_deck":["AscendersBane","Strike_G","Strike_G","Strike_G","Strike_G","Defend_G","Defend_G","Defend_G","Defend_G","Defend_G","Survivor","Neutralize","Glass Knife","Dagger Spray","Footwork","Reflex","Backflip","PiercingWail","Crippling Poison"],"special_seed":0,"relics":["Ring of the Snake","Bronze Scales","Mummified Hand","Boot"],"potions_floor_usage":[8,14],"damage_taken":[{"damage":1.0,"enemies":"2 Louse","floor":1.0,"turns":3.0},{"damage":2,"enemies":"Cultist","floor":2,"turns":4},{"damage":5,"enemies":"Small Slimes","floor":3,"turns":3},{"damage":20,"enemies":"Exordium Wildlife","floor":4,"turns":4},{"damage":12,"enemies":"Large Slime","floor":5,"turns":6},{"damage":7,"enemies":"Red Slaver","floor":7,"turns":5},{"damage":19,"enemies":"3 Sentries","floor":8,"turns":8},{"damage":1,"enemies":"Looter","floor":11,"turns":4},{"damage":26,"enemies":"Gremlin Nob","floor":14,"turns":4},{"damage":15,"enemies":"The Guardian","floor":16,"turns":8}],"seed_played":"-1354396352240135319","potions_obtained":[{"floor":1.0,"key":"DistilledChaos"},{"floor":3,"key":"Explosive Potion"},{"floor":4,"key":"Fire Potion"},{"floor":5,"key":"DuplicationPotion"},{"floor":14,"key":"DuplicationPotion"}],"is_trial":false,"path_per_floor":["M","M","M","M","M","R","M","E","T","?","M","R","$","E","R","B"],"character_chosen":"THE_SILENT","items_purchased":[],"campfire_rested":3,"item_purchase_floors":[],"current_hp_per_floor":[58,56,51,31,19,38,31,12,12,12,11,30,30,4,23,8,8],"gold":150,"neow_bonus":"THREE_RARE_CARDS","is_prod":false,"is_daily":false,"chose_seed":false,"campfire_upgraded":0,"win_rate":0,"timestamp":1607603924,"path_taken":["M","M","M","M","M","R","M","E","T","?","?","R","$","E","R","BOSS"],"build_version":"2020-11-30","purchased_purges":1,"victory":false,"max_hp_per_floor":[66,66,66,66,66,66,66,66,66,66,66,66,66,66,66,66,66],"card_choices":[{"not_picked":["A Thousand Cuts","Grand Finale"],"picked":"Glass Knife","floor":0.0},{"not_picked":["Underhanded Strike","Heel Hook"],"picked":"Dagger Spray","floor":1.0},{"not_picked":["Infinite Blades","Backstab"],"picked":"Footwork","floor":2},{"not_picked":["Infinite Blades","Calculated Gamble"],"picked":"Reflex","floor":3},{"not_picked":["Outmaneuver","Accuracy"],"picked":"Backflip","floor":4},{"not_picked":["Sucker Punch","Underhanded Strike","Quick Slash"],"picked":"SKIP","floor":5},{"not_picked":["Distraction","Dodge and Roll","PiercingWail"],"picked":"SKIP","floor":7},{"not_picked":["Distraction","Dodge and Roll"],"picked":"PiercingWail","floor":7},{"not_picked":["Flying Knee","Masterful Stab","Expertise"],"picked":"SKIP","floor":8},{"not_picked":["Backflip","Setup","Flying Knee"],"picked":"SKIP","floor":11},{"not_picked":["Concentrate","Dagger Spray"],"picked":"Crippling Poison","floor":14}],"player_experience":1051714,"relics_obtained":[{"floor":8,"key":"Bronze Scales"},{"floor":9,"key":"Mummified Hand"},{"floor":14,"key":"Boot"}],"event_choices":[{"damage_healed":0,"gold_gain":50,"player_choice":"Pray","damage_taken":0,"max_hp_gain":0,"max_hp_loss":0,"event_name":"Golden Shrine","floor":10,"gold_loss":0}],"is_beta":false,"boss_relics":[],"items_purged_floors":[13],"is_endless":false,"potions_floor_spawned":[1,3,4,5,14],"killed_by":"The Guardian","ascension_level":20}}