{"host":"6ko66ogg91i6g7xq","time":1607633415,"event":{"mods":["BaseMod","StSLib","Downfall","Hermit","Minty Spire (QoL Compilation)","Relic Stats","AchievementEnabler","Colored Powertips","The Jungle","Quick Restart","Act Like it!","everything is the same but u backflip on backflip","Colored Map"],"gold_per_floor":[116,116,68,136,152,180,180,180,226,241,259,285,300,319,319,415,415,426,219,134,134,144,144,144,144],"floor_reached":24,"playtime":607,"items_purged":[],"score":254,"play_id":"3c3047f5-f00e-4ad6-b685-915700bfe601","local_time":"20201210155015","is_ascension_mode":true,"campfire_choices":[{"floor":7,"key":"RECALL"},{"data":"Noxious Fumes","floor":15,"key":"SMITH"},{"data":"Envenom","floor":23,"key":"SMITH"}],"circlet_count":0,"master_deck":["Strike_G","Strike_G","Strike_G","Strike_G","Strike_G","Defend_G","Defend_G","Defend_G","Defend_G","Defend_G","Survivor","Neutralize","Deadly Poison+1","Poisoned Stab","Deadly Poison","Poisoned Stab","Escape Plan","Noxious Fumes+1","Die Die Die","Envenom+1","Dodge and Roll","Noxious Fumes+1"],"relics":["Ring of the Snake","NeowsBlessing","StrikeDummy","Regal Pillow","Lantern","The Courier","SacredBark","White Beast Statue","Omamori"],"acts_visited":["Exordium","TheCity"],"potions_floor_usage":[12,12,12,12,13,18,18,22,24,24],"damage_taken":[{"damage":0,"enemies":"Jaw Worm","floor":1,"turns":1},{"damage":0,"enemies":"Cultist","floor":5,"turns":1},{"damage":0,"enemies":"Lagavulin","floor":6,"turns":1},{"damage":2,"enemies":"2 Louse","floor":10,"turns":2},{"damage":7,"enemies":"Gremlin Gang","floor":11,"turns":5},{"damage":11,"enemies":"3 Sentries","floor":12,"turns":6},{"damage":7,"enemies":"Lots of Slimes","floor":13,"turns":3},{"damage":0,"enemies":"Large Slime","floor":14,"turns":4},{"damage":16,"enemies":"Slime Boss","floor":16,"turns":7},{"damage":20,"enemies":"Shell Parasite","floor":18,"turns":4},{"damage":3,"enemies":"Spheric Guardian","floor":22,"turns":3},{"damage":48,"enemies":"Slavers","floor":24,"turns":3}],"seed_played":"118630335287134881","potions_obtained":[{"floor":2,"key":"EntropicBrew"},{"floor":2,"key":"Regen Potion"},{"floor":2,"key":"ColorlessPotion"},{"floor":5,"key":"CultistPotion"},{"floor":12,"key":"FearPotion"},{"floor":14,"key":"Poison Potion"},{"floor":18,"key":"GamblersBrew"},{"floor":22,"key":"SpeedPotion"}],"is_trial":false,"path_per_floor":["M","?","$","T","M","E","R","?","T","M","M","E","M","M","R","B",null,"M","$","?","?","M","R","E"],"character_chosen":"THE_SILENT","items_purchased":["Poisoned Stab","White Beast Statue"],"campfire_rested":0,"item_purchase_floors":[3,19],"current_hp_per_floor":[70,70,70,70,70,70,70,70,70,68,61,62,55,55,55,39,70,50,50,50,50,47,47,0,0],"gold":144,"neow_bonus":"THREE_ENEMY_KILL","is_daily":false,"chose_seed":false,"campfire_upgraded":2,"win_rate":0.0,"timestamp":1607633415,"path_taken":["M","?","$","?","M","E","R","?","T","?","?","E","M","?","R","BOSS","M","$","?","?","?","R","E"],"build_version":"2020-11-30","purchased_purges":0,"victory":false,"max_hp_per_floor":[70,70,70,70,70,70,70,70,70,70,70,70,70,70,70,70,70,70,70,70,70,70,70,70,70],"relic_stats":{"Regal Pillow":0,"counters":[12,40],"obtain_stats":[{"Regal Pillow":6,"Lantern":9,"NeowsBlessing":0,"SacredBark":17,"The Courier":12,"Omamori":20,"StrikeDummy":4,"White Beast Statue":19,"Ring of the Snake":0},{"Regal Pillow":3,"Lantern":3,"NeowsBlessing":0,"SacredBark":9,"The Courier":6,"Omamori":10,"StrikeDummy":1,"White Beast Statue":10,"Ring of the Snake":0},{"Regal Pillow":3,"Lantern":3,"NeowsBlessing":0,"SacredBark":30,"The Courier":16,"Omamori":34,"StrikeDummy":1,"White Beast Statue":34,"Ring of the Snake":0}],"Ring of the Snake":[24]},"card_choices":[{"not_picked":["Bane","Expertise"],"picked":"Deadly Poison","floor":1},{"not_picked":["Dagger Spray","Distraction"],"picked":"Deadly Poison","floor":5},{"not_picked":["Quick Slash","Finisher"],"picked":"Poisoned Stab","floor":6},{"not_picked":["Quick Slash","All Out Attack"],"picked":"Escape Plan","floor":10},{"not_picked":["Prepared","Dagger Throw","Cloak And Dagger"],"picked":"SKIP","floor":11},{"not_picked":["Eviscerate","Underhanded Strike","Backstab"],"picked":"SKIP","floor":12},{"not_picked":["Eviscerate","Backflip"],"picked":"Noxious Fumes","floor":13},{"not_picked":["Concentrate","Sucker Punch"],"picked":"Die Die Die","floor":14},{"not_picked":["Grand Finale","A Thousand Cuts"],"picked":"Envenom","floor":16},{"not_picked":["Flechettes+1","Underhanded Strike+1"],"picked":"Dodge and Roll","floor":18},{"not_picked":["Bane","Dagger Throw","Deflect"],"picked":"SKIP","floor":22}],"player_experience":256023,"relics_obtained":[{"floor":4,"key":"StrikeDummy"},{"floor":6,"key":"Regal Pillow"},{"floor":9,"key":"Lantern"},{"floor":12,"key":"The Courier"}],"event_choices":[{"damage_healed":0,"gold_gain":0,"player_choice":"Got Potions","damage_taken":0,"max_hp_gain":0,"max_hp_loss":0,"event_name":"Lab","floor":2,"gold_loss":0},{"damage_healed":0,"gold_gain":0,"player_choice":"Forge","damage_taken":0,"max_hp_gain":0,"max_hp_loss":0,"event_name":"Accursed Blacksmith","floor":8,"gold_loss":0,"cards_upgraded":["Deadly Poison"]},{"damage_healed":0,"gold_gain":0,"player_choice":"Obtained Relic","damage_taken":0,"relics_obtained":["Omamori"],"max_hp_gain":0,"max_hp_loss":0,"event_name":"Addict","floor":20,"gold_loss":85},{"damage_healed":0,"gold_gain":0,"player_choice":"Copied","damage_taken":0,"max_hp_gain":0,"max_hp_loss":0,"event_name":"Duplicator","floor":21,"gold_loss":0,"cards_obtained":["Noxious Fumes"]}],"is_beta":false,"boss_relics":[{"not_picked":["Busted Crown","Snecko Eye"],"picked":"SacredBark"}],"items_purged_floors":[],"is_endless":false,"potions_floor_spawned":[5,10,12,14,16,18,22],"killed_by":"Slavers","ascension_level":2}}