{"host":"0o4jkshs65tojivq","time":1607564819,"event":{"gold_per_floor":[119,119,130,144,105,105,180,43,123,123,123,140,167,183,211,211,287,287,297,297,314,325,337,372,372,397,397,416,433,433,444,473,473,546,546,563,563,587,421,471,471,485,512,535,546,546,546,565,565,565,565],"floor_reached":52,"playtime":829,"items_purged":[],"score":1671,"play_id":"706bab66-88e4-437e-a3ac-c09f8e8bca5f","local_time":"20201209174659","is_ascension_mode":true,"campfire_choices":[{"data":"Meteor Strike","floor":6,"key":"SMITH"},{"data":"Scrape","floor":11,"key":"SMITH"},{"data":"Meteor Strike","floor":16,"key":"SMITH"},{"floor":33,"key":"REST"},{"floor":41,"key":"REST"},{"floor":46,"key":"REST"},{"floor":50,"key":"REST"}],"neow_cost":"NONE","seed_source_timestamp":1374805762182122293,"circlet_count":0,"master_deck":["AscendersBane","Meteor Strike","Meteor Strike","Meteor Strike+1","Meteor Strike+1","Meteor Strike+1","Meteor Strike","Hyperbeam","Hyperbeam+1","Hyperbeam+1","Impervious","Scrape+1"],"relics":["Snecko Eye","Dream Catcher","Singing Bowl","Mummified Hand","Bottled Flame","Odd Mushroom","Fusion Hammer","Toxic Egg 2","Red Mask","Calipers","Pocketwatch","Runic Dome","PreservedInsect","Bag of Preparation","Nunchaku","Toy Ornithopter"],"potions_floor_usage":[],"damage_taken":[{"damage":0,"enemies":"Jaw Worm","floor":1,"turns":1},{"damage":0,"enemies":"Small Slimes","floor":3,"turns":1},{"damage":0,"enemies":"2 Louse","floor":4,"turns":1},{"damage":0,"enemies":"Exordium Thugs","floor":12,"turns":1},{"damage":0,"enemies":"Gremlin Nob","floor":13,"turns":1},{"damage":0,"enemies":"Large Slime","floor":14,"turns":1},{"damage":0,"enemies":"The Mushroom Lair","floor":15,"turns":1},{"damage":12,"enemies":"The Guardian","floor":17,"turns":3},{"damage":0,"enemies":"Spheric Guardian","floor":19,"turns":1},{"damage":0,"enemies":"Chosen","floor":21,"turns":1},{"damage":0,"enemies":"Sentry and Sphere","floor":22,"turns":1},{"damage":0,"enemies":"Chosen and Byrds","floor":23,"turns":1},{"damage":0,"enemies":"Slavers","floor":24,"turns":1},{"damage":0,"enemies":"Masked Bandits","floor":26,"turns":1},{"damage":0,"enemies":"Snecko","floor":28,"turns":2},{"damage":0,"enemies":"3 Cultists","floor":29,"turns":1},{"damage":0,"enemies":"Shelled Parasite and Fungi","floor":31,"turns":2},{"damage":0,"enemies":"Book of Stabbing","floor":32,"turns":2},{"damage":0,"enemies":"Automaton","floor":34,"turns":2},{"damage":0,"enemies":"3 Darklings","floor":36,"turns":1},{"damage":0,"enemies":"3 Shapes","floor":42,"turns":1},{"damage":0,"enemies":"Reptomancer","floor":43,"turns":1},{"damage":0,"enemies":"Sphere and 2 Shapes","floor":45,"turns":1},{"damage":0,"enemies":"Spire Growth","floor":48,"turns":1},{"damage":42,"enemies":"Awakened One","floor":51,"turns":4}],"seed_played":"-7193759644226092527","potions_obtained":[{"floor":1,"key":"Energy Potion"},{"floor":4,"key":"BlessingOfTheForge"},{"floor":47,"key":"FairyPotion"}],"is_trial":false,"path_per_floor":["M","?","M","M","$","R","?","?","T","T","R","M","E","M","?","R","B",null,"M","?","M","M","M","E","?","?","T","M","M","?","M","E","R","B",null,"M","?","T","$","?","R","M","E","T","M","R","?","M","$","R","B",null],"character_chosen":"DEFECT","items_purchased":["Scrape","Bag of Preparation"],"campfire_rested":4,"item_purchase_floors":[5,39],"current_hp_per_floor":[64,43,43,43,43,43,32,32,32,32,32,32,32,34,36,36,26,64,66,66,66,68,70,72,72,74,74,76,78,78,80,82,97,99,99,101,101,101,101,101,103,105,107,107,109,111,111,113,113,115,73],"gold":565,"neow_bonus":"BOSS_RELIC","is_prod":false,"is_daily":false,"chose_seed":false,"campfire_upgraded":3,"win_rate":0,"timestamp":1607564819,"path_taken":["M","?","M","M","$","R","?","?","T","T","R","M","E","?","?","R","BOSS","M","?","M","?","M","E","?","?","T","M","M","?","M","E","R","BOSS","M","?","?","$","?","R","M","E","T","?","R","?","?","$","R","BOSS"],"build_version":"2020-11-30","purchased_purges":0,"victory":true,"max_hp_per_floor":[71,71,71,71,71,71,71,71,71,71,71,71,71,73,75,75,77,77,79,79,79,81,83,85,85,87,87,89,91,91,93,95,97,99,99,101,101,101,101,101,103,105,107,107,109,111,111,113,113,115,115],"relic_stats":{"Dream Catcher":4,"Nunchaku":[4],"Singing Bowl":44,"counters":[25,34],"Mummified Hand":[0],"Snecko Eye":[56,82,60,74],"PreservedInsect":62,"Bag of Preparation":[10],"obtain_stats":[{"Calipers":27,"Singing Bowl":9,"PreservedInsect":38,"Bag of Preparation":39,"Odd Mushroom":15,"Runic Dome":35,"Dream Catcher":8,"Bottled Flame":13,"Nunchaku":43,"Mummified Hand":10,"Snecko Eye":0,"Fusion Hammer":18,"Red Mask":26,"Toxic Egg 2":24,"Cracked Core":0,"Toy Ornithopter":44,"Pocketwatch":32},{"Calipers":14,"Singing Bowl":3,"PreservedInsect":20,"Bag of Preparation":20,"Odd Mushroom":7,"Runic Dome":19,"Dream Catcher":3,"Bottled Flame":5,"Nunchaku":22,"Mummified Hand":3,"Snecko Eye":0,"Fusion Hammer":8,"Red Mask":14,"Toxic Egg 2":13,"Cracked Core":0,"Toy Ornithopter":22,"Pocketwatch":18},{"Calipers":16,"Singing Bowl":3,"PreservedInsect":26,"Bag of Preparation":26,"Odd Mushroom":7,"Runic Dome":25,"Dream Catcher":3,"Bottled Flame":5,"Nunchaku":28,"Mummified Hand":3,"Snecko Eye":0,"Fusion Hammer":10,"Red Mask":16,"Toxic Egg 2":15,"Cracked Core":0,"Toy Ornithopter":28,"Pocketwatch":23}],"Toy Ornithopter":0,"Pocketwatch":[3]},"card_choices":[{"not_picked":["Loop","Fusion","FTL"],"picked":"SKIP","floor":1},{"not_picked":["Steam Power","Blizzard","Reinforced Body"],"picked":"SKIP","floor":3},{"not_picked":["Force Field","Streamline","Barrage"],"picked":"SKIP","floor":4},{"not_picked":["Stack","Go for the Eyes"],"picked":"Conserve Battery","floor":12},{"not_picked":["Undo","Steam","Beam Cell"],"picked":"SKIP","floor":13},{"not_picked":["Beam Cell","Sweeping Beam","Cold Snap"],"picked":"Singing Bowl","floor":14},{"not_picked":["Compile Driver","Rebound","Stack"],"picked":"Singing Bowl","floor":15},{"not_picked":["Fission","Echo Form","Creative AI"],"picked":"Singing Bowl","floor":17},{"not_picked":["Turbo","Gash+1","Heatsinks"],"picked":"Singing Bowl","floor":19},{"not_picked":["Leap","Go for the Eyes","Blizzard"],"picked":"SKIP","floor":21},{"not_picked":["Gash","Barrage","Leap"],"picked":"Singing Bowl","floor":22},{"not_picked":["Beam Cell+1","Doom and Gloom","Genetic Algorithm+1"],"picked":"Singing Bowl","floor":23},{"not_picked":["Barrage+1","Chaos+1","Fusion+1"],"picked":"Singing Bowl","floor":24},{"not_picked":["Rebound","Steam+1","Sweeping Beam"],"picked":"Singing Bowl","floor":26},{"not_picked":["Blizzard","Reprogram+1","Skim+1"],"picked":"Singing Bowl","floor":28},{"not_picked":["Skim+1","Multi-Cast+1","Steam Power+1"],"picked":"Singing Bowl","floor":29},{"not_picked":["Ball Lightning","Coolheaded+1","Skim+1"],"picked":"Singing Bowl","floor":31},{"not_picked":["Coolheaded+1","Hologram+1","All For One"],"picked":"Singing Bowl","floor":32},{"not_picked":["Cold Snap","Redo+1","Gash"],"picked":"Singing Bowl","floor":33},{"not_picked":["Thunder Strike","Multi-Cast+1","Buffer"],"picked":"Singing Bowl","floor":34},{"not_picked":["Turbo+1","Sweeping Beam","Auto Shields+1"],"picked":"Singing Bowl","floor":36},{"not_picked":["Cold Snap","Leap+1","Sunder+1"],"picked":"Singing Bowl","floor":41},{"not_picked":["Reinforced Body+1","Self Repair","Darkness+1"],"picked":"Singing Bowl","floor":42},{"not_picked":["Stack+1","Defragment","Beam Cell+1"],"picked":"Singing Bowl","floor":43},{"not_picked":["Barrage","Turbo+1","Heatsinks"],"picked":"Singing Bowl","floor":45},{"not_picked":["Streamline","Blizzard","Compile Driver"],"picked":"Singing Bowl","floor":46},{"not_picked":["Darkness+1","Barrage","Consume+1"],"picked":"Singing Bowl","floor":48},{"not_picked":["FTL+1","Stack+1","Barrage"],"picked":"Singing Bowl","floor":50}],"player_experience":1060440,"relics_obtained":[{"floor":9,"key":"Singing Bowl"},{"floor":10,"key":"Mummified Hand"},{"floor":13,"key":"Bottled Flame"},{"floor":15,"key":"Odd Mushroom"},{"floor":24,"key":"Toxic Egg 2"},{"floor":26,"key":"Red Mask"},{"floor":27,"key":"Calipers"},{"floor":32,"key":"Pocketwatch"},{"floor":38,"key":"PreservedInsect"},{"floor":43,"key":"Nunchaku"},{"floor":44,"key":"Toy Ornithopter"}],"event_choices":[{"damage_healed":0,"gold_gain":0,"player_choice":"Entered Light","damage_taken":21,"max_hp_gain":0,"max_hp_loss":0,"event_name":"Shining Light","floor":2,"gold_loss":0,"cards_upgraded":["Hyperbeam","Hyperbeam"]},{"damage_healed":0,"gold_gain":75,"player_choice":"Gather Gold","damage_taken":11,"max_hp_gain":0,"max_hp_loss":0,"event_name":"World of Goop","floor":7,"gold_loss":0},{"damage_healed":0,"gold_gain":0,"player_choice":"Paid Gold","damage_taken":0,"relics_obtained":["Dream Catcher"],"max_hp_gain":0,"max_hp_loss":0,"event_name":"WeMeetAgain","floor":8,"gold_loss":137},{"damage_healed":0,"gold_gain":0,"player_choice":"Fought Mushrooms","damage_taken":0,"max_hp_gain":0,"max_hp_loss":0,"event_name":"Mushrooms","floor":15,"gold_loss":0},{"damage_healed":0,"gold_gain":0,"player_choice":"Forge","damage_taken":0,"max_hp_gain":0,"max_hp_loss":0,"event_name":"Accursed Blacksmith","floor":20,"gold_loss":0,"cards_upgraded":["Meteor Strike"]},{"damage_healed":0,"gold_gain":0,"player_choice":"Fought Bandits","damage_taken":0,"max_hp_gain":0,"max_hp_loss":0,"event_name":"Masked Bandits","floor":26,"gold_loss":0},{"cards_removed":["Conserve Battery"],"damage_healed":0,"gold_gain":0,"player_choice":"Elegance","damage_taken":0,"max_hp_gain":0,"max_hp_loss":0,"event_name":"Back to Basics","floor":30,"gold_loss":0},{"damage_healed":0,"gold_gain":0,"player_choice":"Memory 1","damage_taken":0,"max_hp_gain":0,"max_hp_loss":0,"event_name":"SensoryStone","floor":37,"gold_loss":0},{"damage_healed":0,"gold_gain":50,"player_choice":"Pray","damage_taken":0,"max_hp_gain":0,"max_hp_loss":0,"event_name":"Golden Shrine","floor":40,"gold_loss":0},{"damage_healed":0,"gold_gain":0,"player_choice":"Got Potions","damage_taken":0,"max_hp_gain":0,"max_hp_loss":0,"event_name":"Lab","floor":47,"gold_loss":0}],"is_beta":false,"boss_relics":[{"not_picked":["Tiny House","Pandora\u0027s Box"],"picked":"Fusion Hammer"},{"not_picked":["Inserter","Black Star"],"picked":"Runic Dome"}],"items_purged_floors":[],"is_endless":false,"potions_floor_spawned":[1,4,12,13,15,17,19,21,22,32,43,48],"ascension_level":17}}