{"host":"h792lphzw6wlba86","time":1607569506,"event":{"gold_per_floor":[117,117,127,15,27,27,53,53,101,120,151,168,193,208,208,310,310,322,333,346,346,360,391,391,391,429,429,429],"floor_reached":27,"playtime":2518,"items_purged":["beaked:Strike_Y"],"score":380,"play_id":"4780d52e-0fe5-41e8-8593-61a9ea5fe00c","local_time":"20201209210506","is_ascension_mode":false,"campfire_choices":[{"data":"beaked:BraceForImpact","floor":6,"key":"SMITH"},{"data":"beaked:Foresight","floor":8,"key":"SMITH"},{"data":"beaked:BloodRitual","floor":15,"key":"SMITH"},{"data":"beaked:Ceremony","floor":24,"key":"SMITH"}],"neow_cost":"","seed_source_timestamp":91730147932600,"circlet_count":0,"master_deck":["beaked:Strike_Y","beaked:Strike_Y","beaked:Strike_Y","beaked:Strike_Y","beaked:Strike_Y","beaked:Defend_Y","beaked:Defend_Y","beaked:Defend_Y","beaked:Defend_Y","beaked:Ceremony","beaked:Ceremony+1","beaked:Ceremony+1","beaked:Poke","beaked:Foresight+1","beaked:BraceForImpact+1","beaked:BloodRitual+1","beaked:MaddeningMurmurs","beaked:MachineEssence","beaked:Tradeoff","beaked:Brace","beaked:MachineEssence","beaked:BraceForImpact+1"],"relics":["beaked:MendingPlumage","Meat on the Bone","construct:FoamFinger","infinitespire:Lucky Rock","hubris:PeanutButter","CCEMRelics:GrapeVine","aspiration:MobileForge","Question Card","Torii"],"potions_floor_usage":[10,27],"damage_taken":[{"damage":8,"enemies":"2 Louse","floor":1,"turns":4},{"damage":12,"enemies":"Cultist","floor":3,"turns":5},{"damage":10,"enemies":"Jaw Worm","floor":5,"turns":5},{"damage":26,"enemies":"Lagavulin","floor":7,"turns":7},{"damage":5,"enemies":"Exordium Thugs","floor":10,"turns":6},{"damage":24,"enemies":"3 Sentries","floor":11,"turns":8},{"damage":6,"enemies":"Lots of Slimes","floor":12,"turns":6},{"damage":45,"enemies":"Gremlin Nob","floor":13,"turns":5},{"damage":0,"enemies":"Red Slaver","floor":14,"turns":5},{"damage":25,"enemies":"Fading Forest","floor":16,"turns":11},{"damage":23,"enemies":"theJungle:GiantWrat","floor":18,"turns":6},{"damage":31,"enemies":"Shell Parasite","floor":19,"turns":7},{"damage":30,"enemies":"theJungle:Snecko_Cultist_And_Trap","floor":20,"turns":7},{"damage":10,"enemies":"theJungle:Lyon","floor":22,"turns":7},{"damage":27,"enemies":"theJungle:Cassacara","floor":23,"turns":6},{"damage":22,"enemies":"theJungle:SlimyTreeVines","floor":26,"turns":14},{"damage":82,"enemies":"Nightmare","floor":27,"turns":9}],"seed_played":"-1429823962920996124","potions_obtained":[{"floor":5,"key":"Reflective Coating"},{"floor":7,"key":"Block Potion"},{"floor":11,"key":"Explosive Potion"},{"floor":14,"key":"Elixir"},{"floor":16,"key":"SteroidPotion"},{"floor":22,"key":"Energy Potion"}],"is_trial":false,"path_per_floor":["M","?","M","?","M","R","E","R","T","M","E","M","E","M","R","B",null,"M","M","M","AVR","M","E","R","?","MIM","NM"],"character_chosen":"BEAKED_THE_CULTIST","items_purchased":[],"campfire_rested":0,"item_purchase_floors":[],"current_hp_per_floor":[50,50,44,44,46,46,35,35,35,49,48,50,27,41,41,50,50,42,31,39,39,50,38,38,38,50,0,0],"gold":429,"neow_bonus":"","is_prod":false,"is_daily":false,"chose_seed":false,"campfire_upgraded":4,"win_rate":0.0,"timestamp":1607569506,"path_taken":["M","?","?","?","?","R","E","R","T","M","E","M","E","M","R","BOSS","M","M","M","AVR","M","E","R","?","MIM","NM"],"build_version":"2020-11-30","purchased_purges":1,"victory":false,"max_hp_per_floor":[50,50,50,50,50,50,50,50,50,50,50,50,50,50,50,50,50,50,50,50,50,50,50,50,50,50,50,50],"card_choices":[{"not_picked":["beaked:Daydream","beaked:DigDeeper"],"picked":"beaked:Poke","floor":1},{"not_picked":["beaked:Molting","beaked:Overpower"],"picked":"beaked:Foresight","floor":3},{"not_picked":["beaked:Roost","beaked:Replenish"],"picked":"beaked:BraceForImpact","floor":5},{"not_picked":["beaked:FeelMyPain","beaked:Mantra","beaked:BarbedWire"],"picked":"SKIP","floor":7},{"not_picked":["ReplayTheSpireMod:RavenHex","beaked:Poke","beaked:SacrificialDive"],"picked":"SKIP","floor":10},{"not_picked":["beaked:Tweet","beaked:SurvivalInstinct","beaked:CursingBlood"],"picked":"SKIP","floor":11},{"not_picked":["beaked:WarriorSpirit","beaked:BarbedWire"],"picked":"beaked:BloodRitual","floor":12},{"not_picked":["beaked:SacrificialAttack","beaked:RitualOfBody"],"picked":"beaked:MaddeningMurmurs","floor":13},{"not_picked":["beaked:SurvivalInstinct","beaked:ScreechingChant","beaked:FeelMyPain"],"picked":"SKIP","floor":14},{"not_picked":["beaked:FakeOut","beaked:WildInstinct"],"picked":"beaked:MachineEssence","floor":16},{"not_picked":["beaked:Molting","beaked:HuntressEssence"],"picked":"beaked:Tradeoff","floor":18},{"not_picked":["beaked:WarriorEssence","beaked:MimicWarrior","beaked:Hexing"],"picked":"SKIP","floor":19},{"not_picked":["beaked:DesperateSwing","beaked:MaddeningMurmurs"],"picked":"beaked:Brace","floor":20},{"not_picked":["beaked:Redirect","beaked:Tweet+1"],"picked":"beaked:MachineEssence","floor":22},{"not_picked":["beaked:VigorBurst","beaked:Struggle","beaked:ScreechingChant"],"picked":"SKIP","floor":23},{"not_picked":["beaked:Tweet","beaked:Negation","beaked:Tradeoff"],"picked":"beaked:BraceForImpact+1","floor":26}],"player_experience":568212,"relics_obtained":[{"floor":7,"key":"construct:FoamFinger"},{"floor":9,"key":"infinitespire:Lucky Rock"},{"floor":11,"key":"hubris:PeanutButter"},{"floor":13,"key":"CCEMRelics:GrapeVine"},{"floor":23,"key":"Question Card"},{"floor":26,"key":"Torii"}],"event_choices":[{"damage_healed":0,"gold_gain":0,"player_choice":"Upgraded","damage_taken":0,"max_hp_gain":0,"max_hp_loss":0,"event_name":"Upgrade Shrine","floor":2,"gold_loss":0,"cards_upgraded":["beaked:Ceremony"]},{"damage_healed":0,"gold_gain":0,"player_choice":"Paid Gold","damage_taken":0,"relics_obtained":["Meat on the Bone"],"max_hp_gain":0,"max_hp_loss":0,"event_name":"WeMeetAgain","floor":4,"gold_loss":112},{"damage_healed":0,"gold_gain":0,"player_choice":"Ignored","damage_taken":0,"max_hp_gain":0,"max_hp_loss":0,"event_name":"betterNote:BetterNote","floor":25,"gold_loss":0,"cards_obtained":["Bludgeon"]}],"is_beta":false,"boss_relics":[{"not_picked":["halation:CatFaceCupcake","conspire:SlowCooker"],"picked":"aspiration:MobileForge"}],"items_purged_floors":[21],"is_endless":false,"potions_floor_spawned":[5,7,11,14,16,18,22],"killed_by":"Nightmare","ascension_level":0}}