{"host":"dx6ebij41v9wei4v","time":1607643124,"event":{"mods":["A Magickal Journey","AchievementEnabler","Act Like it!","Aspiration","Astrologer","BaseMod","CapriCore","Conspire","Friendly Minions","Halation","Hubris","Jorbs\u0027s Wanderer Trilogy","LagranYue(???·?)","Marisa????????","Mimic Mod","Minty Spire (QoL Compilation)","MostiFishMod","Remilia??????","Replay The Spire","Shade Mod","StSLib","Td1madao Mod","The Blackbeard","The Clintock","The Senshi","The Spell Scribe"],"gold_per_floor":[115,126,152,152,227,257,273,289,344,379,170,170,180,196,196,196,196],"floor_reached":16,"playtime":1542,"items_purged":["WaveOfTheHand"],"score":112,"play_id":"38ece95d-8fa2-4005-b9a9-2acda45c5869","local_time":"20201210173204","is_ascension_mode":false,"campfire_choices":[{"floor":15,"key":"RECALL"}],"circlet_count":0,"master_deck":["Strike_P","Strike_P","Strike_P","Strike_P","Defend_P","Defend_P","Defend_P","Defend_P","Eruption","Swivel","Stigmanizer","stsjorbsmod:BlackTentacles_Cull","Slice","Sweeping Beam","Consecrate","blackbeard:GoldenRain","EmptyBody+1","CarveReality","Replay:ManipulateFuture","BattleHymn","Swift Strike","SignatureMove","Blade Dance","Cloak And Dagger"],"relics":["PureWater","DaveBox","LagranYue:RandomDrawCardRelic","NeowsBlessing","Question Card","PrismaticShard","Anchor","Ancient Tea Set","Pear","BargainBundle"],"acts_visited":["Exordium"],"potions_floor_usage":[6,16,16,16],"damage_taken":[{"damage":0,"enemies":"2 Louse","floor":1,"turns":1},{"damage":0,"enemies":"Jaw Worm","floor":2,"turns":1},{"damage":0,"enemies":"conspire:MimicChest","floor":3,"turns":1},{"damage":13,"enemies":"3 Sentries","floor":6,"turns":6},{"damage":0,"enemies":"conspire:RoseBush","floor":7,"turns":1},{"damage":0,"enemies":"Lots of Slimes","floor":8,"turns":2},{"damage":38,"enemies":"Gremlin Nob","floor":10,"turns":5},{"damage":0,"enemies":"3 Louse","floor":13,"turns":1},{"damage":0,"enemies":"Red Slaver","floor":14,"turns":3},{"damage":27,"enemies":"Hexaghost","floor":16,"turns":4}],"seed_played":"-1217421606734290689","potions_obtained":[{"floor":1,"key":"StancePotion"},{"floor":3,"key":"Strength Potion"},{"floor":6,"key":"StancePotion"},{"floor":13,"key":"Explosive Potion"}],"is_trial":false,"path_per_floor":["M","M","?","?","?","E","M","M","T","E","$","?","M","M","R","B"],"character_chosen":"WATCHER","items_purchased":["BargainBundle","EmptyBody","CarveReality","Replay:ManipulateFuture","BattleHymn","Swift Strike","SignatureMove"],"campfire_rested":0,"item_purchase_floors":[11,11,11,11,11,11,11],"current_hp_per_floor":[72,72,72,72,65,52,52,52,52,24,24,24,24,24,24,0,0],"gold":196,"neow_bonus":"THREE_ENEMY_KILL","is_daily":false,"chose_seed":false,"campfire_upgraded":0,"win_rate":0.0,"timestamp":1607643124,"path_taken":["M","M","?","?","?","E","?","M","T","E","$","?","M","?","R","BOSS"],"items_purchased_type":["Relic","Card","Card","Card","Card","Card","Card"],"build_version":"2020-11-30","purchased_purges":1,"victory":false,"max_hp_per_floor":[72,72,72,72,72,72,72,72,72,82,82,82,82,82,82,82,82],"card_choices":[{"not_picked":["WheelKick","WaveOfTheHand"],"picked":"Swivel","floor":1},{"not_picked":["clintock:Ketosis","SporeBomb","astrologer:Moonlight"],"picked":"Stigmanizer","floor":2},{"not_picked":["FIFO Queue","ReplayGash","blackbeard:BlindAttacks"],"picked":"stsjorbsmod:BlackTentacles_Cull","floor":3},{"not_picked":["theScribe:FalseLife","stsjorbsmod:Brooding","Shade:Brains"],"picked":"Slice","floor":6},{"not_picked":["clintock:Sting","ScarletDevil","MostiFishMod:HellRitual"],"picked":"Sweeping Beam","floor":7},{"not_picked":["LikeWater","Redo","clintock:Eureka"],"picked":"Consecrate","floor":8},{"not_picked":["Magicka:BlizzardCard","Caltrops","ReplayTheSpireMod:Shiv Toss"],"picked":"blackbeard:GoldenRain","floor":10},{"not_picked":["Shade:BoneShards","stsjorbsmod:Pollute","theScribe:RecklessResponse"],"picked":"Blade Dance","floor":13},{"not_picked":["MysteriousBeam","Shade:GoDigging","LagranYue:AttackPurpleCard"],"picked":"Cloak And Dagger","floor":14}],"player_experience":193187,"relics_obtained":[{"floor":1,"key":"Question Card"},{"floor":1,"key":"PrismaticShard"},{"floor":3,"key":"Anchor"},{"floor":6,"key":"Ancient Tea Set"},{"floor":10,"key":"Pear"}],"event_choices":[{"damage_healed":0,"gold_gain":0,"cards_transformed":["Vigilance"],"player_choice":"Change","damage_taken":0,"max_hp_gain":0,"max_hp_loss":0,"event_name":"Living Wall","floor":4,"gold_loss":0,"cards_obtained":["WaveOfTheHand"]},{"damage_healed":0,"gold_gain":75,"player_choice":"Touch","damage_taken":7,"max_hp_gain":0,"max_hp_loss":0,"event_name":"FaceTrader","floor":5,"gold_loss":0},{"damage_healed":0,"gold_gain":0,"player_choice":"Upgraded","damage_taken":0,"max_hp_gain":0,"max_hp_loss":0,"event_name":"Upgrade Shrine","floor":12,"gold_loss":0,"cards_upgraded":["EmptyBody"]}],"is_beta":false,"boss_relics":[],"items_purged_floors":[11],"is_endless":false,"potions_floor_spawned":[1,3,6,13,14],"killed_by":"Hexaghost","ascension_level":0}}