{"host":"BK","time":1607562988,"event":{"gold_per_floor":[114,84,95,95,105,105,138,138,213,19,46,6,6,6,6,85,85,103,26,26,26,41,74,74,102,102,102,102,102,102],"floor_reached":29,"playtime":1270,"items_purged":["Strike_R"],"score":530,"play_id":"d316ae6e-ba59-46f6-b2bb-b4aa17a53223","local_time":"20201209181628","is_ascension_mode":true,"campfire_choices":[{"data":"Reckless Charge","floor":6,"key":"SMITH"},{"data":"Whirlwind","floor":8,"key":"SMITH"},{"data":"Pommel Strike","floor":15,"key":"SMITH"},{"data":"Immolate","floor":24,"key":"SMITH"},{"data":"Shrug It Off","floor":27,"key":"SMITH"}],"neow_cost":"NONE","seed_source_timestamp":5148070812900,"circlet_count":0,"master_deck":["AscendersBane","Strike_R","Strike_R","Strike_R","Defend_R","Defend_R","Defend_R","Defend_R","Bash","Uppercut+1","Reckless Charge+1","Armaments","Whirlwind+1","Metallicize+1","Pommel Strike+1","Fire Breathing+1","Immolate+1","Metallicize+1","Battle Trance","Shrug It Off+1"],"relics":["Coffee Dripper","Nunchaku","Frozen Egg 2","Dead Branch","Velvet Choker","Juzu Bracelet","Self Forming Clay","Blood Vial"],"potions_floor_usage":[7,23,25,28],"damage_taken":[{"damage":7,"enemies":"2 Louse","floor":1,"turns":3},{"damage":1,"enemies":"Cultist","floor":3,"turns":3},{"damage":4,"enemies":"Jaw Worm","floor":5,"turns":2},{"damage":24,"enemies":"Gremlin Nob","floor":7,"turns":4},{"damage":17,"enemies":"Lagavulin","floor":11,"turns":5},{"damage":11,"enemies":"Hexaghost","floor":16,"turns":8},{"damage":0,"enemies":"Spheric Guardian","floor":18,"turns":3},{"damage":0,"enemies":"2 Thieves","floor":22,"turns":1},{"damage":28,"enemies":"Book of Stabbing","floor":23,"turns":5},{"damage":13,"enemies":"Gremlin Leader","floor":25,"turns":5},{"damage":23,"enemies":"Colosseum Slavers","floor":28,"turns":3},{"damage":25,"enemies":"Book of Stabbing","floor":29,"turns":5}],"seed_played":"-8789697401262160869","potions_obtained":[{"floor":1,"key":"Regen Potion"},{"floor":2,"key":"Explosive Potion"},{"floor":11,"key":"SpeedPotion"},{"floor":25,"key":"BloodPotion"}],"is_trial":false,"path_per_floor":["M","?","M","?","M","R","E","R","T","$","E","$","?","?","R","B",null,"M","$","?","$","M","E","R","E","T","R","?","E"],"character_chosen":"IRONCLAD","items_purchased":["Metallicize+1","Pommel Strike","Fire Breathing+1","Metallicize+1"],"campfire_rested":0,"item_purchase_floors":[10,10,12,19],"current_hp_per_floor":[61,61,60,60,56,56,44,44,44,44,27,27,27,27,27,16,60,60,60,60,60,60,32,32,19,19,19,13,0,0],"gold":102,"neow_bonus":"BOSS_RELIC","is_prod":false,"is_daily":false,"chose_seed":false,"campfire_upgraded":5,"win_rate":0,"timestamp":1607562988,"path_taken":["M","?","?","?","M","R","E","R","T","$","E","?","?","?","R","BOSS","M","$","?","?","?","E","R","E","T","R","?","E"],"build_version":"2020-12-07","purchased_purges":1,"victory":false,"max_hp_per_floor":[75,75,75,75,75,75,75,75,75,75,75,75,75,75,75,75,75,75,75,75,75,75,75,75,75,75,75,75,75,75],"card_choices":[{"not_picked":["Dual Wield","Shrug It Off"],"picked":"Uppercut","floor":1},{"not_picked":["Twin Strike","Wild Strike"],"picked":"Reckless Charge","floor":3},{"not_picked":["Second Wind","Sword Boomerang"],"picked":"Armaments","floor":5},{"not_picked":["True Grit","Flex"],"picked":"Whirlwind","floor":7},{"not_picked":["Rupture+1","Havoc","Warcry"],"picked":"SKIP","floor":11},{"not_picked":["Demon Form+1","Fiend Fire"],"picked":"Immolate","floor":16},{"not_picked":["Rage+1","Body Slam","Anger"],"picked":"SKIP","floor":18},{"not_picked":["True Grit","Sever Soul"],"picked":"Battle Trance","floor":22},{"not_picked":["Twin Strike+1","Dual Wield"],"picked":"Shrug It Off","floor":23},{"not_picked":["Offering","Double Tap","Anger"],"picked":"SKIP","floor":25}],"player_experience":2338126,"relics_obtained":[{"floor":7,"key":"Nunchaku"},{"floor":9,"key":"Frozen Egg 2"},{"floor":11,"key":"Dead Branch"},{"floor":23,"key":"Juzu Bracelet"},{"floor":25,"key":"Self Forming Clay"},{"floor":26,"key":"Blood Vial"}],"event_choices":[{"damage_healed":0,"gold_gain":0,"player_choice":"Bought 2 Potions","damage_taken":0,"max_hp_gain":0,"max_hp_loss":0,"event_name":"The Woman in Blue","floor":2,"gold_loss":0},{"damage_healed":0,"gold_gain":0,"player_choice":"Grow","damage_taken":0,"max_hp_gain":0,"max_hp_loss":0,"event_name":"Living Wall","floor":4,"gold_loss":0,"cards_upgraded":["Uppercut"]},{"damage_healed":0,"gold_gain":0,"player_choice":"Ignored","damage_taken":0,"max_hp_gain":0,"max_hp_loss":0,"event_name":"Shining Light","floor":13,"gold_loss":0},{"damage_healed":0,"gold_gain":0,"player_choice":"Searched \u00270\u0027 times","damage_taken":0,"max_hp_gain":0,"max_hp_loss":0,"event_name":"Dead Adventurer","floor":14,"gold_loss":0},{"cards_removed":["Strike_R"],"damage_healed":0,"gold_gain":0,"player_choice":"Purged","damage_taken":0,"max_hp_gain":0,"max_hp_loss":0,"event_name":"Purifier","floor":20,"gold_loss":0},{"damage_healed":0,"gold_gain":0,"player_choice":"Fight","damage_taken":0,"max_hp_gain":0,"max_hp_loss":0,"event_name":"Colosseum","floor":28,"gold_loss":0},{"damage_healed":0,"gold_gain":0,"player_choice":"Fled From Nobs","damage_taken":0,"max_hp_gain":0,"max_hp_loss":0,"event_name":"Colosseum","floor":28,"gold_loss":0}],"is_beta":true,"boss_relics":[{"not_picked":["Runic Cube","Fusion Hammer"],"picked":"Velvet Choker"}],"items_purged_floors":[10],"is_endless":false,"potions_floor_spawned":[1,11,22,25],"killed_by":"Book of Stabbing","ascension_level":20}}