{"host":"c5ukdwo3xwa4ucd0","time":1607614560,"event":{"mods":["BaseMod","AchievementEnabler","Colored Powertips","Minty Spire (QoL Compilation)","Quick Restart"],"gold_per_floor":[114,114,114,114,129,159,9,9,9,0,15,15,30,45,45,145,145,160,160,185,185,200,200,200,215,290,290,20,20,35,50,50,159,159,174,116,163,163,178,178,178,178,178,178,178,178],"floor_reached":45,"playtime":2053,"items_purged":[],"score":434,"play_id":"d574844d-8992-4c28-b812-be9403f0f009","local_time":"20201210163600","daily_mods":["Allstar","Vintage","Night Terrors"],"is_ascension_mode":false,"campfire_choices":[{"data":"Eruption","floor":8.0,"key":"SMITH"},{"data":"Secret Technique","floor":15.0,"key":"SMITH"},{"data":"Judgement","floor":23.0,"key":"SMITH"},{"data":"Vigilance","floor":27.0,"key":"SMITH"},{"data":"Prostrate","floor":29.0,"key":"SMITH"},{"data":"The Bomb","floor":32.0,"key":"SMITH"},{"data":"Ragnarok","floor":40,"key":"SMITH"},{"data":"Consecrate","floor":42,"key":"SMITH"}],"circlet_count":0,"master_deck":["Strike_P+1","Strike_P+1","Strike_P+1","Strike_P+1","Defend_P+1","Defend_P+1","Defend_P+1","Defend_P+1","Eruption+1","Vigilance+1","Master of Strategy","The Bomb+1","Bandage Up","Apotheosis+1","Secret Technique+1","Consecrate+1","Judgement+1","Prostrate+1","Ragnarok+1","Wireheading+1","EmptyMind+1"],"special_seed":18606,"relics":["PureWater","Boot","Bronze Scales","GoldenEye","Toolbox","Darkstone Periapt","Smiling Mask","Eternal Feather","Torii","Black Star","Frozen Egg 2","Potion Belt","Ornamental Fan","MutagenicStrength","Peace Pipe","Pantograph","Omamori","Juzu Bracelet","CeramicFish","VioletLotus","Meat on the Bone","Du-Vu Doll","Bottled Flame","Gremlin Horn"],"acts_visited":["Exordium","TheCity","TheBeyond"],"potions_floor_usage":[33,33,33,33,45,45,45],"damage_taken":[{"damage":5.0,"enemies":"Cultist","floor":1.0,"turns":5.0},{"damage":2.0,"enemies":"2 Louse","floor":5.0,"turns":3.0},{"damage":9.0,"enemies":"Lagavulin","floor":6.0,"turns":6.0},{"damage":0.0,"enemies":"Jaw Worm","floor":11.0,"turns":4.0},{"damage":2.0,"enemies":"Blue Slaver","floor":13.0,"turns":3.0},{"damage":8.0,"enemies":"Large Slime","floor":14.0,"turns":3.0},{"damage":10.0,"enemies":"The Guardian","floor":16.0,"turns":8.0},{"damage":2.0,"enemies":"Chosen","floor":18.0,"turns":3.0},{"damage":2.0,"enemies":"Shell Parasite","floor":22.0,"turns":5.0},{"damage":13.0,"enemies":"Shelled Parasite and Fungi","floor":25.0,"turns":3.0},{"damage":0.0,"enemies":"Snake Plant","floor":30.0,"turns":3.0},{"damage":0.0,"enemies":"Snecko","floor":31.0,"turns":3.0},{"damage":37,"enemies":"Automaton","floor":33,"turns":8},{"damage":0,"enemies":"Orb Walker","floor":35,"turns":3},{"damage":47,"enemies":"2 Orb Walkers","floor":37,"turns":5},{"damage":17,"enemies":"3 Darklings","floor":39,"turns":3},{"damage":81,"enemies":"Time Eater","floor":45,"turns":6}],"seed_played":"8996604888150855735","potions_obtained":[{"floor":1.0,"key":"EssenceOfSteel"},{"floor":5.0,"key":"StancePotion"},{"floor":11.0,"key":"FearPotion"},{"floor":30.0,"key":"Fire Potion"},{"floor":31.0,"key":"StancePotion"},{"floor":33,"key":"Swift Potion"},{"floor":37,"key":"Fire Potion"},{"floor":39,"key":"Energy Potion"}],"is_trial":false,"path_per_floor":["M","?","?","?","M","E","$","R","T","?","M","?","M","M","R","B",null,"M","?","T","?","M","R","?","M","T","R","$","R","M","M","R","B",null,"M","$","?","?","M","R","?","R","T","?","B"],"character_chosen":"WATCHER","items_purchased":["Toolbox","Omamori","Prostrate","EmptyMind","Wireheading+1"],"campfire_rested":0,"item_purchase_floors":[7,28,28,28,36],"current_hp_per_floor":[67,67,67,67,69,65,65,65,65,65,71,71,69,67,72,68,72,70,70,70,70,68,72,72,65,65,72,72,72,72,72,72,41,72,72,72,37,37,38,50,68,72,72,72,0,0],"gold":178,"neow_bonus":"","is_daily":true,"chose_seed":false,"campfire_upgraded":8,"win_rate":0,"timestamp":1607614560,"path_taken":["M","?","?","?","M","E","?","R","T","?","M","?","?","M","R","BOSS","M","?","?","?","M","R","?","M","T","R","$","R","M","M","R","BOSS","M","$","?","?","M","R","?","R","T","?","BOSS"],"build_version":"2020-11-30","purchased_purges":0,"victory":false,"max_hp_per_floor":[72,72,72,72,72,72,72,72,72,72,72,72,72,72,72,72,72,72,72,72,72,72,72,72,72,72,72,72,72,72,72,72,72,72,72,72,72,72,72,72,72,72,72,72,72,72],"card_choices":[{"not_picked":["FlurryOfBlows","Collect"],"picked":"Consecrate","floor":6.0},{"not_picked":["DeusExMachina","Alpha"],"picked":"Judgement","floor":16.0},{"not_picked":["Brilliance","LessonLearned"],"picked":"Ragnarok","floor":33},{"not_picked":["BowlingBash","Collect+1"],"picked":"EmptyMind+1","floor":37}],"player_experience":281871,"relics_obtained":[{"floor":1.0,"key":"Boot"},{"floor":5.0,"key":"Bronze Scales"},{"floor":6.0,"key":"GoldenEye"},{"floor":9.0,"key":"Darkstone Periapt"},{"floor":11.0,"key":"Smiling Mask"},{"floor":13.0,"key":"Eternal Feather"},{"floor":14.0,"key":"Torii"},{"floor":18.0,"key":"Frozen Egg 2"},{"floor":20.0,"key":"Potion Belt"},{"floor":22.0,"key":"Ornamental Fan"},{"floor":25.0,"key":"Peace Pipe"},{"floor":26.0,"key":"Pantograph"},{"floor":30.0,"key":"Juzu Bracelet"},{"floor":31.0,"key":"CeramicFish"},{"floor":35,"key":"Meat on the Bone"},{"floor":37,"key":"Du-Vu Doll"},{"floor":39,"key":"Bottled Flame"},{"floor":43,"key":"Gremlin Horn"}],"event_choices":[{"damage_healed":0.0,"max_hp_gain":0.0,"max_hp_loss":0.0,"gold_gain":0.0,"event_name":"Golden Wing","player_choice":"Ignored","floor":2.0,"gold_loss":0.0,"damage_taken":0.0},{"damage_healed":0.0,"max_hp_gain":0.0,"max_hp_loss":0.0,"gold_gain":0.0,"event_name":"Shining Light","player_choice":"Ignored","floor":3.0,"gold_loss":0.0,"damage_taken":0.0},{"damage_healed":0.0,"max_hp_gain":0.0,"max_hp_loss":0.0,"gold_gain":0.0,"event_name":"Living Wall","player_choice":"Grow","floor":4.0,"gold_loss":0.0,"damage_taken":0.0,"cards_upgraded":["Apotheosis"]},{"damage_healed":0.0,"max_hp_gain":0.0,"max_hp_loss":0.0,"gold_gain":0.0,"event_name":"World of Goop","player_choice":"Left Gold","floor":10.0,"gold_loss":9.0,"damage_taken":0.0},{"damage_healed":0.0,"max_hp_gain":0.0,"max_hp_loss":0.0,"gold_gain":0.0,"event_name":"Golden Idol","player_choice":"Ignored","floor":12.0,"gold_loss":0.0,"damage_taken":0.0},{"damage_healed":0.0,"max_hp_gain":0.0,"max_hp_loss":0.0,"gold_gain":0.0,"event_name":"Back to Basics","player_choice":"Simplicity","floor":19.0,"gold_loss":0.0,"damage_taken":0.0,"cards_upgraded":["Strike_P","Strike_P","Strike_P","Strike_P","Defend_P","Defend_P","Defend_P","Defend_P"]},{"damage_healed":0.0,"max_hp_gain":0.0,"max_hp_loss":0.0,"gold_gain":0.0,"event_name":"Vampires","player_choice":"Ignored","floor":21.0,"gold_loss":0.0,"damage_taken":0.0},{"damage_healed":0.0,"max_hp_gain":0.0,"max_hp_loss":0.0,"gold_gain":0.0,"event_name":"Drug Dealer","player_choice":"Inject Mutagens","floor":24.0,"gold_loss":0.0,"damage_taken":0.0,"relics_obtained":["MutagenicStrength"]},{"damage_healed":0,"gold_gain":0,"player_choice":"Fight","damage_taken":0,"max_hp_gain":0,"max_hp_loss":0,"event_name":"Mysterious Sphere","floor":37,"gold_loss":0},{"cards_removed":["EmptyMind"],"damage_healed":0,"gold_gain":0,"player_choice":"Card Removal","damage_taken":0,"max_hp_gain":0,"max_hp_loss":0,"event_name":"Wheel of Change","floor":38,"gold_loss":0},{"damage_healed":18,"gold_gain":0,"player_choice":"Writhe","damage_taken":0,"max_hp_gain":0,"max_hp_loss":0,"event_name":"Winding Halls","floor":41,"gold_loss":0,"cards_obtained":["Writhe"]},{"damage_healed":0,"gold_gain":0,"player_choice":"Took Portal","damage_taken":0,"max_hp_gain":0,"max_hp_loss":0,"event_name":"SecretPortal","floor":44,"gold_loss":0}],"is_beta":false,"boss_relics":[{"not_picked":["Cursed Key","Runic Dome"],"picked":"Black Star"},{"not_picked":["SacredBark","Astrolabe"],"picked":"VioletLotus"}],"items_purged_floors":[],"is_endless":false,"potions_floor_spawned":[1,5,11,14,18,30,31,33,37,39],"killed_by":"Time Eater","ascension_level":0}}