{"host":"ec2wu4mdnvke243f","time":1607604515,"event":{"gold_per_floor":[99,99,24,36,36,67,137,156,181,31,16,26,476,492,511,615,615,615,615,626,952,952,1052,1052,1089,1089,1127,1144,1144,1156,1174,1186,1186,1186],"floor_reached":33,"playtime":2235,"items_purged":[],"score":379,"play_id":"5b4d7d93-ae6c-4f98-ab01-6e216199f34e","local_time":"20201210134835","is_ascension_mode":true,"campfire_choices":[{"floor":1,"key":"RECALL"},{"data":"hermit:Snapshot","floor":3,"key":"SMITH"},{"floor":10,"key":"REST"},{"data":"hermit:Showdown","floor":18,"key":"SMITH"},{"data":"hermit:FullyLoaded","floor":22,"key":"SMITH"},{"floor":26,"key":"REST"}],"neow_cost":"NONE","seed_source_timestamp":37186068389600,"circlet_count":0,"master_deck":["hermit:Strike_Hermit+1","hermit:Strike_Hermit+1","hermit:Strike_Hermit+1","hermit:Strike_Hermit+1","hermit:Defend_Hermit+1","hermit:Defend_Hermit+1","hermit:Defend_Hermit+1","hermit:Defend_Hermit+1","hermit:Snapshot+1","hermit:Covet","Pain","hermit:FullyLoaded+1","hermit:HighCaliber","hermit:FlashPowder","hermit:Showdown+1","hermit:GhostlyPresence","Slimebound:Icky","Slimebound:Icky","Slimebound:Icky","hermit:Ricochet","hermit:FlashPowder","hermit:FinalCanter","hermit:Misfire","hermit:Gestalt","hermit:HighCaliber","hermit:Grudge","hermit:Snipe","infinitespire:Collect","infinitespire:FutureSight"],"relics":["hermit:Momento","WarpedTongs","downfall:HeartBlessingRed","Bag of Preparation","Oddly Smooth Stone","downfall:HeartBlessingGreen","downfall:HeartBlessingBlue","Old Coin","Potion Belt","CeramicFish","Matryoshka","Ice Cream"],"potions_floor_usage":[33,33,33],"damage_taken":[{"damage":0,"enemies":"Jaw Worm","floor":4,"turns":3},{"damage":25,"enemies":"Lagavulin","floor":6,"turns":7},{"damage":0,"enemies":"Cultist","floor":8,"turns":2},{"damage":27,"enemies":"Gremlin Nob","floor":9,"turns":5},{"damage":0,"enemies":"downfall:FleeingMerchant","floor":11,"turns":4},{"damage":5,"enemies":"infinitespire:Voidling","floor":12,"turns":3},{"damage":0,"enemies":"Red Slaver","floor":14,"turns":3},{"damage":0,"enemies":"Exordium Wildlife","floor":15,"turns":2},{"damage":18,"enemies":"downfall:CharBossIronclad","floor":16,"turns":9},{"damage":0,"enemies":"Chosen","floor":20,"turns":4},{"damage":21,"enemies":"Book of Stabbing","floor":21,"turns":5},{"damage":22,"enemies":"downfall:WomanInBlue","floor":23,"turns":9},{"damage":22,"enemies":"Slavers","floor":25,"turns":5},{"damage":9,"enemies":"Book of Stabbing","floor":27,"turns":5},{"damage":11,"enemies":"3 Byrds","floor":28,"turns":6},{"damage":5,"enemies":"Centurion and Healer","floor":30,"turns":8},{"damage":15,"enemies":"Shelled Parasite and Fungi","floor":32,"turns":4},{"damage":96,"enemies":"downfall:CharBossSilent","floor":33,"turns":10}],"seed_played":"4709027620916294160","potions_obtained":[{"floor":4,"key":"sneckomod:MuddlingPotion"},{"floor":6,"key":"Slimebound:ThreeZeroPotion"},{"floor":9,"key":"Fire Potion"},{"floor":12,"key":"LiquidMemories"},{"floor":21,"key":"FairyPotion"},{"floor":23,"key":"Energy Potion"},{"floor":23,"key":"Fire Potion"}],"is_trial":false,"path_per_floor":["R","?","R","M","?","E","T","M","E","R","$","M","?","M","M","B",null,"R","?","M","E","R","?","T","E","R","E","M","?","M","AVR","M","B"],"character_chosen":"HERMIT","items_purchased":[],"campfire_rested":2,"item_purchase_floors":[],"current_hp_per_floor":[82,82,82,82,82,57,57,57,30,67,67,66,66,66,66,48,92,92,92,92,71,71,49,49,27,54,45,34,64,59,59,44,0,0],"gold":1186,"neow_bonus":"TEN_PERCENT_HP_BONUS","is_prod":false,"is_daily":false,"chose_seed":false,"campfire_upgraded":3,"win_rate":0,"timestamp":1607604515,"path_taken":["R","?","R","?","?","E","T","?","E","R","?","M","?","M","M","BOSS","R","?","M","E","R","?","T","E","R","E","?","?","M","AVR","M","BOSS"],"build_version":"2020-11-30","purchased_purges":0,"victory":false,"max_hp_per_floor":[82,82,82,82,82,82,82,82,82,92,92,92,92,92,92,92,92,92,92,92,92,92,92,92,92,92,92,92,92,92,92,92,92,92],"card_choices":[{"not_picked":["hermit:Roulette","hermit:SprayPray"],"picked":"hermit:FullyLoaded","floor":4},{"not_picked":["hermit:LowProfile","hermit:Virtue"],"picked":"hermit:HighCaliber","floor":6},{"not_picked":["hermit:Desperado","hermit:Coalescence"],"picked":"hermit:FlashPowder","floor":8},{"not_picked":["hermit:Malice","hermit:Deadeye"],"picked":"hermit:Showdown","floor":9},{"not_picked":["hermit:Desperado","hermit:Feint"],"picked":"hermit:GhostlyPresence","floor":12},{"not_picked":["hermit:TakeAim","hermit:Coalescence"],"picked":"hermit:Ricochet","floor":14},{"not_picked":["hermit:Shortfuse","hermit:LuckOfTheDraw"],"picked":"hermit:FlashPowder","floor":15},{"not_picked":["hermit:HighNoon","hermit:Dissolve"],"picked":"hermit:FinalCanter","floor":16},{"not_picked":["hermit:Coalescence","hermit:ItchyTrigger"],"picked":"hermit:Misfire","floor":20},{"not_picked":["hermit:Cheat","hermit:Roulette+1"],"picked":"hermit:Gestalt","floor":21},{"not_picked":["hermit:Adapt","hermit:Scavenge"],"picked":"hermit:HighCaliber","floor":23},{"not_picked":["hermit:GhostlyPresence","hermit:Glare"],"picked":"hermit:Grudge","floor":25},{"not_picked":["hermit:Feint","hermit:Shortfuse"],"picked":"hermit:Snipe","floor":27},{"not_picked":["hermit:Desperado","hermit:Brawl","hermit:NoHoldsBarred"],"picked":"SKIP","floor":28},{"not_picked":["hermit:FullyLoaded","hermit:Desperado","hermit:Vantage"],"picked":"SKIP","floor":30},{"not_picked":["hermit:Desperado","hermit:Brawl","hermit:HoleUp+1"],"picked":"SKIP","floor":32}],"player_experience":499308,"relics_obtained":[{"floor":6,"key":"Bag of Preparation"},{"floor":9,"key":"Oddly Smooth Stone"},{"floor":21,"key":"Old Coin"},{"floor":23,"key":"Potion Belt"},{"floor":24,"key":"CeramicFish"},{"floor":25,"key":"Matryoshka"},{"floor":27,"key":"Ice Cream"}],"event_choices":[{"damage_healed":0,"gold_gain":0,"player_choice":"Rummage","damage_taken":0,"relics_obtained":["WarpedTongs"],"max_hp_gain":0,"max_hp_loss":0,"event_name":"Accursed Blacksmith","floor":2,"gold_loss":0,"cards_obtained":["Pain"]},{"damage_healed":0,"gold_gain":0,"player_choice":"Ignored","damage_taken":0,"max_hp_gain":0,"max_hp_loss":0,"event_name":"Purifier","floor":5,"gold_loss":0},{"damage_healed":0,"gold_gain":0,"player_choice":"Simplicity","damage_taken":0,"max_hp_gain":0,"max_hp_loss":0,"event_name":"Back to Basics","floor":19,"gold_loss":0,"cards_upgraded":["hermit:Strike_Hermit","hermit:Strike_Hermit","hermit:Strike_Hermit","hermit:Strike_Hermit","hermit:Defend_Hermit","hermit:Defend_Hermit","hermit:Defend_Hermit","hermit:Defend_Hermit"]},{"damage_healed":30,"gold_gain":0,"player_choice":"Heal","damage_taken":0,"max_hp_gain":0,"max_hp_loss":0,"event_name":"The Library","floor":29,"gold_loss":0}],"is_beta":false,"boss_relics":[{"not_picked":["Empty Cage","Fusion Hammer","hermit:DentedPlate"]}],"items_purged_floors":[],"is_endless":false,"potions_floor_spawned":[4,6,9,12,15,21,25,30,32],"killed_by":"downfall:CharBossSilent","ascension_level":1}}