{"host":"ueef25wtkg2eer3h","time":1607620465,"event":{"mods":["BaseMod","DeckTracker","StSLib","AchievementEnabler","Googly Eyes","Colored Powertips","Minty Spire (QoL Compilation)","Colored Map","Displayed Cursed Tome","Highlight Path","Slay the Relics Exporter"],"gold_per_floor":[212,212,232,8,8,34,109,11,35,46,59,59,59,59,59,158,158,175,164,164,164,164,164,164],"floor_reached":23,"playtime":646,"items_purged":[],"score":262,"play_id":"b2b43ad4-7acb-475e-a93e-2993c584341b","local_time":"20201210181425","is_ascension_mode":true,"campfire_choices":[{"floor":12,"key":"REST"},{"floor":15,"key":"REST"}],"circlet_count":0,"master_deck":["Strike_B","Strike_B+1","Strike_B","Defend_B","Defend_B","Defend_B+1","Zap","Dualcast","Rebound","Barrage","Chill","Ball Lightning","Capacitor","Leap","Fusion","Glacier","Thunder Strike","Conserve Battery","Self Repair"],"relics":["Cracked Core","Tiny Chest","Bottled Lightning","Ancient Tea Set","Juzu Bracelet","Oddly Smooth Stone","Runic Pyramid","Symbiotic Virus"],"acts_visited":["Exordium","TheCity"],"potions_floor_usage":[16],"damage_taken":[{"damage":0,"enemies":"2 Louse","floor":1,"turns":2},{"damage":4,"enemies":"Jaw Worm","floor":3,"turns":3},{"damage":16,"enemies":"Gremlin Nob","floor":6,"turns":4},{"damage":0,"enemies":"Cultist","floor":10,"turns":2},{"damage":7,"enemies":"Blue Slaver","floor":11,"turns":4},{"damage":16,"enemies":"Hexaghost","floor":16,"turns":9},{"damage":6,"enemies":"Spheric Guardian","floor":18,"turns":4},{"damage":20,"enemies":"2 Thieves","floor":19,"turns":4},{"damage":38,"enemies":"Gremlin Leader","floor":23,"turns":5}],"seed_played":"5289485862020375287","potions_obtained":[{"floor":10,"key":"FocusPotion"},{"floor":18,"key":"GamblersBrew"}],"is_trial":false,"path_per_floor":["M","?","M","$","?","E","?","$","T","M","M","R","T","?","R","B",null,"M","M","?","?","T","E"],"character_chosen":"DEFECT","items_purchased":["Tiny Chest","Chill","Capacitor","Leap"],"campfire_rested":2,"item_purchase_floors":[4,4,8,8],"current_hp_per_floor":[68,61,57,57,42,26,15,15,15,15,8,30,30,5,27,11,59,53,33,33,33,33,0,0],"gold":164,"neow_bonus":"HUNDRED_GOLD","is_daily":false,"chose_seed":false,"campfire_upgraded":0,"win_rate":0,"timestamp":1607620465,"path_taken":["M","?","M","$","?","E","?","?","T","M","M","R","?","?","R","BOSS","M","M","?","?","?","E"],"build_version":"2020-11-30","purchased_purges":0,"victory":false,"max_hp_per_floor":[75,75,75,75,75,75,75,75,75,75,75,75,75,75,75,75,75,75,75,75,75,75,75,75],"card_choices":[{"not_picked":["Reinforced Body","Beam Cell"],"picked":"Rebound","floor":1},{"not_picked":["Hologram","Leap"],"picked":"Barrage","floor":3},{"not_picked":["All For One","Melter"],"picked":"Ball Lightning","floor":6},{"not_picked":["FTL","Barrage"],"picked":"Fusion","floor":10},{"not_picked":["Lockon","Sunder"],"picked":"Glacier","floor":11},{"not_picked":["All For One","Machine Learning"],"picked":"Thunder Strike","floor":16},{"not_picked":["Go for the Eyes","Turbo"],"picked":"Conserve Battery","floor":18},{"not_picked":["Auto Shields","Streamline"],"picked":"Self Repair","floor":19}],"player_experience":225488,"relics_obtained":[{"floor":6,"key":"Bottled Lightning"},{"floor":9,"key":"Ancient Tea Set"},{"floor":13,"key":"Juzu Bracelet"},{"floor":22,"key":"Symbiotic Virus"}],"event_choices":[{"cards_removed":["Defend_B"],"damage_healed":0,"gold_gain":0,"player_choice":"Card Removal","damage_taken":7,"max_hp_gain":0,"max_hp_loss":0,"event_name":"Golden Wing","floor":2,"gold_loss":0},{"damage_healed":0,"gold_gain":0,"player_choice":"Entered Light","damage_taken":15,"max_hp_gain":0,"max_hp_loss":0,"event_name":"Shining Light","floor":5,"gold_loss":0,"cards_upgraded":["Defend_B","Strike_B"]},{"damage_healed":0,"gold_gain":75,"player_choice":"Gather Gold","damage_taken":11,"max_hp_gain":0,"max_hp_loss":0,"event_name":"World of Goop","floor":7,"gold_loss":0},{"damage_healed":0,"gold_gain":0,"player_choice":"Success","damage_taken":25,"relics_obtained":["Oddly Smooth Stone"],"max_hp_gain":0,"max_hp_loss":0,"event_name":"Scrap Ooze","floor":14,"gold_loss":0},{"cards_removed":["Strike_B"],"damage_healed":0,"gold_gain":0,"player_choice":"Elegance","damage_taken":0,"max_hp_gain":0,"max_hp_loss":0,"event_name":"Back to Basics","floor":20,"gold_loss":0},{"damage_healed":0,"gold_gain":0,"player_choice":"Ignored","damage_taken":0,"max_hp_gain":0,"max_hp_loss":0,"event_name":"Vampires","floor":21,"gold_loss":0}],"is_beta":false,"boss_relics":[{"not_picked":["Sozu","Empty Cage"],"picked":"Runic Pyramid"}],"items_purged_floors":[],"is_endless":false,"potions_floor_spawned":[10,18],"killed_by":"Gremlin Leader","ascension_level":8}}