{"host":"59ckh7bj2z84pzgo","time":1607582516,"event":{"gold_per_floor":[113,130,149,167,213,213,243,266,266,266,317,317,335,76,76,149,149,120,137,147,197,217,217,232,232,256,88,88,88],"floor_reached":28,"playtime":1922,"items_purged":["Defend_G"],"score":440,"play_id":"e5083387-2e93-4920-83ab-d98eee44f4f6","local_time":"20201210144156","is_ascension_mode":true,"campfire_choices":[{"data":"Calculated Gamble","floor":6.0,"key":"SMITH"},{"data":"Prepared","floor":10.0,"key":"SMITH"},{"floor":12.0,"key":"REST"},{"data":"After Image","floor":23,"key":"SMITH"},{"floor":25,"key":"REST"}],"neow_cost":"NONE","seed_source_timestamp":0,"circlet_count":0,"master_deck":["AscendersBane","Strike_G","Strike_G","Strike_G","Strike_G","Defend_G","Defend_G","Defend_G","Defend_G","Survivor+1","Neutralize","Survey Options+1","Flying Knee","Prepared+1","Backflip","Calculated Gamble+1","Heel Hook","REME_ShadowStrike+1","REME_FirmDetermination","Concentrate","After Image+1","Dagger Spray+1","Dagger Throw","Quick Slash","Venomology"],"special_seed":0,"relics":["Ring of the Snake","REME_ComplimentaryCards","testmod-TestBox","testmod-HeartOfDaVinci","Gremlin Horn","War Paint","REME_PuzzleBoxRelic","Replay:Accelerometer","Ring of Chaos"],"potions_floor_usage":[22],"damage_taken":[{"damage":0.0,"enemies":"2 Louse","floor":1.0,"turns":4.0},{"damage":4.0,"enemies":"Jaw Worm","floor":2.0,"turns":4.0},{"damage":1.0,"enemies":"Small Slimes","floor":3.0,"turns":4.0},{"damage":1.0,"enemies":"Looter","floor":4.0,"turns":4.0},{"damage":21.0,"enemies":"Gremlin Nob","floor":7.0,"turns":5.0},{"damage":0.0,"enemies":"Blue Slaver","floor":13.0,"turns":3.0},{"damage":25.0,"enemies":"Slime Boss","floor":16.0,"turns":12.0},{"damage":5.0,"enemies":"2 Thieves","floor":18.0,"turns":4.0},{"damage":10.0,"enemies":"3 Byrds","floor":19.0,"turns":5.0},{"damage":0.0,"enemies":"Centurion and Healer","floor":20.0,"turns":6.0},{"damage":0,"enemies":"Cultist and Chosen","floor":22,"turns":2},{"damage":31,"enemies":"Snecko","floor":24,"turns":8},{"damage":27,"enemies":"Slavers","floor":28,"turns":4}],"seed_played":"8391732310470680793","potions_obtained":[{"floor":1.0,"key":"Adrenaline Potion"},{"floor":2.0,"key":"Swift Potion"},{"floor":5.0,"key":"Flashbang"},{"floor":13.0,"key":"Weak Potion"},{"floor":18.0,"key":"testmod-EscapePotion"}],"is_trial":false,"path_per_floor":["M","M","M","M","?","R","E","T","T","R","?","R","M","$","R","B",null,"M","M","M","?","M","R","M","R","T","$","E"],"character_chosen":"THE_SILENT","items_purchased":["REME_FirmDetermination","Concentrate","Venomology"],"campfire_rested":2,"item_purchase_floors":[14,14,27],"current_hp_per_floor":[59,55,54,53,32,32,11,11,11,11,11,30,30,30,49,24,56,51,41,41,41,41,41,15,34,34,34,7,7],"gold":88,"neow_bonus":"TRANSFORM_CARD","is_prod":false,"is_daily":false,"chose_seed":false,"campfire_upgraded":3,"win_rate":0,"timestamp":1607582516,"path_taken":["M","M","M","M","?","R","E","?","T","R","?","R","M","$","R","BOSS","M","M","M","?","M","R","M","R","T","$","E"],"build_version":"2020-11-30","purchased_purges":1,"victory":false,"max_hp_per_floor":[66,66,66,66,66,66,66,66,66,66,66,66,66,66,66,66,66,66,66,66,66,66,66,66,66,66,66,66,66],"card_choices":[{"not_picked":["Cloak And Dagger","Dodge and Roll"],"picked":"Prepared","floor":1.0},{"not_picked":["Slice","Cloak And Dagger","Noxious Fumes"],"picked":"SKIP","floor":2.0},{"not_picked":["Poisoned Stab","Dagger Spray"],"picked":"Backflip","floor":3.0},{"not_picked":["Accuracy","Backflip"],"picked":"Calculated Gamble","floor":4.0},{"not_picked":["Finisher","Dodge and Roll"],"picked":"Heel Hook","floor":5.0},{"not_picked":["A Thousand Cuts","Finisher"],"picked":"REME_ShadowStrike","floor":7.0},{"not_picked":["Blade Dance","Deadly Poison","Quick Slash"],"picked":"SKIP","floor":13.0},{"not_picked":["REME_ShadowForm","Replay:Bag of Tricks"],"picked":"After Image","floor":16.0},{"not_picked":["Sucker Punch","Terror"],"picked":"Dagger Spray+1","floor":18.0},{"not_picked":["Poisoned Stab","Infinite Blades"],"picked":"Dagger Throw","floor":19.0},{"not_picked":["Deadly Poison","Underhanded Strike","Dagger Throw"],"picked":"SKIP","floor":20.0},{"not_picked":["Backflip+1","PiercingWail","Poisoned Stab"],"picked":"SKIP","floor":22},{"not_picked":["Accuracy","Outmaneuver"],"picked":"Quick Slash","floor":24}],"player_experience":105961,"relics_obtained":[{"floor":5.0,"key":"Gremlin Horn"},{"floor":7.0,"key":"War Paint"},{"floor":8.0,"key":"REME_PuzzleBoxRelic"},{"floor":9.0,"key":"Replay:Accelerometer"}],"event_choices":[{"damage_healed":0.0,"max_hp_gain":0.0,"max_hp_loss":0.0,"gold_gain":51.0,"event_name":"Golden Wing","player_choice":"Gained Gold","floor":11.0,"gold_loss":0.0,"damage_taken":0.0},{"damage_healed":0.0,"max_hp_gain":0.0,"max_hp_loss":0.0,"gold_gain":50.0,"event_name":"Nest","player_choice":"Stole From Cult","floor":21.0,"gold_loss":0.0,"damage_taken":0.0}],"is_beta":false,"boss_relics":[{"not_picked":["Kintsugi","Velvet Choker"],"picked":"Ring of Chaos"}],"items_purged_floors":[14],"is_endless":false,"potions_floor_spawned":[1,2,13,18],"killed_by":"Slavers","ascension_level":20}}