{"host":"n3cy3kvidykvt4jk","time":1607641058,"event":{"mods":["BaseMod","The Servant 0.9.4","The Disciple","Shop Mod","StSLib","SuperFastMode","The Jungle","Colored Powertips","Marisa????????","Minty Spire (QoL Compilation)"],"gold_per_floor":[216,166,266,286,17,17,51,63,144,157,170,188,188,205,205,307,307,324,324,234,43,61,61,61,61],"floor_reached":24,"playtime":1161,"items_purged":["Strike_R","Strike_R"],"score":218,"play_id":"a36ec0be-8d2b-49d1-a8f1-faf39d5778e7","local_time":"20201211015738","is_ascension_mode":true,"campfire_choices":[{"data":"Seeing Red","floor":6,"key":"SMITH"},{"floor":15,"key":"REST"},{"floor":23,"key":"REST"}],"circlet_count":0,"master_deck":["Strike_R","Defend_R","Defend_R","Defend_R","Bash","Seeing Red+1","Rage","Rampage","Metallicize","Armaments","Feed","Intimidate","RitualDagger+1","Panacea","Anger","Body Slam+1"],"relics":["Burning Blood","Membership Card","Bronze Scales","Orichalcum","Blue Candle","SlaversCollar","PreservedInsect"],"acts_visited":["Exordium","TheCity"],"potions_floor_usage":[7,16,16,18],"damage_taken":[{"damage":5,"enemies":"Jaw Worm","floor":1,"turns":5},{"damage":15,"enemies":"Small Slimes","floor":4,"turns":3},{"damage":29,"enemies":"Gremlin Nob","floor":7,"turns":5},{"damage":1,"enemies":"Cultist","floor":8,"turns":4},{"damage":6,"enemies":"Lots of Slimes","floor":10,"turns":5},{"damage":5,"enemies":"2 Fungi Beasts","floor":11,"turns":3},{"damage":9,"enemies":"Exordium Thugs","floor":12,"turns":3},{"damage":9,"enemies":"Red Slaver","floor":14,"turns":4},{"damage":40,"enemies":"Slime Boss","floor":16,"turns":17},{"damage":24,"enemies":"2 Thieves","floor":18,"turns":5},{"damage":20,"enemies":"Shell Parasite","floor":22,"turns":8},{"damage":66,"enemies":"Slavers","floor":24,"turns":7}],"seed_played":"6519516302637720045","potions_obtained":[{"floor":1,"key":"BlessingOfTheForge"},{"floor":4,"key":"SkillPotion"},{"floor":10,"key":"AttackPotion"},{"floor":14,"key":"BloodPotion"},{"floor":16,"key":"DistilledChaos"}],"is_trial":false,"path_per_floor":["M","?","?","M","$","R","E","M","T","M","M","M","?","M","R","B",null,"M","?","?","$","M","R","E"],"character_chosen":"IRONCLAD","items_purchased":["Membership Card","Bronze Scales","PreservedInsect","Panacea","Anger"],"campfire_rested":2,"item_purchase_floors":[5,5,21,21,21],"current_hp_per_floor":[80,80,80,71,71,71,48,53,53,53,54,51,51,48,72,54,80,62,56,56,56,42,66,0,0],"gold":61,"neow_bonus":"HUNDRED_GOLD","is_daily":false,"chose_seed":false,"campfire_upgraded":1,"win_rate":0,"timestamp":1607641058,"path_taken":["M","?","?","M","$","R","E","M","T","?","M","?","?","M","R","BOSS","M","?","?","$","?","R","E"],"build_version":"2020-11-30","purchased_purges":2,"victory":false,"max_hp_per_floor":[80,80,80,80,80,80,80,80,80,80,80,80,80,80,80,80,80,80,80,80,80,80,80,80,80],"card_choices":[{"not_picked":["Dark Embrace","Sword Boomerang"],"picked":"Seeing Red","floor":1},{"not_picked":["Power Through","Wild Strike","Metallicize"],"picked":"SKIP","floor":4},{"not_picked":["Twin Strike","Second Wind"],"picked":"Rage","floor":7},{"not_picked":["Blood for Blood","Pummel"],"picked":"Rampage","floor":8},{"not_picked":["Reckless Charge","Entrench","Battle Trance"],"picked":"SKIP","floor":10},{"not_picked":["Shockwave","Second Wind","True Grit"],"picked":"SKIP","floor":11},{"not_picked":["Perfected Strike","True Grit"],"picked":"Metallicize","floor":12},{"not_picked":["Battle Trance","Rupture","Heavy Blade"],"picked":"SKIP","floor":14},{"not_picked":["Immolate","Exhume"],"picked":"Feed","floor":16},{"not_picked":["Shrug It Off+1","Rampage"],"picked":"Intimidate","floor":18},{"not_picked":["Dark Embrace","Sword Boomerang"],"picked":"Body Slam+1","floor":22}],"player_experience":473327,"relics_obtained":[{"floor":7,"key":"Orichalcum"},{"floor":9,"key":"Blue Candle"}],"event_choices":[{"cards_removed":["Strike_R"],"damage_healed":0,"gold_gain":0,"player_choice":"Card Removal","damage_taken":0,"max_hp_gain":0,"max_hp_loss":0,"event_name":"The Cleric","floor":2,"gold_loss":50},{"damage_healed":0,"gold_gain":100,"player_choice":"Pray","damage_taken":0,"max_hp_gain":0,"max_hp_loss":0,"event_name":"Golden Shrine","floor":3,"gold_loss":0},{"damage_healed":0,"gold_gain":0,"cards_transformed":["Defend_R"],"player_choice":"Change","damage_taken":0,"max_hp_gain":0,"max_hp_loss":0,"event_name":"Living Wall","floor":13,"gold_loss":0,"cards_obtained":["Armaments"]},{"damage_healed":0,"gold_gain":0,"player_choice":"Joined the Cult","damage_taken":6,"max_hp_gain":0,"max_hp_loss":0,"event_name":"Nest","floor":19,"gold_loss":0,"cards_obtained":["RitualDagger"]},{"cards_removed":["Strike_R"],"damage_healed":0,"gold_gain":0,"player_choice":"Upgrade and Remove","damage_taken":0,"max_hp_gain":0,"max_hp_loss":0,"event_name":"Designer","floor":20,"gold_loss":90,"cards_upgraded":["RitualDagger"]}],"is_beta":false,"boss_relics":[{"not_picked":["Philosopher\u0027s Stone","Pandora\u0027s Box"],"picked":"SlaversCollar"}],"items_purged_floors":[5,21],"is_endless":false,"potions_floor_spawned":[1,4,10,14,16],"killed_by":"Slavers","ascension_level":2}}