{"host":"ngpo55jcqen69ooc","time":1607564917,"event":{"gold_per_floor":[99,99,99,99,99,99,99,99,99,99,99,24,24,24,24,24,24,24,24,24,24,24,24,24,24,24,24,24,24,24,24,24,24,24,24,24,24,24,24,24,24,24,24,24,24,24,24,24,24,24],"floor_reached":51,"playtime":1141,"items_purged":[],"score":1909,"play_id":"16602546-3c96-4780-a5cb-1b9b4e206a9a","local_time":"20201209174837","daily_mods":["Vintage","Heirloom","Time Dilation","Flight"],"is_ascension_mode":true,"campfire_choices":[{"data":"1","floor":7,"key":"LIFT"},{"data":"2","floor":15,"key":"LIFT"},{"data":"3","floor":32,"key":"LIFT"},{"data":"Shame","floor":49,"key":"PURGE"}],"neow_cost":"","seed_source_timestamp":0,"circlet_count":0,"master_deck":["Gash","Gash","Gash","Gash","Gash","Gash","Gash","Gash+1","Gash","Gash+1","Gash","Gash","Gash","Gash","Gash","Gash","Gash","Gash","Gash","Gash","Gash","Gash","Gash","Gash","Gash","Gash","Gash","Gash","expansioncontent:Chronoboost+1","After Image+1","Madness"],"relics":["Ring of the Snake","FossilizedHelix","Anchor","Ancient Tea Set","Art of War","Bag of Marbles","Bag of Preparation","Bird Faced Urn","TheCursedMod:BlackMagic101","Black Star","Blood Vial","TheCursedMod:BloodyHarpoon","Blue Candle","Bottled Flame","Brimstone","Bronze Scales","Burning Blood","Busted Crown","Calipers","CaptainsWheel","Centennial Puzzle","Champion Belt","Charon\u0027s Ashes","hermit:CharredGlove","Chemical X","ClockworkSouvenir","Coffee Dripper","Cracked Core","TheCursedMod:CrystalBall","Cursed Key","Damaru","Darkstone Periapt","DataDisk","Dead Branch","TheCursedMod:DemonicMark","hermit:DentedPlate","Dream Catcher","Du-Vu Doll","Ectoplasm","Emotion Chip","Eternal Feather","Frozen Egg 2","Frozen Eye","Fusion Hammer","Gambling Chip","Ginger","Girya","Cables","GoldenEye","Gremlin Horn","HandDrill","Happy Flower","Slimebound:AbsorbEndCombat","HornCleat","hermit:Horseshoe","HoveringKite","Ice Cream","Incense Burner","InkBottle","Inserter","Juzu Bracelet","hexamod:InflammatoryLetter","Kunai","Lantern","Lee\u0027s Waffle","Letter Opener","Lizard Tail","sneckomod:LoadedDie","TheCursedMod:MagicCandle","Magic Flower","Mango","Mark of Pain","Matryoshka","MawBank","MealTicket","Meat on the Bone","Medical Kit","Melange","Membership Card","hermit:Momento","Mercury Hourglass","Guardian:ModeShifter","Molten Egg 2","Mummified Hand","MysterySword","Ninja Scroll","Nuclear Battery","Nunchaku","Oddly Smooth Stone","Old Coin","Omamori","TheCursedMod:OminousMark","TheCursedMod:FourLeafCloverCharm","OrangePellets","Orichalcum","Ornamental Fan","Orrery","TungstenRod","Toy Ornithopter","Bottled Tornado","War Paint","White Beast Statue","Snake Skull","Pantograph","Boot","Tough Bandages","Vajra","Guardian:PocketSentry","CeramicFish","PreservedInsect","StrikeDummy","Unceasing Top","Fusion Hammer","Potion Belt","Nloth\u0027s Gift","Tiny Chest","Red Mask","The Courier","Whetstone","sneckomod:BabySnecko","Pocketwatch","sneckomod:BlankCard","Akabeko","Sundial","Regal Pillow","Strawberry","Spirit Poop","Shuriken","Empty Cage","Paper Crane","Pear","Question Card","Toxic Egg 2","Singing Bowl","Turnip","Guardian:GemstoneGun","StoneCalendar","Peace Pipe","Tingsha"],"potions_floor_usage":[],"damage_taken":[{"damage":0,"enemies":"Small Slimes","floor":1,"turns":1},{"damage":0,"enemies":"Gremlin Nob","floor":6,"turns":1},{"damage":0,"enemies":"Lagavulin","floor":8,"turns":1},{"damage":0,"enemies":"3 Sentries","floor":11,"turns":1},{"damage":0,"enemies":"Gremlin Nob","floor":13,"turns":1},{"damage":0,"enemies":"3 Sentries","floor":14,"turns":1},{"damage":0,"enemies":"The Guardian","floor":16,"turns":1},{"damage":0,"enemies":"Spheric Guardian","floor":18,"turns":1},{"damage":0,"enemies":"Masked Bandits","floor":21,"turns":1},{"damage":0,"enemies":"Gremlin Leader","floor":23,"turns":1},{"damage":0,"enemies":"Slavers","floor":25,"turns":1},{"damage":0,"enemies":"Shell Parasite","floor":31,"turns":1},{"damage":0,"enemies":"Automaton","floor":33,"turns":2},{"damage":0,"enemies":"3 Shapes","floor":35,"turns":1},{"damage":0,"enemies":"3 Darklings","floor":36,"turns":1},{"damage":0,"enemies":"Reptomancer","floor":40,"turns":1},{"damage":0,"enemies":"Nemesis","floor":42,"turns":1},{"damage":0,"enemies":"Mind Bloom Boss Battle","floor":47,"turns":1},{"damage":0,"enemies":"Awakened One","floor":50,"turns":2}],"seed_played":"739070309453754461","potions_obtained":[{"floor":1,"key":"Weak Potion"},{"floor":6,"key":"PowerPotion"},{"floor":11,"key":"CultistPotion"},{"floor":18,"key":"PowerPotion"},{"floor":21,"key":"Explosive Potion"}],"is_trial":true,"path_per_floor":["M","?","?","?","?","E","R","E","T","?","E","$","E","E","R","B",null,"M","?","?","?","?","E","?","E","T","T","T","?","$","M","R","B",null,"M","M","T","?","?","E","R","E","T","?","T","?","?","?","R","B",null],"character_chosen":"THE_SILENT","items_purchased":["Guardian:PocketSentry"],"campfire_rested":0,"item_purchase_floors":[12],"current_hp_per_floor":[123,123,123,123,123,123,123,123,123,123,123,123,123,123,123,123,123,123,123,129,129,129,129,135,135,141,147,160,160,160,160,160,160,160,160,170,176,176,155,175,178,178,184,184,190,190,192,192,192,192],"gold":24,"neow_bonus":"","is_prod":false,"is_daily":false,"chose_seed":false,"campfire_upgraded":0,"win_rate":0,"timestamp":1607564917,"path_taken":["M","?","?","?","?","E","R","E","T","?","E","?","E","E","R","BOSS","M","?","?","?","?","E","?","E","T","?","?","?","?","M","R","BOSS","M","M","?","?","?","E","R","E","T","?","?","?","?","?","R","BOSS"],"build_version":"2020-11-30","purchased_purges":0,"victory":true,"max_hp_per_floor":[123,123,123,123,123,123,123,123,123,123,123,123,123,123,123,123,123,123,123,129,129,129,129,135,135,141,147,160,160,160,160,160,160,160,160,170,176,176,176,178,178,178,184,184,190,190,192,192,192,192],"card_choices":[{"not_picked":["Blade Dance"],"picked":"SKIP","floor":6},{"not_picked":["Setup"],"picked":"SKIP","floor":8},{"not_picked":["Dagger Spray+1"],"picked":"SKIP","floor":11},{"not_picked":["Well Laid Plans+1"],"picked":"SKIP","floor":13},{"not_picked":["Distraction"],"picked":"SKIP","floor":14},{"not_picked":[],"picked":"After Image+1","floor":16},{"not_picked":["Caltrops+1"],"picked":"SKIP","floor":23},{"not_picked":["Sucker Punch+1"],"picked":"SKIP","floor":25},{"not_picked":["Acrobatics+1","Sucker Punch+1"],"picked":"Singing Bowl","floor":40},{"not_picked":["Phantasmal Killer+1","Accuracy+1"],"picked":"SKIP","floor":42},{"not_picked":["Bane+1","Dagger Spray+1"],"picked":"Singing Bowl","floor":47}],"player_experience":80944,"relics_obtained":[{"floor":1,"key":"TungstenRod"},{"floor":6,"key":"Bottled Tornado"},{"floor":6,"key":"War Paint"},{"floor":8,"key":"White Beast Statue"},{"floor":8,"key":"Snake Skull"},{"floor":9,"key":"Pantograph"},{"floor":9,"key":"Boot"},{"floor":11,"key":"Tough Bandages"},{"floor":11,"key":"Vajra"},{"floor":13,"key":"CeramicFish"},{"floor":13,"key":"PreservedInsect"},{"floor":14,"key":"StrikeDummy"},{"floor":14,"key":"Unceasing Top"},{"floor":18,"key":"Potion Belt"},{"floor":21,"key":"Red Mask"},{"floor":23,"key":"The Courier"},{"floor":23,"key":"Whetstone"},{"floor":25,"key":"Pocketwatch"},{"floor":25,"key":"sneckomod:BlankCard"},{"floor":26,"key":"Akabeko"},{"floor":26,"key":"Sundial"},{"floor":27,"key":"Regal Pillow"},{"floor":28,"key":"Strawberry"},{"floor":31,"key":"Shuriken"},{"floor":35,"key":"Paper Crane"},{"floor":36,"key":"Pear"},{"floor":37,"key":"Question Card"},{"floor":40,"key":"Toxic Egg 2"},{"floor":40,"key":"Singing Bowl"},{"floor":42,"key":"Turnip"},{"floor":42,"key":"Guardian:GemstoneGun"},{"floor":43,"key":"StoneCalendar"},{"floor":45,"key":"Peace Pipe"},{"floor":47,"key":"Tingsha"}],"event_choices":[{"damage_healed":0,"gold_gain":0,"player_choice":"Box","damage_taken":0,"relics_obtained":["Toy Ornithopter"],"max_hp_gain":0,"max_hp_loss":0,"event_name":"Big Fish","floor":2,"gold_loss":0,"cards_obtained":["Regret"]},{"cards_removed":["Gash"],"damage_healed":0,"gold_gain":0,"player_choice":"Card Removal","damage_taken":7,"max_hp_gain":0,"max_hp_loss":0,"event_name":"Golden Wing","floor":3,"gold_loss":0},{"damage_healed":0,"gold_gain":0,"player_choice":"Ignored","damage_taken":99,"max_hp_gain":0,"max_hp_loss":0,"event_name":"betterThird:BetterSerpent","floor":4,"gold_loss":0},{"damage_healed":0,"gold_gain":0,"player_choice":"1 cards matched","damage_taken":0,"max_hp_gain":0,"max_hp_loss":0,"event_name":"Match and Keep!","floor":5,"gold_loss":0,"cards_obtained":["expansioncontent:Chronoboost"]},{"cards_removed":["Gash"],"damage_healed":0,"gold_gain":0,"player_choice":"Card Removal","damage_taken":0,"max_hp_gain":0,"max_hp_loss":0,"event_name":"Wheel of Change","floor":10,"gold_loss":0},{"damage_healed":0,"gold_gain":0,"player_choice":"Traded Relic","damage_taken":0,"relics_obtained":["Nloth\u0027s Gift"],"max_hp_gain":0,"max_hp_loss":0,"event_name":"N\u0027loth","floor":19,"relics_lost":["FossilizedHelix"],"gold_loss":0},{"damage_healed":0,"gold_gain":0,"player_choice":"Stole Relic","damage_taken":0,"relics_obtained":["Tiny Chest"],"max_hp_gain":0,"max_hp_loss":0,"event_name":"Addict","floor":20,"gold_loss":0,"cards_obtained":["Shame"]},{"damage_healed":0,"gold_gain":0,"player_choice":"Fought Bandits","damage_taken":0,"max_hp_gain":0,"max_hp_loss":0,"event_name":"Masked Bandits","floor":21,"gold_loss":0},{"cards_removed":["Writhe"],"damage_healed":0,"gold_gain":0,"player_choice":"Offered Curse","damage_taken":0,"relics_obtained":["Spirit Poop"],"max_hp_gain":0,"max_hp_loss":0,"event_name":"Bonfire Elementals","floor":29,"gold_loss":0},{"damage_healed":0,"gold_gain":0,"player_choice":"Memory 1","damage_taken":0,"max_hp_gain":0,"max_hp_loss":0,"event_name":"SensoryStone","floor":38,"gold_loss":0},{"damage_healed":0,"gold_gain":0,"player_choice":"Embrace Madness","damage_taken":22,"max_hp_gain":0,"max_hp_loss":0,"event_name":"Winding Halls","floor":39,"gold_loss":0,"cards_obtained":["Madness","Madness"]},{"cards_removed":["Clumsy","Doubt","Clumsy","sneckomod:Bewildered"],"damage_healed":0,"gold_gain":0,"player_choice":"Removed Curses","damage_taken":0,"max_hp_gain":0,"max_hp_loss":0,"event_name":"Fountain of Cleansing","floor":44,"gold_loss":0},{"cards_removed":["Madness"],"damage_healed":0,"gold_gain":0,"player_choice":"Removed Skill","damage_taken":0,"max_hp_gain":0,"max_hp_loss":0,"event_name":"Falling","floor":46,"gold_loss":0},{"damage_healed":0,"gold_gain":0,"player_choice":"Fight","damage_taken":0,"max_hp_gain":0,"max_hp_loss":0,"event_name":"MindBloom","floor":47,"gold_loss":0},{"damage_healed":0,"gold_gain":222,"player_choice":"Wore Mask","damage_taken":0,"max_hp_gain":0,"max_hp_loss":0,"event_name":"Tomb of Lord Red Mask","floor":48,"gold_loss":0}],"is_beta":false,"boss_relics":[{"not_picked":["Tiny House","Sozu"],"picked":"Fusion Hammer"},{"not_picked":["Ring of the Serpent","HoveringKite"],"picked":"Empty Cage"}],"items_purged_floors":[],"is_endless":false,"potions_floor_spawned":[1,6,11,13,14,16,18,21,23,25,31,33,35,36,40,42,47],"ascension_level":10}}