{"host":"zk71suw73lg2r165","time":1607563564,"event":{"gold_per_floor":[137,4,4,39,59,59,92,92,115,115,190,190,13,38,38,142,142,179,189,114,127,139,139,139,139,139],"floor_reached":25,"playtime":891,"items_purged":["Normality","Strike_B"],"score":418,"play_id":"cdcd9329-ecf2-46ea-afc9-af4a57c945d5","local_time":"20201209202604","is_ascension_mode":true,"campfire_choices":[{"data":"HandOfGreed","floor":6,"key":"SMITH"},{"floor":8,"key":"REST"},{"data":"Doom and Gloom","floor":10,"key":"SMITH"},{"floor":15,"key":"REST"},{"data":"Creative AI","floor":23,"key":"SMITH"}],"neow_cost":"CURSE","seed_source_timestamp":3257917300255,"circlet_count":0,"master_deck":["AscendersBane","Strike_B","Defend_B","Defend_B","Defend_B","Defend_B","Zap","Dualcast","HandOfGreed+1","Chill","Ball Lightning","Coolheaded","Reinforced Body","Doom and Gloom+1","Glacier","Turbo","Loop","Creative AI+1","Compile Driver","Leap","Steam Power","Coolheaded"],"special_seed":0,"relics":["Cracked Core","Dream Catcher","Toy Ornithopter","Oddly Smooth Stone","Coffee Dripper","Nilry\u0027s Codex"],"potions_floor_usage":[5,14,19,21,25],"damage_taken":[{"damage":10.0,"enemies":"Small Slimes","floor":1.0,"turns":3.0},{"damage":0.0,"enemies":"2 Louse","floor":4.0,"turns":2.0},{"damage":0.0,"enemies":"Jaw Worm","floor":5.0,"turns":3.0},{"damage":42,"enemies":"Gremlin Nob","floor":7,"turns":4},{"damage":7,"enemies":"3 Sentries","floor":14,"turns":8},{"damage":36,"enemies":"Slime Boss","floor":16,"turns":9},{"damage":0,"enemies":"3 Byrds","floor":18,"turns":4},{"damage":14,"enemies":"Shell Parasite","floor":19,"turns":9},{"damage":24,"enemies":"Shelled Parasite and Fungi","floor":21,"turns":13},{"damage":6,"enemies":"3 Cultists","floor":22,"turns":6},{"damage":9,"enemies":"Gremlin Leader","floor":25,"turns":2}],"seed_played":"-625206680346832644","potions_obtained":[{"floor":4.0,"key":"LiquidBronze"},{"floor":5,"key":"Fruit Juice"},{"floor":14,"key":"Dexterity Potion"},{"floor":18,"key":"Explosive Potion"},{"floor":22,"key":"FearPotion"}],"is_trial":false,"path_per_floor":["M","$","?","M","M","R","E","R","T","R","?","?","$","E","R","B",null,"M","M","?","M","M","R","?","E"],"character_chosen":"DEFECT","items_purchased":["Ball Lightning","Glacier"],"campfire_rested":2,"item_purchase_floors":[2,13],"current_hp_per_floor":[54,54,47,47,52,52,10,32,32,32,21,21,21,19,41,5,58,58,49,49,30,24,24,3,0,0],"gold":139,"neow_bonus":"RANDOM_COLORLESS_2","is_prod":false,"is_daily":false,"chose_seed":false,"campfire_upgraded":3,"win_rate":0,"timestamp":1607563564,"path_taken":["M","$","?","M","M","R","E","R","T","R","?","?","$","E","R","BOSS","M","M","?","M","M","R","?","E"],"build_version":"2020-11-30","purchased_purges":2,"victory":false,"max_hp_per_floor":[71,71,71,71,76,76,76,76,76,76,76,76,76,76,76,76,76,76,76,76,76,76,76,76,76,76],"relic_stats":{"Dream Catcher":2,"counters":[11,62],"obtain_stats":[{"Dream Catcher":7,"Nilry\u0027s Codex":24,"Oddly Smooth Stone":14,"Coffee Dripper":17,"Cracked Core":0,"Toy Ornithopter":9},{"Dream Catcher":4,"Nilry\u0027s Codex":10,"Oddly Smooth Stone":5,"Coffee Dripper":6,"Cracked Core":0,"Toy Ornithopter":4},{"Dream Catcher":12,"Nilry\u0027s Codex":60,"Oddly Smooth Stone":20,"Coffee Dripper":29,"Cracked Core":0,"Toy Ornithopter":12}],"Toy Ornithopter":20},"card_choices":[{"not_picked":["Sadistic Nature","Panache"],"picked":"HandOfGreed","floor":0.0},{"not_picked":["Recycle","Go for the Eyes"],"picked":"Chill","floor":1.0},{"not_picked":["Rebound","Barrage"],"picked":"Coolheaded","floor":4.0},{"not_picked":["Sunder","Heatsinks","Gash"],"picked":"SKIP","floor":5},{"not_picked":["BootSequence","Rip and Tear"],"picked":"Reinforced Body","floor":7},{"not_picked":["Steam","Coolheaded"],"picked":"Doom and Gloom","floor":8},{"not_picked":["Auto Shields","Beam Cell"],"picked":"Turbo","floor":14},{"not_picked":["Turbo","Go for the Eyes"],"picked":"Loop","floor":15},{"not_picked":["Seek","Biased Cognition"],"picked":"Creative AI","floor":16},{"not_picked":["FTL","Rebound"],"picked":"Compile Driver","floor":18},{"not_picked":["Tempest","Cold Snap"],"picked":"Leap","floor":19},{"not_picked":["Chill","Sweeping Beam"],"picked":"Steam Power","floor":21},{"not_picked":["Ball Lightning","Stack"],"picked":"Coolheaded","floor":22}],"player_experience":1306859,"relics_obtained":[{"floor":7,"key":"Dream Catcher"},{"floor":9,"key":"Toy Ornithopter"},{"floor":14,"key":"Oddly Smooth Stone"},{"floor":24,"key":"Nilry\u0027s Codex"}],"event_choices":[{"cards_removed":["Strike_B"],"damage_healed":0.0,"max_hp_gain":0.0,"max_hp_loss":0.0,"gold_gain":0.0,"event_name":"Golden Wing","player_choice":"Card Removal","floor":3.0,"gold_loss":0.0,"damage_taken":7.0},{"damage_healed":0,"gold_gain":75,"player_choice":"Gather Gold","damage_taken":11,"max_hp_gain":0,"max_hp_loss":0,"event_name":"World of Goop","floor":11,"gold_loss":0},{"damage_healed":0,"gold_gain":0,"player_choice":"Ignored","damage_taken":0,"max_hp_gain":0,"max_hp_loss":0,"event_name":"Shining Light","floor":12,"gold_loss":0},{"cards_removed":["Strike_B"],"damage_healed":0,"gold_gain":0,"player_choice":"Gave Gold","damage_taken":0,"max_hp_gain":0,"max_hp_loss":0,"event_name":"Beggar","floor":20,"gold_loss":75},{"damage_healed":0,"gold_gain":0,"player_choice":"Obtained Book","damage_taken":21,"max_hp_gain":0,"max_hp_loss":0,"event_name":"Cursed Tome","floor":24,"gold_loss":0}],"is_beta":false,"boss_relics":[{"not_picked":["Runic Pyramid","Sozu"],"picked":"Coffee Dripper"}],"items_purged_floors":[2,13],"is_endless":false,"potions_floor_spawned":[4,5,14,18,22],"killed_by":"Gremlin Leader","ascension_level":20}}