{"host":"1tkoe3l8wf0xx8if","time":1607572298,"event":{"gold_per_floor":[360,371,381,67,80,80,114,114,114,114,139,158,174,205,205,281,281,298,198,113,61,61,61,61,93,162,179,198,210,240,267,267,267,267],"floor_reached":33,"playtime":1212,"items_purged":["Strike_R","Strike_R"],"score":528,"play_id":"71aa9c61-36b8-4e77-ac29-4af2fa53f225","local_time":"20201210125138","is_ascension_mode":true,"campfire_choices":[{"data":"Flex","floor":6.0,"key":"SMITH"},{"data":"Uppercut","floor":8.0,"key":"SMITH"},{"data":"Cleave","floor":10.0,"key":"SMITH"},{"data":"Ghostly Armor","floor":15,"key":"SMITH"},{"data":"True Grit","floor":23,"key":"SMITH"},{"data":"Dropkick","floor":32,"key":"SMITH"}],"neow_cost":"TEN_PERCENT_HP_LOSS","seed_source_timestamp":634017119936900,"circlet_count":0,"master_deck":["AscendersBane","Strike_R","Strike_R","Defend_R","Defend_R","Defend_R","Defend_R","Bash+1","Cleave+1","Flex+1","Ghostly Armor+1","Uppercut+1","Feel No Pain+1","Fire Breathing+1","Inflame+1","True Grit+1","Dropkick+1","Pummel","Evolve+1","Dark Embrace+1"],"special_seed":0,"relics":["Burning Blood","Frozen Egg 2","Regal Pillow","Toy Ornithopter","Singing Bowl","MealTicket","Coffee Dripper","White Beast Statue","Ice Cream","Pear","Strawberry","Red Mask"],"potions_floor_usage":[11,11,14,16,28,29,30,30,31,33],"damage_taken":[{"damage":10.0,"enemies":"Small Slimes","floor":1.0,"turns":4.0},{"damage":2.0,"enemies":"Jaw Worm","floor":2.0,"turns":3.0},{"damage":7.0,"enemies":"2 Louse","floor":3.0,"turns":2.0},{"damage":11.0,"enemies":"Lots of Slimes","floor":5.0,"turns":3.0},{"damage":40.0,"enemies":"Lagavulin","floor":7.0,"turns":5.0},{"damage":18,"enemies":"Gremlin Nob","floor":11,"turns":3},{"damage":4,"enemies":"3 Louse","floor":12,"turns":3},{"damage":0,"enemies":"Large Slime","floor":13,"turns":4},{"damage":5,"enemies":"3 Sentries","floor":14,"turns":4},{"damage":28,"enemies":"Slime Boss","floor":16,"turns":8},{"damage":15,"enemies":"Spheric Guardian","floor":18,"turns":5},{"damage":70,"enemies":"Slavers","floor":25,"turns":6},{"damage":9,"enemies":"Shell Parasite","floor":27,"turns":4},{"damage":19,"enemies":"Snake Plant","floor":28,"turns":5},{"damage":24,"enemies":"Centurion and Healer","floor":29,"turns":7},{"damage":12,"enemies":"Book of Stabbing","floor":30,"turns":4},{"damage":21,"enemies":"Masked Bandits","floor":31,"turns":4},{"damage":54,"enemies":"Collector","floor":33,"turns":6}],"seed_played":"-1423946883311727044","potions_obtained":[{"floor":3.0,"key":"ColorlessPotion"},{"floor":5.0,"key":"PowerPotion"},{"floor":11,"key":"Swift Potion"},{"floor":13,"key":"Block Potion"},{"floor":25,"key":"EssenceOfSteel"},{"floor":27,"key":"Strength Potion"},{"floor":28,"key":"Regen Potion"},{"floor":29,"key":"Energy Potion"},{"floor":30,"key":"PowerPotion"},{"floor":31,"key":"SpeedPotion"}],"is_trial":false,"path_per_floor":["M","M","M","$","M","R","E","R","T","R","E","M","M","E","R","B",null,"M","$","?","$","?","R","?","E","T","M","M","M","E","?","R","B"],"character_chosen":"IRONCLAD","items_purchased":["Frozen Egg 2","True Grit"],"campfire_rested":0,"item_purchase_floors":[4,21],"current_hp_per_floor":[68,72,71,71,66,66,32,32,32,32,32,34,40,46,46,31,65,58,73,73,78,78,78,78,14,24,23,17,19,30,20,20,0,0],"gold":267,"neow_bonus":"TWO_FIFTY_GOLD","is_prod":false,"is_daily":false,"chose_seed":false,"campfire_upgraded":6,"win_rate":0,"timestamp":1607572298,"path_taken":["M","M","M","$","M","R","E","R","T","R","E","M","M","E","R","BOSS","M","$","?","$","?","R","?","E","T","M","?","M","E","?","R","BOSS"],"build_version":"2020-11-30","purchased_purges":2,"victory":false,"max_hp_per_floor":[72,72,72,72,72,72,72,72,72,72,74,74,74,74,74,76,76,78,78,78,78,78,78,78,78,88,90,92,92,99,99,99,99,99],"card_choices":[{"not_picked":["Armaments","Pummel"],"picked":"Cleave","floor":1.0},{"not_picked":["Perfected Strike","Sentinel"],"picked":"Flex","floor":2.0},{"not_picked":["Clothesline","Intimidate"],"picked":"Ghostly Armor","floor":3.0},{"not_picked":["Havoc","Burning Pact","Whirlwind"],"picked":"SKIP","floor":5.0},{"not_picked":["Perfected Strike","Warcry"],"picked":"Uppercut","floor":7.0},{"not_picked":["Headbutt","Blood for Blood","Cleave"],"picked":"Singing Bowl","floor":11},{"not_picked":["Wild Strike","Searing Blow"],"picked":"Feel No Pain+1","floor":12},{"not_picked":["True Grit","Sword Boomerang"],"picked":"Fire Breathing+1","floor":13},{"not_picked":["Sever Soul","Flex"],"picked":"Inflame+1","floor":14},{"not_picked":["Immolate","Exhume","Juggernaut+1"],"picked":"Singing Bowl","floor":16},{"not_picked":["Wild Strike","Carnage","Hemokinesis+1"],"picked":"Singing Bowl","floor":18},{"not_picked":["Rage","Juggernaut+1"],"picked":"Dropkick","floor":25},{"not_picked":["True Grit","Uppercut","Sentinel"],"picked":"Singing Bowl","floor":27},{"not_picked":["Perfected Strike","Ghostly Armor","Flex"],"picked":"Singing Bowl","floor":28},{"not_picked":["Thunderclap","Seeing Red"],"picked":"Pummel","floor":29},{"not_picked":["Burning Pact","Iron Wave"],"picked":"Evolve+1","floor":30},{"not_picked":["Pommel Strike","Entrench"],"picked":"Dark Embrace+1","floor":31}],"player_experience":290129,"relics_obtained":[{"floor":7.0,"key":"Regal Pillow"},{"floor":9.0,"key":"Toy Ornithopter"},{"floor":11,"key":"Singing Bowl"},{"floor":14,"key":"MealTicket"},{"floor":25,"key":"Ice Cream"},{"floor":26,"key":"Pear"},{"floor":30,"key":"Strawberry"},{"floor":31,"key":"Red Mask"}],"event_choices":[{"damage_healed":0,"gold_gain":0,"player_choice":"Obtained Relic","damage_taken":0,"relics_obtained":["White Beast Statue"],"max_hp_gain":0,"max_hp_loss":0,"event_name":"Addict","floor":20,"gold_loss":85},{"cards_removed":["Strike_R"],"damage_healed":0,"gold_gain":0,"player_choice":"Elegance","damage_taken":0,"max_hp_gain":0,"max_hp_loss":0,"event_name":"Back to Basics","floor":22,"gold_loss":0},{"damage_healed":0,"gold_gain":0,"player_choice":"Upgraded","damage_taken":0,"max_hp_gain":0,"max_hp_loss":0,"event_name":"Upgrade Shrine","floor":24,"gold_loss":0,"cards_upgraded":["Bash"]},{"damage_healed":0,"gold_gain":0,"player_choice":"Fought Bandits","damage_taken":0,"max_hp_gain":0,"max_hp_loss":0,"event_name":"Masked Bandits","floor":31,"gold_loss":0}],"is_beta":false,"boss_relics":[{"not_picked":["Black Blood","Philosopher\u0027s Stone"],"picked":"Coffee Dripper"}],"items_purged_floors":[4,19],"is_endless":false,"potions_floor_spawned":[3,5,7,11,13,25,27,28,29,30,31],"killed_by":"Collector","ascension_level":13}}