{"host":"u515qumgrc6s41he","time":1607599417,"event":{"gold_per_floor":[364,364,378,44,57,57,88,88,88,118,118,118,150,166,166,262,262,276,288,173,193,193,193,228,242,242,273,111,143,143,156,156,252,352,367,419,467,480,60,60,60,60,87,87,102,127,177,193,193,193,193,193,48,78,78],"floor_reached":56,"playtime":7245,"items_purged":["Strike_R","Strike_R","Strike_R"],"score":1570,"play_id":"c1116b87-b196-4cfb-879e-53667f5d5619","local_time":"20201210202337","is_ascension_mode":true,"campfire_choices":[{"data":"Sentinel","floor":6.0,"key":"SMITH"},{"floor":8.0,"key":"REST"},{"data":"Flame Barrier","floor":11.0,"key":"SMITH"},{"floor":15.0,"key":"REST"},{"data":"Corruption","floor":23.0,"key":"SMITH"},{"data":"RitualDagger","floor":32,"key":"SMITH"},{"floor":40,"key":"RECALL"},{"data":"Rupture","floor":42,"key":"SMITH"},{"data":"Pommel Strike","floor":44,"key":"SMITH"},{"floor":49,"key":"REST"},{"data":"Inflame","floor":52,"key":"SMITH"}],"neow_cost":"PERCENT_DAMAGE","seed_source_timestamp":2240368637951800,"circlet_count":0,"master_deck":["Strike_R+1","Strike_R+1","Defend_R+1","Defend_R","Defend_R","Bash","Sentinel+1","Cleave","Flame Barrier+1","ReplayTheSpireMod:Stacked","Sword Boomerang","Reaper","ReplayTheSpireMod:Muscle Training","Corruption+1","Inflame+1","Pommel Strike+1","expansioncontent:StudyTheSpire","TheCursedMod:Dregs","Sentinel","Infernal Blade","Rupture+1","Battle Trance","ReplayTheSpireMod:Muscle Training","Disarm+1","RitualDagger+1","Fire Breathing","Limit Break","True Grit+1","Ghostly Armor+1","Pummel+1","Pommel Strike+1","Cleave+1","Bloodletting+1","Pommel Strike+1","Exhume","Rupture","Shrug It Off+1"],"special_seed":0,"relics":["Burning Blood","Onion Ring","Question Card","ReplayTheSpireMod:Lightbulb","Odd Mushroom","Blue Candle","Honey Jar","ReplayTheSpireMod:CursedCoin","Darkstone Periapt","Quantum Egg","Ornamental Fan","Replay:Wax Seal","Art of War","Replay:Wanted Poster","CatCart","Durian","Pet Ghost","Gremlin Food","Simple Rune","Gambling Chip","Replay:Bottled Steam"],"potions_floor_usage":[29,33,36,45,50,50,55],"damage_taken":[{"damage":9.0,"enemies":"Jaw Worm","floor":1.0,"turns":4.0},{"damage":6.0,"enemies":"Cultist","floor":3.0,"turns":4.0},{"damage":4.0,"enemies":"2 Louse","floor":5.0,"turns":2.0},{"damage":43.0,"enemies":"Lagavulin","floor":7.0,"turns":8.0},{"damage":13.0,"enemies":"The Mushroom Lair","floor":10.0,"turns":3.0},{"damage":23.0,"enemies":"Replay:BlueRogue","floor":13.0,"turns":6.0},{"damage":0.0,"enemies":"Lots of Slimes","floor":14.0,"turns":2.0},{"damage":13.0,"enemies":"Slime Boss","floor":16.0,"turns":8.0},{"damage":29.0,"enemies":"Spheric Guardian","floor":18.0,"turns":5.0},{"damage":1.0,"enemies":"Chosen","floor":19.0,"turns":4.0},{"damage":22.0,"enemies":"Shelled Parasite and Fungi","floor":21.0,"turns":6.0},{"damage":42.0,"enemies":"Gremlin Leader","floor":24.0,"turns":5.0},{"damage":3.0,"enemies":"Snecko","floor":25.0,"turns":5.0},{"damage":34.0,"enemies":"Book of Stabbing","floor":27.0,"turns":5.0},{"damage":17,"enemies":"Slavers","floor":29,"turns":4},{"damage":12,"enemies":"Snake Plant","floor":31,"turns":5},{"damage":49,"enemies":"Collector","floor":33,"turns":8},{"damage":21,"enemies":"Orb Walker","floor":35,"turns":3},{"damage":22,"enemies":"Orin","floor":36,"turns":6},{"damage":39,"enemies":"2 Orb Walkers","floor":37,"turns":5},{"damage":35,"enemies":"3 Darklings","floor":38,"turns":5},{"damage":13,"enemies":"Jaw Worm Horde","floor":45,"turns":3},{"damage":11,"enemies":"Giant Head","floor":46,"turns":5},{"damage":0,"enemies":"Mind Bloom Boss Battle","floor":47,"turns":2},{"damage":26,"enemies":"Writhing Mass","floor":48,"turns":3},{"damage":104,"enemies":"Awakened One","floor":50,"turns":7},{"damage":28,"enemies":"Shield and Spear","floor":54,"turns":4},{"damage":131,"enemies":"The Heart","floor":55,"turns":6}],"seed_played":"1566217621108821075","potions_obtained":[{"floor":2.0,"key":"Guardian:BlockOnCardUsePotion"},{"floor":2.0,"key":"Venom Potion"},{"floor":2.0,"key":"Toxic Potion"},{"floor":5.0,"key":"CultistPotion"},{"floor":7.0,"key":"Regen Potion"},{"floor":14.0,"key":"Milkshake"},{"floor":18.0,"key":"BlessingOfTheForge"},{"floor":21.0,"key":"Fruit Juice"},{"floor":24.0,"key":"LiquidMemories"},{"floor":33,"key":"AttackPotion"},{"floor":35,"key":"Adrenaline Potion"},{"floor":38,"key":"AttackPotion"},{"floor":45,"key":"Energy Potion"}],"is_trial":false,"path_per_floor":["M","?","M","$","M","R","E","R","T","?","R","?","E","M","R","B",null,"M","M","$","M","?","R","E","M","T","E","$","E","?","M","R_BF","B",null,"M","?","?","M","$","R","$","R","T","R","M","E","?","M","R","B",null,"R","$","E","B",null],"character_chosen":"IRONCLAD","items_purchased":["Onion Ring","expansioncontent:StudyTheSpire","ReplayTheSpireMod:CursedCoin","ReplayTheSpireMod:Muscle Training","Replay:Wax Seal","Pet Ghost","Gremlin Food","Exhume","Rupture"],"campfire_rested":3,"item_purchase_floors":[4,20,20,28,28,39,39,53,53],"current_hp_per_floor":[48,48,48,48,50,50,13,37,37,30,30,30,28,35,59,70,78,60,77,77,72,72,72,54,64,64,44,44,45,39,33,33,9,66,62,46,36,37,37,37,37,37,37,37,61,56,62,59,86,14,71,71,71,62,31],"gold":78,"neow_bonus":"TWO_FIFTY_GOLD","is_prod":false,"is_daily":false,"chose_seed":false,"campfire_upgraded":7,"win_rate":0,"timestamp":1607599417,"path_taken":["M","?","?","$","?","R","E","R","T","?","R","?","E","?","R","BOSS","M","M","$","M","?","R","E","M","T","E","$","E","?","M","R_BF","BOSS","M","?","?","M","$","R","$","R","T","R","M","E","?","M","R","BOSS","R","$","E","BOSS"],"build_version":"2020-11-30","purchased_purges":3,"victory":true,"max_hp_per_floor":[80,80,80,80,80,80,80,80,80,80,80,80,80,80,80,80,80,80,80,80,85,85,85,85,85,85,85,85,85,85,85,85,85,85,85,85,90,90,90,90,90,90,90,90,90,90,90,90,90,90,90,90,90,90,90],"relic_stats":{"Darkstone Periapt":0,"counters":[28,133],"Ornamental Fan":[104],"Blue Candle":[10],"Gambling Chip":[11],"Art of War":[7],"Question Card":22,"obtain_stats":[{"Darkstone Periapt":24,"Gremlin Food":39,"ReplayTheSpireMod:CursedCoin":20,"Blue Candle":13,"Quantum Egg":26,"Odd Mushroom":10,"Question Card":7,"Burning Blood":0,"Pet Ghost":39,"Replay:Wanted Poster":34,"Ornamental Fan":27,"Gambling Chip":47,"Honey Jar":17,"Onion Ring":4,"Simple Rune":46,"Art of War":29,"Durian":37,"Replay:Wax Seal":28,"CatCart":36,"ReplayTheSpireMod:Lightbulb":9,"Replay:Bottled Steam":54},{"Darkstone Periapt":12,"Gremlin Food":21,"ReplayTheSpireMod:CursedCoin":10,"Blue Candle":6,"Quantum Egg":13,"Odd Mushroom":5,"Question Card":4,"Burning Blood":0,"Pet Ghost":21,"Replay:Wanted Poster":17,"Ornamental Fan":14,"Gambling Chip":24,"Honey Jar":8,"Onion Ring":2,"Simple Rune":23,"Art of War":15,"Durian":20,"Replay:Wax Seal":14,"CatCart":19,"ReplayTheSpireMod:Lightbulb":4,"Replay:Bottled Steam":27},{"Darkstone Periapt":57,"Gremlin Food":103,"ReplayTheSpireMod:CursedCoin":46,"Blue Candle":27,"Quantum Egg":62,"Odd Mushroom":21,"Question Card":18,"Burning Blood":0,"Pet Ghost":103,"Replay:Wanted Poster":84,"Ornamental Fan":67,"Gambling Chip":113,"Honey Jar":37,"Onion Ring":8,"Simple Rune":111,"Art of War":71,"Durian":98,"Replay:Wax Seal":67,"CatCart":93,"ReplayTheSpireMod:Lightbulb":18,"Replay:Bottled Steam":127}],"Burning Blood":168},"card_choices":[{"not_picked":["Body Slam","Dark Embrace"],"picked":"Sentinel","floor":1.0},{"not_picked":["Blood for Blood","Perfected Strike"],"picked":"Cleave","floor":3.0},{"not_picked":["Hemokinesis","Thunderclap"],"picked":"Flame Barrier","floor":5.0},{"not_picked":["Body Slam","Whirlwind"],"picked":"ReplayTheSpireMod:Stacked","floor":7.0},{"not_picked":["Intimidate","Clash","Anger"],"picked":"Sword Boomerang","floor":10.0},{"not_picked":["Pommel Strike","Infernal Blade","Perfected Strike"],"picked":"Reaper","floor":13.0},{"not_picked":["Armaments","Twin Strike","Run Through"],"picked":"ReplayTheSpireMod:Muscle Training","floor":14.0},{"not_picked":["Bludgeon","Impervious","Fiend Fire"],"picked":"Corruption","floor":16.0},{"not_picked":["Burning Pact","Shrug It Off","Sever Soul","Anger"],"picked":"Inflame","floor":18.0},{"not_picked":["Life Link+1","Havoc+1","Cleave","Thunderclap"],"picked":"Pommel Strike","floor":19.0},{"not_picked":["Cleave","ReplayTheSpireMod:Strike From Hell","Replay:Undeath\u0027s Touch","Dual Wield"],"picked":"Sentinel","floor":21.0},{"not_picked":["Shockwave","Ghostly Armor","Body Slam","Second Wind"],"picked":"Infernal Blade","floor":24.0},{"not_picked":["Iron Wave","Headbutt","Heavy Blade","Combust"],"picked":"Rupture","floor":25.0},{"not_picked":["Hemogenesis","ReplayTheSpireMod:LeadingStrike","Havoc","Body Slam"],"picked":"Battle Trance","floor":27.0},{"not_picked":["ReplayReversal","Spot Weakness","Entrench","Power Through"],"picked":"Disarm+1","floor":29},{"not_picked":["ReplayTheSpireMod:Corrosion Curse+1","ReplayTheSpireMod:LeadingStrike+1","Warcry","Dropkick"],"picked":"Fire Breathing","floor":31},{"not_picked":["Brutality","Berserk","Feed","Demonic Infusion"],"picked":"Limit Break","floor":33},{"not_picked":["Entrench","Searing Blow+1","Perfected Strike","Anger"],"picked":"True Grit+1","floor":35},{"not_picked":["Body Slam","Flex+1","Thunderclap","Clash"],"picked":"Ghostly Armor+1","floor":36},{"not_picked":["Headbutt","Combust+1","Clash+1","Sword Boomerang+1"],"picked":"Pummel+1","floor":37},{"not_picked":["Life Link","Abandon","Thunderclap+1","Bludgeon"],"picked":"Pommel Strike+1","floor":38},{"not_picked":["Shrug It Off","Wild Strike","Perfected Strike+1","Fire Breathing"],"picked":"Cleave+1","floor":45},{"not_picked":["Second Wind","ReplayTheSpireMod:Muscle Training","Pommel Strike","Entrench+1"],"picked":"Bloodletting+1","floor":46},{"not_picked":["Sword Boomerang","Replay:Undeath\u0027s Touch","Anger","Inflame"],"picked":"Pommel Strike+1","floor":47},{"not_picked":["Bludgeon","Anger","Clash+1","Armaments","Run Through"],"picked":"SKIP","floor":48},{"not_picked":["ReplayReversal+1","Replay:Undeath\u0027s Touch+1","Dropkick+1","Run Through"],"picked":"Shrug It Off+1","floor":54}],"player_experience":176895,"relics_obtained":[{"floor":7.0,"key":"Question Card"},{"floor":9.0,"key":"ReplayTheSpireMod:Lightbulb"},{"floor":10.0,"key":"Odd Mushroom"},{"floor":13.0,"key":"Blue Candle"},{"floor":24.0,"key":"Darkstone Periapt"},{"floor":26.0,"key":"Quantum Egg"},{"floor":27.0,"key":"Ornamental Fan"},{"floor":29,"key":"Art of War"},{"floor":36,"key":"CatCart"},{"floor":37,"key":"Durian"},{"floor":46,"key":"Simple Rune"},{"floor":47,"key":"Gambling Chip"},{"floor":54,"key":"Replay:Bottled Steam"}],"event_choices":[{"damage_healed":0.0,"max_hp_gain":0.0,"max_hp_loss":0.0,"gold_gain":0.0,"event_name":"Lab","player_choice":"Got Potions","floor":2.0,"gold_loss":0.0,"damage_taken":0.0},{"damage_healed":0.0,"max_hp_gain":0.0,"max_hp_loss":0.0,"gold_gain":0.0,"event_name":"Mushrooms","player_choice":"Fought Mushrooms","floor":10.0,"gold_loss":0.0,"damage_taken":0.0},{"cards_removed":["Defend_R"],"damage_healed":0.0,"max_hp_gain":0.0,"max_hp_loss":0.0,"gold_gain":0.0,"event_name":"Bonfire Elementals","player_choice":"Offered Basic","floor":12.0,"gold_loss":0.0,"damage_taken":0.0},{"damage_healed":0,"gold_gain":0,"player_choice":"Joined the Cult","damage_taken":6,"max_hp_gain":0,"max_hp_loss":0,"event_name":"Nest","floor":30,"gold_loss":0,"cards_obtained":["RitualDagger"]},{"damage_healed":0,"gold_gain":0,"player_choice":"Fight","damage_taken":0,"max_hp_gain":0,"max_hp_loss":0,"event_name":"OrinTheCat","floor":36,"gold_loss":0},{"damage_healed":0,"gold_gain":0,"player_choice":"Fight","damage_taken":0,"max_hp_gain":0,"max_hp_loss":0,"event_name":"Mysterious Sphere","floor":37,"gold_loss":0},{"damage_healed":0,"gold_gain":0,"player_choice":"Fight","damage_taken":0,"max_hp_gain":0,"max_hp_loss":0,"event_name":"MindBloom","floor":47,"gold_loss":0}],"is_beta":false,"boss_relics":[{"not_picked":["Snecko Eye","Velvet Choker"],"picked":"Honey Jar"},{"not_picked":["SlaversCollar","Calling Bell"],"picked":"Replay:Wanted Poster"}],"items_purged_floors":[4,20,39],"is_endless":false,"potions_floor_spawned":[3,5,7,14,18,21,24,33,35,38,45],"ascension_level":7}}