{"host":"27hat5v0dffgaxzm","time":1607622681,"event":{"mods":["BaseMod","Highlight Path","Minty Spire (QoL Compilation)","Quick Restart","Permanent Neow","Colored Map","Colored Powertips"],"gold_per_floor":[10,10,85,5,23,23,43,81,136,136,136,136],"floor_reached":11,"playtime":295,"items_purged":[],"score":142,"play_id":"8fefeeab-91bb-4541-b5d7-d732dc0f0659","local_time":"20201211025121","is_ascension_mode":true,"campfire_choices":[{"floor":6,"key":"REST"},{"floor":10,"key":"REST"}],"circlet_count":0,"master_deck":["AscendersBane","Strike_G","Strike_G","Strike_G","Strike_G","Strike_G","Defend_G","Defend_G","Defend_G","Defend_G","Defend_G","Survivor","Neutralize","Prepared","All Out Attack","Backstab","Calculated Gamble","Tools of the Trade"],"special_seed":0,"relics":["Ring of the Snake","Ginger","Golden Idol","Toy Ornithopter","MealTicket"],"acts_visited":["Exordium"],"potions_floor_usage":[8,11],"damage_taken":[{"damage":0,"enemies":"Small Slimes","floor":1,"turns":5},{"damage":10,"enemies":"Jaw Worm","floor":5,"turns":5},{"damage":0,"enemies":"Cultist","floor":7,"turns":3},{"damage":20,"enemies":"3 Sentries","floor":8,"turns":8},{"damage":64,"enemies":"Gremlin Nob","floor":11,"turns":4}],"seed_played":"4765730812534123251","potions_obtained":[{"floor":7,"key":"Block Potion"},{"floor":8,"key":"Dexterity Potion"}],"is_trial":false,"path_per_floor":["M","?","?","$","M","R","M","E","T","R","E"],"character_chosen":"THE_SILENT","items_purchased":["All Out Attack"],"campfire_rested":2,"item_purchase_floors":[4],"current_hp_per_floor":[59,36,25,25,15,34,34,14,14,33,0,0],"gold":136,"neow_bonus":"ONE_RARE_RELIC","is_daily":false,"chose_seed":false,"campfire_upgraded":0,"win_rate":0,"timestamp":1607622681,"path_taken":["M","?","?","$","M","R","M","E","T","R","E"],"build_version":"2020-11-30","purchased_purges":0,"victory":false,"max_hp_per_floor":[66,66,66,66,66,66,66,66,66,66,66,66],"card_choices":[{"not_picked":["Slice","Outmaneuver"],"picked":"Prepared","floor":1},{"not_picked":["Noxious Fumes","PiercingWail"],"picked":"Backstab","floor":5},{"not_picked":["Cloak And Dagger","Setup"],"picked":"Calculated Gamble","floor":7},{"not_picked":["Dagger Spray","PiercingWail"],"picked":"Tools of the Trade","floor":8}],"player_experience":294625,"relics_obtained":[{"floor":8,"key":"Toy Ornithopter"},{"floor":9,"key":"MealTicket"}],"event_choices":[{"damage_healed":0,"gold_gain":0,"player_choice":"Take Damage","damage_taken":23,"relics_obtained":["Golden Idol"],"max_hp_gain":0,"max_hp_loss":0,"event_name":"Golden Idol","floor":2,"gold_loss":0},{"damage_healed":0,"gold_gain":75,"player_choice":"Gather Gold","damage_taken":11,"max_hp_gain":0,"max_hp_loss":0,"event_name":"World of Goop","floor":3,"gold_loss":0}],"is_beta":false,"boss_relics":[],"items_purged_floors":[],"is_endless":false,"potions_floor_spawned":[7,8],"killed_by":"Gremlin Nob","ascension_level":20}}