{"host":"ejgiolu3cn4jwoxa","time":1607619363,"event":{"gold_per_floor":[110,123,143,22,22,38,38,62,62,105,25,25,25,38,38,163,163,182,182,107,1,1,1,16,41,41,74,74,112,15,36,36,36,36],"floor_reached":33,"playtime":15061,"items_purged":[],"score":285,"play_id":"db20c6cf-92f9-4e83-9635-7b6c919d77e1","local_time":"20201210115603","is_ascension_mode":false,"campfire_choices":[{"floor":7,"key":"REST"},{"floor":12,"key":"REST"},{"data":"Iron Wave","floor":15,"key":"SMITH"},{"data":"StuffTheSpire:RagingBull","floor":23,"key":"SMITH"},{"floor":28,"key":"REST"},{"data":"infinitespire:Starlight","floor":32,"key":"SMITH"}],"neow_cost":"NONE","seed_source_timestamp":130424385681432,"circlet_count":0,"master_deck":["Strike_R","Strike_R","Strike_R","Strike_R","Strike_R","Defend_R","Defend_R","Defend_R","Defend_R","Bash","Flex","hubris:ReadiedAction","Iron Wave","Battle Trance+1","Thunderclap","StuffTheSpire:RagingBull+1","Havoc","Havoc","Flex","Iron Wave+1","Reaper","Run Through+1","infinitespire:Starlight+1","Sword Boomerang+1","Hemokinesis","ReplayTheSpireMod:Stacked","Headbutt","Twin Strike+1"],"relics":["Black Blood","DemoMod:BigBoy","vexMod:BarristanHead","LetterFromLob","infinitespire:Joker Card","Golden Idol","trackpad:ByrdCharm","Mastiff:ReiMu","trackpad:WondrousWand","theForsaken:ScaryMask","PreservedInsect","halation:Diary"],"potions_floor_usage":[10,16,16,33],"damage_taken":[{"damage":15,"enemies":"Jaw Worm","floor":1,"turns":5},{"damage":5,"enemies":"Small Slimes","floor":2,"turns":4},{"damage":0,"enemies":"Cultist","floor":3,"turns":3},{"damage":35,"enemies":"Exordium Thugs","floor":6,"turns":7},{"damage":0,"enemies":"2 Fungi Beasts","floor":8,"turns":3},{"damage":25,"enemies":"Gremlin Nob","floor":10,"turns":5},{"damage":1,"enemies":"Blue Slaver","floor":14,"turns":2},{"damage":68,"enemies":"The Guardian","floor":16,"turns":13},{"damage":9,"enemies":"conspire:FuzzyDice","floor":18,"turns":8},{"damage":33,"enemies":"Snake Plant","floor":24,"turns":5},{"damage":5,"enemies":"conspire:HollyBat","floor":25,"turns":12},{"damage":41,"enemies":"conspire:SneckoGhost","floor":27,"turns":7},{"damage":20,"enemies":"Replay:Snechameleon","floor":29,"turns":7},{"damage":44,"enemies":"Cultist and Chosen","floor":31,"turns":7},{"damage":87,"enemies":"Automaton","floor":33,"turns":8}],"seed_played":"4572828148390500451","potions_obtained":[{"floor":3,"key":"PowerPotion"},{"floor":6,"key":"blueLaboratory:FruitPunch"},{"floor":8,"key":"LifebloodPotion"},{"floor":13,"key":"blueLaboratory:FruitPunch"},{"floor":18,"key":"ColorlessPotion"}],"is_trial":false,"path_per_floor":["M","M","M","$","?","M","R","M","T","E","$","R","?","M","R","B",null,"M","AVR","?","$","?","R","M","M","T","E","R","E","$","M","R","B"],"character_chosen":"IRONCLAD","items_purchased":["infinitespire:Joker Card","Battle Trance+1","Havoc","Flex","Sword Boomerang+1","Dexterity Potion","halation:Diary"],"campfire_rested":3,"item_purchase_floors":[4,4,11,11,21,21,30],"current_hp_per_floor":[71,72,78,78,78,49,73,79,79,60,60,80,80,80,80,22,84,84,84,84,84,84,84,73,80,80,52,77,73,73,59,59,0,0],"gold":36,"neow_bonus":"RANDOM_COMMON_RELIC","is_prod":false,"is_daily":false,"chose_seed":false,"campfire_upgraded":3,"win_rate":0,"timestamp":1607619363,"path_taken":["M","M","M","$","?","M","R","M","T","E","$","R","?","?","R","BOSS","M","AVR","?","$","?","R","M","M","T","E","R","E","?","M","R","BOSS"],"build_version":"2020-11-30","purchased_purges":0,"victory":false,"max_hp_per_floor":[80,80,80,80,80,80,80,80,80,80,80,80,80,80,80,84,84,84,84,84,84,84,84,84,84,84,84,84,84,84,84,84,84,84],"card_choices":[{"not_picked":["Body Slam","Carnage"],"picked":"Flex","floor":1},{"not_picked":["True Grit","infinitespire:OneForAll"],"picked":"hubris:ReadiedAction","floor":2},{"not_picked":["Sword Boomerang","Wild Strike"],"picked":"Iron Wave","floor":3},{"not_picked":["Rage","True Grit"],"picked":"Thunderclap","floor":6},{"not_picked":["Thunderclap","Sever Soul","Blood for Blood"],"picked":"SKIP","floor":8},{"not_picked":["StuffTheSpire:Incineration","hubris:StunningStrike"],"picked":"StuffTheSpire:RagingBull","floor":10},{"not_picked":["jedi:collectorstrike","Body Slam"],"picked":"Iron Wave","floor":14},{"not_picked":["StuffTheSpire:TitanForm","Juggernaut"],"picked":"Reaper","floor":16},{"not_picked":["Havoc+1","Body Slam"],"picked":"Run Through+1","floor":18},{"not_picked":["StuffTheSpire:Incineration+1","Rampage+1"],"picked":"Hemokinesis","floor":24},{"not_picked":["Iron Wave+1","Body Slam"],"picked":"ReplayTheSpireMod:Stacked","floor":25},{"not_picked":["Run Through","StuffTheSpire:Pyroclast","ReplayReversal"],"picked":"SKIP","floor":27},{"not_picked":["Warcry","Seeing Red"],"picked":"Headbutt","floor":29},{"not_picked":["ReplayTheSpireMod:Stacked","ReplayTheSpireMod:Corrosion Curse"],"picked":"Twin Strike+1","floor":31}],"player_experience":900092,"relics_obtained":[{"floor":1,"key":"LetterFromLob"},{"floor":9,"key":"trackpad:ByrdCharm"},{"floor":10,"key":"Mastiff:ReiMu"},{"floor":26,"key":"theForsaken:ScaryMask"},{"floor":27,"key":"DemoMod:BigBoy"},{"floor":29,"key":"PreservedInsect"}],"event_choices":[{"damage_healed":0,"gold_gain":0,"player_choice":"Take Wound","damage_taken":0,"relics_obtained":["Golden Idol"],"max_hp_gain":0,"max_hp_loss":0,"event_name":"Golden Idol","floor":5,"gold_loss":0,"cards_obtained":["Injury"]},{"damage_healed":0,"gold_gain":0,"player_choice":"Got Potions","damage_taken":0,"max_hp_gain":0,"max_hp_loss":0,"event_name":"Lab","floor":13,"gold_loss":0},{"cards_removed":["Injury"],"damage_healed":0,"gold_gain":0,"player_choice":"Gave Gold","damage_taken":0,"max_hp_gain":0,"max_hp_loss":0,"event_name":"Beggar","floor":20,"gold_loss":75}],"is_beta":false,"boss_relics":[{"not_picked":["aspiration:MobileForge","halation:PinkAlligatorPlush"],"picked":"Black Blood"}],"items_purged_floors":[],"is_endless":false,"potions_floor_spawned":[3,6,8,18,31],"killed_by":"Automaton","ascension_level":0}}