{"host":"llpusn9usp8rznkj","time":1607567957,"event":{"gold_per_floor":[114,130,140,65,65,94,94,121,144,219,219,233,167,184,184,184,184],"floor_reached":16,"playtime":587,"items_purged":["Strike_R"],"score":220,"play_id":"acfb3773-a350-469e-8759-20dfbbcd19d2","local_time":"20201209213917","is_ascension_mode":true,"campfire_choices":[{"data":"ReplayTheSpireMod:Stacked","floor":7,"key":"SMITH"},{"data":"Inflame","floor":11,"key":"SMITH"},{"floor":15,"key":"REST"}],"neow_cost":"BASIC_CARDS","seed_source_timestamp":379014046788413,"circlet_count":0,"master_deck":["AscendersBane","Strike_R","Strike_R","Strike_R","Defend_R","Defend_R","Defend_R","Defend_R","Bash","Guardian:Defend_Guardian","Defend_R","ReplayTheSpireMod:Stacked+1","Inflame+1","Rampage","Carnage+1","ReplayTheSpireMod:Muscle Training","Whirlwind"],"relics":["Burning Blood","Durian","hubris:OldNail","Vajra","BranchBurnRelic","Blue Candle"],"potions_floor_usage":[2,3,12],"damage_taken":[{"damage":12,"enemies":"Cultist","floor":1,"turns":4},{"damage":2,"enemies":"Jaw Worm","floor":2,"turns":5},{"damage":1,"enemies":"conspire:RoseBush","floor":3,"turns":3},{"damage":24,"enemies":"Lagavulin","floor":6,"turns":7},{"damage":21,"enemies":"Replay:BlueRogue","floor":8,"turns":4},{"damage":12,"enemies":"2 Fungi Beasts","floor":12,"turns":2},{"damage":22,"enemies":"Lots of Slimes","floor":14,"turns":3},{"damage":66,"enemies":"Fading Forest","floor":16,"turns":7}],"seed_played":"-849384625973983603","potions_obtained":[{"floor":1,"key":"Block Potion"},{"floor":2,"key":"ColorlessPotion"},{"floor":8,"key":"conspire:TimeTravelPotion"}],"is_trial":false,"path_per_floor":["M","M","M","$","?","E","R","E","T","?","R","M","?","M","R","B"],"character_chosen":"IRONCLAD","items_purchased":[],"campfire_rested":1,"item_purchase_floors":[],"current_hp_per_floor":[67,71,76,76,76,58,58,43,43,32,32,43,43,27,51,0,0],"gold":184,"neow_bonus":"ONE_RARE_RELIC","is_prod":false,"is_daily":false,"chose_seed":false,"campfire_upgraded":2,"win_rate":0,"timestamp":1607567957,"path_taken":["M","?","M","?","?","E","R","E","T","?","R","M","?","M","R","BOSS"],"build_version":"2020-11-30","purchased_purges":1,"victory":false,"max_hp_per_floor":[80,80,80,80,80,80,80,80,80,80,80,80,80,80,80,80,80],"card_choices":[{"not_picked":["Body Slam","Infernal Blade"],"picked":"ReplayTheSpireMod:Stacked","floor":1},{"not_picked":["hubris:ReadiedAction","Carnage"],"picked":"Inflame","floor":2},{"not_picked":["Evolve","Ghostly Armor"],"picked":"Rampage","floor":3},{"not_picked":["Replay:Undeath\u0027s Touch","Uppercut"],"picked":"ReplayTheSpireMod:Muscle Training","floor":6},{"not_picked":["Life Link","Iron Wave","Whirlwind"],"picked":"SKIP","floor":8},{"not_picked":["Juggernaut","Combust"],"picked":"Whirlwind","floor":12},{"not_picked":["ReplayTheSpireMod:Strike From Hell","Perfected Strike","Body Slam"],"picked":"SKIP","floor":14}],"player_experience":912048,"relics_obtained":[{"floor":6,"key":"Dead Branch"},{"floor":8,"key":"hubris:OldNail"},{"floor":9,"key":"Vajra"}],"event_choices":[{"damage_healed":0,"gold_gain":75,"player_choice":"Gather Gold","damage_taken":11,"max_hp_gain":0,"max_hp_loss":0,"event_name":"World of Goop","floor":10,"gold_loss":0},{"damage_healed":0,"gold_gain":0,"player_choice":"Paid Gold","damage_taken":0,"relics_obtained":["Blue Candle"],"max_hp_gain":0,"max_hp_loss":0,"event_name":"WeMeetAgain","floor":13,"gold_loss":66}],"is_beta":false,"boss_relics":[],"items_purged_floors":[4],"is_endless":false,"potions_floor_spawned":[1,2,8],"killed_by":"Fading Forest","ascension_level":20}}