{"host":"zxgdr4fkkh57nqy4","time":1607594137,"event":{"gold_per_floor":[114,114,126,145,161,180,14,27,27,127,127,144,144,155,155,253,253,269,269,269,281,191,191,37,37,37],"floor_reached":25,"playtime":1128,"items_purged":["rmod:defend","rmod:strick"],"score":197,"play_id":"48057bbe-d597-4d11-954b-3392d2ab1fba","local_time":"20201210175537","is_ascension_mode":false,"campfire_choices":[{"floor":11.0,"key":"REST"},{"floor":15.0,"key":"REST"},{"data":"rmod:robin","floor":23,"key":"SMITH"}],"neow_cost":"","seed_source_timestamp":0,"circlet_count":0,"master_deck":["rmod:strick","rmod:strick+1","rmod:defend+1","rmod:defend","rmod:basicallowance","CherryBlossoms","SpiderBud","rmod:fuelsupply","rmod:diamondstrike","rmod:shuttlebombing","CrumblingArmor","rmod:acesubmarine","rmod:chargemoney","rmod:victimresponsibility","rmod:tearstotiara","rmod:stealaluminum+1","rmod:advancebysurprise","OSAHOGD","rmod:robin+1","rmod:expedition"],"special_seed":0,"relics":["rmod:firstchargereward","CogitoBucket","LetterFromLob","AdjustmentMirror","The Courier","Empty Cage"],"potions_floor_usage":[20,25,25],"damage_taken":[{"damage":0.0,"enemies":"Jaw Worm","floor":1.0,"turns":4.0},{"damage":0.0,"enemies":"Cultist","floor":3.0,"turns":3.0},{"damage":0.0,"enemies":"Small Slimes","floor":4.0,"turns":4.0},{"damage":9.0,"enemies":"Exordium Thugs","floor":5.0,"turns":5.0},{"damage":15.0,"enemies":"Lots of Slimes","floor":6.0,"turns":5.0},{"damage":32.0,"enemies":"Large Slime","floor":8.0,"turns":3.0},{"damage":0.0,"enemies":"3 Louse","floor":12.0,"turns":4.0},{"damage":10.0,"enemies":"Exordium Wildlife","floor":14.0,"turns":4.0},{"damage":35.0,"enemies":"Slime Boss","floor":16.0,"turns":6.0},{"damage":25.0,"enemies":"Spheric Guardian","floor":18.0,"turns":4.0},{"damage":0,"enemies":"Chosen","floor":20,"turns":1},{"damage":19,"enemies":"Snake Plant","floor":21,"turns":6},{"damage":32,"enemies":"Shelled Parasite and Fungi","floor":25,"turns":3}],"seed_played":"-8251769119907251491","potions_obtained":[{"floor":1.0,"key":"Strength Potion"},{"floor":6.0,"key":"SmokeBomb"},{"floor":12.0,"key":"Energy Potion"},{"floor":21,"key":"Energy Potion"}],"is_trial":false,"path_per_floor":["M","?","M","M","M","M","$","M","T","?","R","M","M","M","R","B",null,"M","?","M","M","?","R","$","M"],"character_chosen":"PRAEFECT","items_purchased":["rmod:chargemoney","Block Potion","rmod:expedition","SkillPotion"],"campfire_rested":2,"item_purchase_floors":[7,7,24,24],"current_hp_per_floor":[75,60,60,60,51,36,36,4,4,4,26,26,26,16,38,3,75,50,50,50,31,31,31,31,0,0],"gold":37,"neow_bonus":"","is_prod":false,"is_daily":false,"chose_seed":false,"campfire_upgraded":1,"win_rate":0,"timestamp":1607594137,"path_taken":["M","?","M","M","M","M","$","M","T","?","R","M","M","M","R","BOSS","M","?","M","M","?","R","$","M"],"build_version":"2020-11-30","purchased_purges":2,"victory":false,"max_hp_per_floor":[75,75,75,75,75,75,75,75,75,75,75,75,75,75,75,75,75,75,75,75,75,75,75,75,75,75],"card_choices":[{"not_picked":["MHz","Scorched"],"picked":"CherryBlossoms","floor":1.0},{"not_picked":["rmod:unsinkable","rmod:ammunitionsupply"],"picked":"rmod:aluminumsupply","floor":1.0},{"not_picked":["BigBadWolf","Laetitia"],"picked":"SpiderBud","floor":3.0},{"not_picked":["rmod:intelligenceanalysis","rmod:goodsister"],"picked":"rmod:fuelsupply","floor":3.0},{"not_picked":["FairyFestival","Funeral"],"picked":"BlackArmy","floor":4.0},{"not_picked":["rmod:fuelsupply","rmod:aluminumsupply"],"picked":"rmod:diamondstrike","floor":4.0},{"not_picked":["rmod:supportescort","rmod:steelsupply"],"picked":"rmod:shuttlebombing","floor":5.0},{"not_picked":["ShyLook","HappyTeddy"],"picked":"CrumblingArmor","floor":6.0},{"not_picked":["rmod:capitalist","rmod:firesupport"],"picked":"rmod:acesubmarine","floor":6.0},{"not_picked":["rmod:combined","rmod:intelligenceanalysis"],"picked":"rmod:victimresponsibility","floor":8.0},{"not_picked":["rmod:victimresponsibility","rmod:spoils","rmod:acesubmarine"],"picked":"SKIP","floor":12.0},{"not_picked":["rmod:spoils","rmod:capitalist"],"picked":"rmod:tearstotiara","floor":14.0},{"not_picked":["rmod:abidefaith","rmod:supriseattacks"],"picked":"rmod:stealaluminum","floor":16.0},{"not_picked":["rmod:combined+1","rmod:supportescort"],"picked":"rmod:advancebysurprise","floor":18.0},{"not_picked":["FieryBird","Woodsman"],"picked":"OSAHOGD","floor":21},{"not_picked":["rmod:fletcherpendant","rmod:sl+1"],"picked":"rmod:robin","floor":21}],"player_experience":432779,"relics_obtained":[{"floor":1.0,"key":"LetterFromLob"},{"floor":9.0,"key":"The Courier"}],"event_choices":[{"damage_healed":0.0,"max_hp_gain":0.0,"max_hp_loss":0.0,"gold_gain":0.0,"event_name":"Shining Light","player_choice":"Entered Light","floor":2.0,"gold_loss":0.0,"damage_taken":15.0,"cards_upgraded":["rmod:defend","rmod:strick"]},{"damage_healed":0.0,"max_hp_gain":0.0,"max_hp_loss":0.0,"gold_gain":100.0,"event_name":"Golden Shrine","player_choice":"Pray","floor":10.0,"gold_loss":0.0,"damage_taken":0.0},{"cards_removed":["rmod:maingunfire"],"damage_healed":0,"gold_gain":0,"player_choice":"Upgrade and Remove","damage_taken":0,"max_hp_gain":0,"max_hp_loss":0,"event_name":"Designer","floor":22,"gold_loss":90,"cards_upgraded":["rmod:stealaluminum"]}],"is_beta":false,"boss_relics":[{"not_picked":["Runic Dome","Astrolabe"],"picked":"Empty Cage"}],"items_purged_floors":[7,24],"is_endless":false,"potions_floor_spawned":[1,6,12,14,21],"killed_by":"Shelled Parasite and Fungi","ascension_level":0}}