{"host":"vkn5295jy2rrqx8j","time":1607640424,"event":{"mods":["BaseMod","Colored Map","StSLib","GifTheSpireLib","Minty Spire (QoL Compilation)","Hermit","The Cursed"],"gold_per_floor":[366,12,12,27,40,40,70,70,97,4,33,33,33,46,46,136,136,151,66,82,155,155,155],"floor_reached":22,"playtime":732,"items_purged":["Defend_G"],"score":384,"play_id":"20e0c007-d7c4-490f-a375-b37cfd0ac0f0","local_time":"20201211074704","is_ascension_mode":true,"campfire_choices":[{"floor":6,"key":"REST"},{"floor":8,"key":"REST"},{"data":"Noxious Fumes","floor":13,"key":"SMITH"},{"data":"Neutralize","floor":15,"key":"SMITH"}],"circlet_count":0,"master_deck":["AscendersBane","Strike_G","Strike_G","Strike_G","Strike_G+1","Strike_G","Defend_G","Defend_G","Defend_G","Defend_G+1","Survivor","Neutralize+1","Noxious Fumes+1","Flying Knee","Cloak And Dagger","Slice","Blur","Underhanded Strike","Blur","Injury","Slice","Tools of the Trade","CurseOfTheBell","Backflip"],"relics":["Ring of the Snake","Shuriken","Nunchaku","PreservedInsect","Vajra","Golden Idol","Calling Bell","Orichalcum","Ornamental Fan","Turnip","Snake Skull","Bottled Tornado"],"acts_visited":["Exordium","TheCity"],"potions_floor_usage":[7,7,11,22],"damage_taken":[{"damage":1,"enemies":"2 Louse","floor":1,"turns":3},{"damage":0,"enemies":"Jaw Worm","floor":4,"turns":5},{"damage":0,"enemies":"Small Slimes","floor":5,"turns":3},{"damage":37,"enemies":"Gremlin Nob","floor":7,"turns":5},{"damage":3,"enemies":"Lagavulin","floor":11,"turns":5},{"damage":4,"enemies":"Gremlin Gang","floor":14,"turns":5},{"damage":16,"enemies":"The Guardian","floor":16,"turns":10},{"damage":15,"enemies":"3 Byrds","floor":18,"turns":6},{"damage":9,"enemies":"Chosen","floor":20,"turns":6},{"damage":27,"enemies":"Snake Plant","floor":22,"turns":5}],"seed_played":"1695158369313194299","potions_obtained":[{"floor":1,"key":"PowerPotion"},{"floor":4,"key":"GamblersBrew"},{"floor":7,"key":"Swift Potion"},{"floor":16,"key":"SpeedPotion"}],"is_trial":false,"path_per_floor":["M","$","?","M","M","R","E","R","T","$","E","?","R","M","R","B",null,"M","?","M","T","M"],"character_chosen":"THE_SILENT","items_purchased":["Shuriken","Blur","Underhanded Strike"],"campfire_rested":2,"item_purchase_floors":[2,10,10],"current_hp_per_floor":[43,43,23,23,23,42,5,24,24,24,21,21,21,17,17,1,50,35,35,26,26,0,0],"gold":155,"neow_bonus":"TWO_FIFTY_GOLD","is_daily":false,"chose_seed":false,"campfire_upgraded":2,"win_rate":0,"timestamp":1607640424,"path_taken":["M","$","?","M","M","R","E","R","T","$","E","?","R","M","R","BOSS","M","?","M","?","M"],"build_version":"2020-11-30","purchased_purges":1,"victory":false,"max_hp_per_floor":[66,66,66,66,66,66,66,66,66,66,66,66,66,66,66,66,66,66,66,66,66,66,66],"card_choices":[{"not_picked":["Heel Hook","Underhanded Strike"],"picked":"Noxious Fumes","floor":1},{"not_picked":["Reflex","Acrobatics"],"picked":"Flying Knee","floor":4},{"not_picked":["Quick Slash","Underhanded Strike"],"picked":"Cloak And Dagger","floor":5},{"not_picked":["Sucker Punch","Deflect"],"picked":"Slice","floor":7},{"not_picked":["PiercingWail","Bane"],"picked":"Blur","floor":11},{"not_picked":["Setup","Unload"],"picked":"Slice","floor":14},{"not_picked":["Doppelganger","Unload"],"picked":"Tools of the Trade","floor":16},{"not_picked":["PiercingWail","Poisoned Stab"],"picked":"Backflip","floor":18},{"not_picked":["Doppelganger","Masterful Stab+1","Acrobatics"],"picked":"SKIP","floor":20}],"player_experience":783350,"relics_obtained":[{"floor":7,"key":"Nunchaku"},{"floor":9,"key":"PreservedInsect"},{"floor":11,"key":"Vajra"},{"floor":17,"key":"Orichalcum"},{"floor":17,"key":"Ornamental Fan"},{"floor":17,"key":"Turnip"},{"floor":21,"key":"Bottled Tornado"}],"event_choices":[{"damage_healed":0,"gold_gain":0,"player_choice":"Entered Light","damage_taken":20,"max_hp_gain":0,"max_hp_loss":0,"event_name":"Shining Light","floor":3,"gold_loss":0,"cards_upgraded":["Strike_G","Defend_G"]},{"damage_healed":0,"gold_gain":0,"player_choice":"Take Wound","damage_taken":0,"relics_obtained":["Golden Idol"],"max_hp_gain":0,"max_hp_loss":0,"event_name":"Golden Idol","floor":12,"gold_loss":0,"cards_obtained":["Injury"]},{"damage_healed":0,"gold_gain":0,"player_choice":"Obtained Relic","damage_taken":0,"relics_obtained":["Snake Skull"],"max_hp_gain":0,"max_hp_loss":0,"event_name":"Addict","floor":19,"gold_loss":85}],"is_beta":false,"boss_relics":[{"not_picked":["Runic Dome","Runic Pyramid"],"picked":"Calling Bell"}],"items_purged_floors":[2],"is_endless":false,"potions_floor_spawned":[1,4,7,16],"killed_by":"Snake Plant","ascension_level":20}}