{"host":"s3g5dmvfnpdztvul","time":1607561435,"event":{"gold_per_floor":[115,115,115,85,96,96,111,144,174,199,199,199,3,20,20,123,123,75,75,75,75,75,75],"floor_reached":22,"playtime":4407,"items_purged":[],"score":200,"play_id":"fe802f3d-d4ec-4bdc-b949-9bff3974bf4f","local_time":"20201209195035","is_ascension_mode":true,"campfire_choices":[{"floor":6,"key":"REST"},{"floor":12,"key":"REST"},{"floor":15,"key":"REST"}],"neow_cost":"NONE","seed_source_timestamp":264380085085199,"circlet_count":0,"master_deck":["alterego_mod:Strike+1","alterego_mod:Strike","alterego_mod:Strike","alterego_mod:Strike","alterego_mod:Defend","alterego_mod:Defend","alterego_mod:Defend","alterego_mod:Defend+1","alterego_mod:Impale","alterego_mod:BigMeatyClaws","alterego_mod:BrynhildrsRune","alterego_mod:Skirt","alterego_mod:Collar","alterego_mod:BusterCard","alterego_mod:Clap","alterego_mod:RidiculouslyBig+1","alterego_mod:Nekomimi","alterego_mod:1TonWallop","alterego_mod:BusterCard","alterego_mod:RingBreak","alterego_mod:Pet+1"],"special_seed":0,"relics":["alterego_mod:MasochisticConstitution","aspiration:Nostalgia","Sizzling Blood","relicPack:DSword","Orichalcum","Tiny Chest","aspiration:HiddenCompartment","Sling","aspiration:RandomNobGenerator","Replay:Baseball","StuffTheSpire:NeowsTribute"],"potions_floor_usage":[8,16,16],"damage_taken":[{"damage":4,"enemies":"2 Louse","floor":1,"turns":3},{"damage":3,"enemies":"conspire:RoseBush","floor":5,"turns":4},{"damage":3,"enemies":"Small Slimes","floor":7,"turns":3},{"damage":27,"enemies":"Gremlin Nob","floor":8,"turns":4},{"damage":0,"enemies":"Exordium Thugs","floor":9,"turns":6},{"damage":5,"enemies":"3 Sentries","floor":10,"turns":7},{"damage":19,"enemies":"Exordium Thugs","floor":14,"turns":4},{"damage":3,"enemies":"Slime Boss","floor":16,"turns":8},{"damage":67,"enemies":"Spheric Guardian","floor":18,"turns":7},{"damage":12,"enemies":"Chosen","floor":22,"turns":3}],"seed_played":"-375527901271622344","potions_obtained":[{"floor":1,"key":"jedi:StrikingPotion"},{"floor":4,"key":"SmokeBomb"},{"floor":4,"key":"SCP261:ClockworkPotion"},{"floor":10,"key":"SCP261:BarrettColaPotion"}],"is_trial":false,"path_per_floor":["M","?","?","?","M","R","M","E","MIM","E","?","R","$","M","R","B",null,"M","?","?","T","M"],"character_chosen":"The_Alterego","items_purchased":["alterego_mod:1TonWallop","Sling"],"campfire_rested":3,"item_purchase_floors":[13,13],"current_hp_per_floor":[75,40,25,25,34,56,72,50,61,61,61,79,79,65,80,81,81,33,9,9,9,0,0],"gold":75,"neow_bonus":"NOSTALGIA","is_prod":false,"is_daily":false,"chose_seed":false,"campfire_upgraded":0,"win_rate":0,"timestamp":1607561435,"path_taken":["M","?","?","?","?","R","M","E","MIM","E","?","R","$","M","R","BOSS","M","?","?","?","M"],"build_version":"2020-11-30","purchased_purges":0,"victory":false,"max_hp_per_floor":[75,75,75,75,76,76,77,78,78,79,79,79,79,80,80,81,81,82,82,82,82,82,82],"card_choices":[{"not_picked":["alterego_mod:BustOut","alterego_mod:DiscoLights"],"picked":"alterego_mod:Skirt","floor":1},{"not_picked":["alterego_mod:DiscoLights","alterego_mod:IndependentAction"],"picked":"alterego_mod:Collar","floor":5},{"not_picked":["alterego_mod:Rip","alterego_mod:TrashNCrash"],"picked":"alterego_mod:BusterCard","floor":7},{"not_picked":["alterego_mod:Bunnysuit","alterego_mod:IndependentAction"],"picked":"alterego_mod:Clap","floor":8},{"not_picked":["alterego_mod:BoobPocket","alterego_mod:BeGentle"],"picked":"alterego_mod:RidiculouslyBig","floor":9},{"not_picked":["alterego_mod:TrashNCrash","alterego_mod:DeftHands"],"picked":"alterego_mod:Nekomimi","floor":10},{"not_picked":["alterego_mod:Cooking","alterego_mod:Maid"],"picked":"alterego_mod:BusterCard","floor":14},{"not_picked":["alterego_mod:ClassAdvantage","alterego_mod:Rake"],"picked":"alterego_mod:RingBreak","floor":16},{"not_picked":["alterego_mod:Cooking","alterego_mod:Birthday"],"picked":"alterego_mod:Pet+1","floor":18}],"player_experience":479911,"relics_obtained":[{"floor":8,"key":"Orichalcum"},{"floor":9,"key":"Tiny Chest"},{"floor":10,"key":"aspiration:HiddenCompartment"},{"floor":20,"key":"Replay:Baseball"},{"floor":21,"key":"StuffTheSpire:NeowsTribute"}],"event_choices":[{"damage_healed":0,"gold_gain":0,"player_choice":"Entered Light","damage_taken":15,"max_hp_gain":0,"max_hp_loss":0,"event_name":"Shining Light","floor":3,"gold_loss":0,"cards_upgraded":["alterego_mod:Strike","alterego_mod:Defend"]},{"damage_healed":0,"gold_gain":0,"player_choice":"Bought 2 Potions","damage_taken":0,"max_hp_gain":0,"max_hp_loss":0,"event_name":"The Woman in Blue","floor":4,"gold_loss":0},{"damage_healed":0,"gold_gain":0,"player_choice":"Upgraded","damage_taken":0,"max_hp_gain":0,"max_hp_loss":0,"event_name":"Upgrade Shrine","floor":11,"gold_loss":0,"cards_upgraded":["alterego_mod:RidiculouslyBig"]}],"is_beta":false,"boss_relics":[{"not_picked":["ChewingGum","StuffTheSpire:Kangaroo"],"picked":"aspiration:RandomNobGenerator"}],"items_purged_floors":[],"is_endless":false,"potions_floor_spawned":[1,5,10],"killed_by":"Chosen","ascension_level":1}}