{"host":"9vecvdjkx64cw9bo","time":1607576227,"event":{"gold_per_floor":[118,43,61,61,73,99,99,109,191,208,208,108,108,124,124,124,124],"floor_reached":16,"playtime":626,"items_purged":["Defend_B","Strike_B"],"score":204,"play_id":"4096f0f6-84ad-4720-8cc5-65e96d2172d7","local_time":"20201210135707","is_ascension_mode":true,"campfire_choices":[{"data":"Creative AI","floor":7.0,"key":"SMITH"},{"data":"Fusion","floor":13.0,"key":"SMITH"},{"data":"Zap","floor":15,"key":"SMITH"}],"neow_cost":"NONE","seed_source_timestamp":0,"circlet_count":0,"master_deck":["AscendersBane","Strike_B","Strike_B","Defend_B","Defend_B","Defend_B","Zap+1","Dualcast","Glacier","Turbo","Creative AI+1","Cold Snap","Self Repair","Fusion+1","Auto Shields"],"special_seed":0,"relics":["Cracked Core","CaptainsWheel","Eternal Feather","DataDisk"],"potions_floor_usage":[],"damage_taken":[{"damage":0.0,"enemies":"Cultist","floor":1.0,"turns":4.0},{"damage":5.0,"enemies":"Jaw Worm","floor":3.0,"turns":5.0},{"damage":3.0,"enemies":"2 Louse","floor":5.0,"turns":3.0},{"damage":11.0,"enemies":"Lagavulin","floor":6.0,"turns":13.0},{"damage":0.0,"enemies":"Looter","floor":8.0,"turns":4.0},{"damage":12.0,"enemies":"Gremlin Gang","floor":10.0,"turns":8.0},{"damage":17.0,"enemies":"Lots of Slimes","floor":14.0,"turns":6.0},{"damage":40,"enemies":"The Guardian","floor":16,"turns":14}],"seed_played":"-1417138838524772157","potions_obtained":[{"floor":3.0,"key":"SteroidPotion"},{"floor":5.0,"key":"DistilledChaos"},{"floor":6.0,"key":"SpeedPotion"}],"is_trial":false,"path_per_floor":["M","$","M","?","M","E","R","M","T","M","?","$","R","M","R","B"],"character_chosen":"DEFECT","items_purchased":[],"campfire_rested":0,"item_purchase_floors":[],"current_hp_per_floor":[64,64,59,52,49,38,38,45,45,40,35,35,41,31,40,0,0],"gold":124,"neow_bonus":"THREE_CARDS","is_prod":false,"is_daily":false,"chose_seed":false,"campfire_upgraded":3,"win_rate":0,"timestamp":1607576227,"path_taken":["M","$","M","?","M","E","R","M","T","M","?","$","R","M","R","BOSS"],"build_version":"2020-11-30","purchased_purges":2,"victory":false,"max_hp_per_floor":[71,71,71,71,71,71,71,71,71,71,71,71,71,71,71,71,71],"card_choices":[{"not_picked":["Steam","Stack"],"picked":"Glacier","floor":0.0},{"not_picked":["Beam Cell","Cold Snap"],"picked":"Turbo","floor":1.0},{"not_picked":["Hologram","BootSequence"],"picked":"Creative AI","floor":3.0},{"not_picked":["Double Energy","Gash"],"picked":"Cold Snap","floor":5.0},{"not_picked":["Streamline","Hologram"],"picked":"Self Repair","floor":6.0},{"not_picked":["Beam Cell","Sweeping Beam","Ball Lightning"],"picked":"SKIP","floor":8.0},{"not_picked":["Reprogram","Redo"],"picked":"Fusion","floor":10.0},{"not_picked":["FTL","Hologram"],"picked":"Auto Shields","floor":14}],"player_experience":767473,"relics_obtained":[{"floor":6.0,"key":"CaptainsWheel"},{"floor":9.0,"key":"Eternal Feather"}],"event_choices":[{"cards_removed":["Strike_B"],"damage_healed":0.0,"max_hp_gain":0.0,"max_hp_loss":0.0,"gold_gain":0.0,"event_name":"Golden Wing","player_choice":"Card Removal","floor":4.0,"gold_loss":0.0,"damage_taken":7.0},{"damage_healed":0.0,"max_hp_gain":0.0,"max_hp_loss":0.0,"gold_gain":0.0,"event_name":"Scrap Ooze","player_choice":"Success","floor":11.0,"gold_loss":0.0,"damage_taken":5.0,"relics_obtained":["DataDisk"]}],"is_beta":false,"boss_relics":[],"items_purged_floors":[2,12],"is_endless":false,"potions_floor_spawned":[3,5,6],"killed_by":"The Guardian","ascension_level":20}}