{"host":"qnt9s4mv9nwe7jg7","time":1607558751,"event":{"gold_per_floor":[117,9,24,35,135,135,151,166,166,183,258,268,268,268,268,368,368,381,381,480,491,225,256,256,256,279,135,151,151,164,164,164],"floor_reached":31,"playtime":2588,"items_purged":["Blizzard"],"score":309,"play_id":"25dca94e-f6e0-4b05-8808-dc698b78ffed","local_time":"20201210000551","is_ascension_mode":true,"campfire_choices":[{"data":"Genetic Algorithm","floor":6.0,"key":"SMITH"},{"data":"Genetic Algorithm","floor":13.0,"key":"SMITH"},{"floor":15.0,"key":"REST"},{"floor":24,"key":"REST"},{"data":"Sunder","floor":29,"key":"SMITH"}],"neow_cost":"TEN_PERCENT_HP_LOSS","seed_source_timestamp":0,"circlet_count":0,"master_deck":["Zap","Dualcast","Gash","Genetic Algorithm+1","Sunder+1","Genetic Algorithm+1","FTL","Capacitor","Gash","Storm","Go for the Eyes","Fission+1","Auto Shields+1","Fusion+1","Undo+1","Turbo+1","Barrage","Sunder","Fusion+1","Loop+1","Necronomicurse","Glacier+1","Hologram+1","Consume+1"],"special_seed":0,"relics":["Cracked Core","Dead Branch","Meat on the Bone","Toxic Egg 2","Pandora\u0027s Box","Necronomicon","OrangePellets","Anchor","ClockworkSouvenir"],"potions_floor_usage":[],"damage_taken":[{"damage":14.0,"enemies":"2 Louse","floor":1.0,"turns":3.0},{"damage":0.0,"enemies":"Cultist","floor":3.0,"turns":3.0},{"damage":10.0,"enemies":"Small Slimes","floor":4.0,"turns":3.0},{"damage":13.0,"enemies":"2 Fungi Beasts","floor":7.0,"turns":3.0},{"damage":3.0,"enemies":"Blue Slaver","floor":8.0,"turns":4.0},{"damage":0.0,"enemies":"Looter","floor":10.0,"turns":2.0},{"damage":0.0,"enemies":"Gremlin Gang","floor":12.0,"turns":3.0},{"damage":22.0,"enemies":"Hexaghost","floor":16.0,"turns":8.0},{"damage":6.0,"enemies":"3 Byrds","floor":18.0,"turns":5.0},{"damage":7,"enemies":"2 Thieves","floor":21,"turns":3},{"damage":34,"enemies":"Gremlin Leader","floor":23,"turns":8},{"damage":4,"enemies":"Centurion and Healer","floor":28,"turns":4},{"damage":6,"enemies":"Snecko","floor":30,"turns":5},{"damage":0,"enemies":"Snake Plant","floor":31,"turns":1}],"seed_played":"4155291514989465024","potions_obtained":[{"floor":1.0,"key":"SpeedPotion"},{"floor":3.0,"key":"SpeedPotion"},{"floor":4.0,"key":"AttackPotion"},{"floor":21,"key":"FearPotion"},{"floor":23,"key":"Ancient Potion"}],"is_trial":false,"path_per_floor":["M","$","M","M","?","R","M","M","T","M","?","M","R","?","R","B",null,"M","?","?","M","$","E","R","?","T","$","M","R","M","M"],"character_chosen":"DEFECT","items_purchased":["Genetic Algorithm","Sunder","Hologram+1","OrangePellets","ClockworkSouvenir"],"campfire_rested":2,"item_purchase_floors":[2,2,22,22,27],"current_hp_per_floor":[54,54,54,44,44,44,31,28,28,40,29,41,41,29,49,39,61,55,39,39,44,44,22,42,42,42,42,38,38,44,44,44],"gold":164,"neow_bonus":"ONE_RARE_RELIC","is_prod":false,"is_daily":false,"chose_seed":false,"campfire_upgraded":3,"win_rate":0,"timestamp":1607558751,"path_taken":["M","$","M","M","?","R","?","M","T","M","?","M","R","?","R","BOSS","M","?","?","M","$","E","R","?","T","$","?","R","M","M"],"build_version":"2020-11-30","purchased_purges":1,"victory":false,"max_hp_per_floor":[68,68,68,68,68,68,68,68,68,68,68,68,68,68,68,68,68,68,68,68,68,68,68,68,68,68,68,68,68,68,68,68],"relic_stats":{"OrangePellets":[1],"counters":[14,55],"Dead Branch":[27],"Pandora\u0027s Box":["Auto Shields","Fusion","Undo","Turbo","Barrage","Blizzard","Sunder","Fusion"],"Necronomicon":[11],"obtain_stats":[{"OrangePellets":22,"Anchor":23,"Dead Branch":0,"Pandora\u0027s Box":17,"Necronomicon":19,"Toxic Egg 2":14,"Cracked Core":0,"Meat on the Bone":9,"ClockworkSouvenir":27},{"OrangePellets":10,"Anchor":11,"Dead Branch":0,"Pandora\u0027s Box":8,"Necronomicon":9,"Toxic Egg 2":7,"Cracked Core":0,"Meat on the Bone":5,"ClockworkSouvenir":11},{"OrangePellets":37,"Anchor":45,"Dead Branch":0,"Pandora\u0027s Box":29,"Necronomicon":34,"Toxic Egg 2":21,"Cracked Core":0,"Meat on the Bone":16,"ClockworkSouvenir":45}],"Meat on the Bone":72},"card_choices":[{"not_picked":["Hello World","Stack"],"picked":"Gash","floor":1.0},{"not_picked":["Stack","Loop"],"picked":"Genetic Algorithm","floor":3.0},{"not_picked":["Barrage","Turbo"],"picked":"FTL","floor":4.0},{"not_picked":["Sunder","Coolheaded"],"picked":"Capacitor","floor":7.0},{"not_picked":["Doom and Gloom","Compile Driver"],"picked":"Gash","floor":8.0},{"not_picked":["Glacier","Undo"],"picked":"Storm","floor":10.0},{"not_picked":["Chill","Sunder"],"picked":"Go for the Eyes","floor":12.0},{"not_picked":["Hyperbeam","Multi-Cast+1"],"picked":"Fission+1","floor":16.0},{"not_picked":["Steam Power+1","BootSequence+1"],"picked":"Loop+1","floor":18.0},{"not_picked":["Redo+1","Coolheaded+1"],"picked":"Glacier+1","floor":21},{"not_picked":["Coolheaded+1","Barrage"],"picked":"Consume+1","floor":23},{"not_picked":["Chill+1","Barrage","Leap+1"],"picked":"SKIP","floor":28},{"not_picked":["Reinforced Body+1","Steam+1","Cold Snap"],"picked":"SKIP","floor":30}],"player_experience":222060,"relics_obtained":[{"floor":9.0,"key":"Meat on the Bone"},{"floor":19.0,"key":"Necronomicon"},{"floor":23,"key":"Anchor"}],"event_choices":[{"damage_healed":0.0,"max_hp_gain":0.0,"max_hp_loss":0.0,"gold_gain":100.0,"event_name":"Golden Shrine","player_choice":"Pray","floor":5.0,"gold_loss":0.0,"damage_taken":0.0},{"damage_healed":0.0,"max_hp_gain":0.0,"max_hp_loss":0.0,"gold_gain":75.0,"event_name":"World of Goop","player_choice":"Gather Gold","floor":11.0,"gold_loss":0.0,"damage_taken":11.0},{"damage_healed":0.0,"max_hp_gain":0.0,"max_hp_loss":0.0,"gold_gain":0.0,"event_name":"Scrap Ooze","player_choice":"Success","floor":14.0,"gold_loss":0.0,"damage_taken":12.0,"relics_obtained":["Toxic Egg 2"]},{"damage_healed":0.0,"max_hp_gain":0.0,"max_hp_loss":0.0,"gold_gain":0.0,"event_name":"Cursed Tome","player_choice":"Obtained Book","floor":19.0,"gold_loss":0.0,"damage_taken":16.0},{"damage_healed":0.0,"max_hp_gain":0.0,"max_hp_loss":0.0,"gold_gain":99.0,"event_name":"Nest","player_choice":"Stole From Cult","floor":20.0,"gold_loss":0.0,"damage_taken":0.0},{"damage_healed":0,"gold_gain":0,"player_choice":"Bought 0 Potions","damage_taken":0,"max_hp_gain":0,"max_hp_loss":0,"event_name":"The Woman in Blue","floor":25,"gold_loss":0}],"is_beta":false,"boss_relics":[{"not_picked":["Runic Dome","SacredBark"],"picked":"Pandora\u0027s Box"}],"items_purged_floors":[22],"is_endless":false,"potions_floor_spawned":[1,3,4,21,23,30],"killed_by":"Snake Plant","ascension_level":5}}