{"host":"4edbuligkc8x13l4","time":1607595456,"event":{"gold_per_floor":[118,40,40,115,135,170,170,187,214,247,247,247,197,217,217,217,217],"floor_reached":16,"playtime":295,"items_purged":["Strike_G"],"score":226,"play_id":"11ddfa51-cad1-4787-b2fa-4c82922d0f93","local_time":"20201210181736","is_ascension_mode":true,"campfire_choices":[{"data":"Neutralize","floor":7,"key":"SMITH"},{"floor":15,"key":"REST"}],"neow_cost":"NONE","seed_source_timestamp":540537490871000,"circlet_count":0,"master_deck":["AscendersBane","Strike_G","Strike_G","Strike_G","Strike_G","Defend_G","Defend_G","Defend_G","Defend_G","Defend_G","Survivor","Neutralize+1","Flying Knee","Footwork","Reflex","Slice","Backstab","Tactician","Dodge and Roll"],"relics":["Ring of the Snake","NeowsBlessing","Oddly Smooth Stone","Smiling Mask","MealTicket","Akabeko"],"potions_floor_usage":[10,10,14,16],"damage_taken":[{"damage":0,"enemies":"2 Louse","floor":1,"turns":1},{"damage":0,"enemies":"Small Slimes","floor":5,"turns":1},{"damage":0,"enemies":"3 Sentries","floor":6,"turns":2},{"damage":10,"enemies":"Cultist","floor":8,"turns":4},{"damage":2,"enemies":"Gremlin Nob","floor":10,"turns":3},{"damage":0,"enemies":"2 Fungi Beasts","floor":14,"turns":2},{"damage":61,"enemies":"Slime Boss","floor":16,"turns":12}],"seed_played":"1790873542301365394","potions_obtained":[{"floor":5,"key":"Strength Potion"},{"floor":8,"key":"Fire Potion"},{"floor":10,"key":"Fire Potion"},{"floor":14,"key":"Block Potion"}],"is_trial":false,"path_per_floor":["M","$","?","?","M","E","R","M","T","E","?","?","$","M","R","B"],"character_chosen":"THE_SILENT","items_purchased":["Footwork"],"campfire_rested":1,"item_purchase_floors":[2],"current_hp_per_floor":[59,59,59,48,48,48,48,38,38,36,24,24,39,39,58,0,0],"gold":217,"neow_bonus":"THREE_ENEMY_KILL","is_prod":false,"is_daily":false,"chose_seed":false,"campfire_upgraded":1,"win_rate":0,"timestamp":1607595456,"path_taken":["M","$","?","?","M","E","R","M","T","E","?","?","$","M","R","BOSS"],"build_version":"2020-11-30","purchased_purges":1,"victory":false,"max_hp_per_floor":[66,66,66,66,66,66,66,66,66,66,66,66,66,66,66,66,66],"card_choices":[{"not_picked":["Blur","Backflip"],"picked":"Flying Knee","floor":1},{"not_picked":["Deadly Poison","Quick Slash"],"picked":"Reflex","floor":5},{"not_picked":["Acrobatics","Caltrops"],"picked":"Slice","floor":6},{"not_picked":["Noxious Fumes","Dodge and Roll"],"picked":"Backstab","floor":8},{"not_picked":["Masterful Stab","Dash"],"picked":"Tactician","floor":10},{"not_picked":["Cloak And Dagger","Doppelganger"],"picked":"Dodge and Roll","floor":14}],"player_experience":885904,"relics_obtained":[{"floor":6,"key":"Oddly Smooth Stone"},{"floor":9,"key":"Smiling Mask"},{"floor":10,"key":"MealTicket"}],"event_choices":[{"damage_healed":0,"gold_gain":0,"player_choice":"Ignored","damage_taken":0,"max_hp_gain":0,"max_hp_loss":0,"event_name":"Liars Game","floor":3,"gold_loss":0},{"damage_healed":0,"gold_gain":75,"player_choice":"Gather Gold","damage_taken":11,"max_hp_gain":0,"max_hp_loss":0,"event_name":"World of Goop","floor":4,"gold_loss":0},{"damage_healed":0,"gold_gain":0,"player_choice":"Success","damage_taken":12,"relics_obtained":["Akabeko"],"max_hp_gain":0,"max_hp_loss":0,"event_name":"Scrap Ooze","floor":11,"gold_loss":0},{"damage_healed":0,"gold_gain":0,"player_choice":"Ignored","damage_taken":0,"max_hp_gain":0,"max_hp_loss":0,"event_name":"Shining Light","floor":12,"gold_loss":0}],"is_beta":false,"boss_relics":[],"items_purged_floors":[13],"is_endless":false,"potions_floor_spawned":[5,8,10,14],"killed_by":"Slime Boss","ascension_level":14}}