{"host":"jwt4l0du6olwgnrx","time":1607607706,"event":{"mods":["BaseMod","Minty Spire (QoL Compilation)","StSLib","Marisa£®ÏF”Í°°ƒß¿Ì…≥£©","Remilia£®¿Ÿ√◊¿Ú—«£©","Waifu the Spire"],"gold_per_floor":[114,132,132,150,225,253,287,322,395,426,455,455,455,484,484,581,581,591,591,591,541,640,684,718,754,763,807,848,885,885,923,923,1030,1030,1044,1053,477,0,0,36,73,117,117,158,202,202,202,245,245,245],"floor_reached":51,"playtime":1782,"items_purged":[],"score":1895,"play_id":"7239af81-ad20-40cf-8bee-72d7ca7c98b3","local_time":"20201210214146","daily_mods":["Hoarder","Insanity","Specialized","Vintage","ControlledChaos","Allstar","Heirloom","Time Dilation","Flight","Elite Swarm","Terminal"],"is_ascension_mode":false,"campfire_choices":[{"data":"GravityBeat","floor":15,"key":"SMITH"},{"data":"MillisecondPulsars","floor":30,"key":"SMITH"},{"data":"1","floor":32,"key":"LIFT"},{"data":"2","floor":49,"key":"LIFT"}],"circlet_count":0,"master_deck":["DC","ManaConvection","Acceleration","GravityBeat","PropBag","6A","GravityBeat","Acceleration","MachineGunSpark","DC","MeteoricShower","PowerUp","MysteriousBeam","GasGiant","SporeBomb","Orbital","ShootingEcho","GravityBeat","BlazeAway","ShootTheMoon","OortCloud","Acceleration","DC","DoubleSpark","SporeBomb","6A","OpenUniverse","PowerUp","NonDirectionalLaser","EarthLightRay","MagicAbsorber","GrandCross","DarkMatter","UnstableBomb","MilkyWay","GravityBeat","SporeBomb","PropBag","GalacticHalo","FairyDestructionRay","Singularity","DeepEcoloBomb","EventHorizon","ShootingEcho","AlicesGift","GravityBeat+1","Singularity","ShootingEcho","MilkyWay","EnergyFlow","TreasureHunter","TreasureHunter","TreasureHunter","TreasureHunter","TreasureHunter","TreasureHunter","TreasureHunter","TreasureHunter","TreasureHunter","TreasureHunter","TreasureHunter","TreasureHunter","TreasureHunter","Metamorphosis+1","Metamorphosis","Metamorphosis","Magnetism","Magnetism","Magnetism","Magnetism","Magnetism","Magnetism","Purity+1","Purity","Purity","The Bomb","The Bomb","The Bomb","Regret","Regret","Regret","AbsoluteMagnitude","AbsoluteMagnitude","AbsoluteMagnitude","SuperNova","SuperNova","SuperNova","AbsoluteMagnitude","AbsoluteMagnitude","AbsoluteMagnitude","BigCrunch","BigCrunch","BigCrunch","ManaRampage","ManaRampage","ManaRampage","Parasite","Parasite","Parasite","EscapeVelocity","EscapeVelocity","EscapeVelocity","AbsoluteMagnitude","AbsoluteMagnitude","AbsoluteMagnitude","MillisecondPulsars+1","MillisecondPulsars","MillisecondPulsars","CasketOfStar","CasketOfStar","CasketOfStar","BigCrunch","BigCrunch","BigCrunch","Doubt","Doubt","Doubt","ManaRampage","ManaRampage","ManaRampage","UltimateShortwave","UltimateShortwave","UltimateShortwave","TreasureHunter","TreasureHunter","TreasureHunter","BinaryStars","BinaryStars","BinaryStars","BigCrunch","BigCrunch","BigCrunch","Writhe","Writhe","Writhe","Parasite","Parasite","Parasite","Occultation","Occultation","Occultation","Mind Blast","Mind Blast","Mind Blast","BinaryStars","BinaryStars","BinaryStars","SatelliteIllusion","SatelliteIllusion","SatelliteIllusion","BlazingStar","BlazingStar","BlazingStar","UltimateShortwave","UltimateShortwave","UltimateShortwave","UltimateShortwave","UltimateShortwave","UltimateShortwave","MaximisePower","MaximisePower","MaximisePower"],"relics":["MiniHakkero","Frozen Eye","Mango","Toy Ornithopter","Peace Pipe","Lantern","Juzu Bracelet","Du-Vu Doll","Eternal Feather","Sundial","Letter Opener","Anchor","StrikeDummy","Nunchaku","Happy Flower","War Paint","Cursed Key","CeramicFish","Nilry\u0027s Codex","CaptainsWheel","FossilizedHelix","Ice Cream","Girya","MealTicket","Centennial Puzzle","Blue Candle","Potion Belt","Gambling Chip","Sozu","Bird Faced Urn","Pen Nib","DollysMirror","Boot","Red Mask","PreservedInsect","Kunai","Omamori","White Beast Statue","ScarletDevilRocket","Bronze Scales","Akabeko"],"acts_visited":["Exordium","TheCity","TheBeyond"],"potions_floor_usage":[16],"damage_taken":[{"damage":0,"enemies":"Cultist","floor":1,"turns":2},{"damage":6,"enemies":"Jaw Worm","floor":2,"turns":2},{"damage":5,"enemies":"Small Slimes","floor":4,"turns":2},{"damage":0,"enemies":"Gremlin Nob","floor":6,"turns":1},{"damage":0,"enemies":"Lagavulin","floor":7,"turns":2},{"damage":4,"enemies":"Gremlin Nob","floor":8,"turns":3},{"damage":0,"enemies":"Lagavulin","floor":10,"turns":2},{"damage":0,"enemies":"Gremlin Nob","floor":11,"turns":2},{"damage":4,"enemies":"3 Sentries","floor":14,"turns":4},{"damage":25,"enemies":"Hexaghost","floor":16,"turns":5},{"damage":0,"enemies":"Spheric Guardian","floor":18,"turns":2},{"damage":3,"enemies":"Gremlin Leader","floor":23,"turns":3},{"damage":7,"enemies":"Book of Stabbing","floor":24,"turns":3},{"damage":0,"enemies":"Gremlin Leader","floor":25,"turns":2},{"damage":9,"enemies":"Slavers","floor":27,"turns":4},{"damage":0,"enemies":"Book of Stabbing","floor":28,"turns":1},{"damage":0,"enemies":"Slavers","floor":29,"turns":4},{"damage":0,"enemies":"Gremlin Leader","floor":31,"turns":2},{"damage":14,"enemies":"Automaton","floor":33,"turns":3},{"damage":0,"enemies":"Orb Walker","floor":35,"turns":2},{"damage":0,"enemies":"Nemesis","floor":40,"turns":1},{"damage":0,"enemies":"Giant Head","floor":41,"turns":1},{"damage":0,"enemies":"Reptomancer","floor":42,"turns":1},{"damage":0,"enemies":"Giant Head","floor":44,"turns":1},{"damage":0,"enemies":"Nemesis","floor":45,"turns":1},{"damage":0,"enemies":"Giant Head","floor":48,"turns":1},{"damage":0,"enemies":"Time Eater","floor":50,"turns":1}],"seed_played":"-7407422117508515508","potions_obtained":[{"floor":2,"key":"SpeedPotion"},{"floor":4,"key":"Strength Potion"},{"floor":7,"key":"DistilledChaos"},{"floor":16,"key":"BlessingOfTheForge"},{"floor":31,"key":"LiquidMemories"},{"floor":33,"key":"SpeedPotion"}],"is_trial":true,"path_per_floor":["M","M","?","M","?","E","E","E","T","E","E","?","?","E","R","B",null,"M","?","?","?","?","E","E","E","T","E","E","E","R","E","R","B",null,"M","?","$","?","$","E","E","E","T","E","E","?","?","E","R","B",null],"character_chosen":"MARISA","items_purchased":["Pen Nib","DollysMirror","Boot","Occultation","Mind Blast"],"campfire_rested":0,"item_purchase_floors":[37,37,37,37,37],"current_hp_per_floor":[87,81,81,76,68,68,68,64,64,64,64,86,85,81,83,58,81,80,64,49,49,49,46,43,43,43,34,34,34,73,72,71,57,69,68,67,66,65,64,63,62,61,60,59,58,57,56,55,54,53],"gold":245,"neow_bonus":"","is_daily":false,"chose_seed":false,"campfire_upgraded":2,"win_rate":0,"timestamp":1607607706,"path_taken":["M","M","?","M","?","E","E","E","T","E","E","?","?","E","R","BOSS","M","?","?","?","?","E","E","E","T","E","E","E","R","E","R","BOSS","M","?","$","?","$","E","E","E","T","E","E","?","?","E","R","BOSS"],"build_version":"2020-11-30","purchased_purges":0,"victory":true,"max_hp_per_floor":[87,86,85,84,83,82,81,80,79,78,77,86,85,84,83,82,81,80,79,83,82,81,80,79,78,77,76,75,74,73,72,71,70,69,68,67,66,65,64,63,62,61,60,59,58,57,56,55,54,53],"card_choices":[{"not_picked":["TreasureHunter","EscapeVelocity"],"picked":"AbsoluteMagnitude","floor":6},{"not_picked":["EscapeVelocity","AbsoluteMagnitude"],"picked":"SuperNova","floor":7},{"not_picked":["JA","TreasureHunter"],"picked":"AbsoluteMagnitude","floor":8},{"not_picked":["SuperNova","JA"],"picked":"BigCrunch","floor":10},{"not_picked":["SatelliteIllusion","CollectingQuirk"],"picked":"ManaRampage","floor":11},{"not_picked":["FinalSpark","ManaRampage"],"picked":"EscapeVelocity","floor":14},{"not_picked":["TreasureHunter","MaximisePower"],"picked":"AbsoluteMagnitude","floor":16},{"not_picked":["JA","FinalSpark"],"picked":"MillisecondPulsars","floor":23},{"not_picked":["SuperNova","CollectingQuirk"],"picked":"CasketOfStar","floor":24},{"not_picked":["CasketOfStar","EscapeVelocity"],"picked":"BigCrunch","floor":25},{"not_picked":["CasketOfStar","MillisecondPulsars"],"picked":"ManaRampage","floor":27},{"not_picked":["MillisecondPulsars","StarDustReverie"],"picked":"UltimateShortwave","floor":28},{"not_picked":["CasketOfStar","MillisecondPulsars"],"picked":"TreasureHunter","floor":29},{"not_picked":["StarDustReverie","FinalSpark"],"picked":"BinaryStars","floor":31},{"not_picked":["MaximisePower","ManaRampage"],"picked":"BigCrunch","floor":33},{"not_picked":["SuperNova","FinalSpark"],"picked":"BinaryStars","floor":40},{"not_picked":["MillisecondPulsars","ManaRampage"],"picked":"SatelliteIllusion","floor":41},{"not_picked":["SuperNova","MillisecondPulsars"],"picked":"BlazingStar","floor":42},{"not_picked":["CasketOfStar","JA"],"picked":"UltimateShortwave","floor":44},{"not_picked":["MaximisePower","JA"],"picked":"UltimateShortwave","floor":45},{"not_picked":["SatelliteIllusion","ManaRampage"],"picked":"MaximisePower","floor":48}],"player_experience":366264,"relics_obtained":[{"floor":1,"key":"Toy Ornithopter"},{"floor":2,"key":"Peace Pipe"},{"floor":4,"key":"Juzu Bracelet"},{"floor":6,"key":"Du-Vu Doll"},{"floor":7,"key":"Eternal Feather"},{"floor":8,"key":"Sundial"},{"floor":9,"key":"Letter Opener"},{"floor":10,"key":"Anchor"},{"floor":11,"key":"StrikeDummy"},{"floor":14,"key":"Nunchaku"},{"floor":14,"key":"Happy Flower"},{"floor":14,"key":"War Paint"},{"floor":18,"key":"CeramicFish"},{"floor":19,"key":"Nilry\u0027s Codex"},{"floor":23,"key":"CaptainsWheel"},{"floor":24,"key":"FossilizedHelix"},{"floor":25,"key":"Ice Cream"},{"floor":26,"key":"Girya"},{"floor":27,"key":"MealTicket"},{"floor":28,"key":"Centennial Puzzle"},{"floor":29,"key":"Blue Candle"},{"floor":29,"key":"Potion Belt"},{"floor":31,"key":"Gambling Chip"},{"floor":35,"key":"Bird Faced Urn"},{"floor":40,"key":"PreservedInsect"},{"floor":41,"key":"Kunai"},{"floor":42,"key":"Omamori"},{"floor":43,"key":"White Beast Statue"},{"floor":44,"key":"ScarletDevilRocket"},{"floor":45,"key":"Bronze Scales"},{"floor":48,"key":"Akabeko"}],"event_choices":[{"damage_healed":0,"gold_gain":0,"player_choice":"Box","damage_taken":0,"relics_obtained":["Lantern"],"max_hp_gain":0,"max_hp_loss":0,"event_name":"Big Fish","floor":3,"gold_loss":0,"cards_obtained":["Regret"]},{"damage_healed":0,"gold_gain":75,"player_choice":"Touch","damage_taken":8,"max_hp_gain":0,"max_hp_loss":0,"event_name":"FaceTrader","floor":5,"gold_loss":0},{"cards_removed":["TreasureHunter"],"damage_healed":13,"gold_gain":0,"player_choice":"Offered Rare","damage_taken":0,"max_hp_gain":10,"max_hp_loss":0,"event_name":"Bonfire Elementals","floor":12,"gold_loss":0},{"damage_healed":21,"gold_gain":0,"player_choice":"Healed and dodged fight","damage_taken":0,"max_hp_gain":0,"max_hp_loss":0,"event_name":"Mushrooms_MRS","floor":13,"gold_loss":0,"cards_obtained":["Parasite"]},{"damage_healed":0,"gold_gain":0,"player_choice":"Obtained Book","damage_taken":16,"max_hp_gain":0,"max_hp_loss":0,"event_name":"Cursed Tome","floor":19,"gold_loss":0},{"damage_healed":0,"gold_gain":0,"player_choice":"Shed Blood","damage_taken":20,"max_hp_gain":5,"max_hp_loss":0,"event_name":"Forgotten Altar","floor":20,"gold_loss":0},{"damage_healed":0,"gold_gain":0,"player_choice":"Bet on Murderer","damage_taken":0,"max_hp_gain":0,"max_hp_loss":0,"event_name":"The Joust","floor":21,"gold_loss":50},{"damage_healed":0,"gold_gain":99,"player_choice":"Stole From Cult","damage_taken":0,"max_hp_gain":0,"max_hp_loss":0,"event_name":"Nest","floor":22,"gold_loss":0},{"damage_healed":17,"gold_gain":0,"player_choice":"Writhe","damage_taken":0,"max_hp_gain":0,"max_hp_loss":0,"event_name":"Winding Halls","floor":36,"gold_loss":0,"cards_obtained":["Writhe"]},{"damage_healed":0,"gold_gain":0,"player_choice":"Paid","damage_taken":0,"relics_obtained":["Red Mask"],"max_hp_gain":0,"max_hp_loss":0,"event_name":"Tomb of Lord Red Mask","floor":38,"gold_loss":477},{"damage_healed":0,"gold_gain":0,"player_choice":"Got Potions","damage_taken":0,"max_hp_gain":0,"max_hp_loss":0,"event_name":"Lab","floor":46,"gold_loss":0},{"cards_removed":["TreasureHunter"],"damage_healed":0,"gold_gain":0,"player_choice":"Removed Attack","damage_taken":0,"max_hp_gain":0,"max_hp_loss":0,"event_name":"Falling","floor":47,"gold_loss":0}],"is_beta":false,"boss_relics":[{"not_picked":["Philosopher\u0027s Stone","SacredBark"],"picked":"Cursed Key"},{"not_picked":["Snecko Eye","Astrolabe"],"picked":"Sozu"}],"items_purged_floors":[],"is_endless":false,"potions_floor_spawned":[2,4,7,11,16,27,28,31,33,40,44,45,48],"ascension_level":0}}