{"host":"uzcks4yhskks9i02","time":1607581919,"event":{"gold_per_floor":[119,119,131,142,162,197,197,13,13,35,56,111,111,154,154,267,267,267,267,4,4,4,4,4,4,4],"floor_reached":25,"playtime":1351,"items_purged":[],"score":245,"play_id":"e297a49f-e23a-48a1-b1ae-f717d90f3a6e","local_time":"20201209233159","is_ascension_mode":true,"campfire_choices":[{"floor":7,"key":"REST"},{"floor":13,"key":"REST"},{"floor":15,"key":"REST"},{"floor":24,"key":"REST"}],"neow_cost":"TEN_PERCENT_HP_LOSS","seed_source_timestamp":84020581381000,"circlet_count":0,"master_deck":["Strike_B","Strike_B","Strike_B","Defend_B","Defend_B","Defend_B","Zap","Dualcast","Defragment+1","Turbo","Capacitor","Redo","Auto Shields","Tempest","Biased Cognition","Tempest","Defragment","Sunder","Sweeping Beam","Loop","Ball Lightning","Machine Learning","Loop+1","Auto Shields","Ball Lightning","Auto Shields","Leap+1","Defragment+1"],"special_seed":0,"relics":["Cracked Core","Juzu Bracelet","CeramicFish","PreservedInsect","Gremlin Horn","Ectoplasm","TheAbacus","Pen Nib"],"potions_floor_usage":[6],"damage_taken":[{"damage":5.0,"enemies":"Small Slimes","floor":1.0,"turns":4.0},{"damage":1.0,"enemies":"Cultist","floor":3.0,"turns":3.0},{"damage":8.0,"enemies":"Jaw Worm","floor":4.0,"turns":3.0},{"damage":2.0,"enemies":"3 Louse","floor":5.0,"turns":3.0},{"damage":14,"enemies":"Gremlin Nob","floor":6,"turns":4},{"damage":15,"enemies":"Exordium Thugs","floor":10,"turns":3},{"damage":20,"enemies":"Gremlin Gang","floor":11,"turns":3},{"damage":8,"enemies":"Lagavulin","floor":14,"turns":4},{"damage":31,"enemies":"The Guardian","floor":16,"turns":8},{"damage":15,"enemies":"3 Byrds","floor":18,"turns":3},{"damage":17,"enemies":"Shell Parasite","floor":19,"turns":4},{"damage":12,"enemies":"Centurion and Healer","floor":21,"turns":5},{"damage":31,"enemies":"Gremlin Leader","floor":23,"turns":5},{"damage":35,"enemies":"Slavers","floor":25,"turns":3}],"seed_played":"-5929233008271080836","potions_obtained":[{"floor":1.0,"key":"Weak Potion"},{"floor":5.0,"key":"Weak Potion"},{"floor":6,"key":"GamblersBrew"},{"floor":11,"key":"LiquidBronze"}],"is_trial":false,"path_per_floor":["M","?","M","M","M","E","R","$","T","M","M","T","R","E","R","B",null,"M","M","$","M","?","E","R","E"],"character_chosen":"DEFECT","items_purchased":["Tempest","Defragment","Sunder","Ball Lightning","Auto Shields","TheAbacus"],"campfire_rested":4,"item_purchase_floors":[8,8,8,20,20,20],"current_hp_per_floor":[63,63,62,54,52,38,58,58,58,43,23,23,43,35,55,24,68,53,36,36,24,46,15,35,0,0],"gold":4,"neow_bonus":"TRANSFORM_TWO_CARDS","is_prod":false,"is_daily":false,"chose_seed":false,"campfire_upgraded":0,"win_rate":0,"timestamp":1607581919,"path_taken":["M","?","M","?","M","E","R","$","T","M","M","?","R","E","R","BOSS","M","M","$","M","?","E","R","E"],"build_version":"2020-11-30","purchased_purges":0,"victory":false,"max_hp_per_floor":[68,68,68,68,68,68,68,68,68,68,68,68,68,68,68,68,68,68,68,68,68,68,68,68,68,68],"card_choices":[{"not_picked":["Steam","Loop"],"picked":"Capacitor","floor":1.0},{"not_picked":["Streamline","Go for the Eyes"],"picked":"Redo","floor":3.0},{"not_picked":["Undo","Steam"],"picked":"Auto Shields","floor":4.0},{"not_picked":["Stack","Compile Driver"],"picked":"Tempest","floor":5.0},{"not_picked":["Leap","Stack"],"picked":"Biased Cognition","floor":6},{"not_picked":["Cold Snap","Compile Driver"],"picked":"Sweeping Beam","floor":10},{"not_picked":["Barrage","Coolheaded"],"picked":"Loop","floor":11},{"not_picked":["Skim","Redo"],"picked":"Ball Lightning","floor":14},{"not_picked":["All For One","Fission"],"picked":"Machine Learning","floor":16},{"not_picked":["Rebound","Sweeping Beam"],"picked":"Loop+1","floor":18},{"not_picked":["Recycle+1","Rebound+1"],"picked":"Auto Shields","floor":19},{"not_picked":["Go for the Eyes","Auto Shields"],"picked":"Leap+1","floor":21},{"not_picked":["Core Surge","Seek"],"picked":"Defragment+1","floor":23}],"player_experience":422629,"relics_obtained":[{"floor":6,"key":"Juzu Bracelet"},{"floor":9,"key":"CeramicFish"},{"floor":12,"key":"PreservedInsect"},{"floor":14,"key":"Gremlin Horn"},{"floor":23,"key":"Pen Nib"}],"event_choices":[{"damage_healed":0.0,"max_hp_gain":0.0,"max_hp_loss":0.0,"gold_gain":0.0,"event_name":"Upgrade Shrine","player_choice":"Upgraded","floor":2.0,"gold_loss":0.0,"damage_taken":0.0,"cards_upgraded":["Defragment"]},{"damage_healed":22,"gold_gain":0,"player_choice":"Heal","damage_taken":0,"max_hp_gain":0,"max_hp_loss":0,"event_name":"The Library","floor":22,"gold_loss":0}],"is_beta":false,"boss_relics":[{"not_picked":["SlaversCollar","Coffee Dripper"],"picked":"Ectoplasm"}],"items_purged_floors":[],"is_endless":false,"potions_floor_spawned":[1,5,6,11,16,19],"killed_by":"Slavers","ascension_level":1}}