{"host":"l2dnabsh5e0fsksb","time":1607616123,"event":{"mods":["BaseMod","StSLib","Minty Spire (QoL Compilation)","Quick Restart","Downfall","2.2 Compatiblity","TheBandit"],"gold_per_floor":[17,17,17,27,46,46,59,59,59,59,59,87,87,99,99,194,194,212,137,137,57,57,87,87,114,191,191,191,191],"floor_reached":27,"playtime":908,"items_purged":[],"score":296,"play_id":"2f733ad4-b527-447a-ac8c-3a0f85d35247","local_time":"20201211023203","is_ascension_mode":true,"campfire_choices":[{"data":"wariomod:GreaterGuard","floor":6.0,"key":"SMITH"},{"data":"wariomod:Hopshield","floor":8.0,"key":"SMITH"},{"data":"wariomod:Leap","floor":11.0,"key":"SMITH"},{"data":"wariomod:RacingSpeed","floor":13.0,"key":"SMITH"},{"floor":15.0,"key":"REST"},{"floor":24,"key":"REST"}],"circlet_count":0,"master_deck":["wariomod:Strike","wariomod:Strike","wariomod:Defend","wariomod:Defend","wariomod:Defend","wariomod:Step","wariomod:Leap+1","wariomod:ThatsNotAll+1","wariomod:GreaterGuard+1","wariomod:ChargeForth","wariomod:Hopshield+1","wariomod:RacingSpeed+1","wariomod:BlastDash","wariomod:PoisonBombs","wariomod:SmackSlam","wariomod:RacingSpeed","wariomod:Purify+1","wariomod:EndlessBlast+1"],"special_seed":0,"relics":["wariomod:TheHat","Kunai","Unceasing Top","Omamori","Cursed Key","Nilry\u0027s Codex","Calipers","Toxic Egg 2","Blue Candle","Shuriken"],"acts_visited":["Exordium","TheCity"],"potions_floor_usage":[23,23,23],"damage_taken":[{"damage":5.0,"enemies":"Small Slimes","floor":1.0,"turns":2.0},{"damage":0.0,"enemies":"Cultist","floor":4.0,"turns":4.0},{"damage":2.0,"enemies":"Jaw Worm","floor":5.0,"turns":3.0},{"damage":6.0,"enemies":"3 Louse","floor":7.0,"turns":2.0},{"damage":32.0,"enemies":"3 Sentries","floor":12.0,"turns":5.0},{"damage":2.0,"enemies":"Exordium Wildlife","floor":14.0,"turns":3.0},{"damage":47.0,"enemies":"Slime Boss","floor":16.0,"turns":9.0},{"damage":16.0,"enemies":"Chosen","floor":18.0,"turns":5.0},{"damage":20,"enemies":"Book of Stabbing","floor":23,"turns":6},{"damage":44,"enemies":"Gremlin Leader","floor":25,"turns":7},{"damage":11,"enemies":"Book of Stabbing","floor":27,"turns":2}],"seed_played":"-2462177217167870781","potions_obtained":[{"floor":7.0,"key":"SpeedPotion"},{"floor":12.0,"key":"DuplicationPotion"},{"floor":16.0,"key":"SkillPotion"},{"floor":18.0,"key":"DistilledChaos"}],"is_trial":false,"path_per_floor":["M","?","?","M","M","R","M","R","T","?","R","E","R","M","R","B",null,"M","?","?","$","T","E","R","E","T","E"],"character_chosen":"THE_BANDIT","items_purchased":["wariomod:RacingSpeed"],"campfire_rested":2,"item_purchase_floors":[21],"current_hp_per_floor":[75,75,75,75,73,73,67,67,67,67,67,35,35,33,57,10,80,64,64,48,48,48,28,52,8,8,0,0,0],"gold":191,"neow_bonus":"REMOVE_TWO","is_daily":false,"chose_seed":false,"campfire_upgraded":4,"win_rate":0,"timestamp":1607616123,"path_taken":["M","?","?","?","M","R","M","R","T","?","R","E","R","M","R","BOSS","M","?","?","?","?","E","R","E","T","E"],"build_version":"2020-11-30","purchased_purges":0,"victory":false,"max_hp_per_floor":[80,80,80,80,80,80,80,80,80,80,80,80,80,80,80,80,80,80,80,80,80,80,80,80,80,80,80,80,80],"card_choices":[{"not_picked":["wariomod:BlastDash","wariomod:Bomblaster"],"picked":"wariomod:ThatsNotAll","floor":1.0},{"not_picked":["wariomod:Game","wariomod:Hopshield"],"picked":"wariomod:GreaterGuard","floor":4.0},{"not_picked":["wariomod:Boomsmack","wariomod:EmptyMind"],"picked":"wariomod:ChargeForth","floor":5.0},{"not_picked":["wariomod:BlastDash","wariomod:ThatsNotAll"],"picked":"wariomod:Hopshield","floor":7.0},{"not_picked":["wariomod:Bombshield","wariomod:GreaterGuard"],"picked":"wariomod:RacingSpeed","floor":12.0},{"not_picked":["wariomod:Bombshield","wariomod:SpikeSlash"],"picked":"wariomod:BlastDash","floor":14.0},{"not_picked":["wariomod:KeyFinisher","wariomod:FabulousPrizes"],"picked":"wariomod:PoisonBombs","floor":16.0},{"not_picked":["wariomod:Boomsmack","wariomod:DoubleDash"],"picked":"wariomod:SmackSlam","floor":18.0},{"not_picked":["wariomod:DonateDraw","wariomod:DeepDig+1"],"picked":"wariomod:Purify+1","floor":23},{"not_picked":["wariomod:WipeClean+1","wariomod:HappyHop+1"],"picked":"wariomod:EndlessBlast+1","floor":25}],"player_experience":1730956,"relics_obtained":[{"floor":9.0,"key":"Kunai"},{"floor":12.0,"key":"Omamori"},{"floor":20.0,"key":"Nilry\u0027s Codex"},{"floor":22.0,"key":"Calipers"},{"floor":23,"key":"Toxic Egg 2"},{"floor":25,"key":"Blue Candle"},{"floor":26,"key":"Shuriken"}],"event_choices":[{"damage_healed":0.0,"max_hp_gain":0.0,"max_hp_loss":0.0,"gold_gain":0.0,"event_name":"Living Wall","player_choice":"Grow","floor":2.0,"gold_loss":0.0,"damage_taken":0.0,"cards_upgraded":["wariomod:ThatsNotAll"]},{"cards_removed":["wariomod:Strike"],"damage_healed":0.0,"max_hp_gain":0.0,"max_hp_loss":0.0,"gold_gain":0.0,"event_name":"Purifier","player_choice":"Purged","floor":3.0,"gold_loss":0.0,"damage_taken":0.0},{"damage_healed":0.0,"max_hp_gain":0.0,"max_hp_loss":0.0,"gold_gain":0.0,"event_name":"Big Fish","player_choice":"Box","floor":10.0,"gold_loss":0.0,"damage_taken":0.0,"relics_obtained":["Unceasing Top"],"cards_obtained":["Regret"]},{"cards_removed":["Regret"],"damage_healed":0.0,"max_hp_gain":0.0,"max_hp_loss":0.0,"gold_gain":0.0,"event_name":"Beggar","player_choice":"Gave Gold","floor":19.0,"gold_loss":75.0,"damage_taken":0.0},{"damage_healed":0.0,"max_hp_gain":0.0,"max_hp_loss":0.0,"gold_gain":0.0,"event_name":"Cursed Tome","player_choice":"Obtained Book","floor":20.0,"gold_loss":0.0,"damage_taken":16.0}],"is_beta":false,"boss_relics":[{"not_picked":["Philosopher\u0027s Stone","Snecko Eye"],"picked":"Cursed Key"}],"items_purged_floors":[],"is_endless":false,"potions_floor_spawned":[7,12,16,18],"killed_by":"Book of Stabbing","ascension_level":4}}