{"host":"11728qvdvolffudn","time":1607615972,"event":{"mods":["BaseMod","Block Reminder","Colored Powertips","Minty Spire (QoL Compilation)","Permanent Neow","Quick Restart","Rare Cards Sparkle","Relic Stats","Highlight Path","Custom Start","Displayed Cursed Tome"],"gold_per_floor":[114,68,84,84,34,34,34,34,34,50,50,70,70,104,104,199,199,218,231,245,143,154,154,168,182,182,182,182,192,192,207,207,207,207],"floor_reached":33,"playtime":1633,"items_purged":["Strike_R"],"score":299,"play_id":"45bb653c-58b8-4caa-a51e-08b5bff55609","local_time":"20201210155932","is_ascension_mode":false,"campfire_choices":[{"data":"Flex","floor":6,"key":"SMITH"},{"data":"Bash","floor":8,"key":"SMITH"},{"data":"Defend_R","floor":11,"key":"SMITH"},{"data":"Feed","floor":13,"key":"SMITH"},{"data":"Defend_R","floor":15,"key":"SMITH"},{"data":"Whirlwind","floor":23,"key":"SMITH"},{"data":"Defend_R","floor":27,"key":"SMITH"},{"data":"Flex","floor":30,"key":"SMITH"},{"floor":32,"key":"REST"}],"circlet_count":0,"master_deck":["Strike_R","Strike_R+1","Strike_R+1","Defend_R+1","Defend_R","Defend_R+1","Defend_R+1","Bash+1","Cleave","Flex+1","Feed+1","Flex+1","Whirlwind+1","Flex+1","Flex","Pummel"],"relics":["Burning Blood","Lantern","Mummified Hand","Anchor","Philosopher\u0027s Stone","Bag of Marbles","Shuriken"],"acts_visited":["Exordium","TheCity"],"potions_floor_usage":[14,14,16,18,19,29,29,29,29,33],"damage_taken":[{"damage":0,"enemies":"Small Slimes","floor":1,"turns":3},{"damage":1,"enemies":"Cultist","floor":3,"turns":3},{"damage":1,"enemies":"Jaw Worm","floor":10,"turns":2},{"damage":0,"enemies":"Gremlin Gang","floor":12,"turns":2},{"damage":8,"enemies":"Gremlin Nob","floor":14,"turns":3},{"damage":51,"enemies":"Slime Boss","floor":16,"turns":13},{"damage":18,"enemies":"3 Byrds","floor":18,"turns":4},{"damage":11,"enemies":"2 Thieves","floor":19,"turns":4},{"damage":35,"enemies":"Chosen and Byrds","floor":20,"turns":7},{"damage":34,"enemies":"Snecko","floor":22,"turns":6},{"damage":1,"enemies":"3 Cultists","floor":24,"turns":3},{"damage":0,"enemies":"Cultist and Chosen","floor":25,"turns":3},{"damage":3,"enemies":"Centurion and Healer","floor":29,"turns":3},{"damage":33,"enemies":"Shelled Parasite and Fungi","floor":31,"turns":6},{"damage":82,"enemies":"Collector","floor":33,"turns":7}],"seed_played":"8668908348448617375","potions_obtained":[{"floor":7,"key":"SneckoOil"},{"floor":7,"key":"Ancient Potion"},{"floor":7,"key":"Explosive Potion"},{"floor":10,"key":"ColorlessPotion"},{"floor":12,"key":"SkillPotion"},{"floor":14,"key":"BlessingOfTheForge"},{"floor":16,"key":"Ancient Potion"},{"floor":18,"key":"Explosive Potion"},{"floor":22,"key":"EntropicBrew"},{"floor":24,"key":"Block Potion"},{"floor":31,"key":"BloodPotion"}],"is_trial":false,"path_per_floor":["M","$","M","?","?","R","?","R","T","M","R","M","R","E","R","B",null,"M","M","M","$","M","R","M","M","T","R","?","M","R","M","R","B"],"character_chosen":"IRONCLAD","items_purchased":["Flex","Flex"],"campfire_rested":1,"item_purchase_floors":[2,21],"current_hp_per_floor":[80,80,80,64,64,64,64,64,64,69,69,75,75,73,73,28,80,72,71,42,42,14,14,23,33,33,33,33,36,36,9,37,0,0],"gold":207,"neow_bonus":"RANDOM_COMMON_RELIC","is_daily":false,"chose_seed":false,"campfire_upgraded":8,"win_rate":0,"timestamp":1607615972,"path_taken":["M","$","M","?","?","R","?","R","T","?","R","?","R","E","R","BOSS","M","M","M","$","M","R","M","M","T","R","?","?","R","M","R","BOSS"],"build_version":"2020-11-30","purchased_purges":1,"victory":false,"max_hp_per_floor":[80,80,80,80,80,80,80,80,80,80,80,80,80,80,80,80,80,84,88,88,88,88,88,92,96,96,96,96,96,96,96,96,96,96],"relic_stats":{"counters":[15,69],"Mummified Hand":[0],"Shuriken":[2],"obtain_stats":[{"Lantern":0,"Anchor":14,"Mummified Hand":9,"Shuriken":28,"Philosopher\u0027s Stone":17,"Bag of Marbles":26,"Burning Blood":0},{"Lantern":0,"Anchor":5,"Mummified Hand":2,"Shuriken":12,"Philosopher\u0027s Stone":6,"Bag of Marbles":12,"Burning Blood":0},{"Lantern":0,"Anchor":13,"Mummified Hand":6,"Shuriken":53,"Philosopher\u0027s Stone":26,"Bag of Marbles":53,"Burning Blood":0}],"Burning Blood":73},"card_choices":[{"not_picked":["Wild Strike","Havoc"],"picked":"Cleave","floor":1},{"not_picked":["True Grit","Second Wind","Thunderclap"],"picked":"SKIP","floor":3},{"not_picked":["Thunderclap","Perfected Strike","True Grit"],"picked":"SKIP","floor":10},{"not_picked":["Combust","Reckless Charge"],"picked":"Feed","floor":12},{"not_picked":["Sword Boomerang","True Grit","Juggernaut"],"picked":"SKIP","floor":14},{"not_picked":["Perfected Strike","Thunderclap+1"],"picked":"Flex+1","floor":18},{"not_picked":["Flame Barrier+1","Combust","Uppercut"],"picked":"SKIP","floor":19},{"not_picked":["Burning Pact","Heavy Blade"],"picked":"Whirlwind","floor":20},{"not_picked":["Heavy Blade","Anger","Clothesline"],"picked":"SKIP","floor":22},{"not_picked":["Bludgeon","Uppercut","Spot Weakness"],"picked":"SKIP","floor":24},{"not_picked":["Iron Wave","Dark Embrace","Heavy Blade+1"],"picked":"SKIP","floor":25},{"not_picked":["Shrug It Off+1","Second Wind"],"picked":"Flex","floor":29},{"not_picked":["Sword Boomerang","Armaments+1"],"picked":"Pummel","floor":31}],"player_experience":110545,"relics_obtained":[{"floor":9,"key":"Mummified Hand"},{"floor":14,"key":"Anchor"},{"floor":26,"key":"Bag of Marbles"}],"event_choices":[{"damage_healed":0,"gold_gain":0,"player_choice":"Entered Light","damage_taken":16,"max_hp_gain":0,"max_hp_loss":0,"event_name":"Shining Light","floor":4,"gold_loss":0,"cards_upgraded":["Strike_R","Strike_R"]},{"cards_removed":["Strike_R"],"damage_healed":0,"gold_gain":0,"player_choice":"Card Removal","damage_taken":0,"max_hp_gain":0,"max_hp_loss":0,"event_name":"The Cleric","floor":5,"gold_loss":50},{"damage_healed":0,"gold_gain":0,"player_choice":"Got Potions","damage_taken":0,"max_hp_gain":0,"max_hp_loss":0,"event_name":"Lab","floor":7,"gold_loss":0},{"damage_healed":0,"gold_gain":0,"player_choice":"Gave Potion","damage_taken":0,"relics_obtained":["Shuriken"],"max_hp_gain":0,"max_hp_loss":0,"event_name":"WeMeetAgain","floor":28,"gold_loss":0}],"is_beta":false,"boss_relics":[{"not_picked":["Mark of Pain","Calling Bell"],"picked":"Philosopher\u0027s Stone"}],"items_purged_floors":[21],"is_endless":false,"potions_floor_spawned":[10,12,14,16,18,22,24,31],"killed_by":"Collector","ascension_level":0}}