{"host":"wonp23fsqqcu31ie","time":1607570333,"event":{"gold_per_floor":[128,128,128,44,64,109,109,109,109],"floor_reached":8,"playtime":224,"items_purged":[],"score":107,"play_id":"72d4b1d6-2452-4dbd-b9a6-5d30294d43c6","local_time":"20201210141853","is_ascension_mode":true,"campfire_choices":[],"neow_cost":"","seed_source_timestamp":15530228372700,"circlet_count":0,"master_deck":["conspire:GhostlyStrike","conspire:GhostlyDefend","conspire:GhostlyStrike","conspire:GhostlyStrike","conspire:GhostlyStrike","conspire:GhostlyDefend","conspire:GhostlyDefend","conspire:GhostlyDefend","animator:Kuroyukihime","animator:LimeBell","animator:Sloth","animator:RoyMustang","animator:MaesHughes","animator:IrohaTamaki"],"relics":["animator:LivingPicture","animator:TheMissingPiece","Ring of the Snake","MerchantsRug","Replay:Wax Seal","Medical Kit","Golden Idol","HandDrill","Blue Doll"],"potions_floor_usage":[6,8],"damage_taken":[{"damage":0,"enemies":"Small Slimes","floor":1,"turns":4},{"damage":6,"enemies":"Jaw Worm","floor":5,"turns":3},{"damage":10,"enemies":"Gremlin Nob","floor":6,"turns":5},{"damage":17,"enemies":"3 Sentries","floor":8,"turns":2}],"seed_played":"1834522174775817225","potions_obtained":[{"floor":5,"key":"Energy Potion"},{"floor":6,"key":"Swift Potion"}],"is_trial":false,"path_per_floor":["M","?","?","$","M","E","?","E"],"character_chosen":"THE_ANIMATOR","items_purchased":["aspiration:SeaSaltIceCream","animator:Sloth","MerchantsRug","Replay:Wax Seal","Medical Kit","HandDrill"],"campfire_rested":0,"item_purchase_floors":[0,0,0,0,0,4],"current_hp_per_floor":[33,33,33,33,28,18,11,0,0],"gold":109,"neow_bonus":"","is_prod":false,"is_daily":false,"chose_seed":false,"campfire_upgraded":0,"win_rate":0,"timestamp":1607570333,"path_taken":["M","?","?","?","M","E","?","E"],"build_version":"2020-11-30","purchased_purges":0,"victory":false,"max_hp_per_floor":[66,66,66,66,67,67,67,67,67],"relic_stats":{"counters":[60,312],"Golden Idol":11,"HandDrill":[2],"Medical Kit":[0],"obtain_stats":[{"construct:FoamFinger":9,"Nilry\u0027s Codex":21,"CeramicFish":23,"aspiration:PoetsPen_weak":34,"Uniform":0,"Whetstone":48,"Boot":10,"Sling":12,"Blood Vial":3,"aspiration:MobileForge":17,"Strawberry":40,"Fusion Hammer":34,"HandDrill":4,"Toxic Egg 2":46,"Replay:Wax Seal":0,"MerchantsRug":0,"aspiration:Nostalgia":0,"Replay:Grab Bag":34,"Eternal Feather":6,"Ring of Chaos":34,"aspiration:SeaSaltIceCream":0,"aspiration:IroncladSkillbook":0,"hubris:Zylophone":0,"Bronze Scales":48,"MutagenicStrength":21,"Simple Rune":26,"Black Star":17,"aspiration:Lifesprig":53,"Torii":42,"Shade:YorickSkull":0,"animator:TheMissingPiece":0,"Blue Doll":6,"Bag of Preparation":26,"Juzu Bracelet":43,"Replay:Mystery Machine":54,"PrismaticShard":27,"Chemical X":37,"Ring of the Snake":0,"Potion Belt":46,"Gremlin Food":38,"Lee\u0027s Waffle":20,"construct:WeddingRing":34,"Golden Idol":2,"Omamori":40,"Frozen Egg 2":23,"Orichalcum":14,"Medical Kit":0,"Busted Crown":34,"Ornamental Fan":46,"animator:LivingPicture":0,"Bag of Marbles":37,"Garlic":8,"TungstenRod":0,"hubris:BottledRain":43},{"construct:FoamFinger":6,"Nilry\u0027s Codex":10,"CeramicFish":12,"aspiration:PoetsPen_weak":44,"Uniform":28,"Whetstone":27,"Boot":32,"Sling":32,"Blood Vial":1,"aspiration:MobileForge":34,"Strawberry":22,"Fusion Hammer":44,"HandDrill":57,"Toxic Egg 2":51,"Replay:Wax Seal":56,"MerchantsRug":28,"aspiration:Nostalgia":28,"Replay:Grab Bag":44,"Eternal Feather":4,"Ring of Chaos":44,"aspiration:SeaSaltIceCream":28,"aspiration:IroncladSkillbook":28,"hubris:Zylophone":56,"Bronze Scales":27,"MutagenicStrength":37,"Simple Rune":39,"Black Star":9,"aspiration:Lifesprig":54,"Torii":24,"Shade:YorickSkull":0,"animator:TheMissingPiece":56,"Blue Doll":59,"Bag of Preparation":13,"Juzu Bracelet":24,"Replay:Mystery Machine":55,"PrismaticShard":39,"Chemical X":20,"Ring of the Snake":56,"Potion Belt":25,"Gremlin Food":47,"Lee\u0027s Waffle":10,"construct:WeddingRing":18,"Golden Idol":57,"Omamori":22,"Frozen Egg 2":12,"Orichalcum":33,"Medical Kit":56,"Busted Crown":44,"Ornamental Fan":25,"animator:LivingPicture":56,"Bag of Marbles":20,"Garlic":31,"TungstenRod":28,"hubris:BottledRain":49},{"construct:FoamFinger":22,"Nilry\u0027s Codex":38,"CeramicFish":50,"aspiration:PoetsPen_weak":234,"Uniform":140,"Whetstone":127,"Boot":156,"Sling":156,"Blood Vial":3,"aspiration:MobileForge":173,"Strawberry":99,"Fusion Hammer":234,"HandDrill":302,"Toxic Egg 2":263,"Replay:Wax Seal":298,"MerchantsRug":140,"aspiration:Nostalgia":140,"Replay:Grab Bag":234,"Eternal Feather":16,"Ring of Chaos":234,"aspiration:SeaSaltIceCream":140,"aspiration:IroncladSkillbook":140,"hubris:Zylophone":298,"Bronze Scales":127,"MutagenicStrength":192,"Simple Rune":203,"Black Star":35,"aspiration:Lifesprig":287,"Torii":107,"Shade:YorickSkull":0,"animator:TheMissingPiece":298,"Blue Doll":310,"Bag of Preparation":53,"Juzu Bracelet":107,"Replay:Mystery Machine":295,"PrismaticShard":203,"Chemical X":91,"Ring of the Snake":298,"Potion Belt":115,"Gremlin Food":246,"Lee\u0027s Waffle":38,"construct:WeddingRing":85,"Golden Idol":302,"Omamori":99,"Frozen Egg 2":50,"Orichalcum":161,"Medical Kit":298,"Busted Crown":234,"Ornamental Fan":115,"animator:LivingPicture":298,"Bag of Marbles":91,"Garlic":151,"TungstenRod":140,"hubris:BottledRain":256}],"Ring of the Snake":[8]},"card_choices":[{"not_picked":["animator:YunYun","animator:ElricEdward"],"picked":"animator:RoyMustang","floor":1},{"not_picked":["animator:Berserker","animator:ElricAlphonse"],"picked":"animator:MaesHughes","floor":5},{"not_picked":["animator:UneriGinkaku","animator:MetalKnight"],"picked":"animator:IrohaTamaki","floor":6}],"player_experience":589063,"relics_obtained":[{"floor":6,"key":"Blue Doll"}],"event_choices":[{"damage_healed":0,"gold_gain":0,"player_choice":"Take Wound","damage_taken":0,"relics_obtained":["Golden Idol"],"max_hp_gain":0,"max_hp_loss":0,"event_name":"Golden Idol","floor":2,"gold_loss":0,"cards_obtained":["Injury"]},{"damage_healed":0,"gold_gain":0,"player_choice":"Agree","damage_taken":0,"max_hp_gain":0,"max_hp_loss":0,"event_name":"conspire:LoneGhost","floor":3,"gold_loss":0},{"cards_removed":["Injury"],"damage_healed":0,"gold_gain":0,"player_choice":"Card Removal","damage_taken":7,"max_hp_gain":0,"max_hp_loss":0,"event_name":"Golden Wing","floor":7,"gold_loss":0}],"is_beta":false,"boss_relics":[],"items_purged_floors":[],"is_endless":false,"potions_floor_spawned":[5,6],"killed_by":"3 Sentries","ascension_level":1}}