{"host":"ashyt31t8hgheihd","time":1607635946,"event":{"mods":["BaseMod","StSLib","Duelist Mod","GifTheSpireLib","HololiveMod","Prisma Mod","Railgun Mod","The Animator","The Servant 0.9.4","Colored Map","Colored Powertips","Highlight Path","Minty Spire (QoL Compilation)","Rare Cards Sparkle","Replay The Spire","SuperFastMode","everything is the same but u backflip on backflip","Block Reminder","Small Relic Pack","TheHeartMod","Better Note","Act Like it!","Better Sensory Stone","Conspire","Gensokyo","Hubris","Random Character Button","TheHero"],"gold_per_floor":[110,123,137,137,137,137,170,170,170,170,170,170,19,35,63,238,238,334,334,344,344,355,355,371,401,411,411,411,427,447,481,441,452,452,452,452],"floor_reached":35,"playtime":1216,"items_purged":[],"score":407,"play_id":"42e5f7df-04ea-4b1c-917f-e25e4d30defc","local_time":"20201210213226","is_ascension_mode":false,"campfire_choices":[{"floor":6,"key":"REST"},{"data":"animeID:FullCowl","floor":10,"key":"SMITH"},{"floor":27,"key":"REST"},{"floor":34,"key":"REST"}],"circlet_count":0,"master_deck":["animeID:Deku+1","animeID:Bakugo","animeID:Smash+1","animeID:Smash+1","animeID:Smash+1","animeID:Smash+1","animeID:DefendMH","animeID:DefendMH","animeID:DefendMH","animeID:DefendMH+1","animeID:FullCowl+1","animeID:Iida+1","animeID:DetroitSmash","animeID:DelawareSmash+1","animeID:Mezo","animeID:RecoveryGirl","Doubt","animeID:USA_Smash+1","animeID:RecoveryGirl","animeID:Tamaki+1","animeID:ShootStyle+1","animeID:DetroitSmash","animeID:RecoveryGirl"],"relics":["animeID:HeroCostume","NeowsBlessing","Golden Egg","Replay:Bottled Eggs","Lantern","Replay:Multitool","conspire:RoyalGoblet","Frozen Egg 2","Thread and Needle","Ancient Tea Set"],"acts_visited":["Exordium","Exordium"],"potions_floor_usage":[7,18,18,18,18,25,25,25,25,25,29,35,35],"damage_taken":[{"damage":0,"enemies":"2 Louse","floor":1,"turns":2},{"damage":11,"enemies":"Jaw Worm","floor":2,"turns":2},{"damage":5,"enemies":"Small Slimes","floor":3,"turns":2},{"damage":19,"enemies":"3 Sentries","floor":7,"turns":7},{"damage":16,"enemies":"Exordium Wildlife","floor":14,"turns":3},{"damage":13,"enemies":"Lagavulin","floor":15,"turns":4},{"damage":12,"enemies":"Slime Boss","floor":18,"turns":5},{"damage":15,"enemies":"Gensokyo:AngelMirror","floor":20,"turns":2},{"damage":9,"enemies":"Gensokyo:Chomper","floor":22,"turns":3},{"damage":57,"enemies":"Gensokyo:Slime_Group","floor":24,"turns":5},{"damage":0,"enemies":"Gensokyo:Tenshi","floor":25,"turns":1},{"damage":2,"enemies":"Gensokyo:Monolith_and_Dog","floor":26,"turns":2},{"damage":20,"enemies":"Gensokyo:Wraith","floor":29,"turns":3},{"damage":8,"enemies":"Gensokyo:Slime_Group","floor":30,"turns":3},{"damage":9,"enemies":"Gensokyo:Reisen","floor":31,"turns":4},{"damage":16,"enemies":"Gensokyo:Mirror_and_Dog","floor":33,"turns":3},{"damage":76,"enemies":"Gensokyo:Eternal_Rivals","floor":35,"turns":4}],"seed_played":"-2187462099440452346","potions_obtained":[{"floor":2,"key":"AttackPotion"},{"floor":15,"key":"EntropicBrew"},{"floor":18,"key":"Explosive Potion"},{"floor":24,"key":"EntropicBrew"},{"floor":26,"key":"LiquidBronze"},{"floor":31,"key":"Block Potion"},{"floor":33,"key":"Adrenaline Potion"}],"is_trial":false,"path_per_floor":["M","M","M","?","?","R","E","PTL","PTL","R","T","?","$","M","E","?","R","B",null,"M","?","M","?","M","E","M","R","T","M","M","E","?","M","R","B"],"character_chosen":"THE_HERO","items_purchased":["Lantern"],"campfire_rested":3,"item_purchase_floors":[13],"current_hp_per_floor":[75,64,59,59,44,66,51,51,51,51,51,51,51,37,26,26,48,44,75,60,60,61,61,16,20,24,44,44,36,34,35,35,29,49,0,0],"gold":452,"neow_bonus":"THREE_ENEMY_KILL","is_daily":false,"chose_seed":false,"campfire_upgraded":1,"win_rate":0.0,"timestamp":1607635946,"path_taken":["M","M","M","?","?","R","E","PTL","PTL","R","T","?","$","?","E","?","R","BOSS","M","?","M","?","M","E","M","R","T","M","M","E","?","?","R","BOSS"],"build_version":"2020-11-30","purchased_purges":0,"victory":false,"max_hp_per_floor":[75,75,75,75,75,75,75,75,75,75,75,75,75,75,75,75,75,75,75,75,75,75,69,69,69,69,69,69,69,69,69,69,69,69,69,69],"card_choices":[{"not_picked":["animeID:Momo","animeID:Tomura"],"picked":"animeID:FullCowl","floor":1},{"not_picked":["animeID:Thirteen","animeID:Kurono"],"picked":"animeID:Iida","floor":2},{"not_picked":["animeID:Aoyama","animeID:Uraraka"],"picked":"animeID:DetroitSmash","floor":3},{"not_picked":["animeID:FatGum","animeID:Mina"],"picked":"animeID:DelawareSmash","floor":7},{"not_picked":["animeID:Mineta","animeID:Crystallize"],"picked":"animeID:Mezo","floor":14},{"not_picked":["animeID:Ojiro","animeID:MtLady"],"picked":"animeID:RecoveryGirl","floor":15},{"not_picked":["animeID:Hawks","animeID:Endeavor"],"picked":"animeID:USA_Smash","floor":18},{"not_picked":["animeID:DetroitSmash","animeID:ToruHagakure"],"picked":"animeID:RecoveryGirl","floor":20},{"not_picked":["animeID:Ojiro+1","animeID:Tsuyu"],"picked":"animeID:Tamaki+1","floor":22},{"not_picked":["animeID:ToruHagakure+1","animeID:Hatsume"],"picked":"animeID:ShootStyle+1","floor":24},{"not_picked":["animeID:Mineta","animeID:Kendo","animeID:Chisaki+1"],"picked":"SKIP","floor":25},{"not_picked":["animeID:Mina","animeID:Kirishima","animeID:Kurono"],"picked":"SKIP","floor":26},{"not_picked":["animeID:Bakugo+1","animeID:Mezo"],"picked":"animeID:DetroitSmash","floor":29},{"not_picked":["animeID:Kaminari","animeID:Bakugo","animeID:Tsuyu+1"],"picked":"SKIP","floor":30},{"not_picked":["animeID:Mezo+1","animeID:Mineta","animeID:EraserHead"],"picked":"SKIP","floor":31},{"not_picked":["animeID:AllForOne","animeID:ToruHagakure"],"picked":"animeID:RecoveryGirl","floor":33}],"player_experience":226175,"relics_obtained":[{"floor":7,"key":"Golden Egg"},{"floor":11,"key":"Replay:Bottled Eggs"},{"floor":15,"key":"Replay:Multitool"},{"floor":25,"key":"Thread and Needle"},{"floor":31,"key":"Ancient Tea Set"}],"event_choices":[{"damage_healed":0,"gold_gain":0,"player_choice":"Entered Light","damage_taken":15,"max_hp_gain":0,"max_hp_loss":0,"event_name":"Shining Light","floor":5,"gold_loss":0,"cards_upgraded":["animeID:Smash","animeID:DefendMH"]},{"damage_healed":0,"gold_gain":0,"player_choice":"Grow","damage_taken":0,"max_hp_gain":0,"max_hp_loss":0,"event_name":"Living Wall","floor":12,"gold_loss":0,"cards_upgraded":["animeID:Iida"]},{"damage_healed":0,"gold_gain":175,"player_choice":"AGREE","damage_taken":0,"max_hp_gain":0,"max_hp_loss":0,"event_name":"Liars Game","floor":16,"gold_loss":0,"cards_obtained":["Doubt"]}],"is_beta":false,"boss_relics":[{"not_picked":["Replay:Grab Bag","Honey Jar"],"picked":"conspire:RoyalGoblet"}],"items_purged_floors":[],"is_endless":false,"potions_floor_spawned":[2,15,18,24,26,31,33],"killed_by":"Gensokyo:Eternal_Rivals","ascension_level":0}}