{"host":"j4g6ia6asvpyu2b0","time":1607638361,"event":{"mods":["BaseMod","Colored Map","Quick Restart","StSLib","Unceasing Turn Reminder","Minty Spire (QoL Compilation)","Permanent Neow","Relic Stats"],"gold_per_floor":[17,17,17,17,32,73,73,121,121,121,154,154,203,221,221,356,356,386,413,57,77,14,59,59,93,93,127,127],"floor_reached":27,"playtime":2811,"items_purged":[],"score":303,"play_id":"0368438e-f83b-4dfd-ae6a-4c2e417eeb0d","local_time":"20201210151241","is_ascension_mode":true,"campfire_choices":[{"data":"Static Discharge","floor":7,"key":"SMITH"},{"data":"Ball Lightning","floor":10,"key":"SMITH"},{"data":"Consume","floor":12,"key":"SMITH"},{"data":"Buffer","floor":15,"key":"SMITH"}],"circlet_count":0,"master_deck":["Strike_B","Strike_B","Strike_B","Defend_B","Defend_B","Defend_B","Defend_B","Zap","Dualcast","Cold Snap","Static Discharge+1","Ball Lightning+1","Cold Snap","Consume+1","Sweeping Beam","Buffer+1","Creative AI","Sweeping Beam+1","Compile Driver","Capacitor","Defragment","Amplify+1","Storm+1"],"relics":["Cracked Core","Gambling Chip","Bloody Idol","Thread and Needle","CeramicFish","TungstenRod","Peace Pipe","Sozu","OrangePellets","Happy Flower","Toxic Egg 2","Eternal Feather","Strawberry"],"acts_visited":["Exordium","TheCity"],"potions_floor_usage":[27],"damage_taken":[{"damage":1,"enemies":"Jaw Worm","floor":1,"turns":3},{"damage":5,"enemies":"Small Slimes","floor":5,"turns":4},{"damage":22,"enemies":"Lagavulin","floor":6,"turns":6},{"damage":5,"enemies":"3 Sentries","floor":8,"turns":6},{"damage":0,"enemies":"Cultist","floor":11,"turns":3},{"damage":3,"enemies":"Lagavulin","floor":13,"turns":5},{"damage":4,"enemies":"Red Slaver","floor":14,"turns":3},{"damage":15,"enemies":"Slime Boss","floor":16,"turns":8},{"damage":0,"enemies":"3 Byrds","floor":18,"turns":1},{"damage":0,"enemies":"Shell Parasite","floor":19,"turns":6},{"damage":0,"enemies":"Snecko","floor":21,"turns":4},{"damage":26,"enemies":"Slavers","floor":23,"turns":4},{"damage":39,"enemies":"Book of Stabbing","floor":25,"turns":5},{"damage":22,"enemies":"Slavers","floor":27,"turns":4}],"seed_played":"-62635117035683938","potions_obtained":[{"floor":8,"key":"SkillPotion"},{"floor":11,"key":"CultistPotion"},{"floor":14,"key":"DistilledChaos"}],"is_trial":false,"path_per_floor":["M","?","?","?","M","E","R","E","T","R","M","R","E","M","R","B",null,"M","M","$","M","$","E","?","E","T","E"],"character_chosen":"DEFECT","items_purchased":["Capacitor","OrangePellets","Happy Flower","Defragment"],"campfire_rested":0,"item_purchase_floors":[20,20,20,22],"current_hp_per_floor":[74,56,56,61,56,34,34,29,29,29,29,29,26,22,22,7,80,80,80,80,80,80,54,54,25,25,15,15],"gold":127,"neow_bonus":"ONE_RARE_RELIC","is_daily":false,"chose_seed":false,"campfire_upgraded":4,"win_rate":0,"timestamp":1607638361,"path_taken":["M","?","?","?","?","E","R","E","T","R","M","R","E","M","R","BOSS","M","?","$","M","?","E","?","E","T","E"],"build_version":"2020-11-30","purchased_purges":0,"victory":false,"max_hp_per_floor":[75,75,75,80,80,80,80,80,80,80,80,80,80,80,80,80,80,80,80,80,80,80,80,80,80,80,87,87],"relic_stats":{"Peace Pipe":0,"Sozu":2,"OrangePellets":[2],"Happy Flower":[5],"counters":[14,62],"Gambling Chip":[19],"Bloody Idol":15,"CeramicFish":90,"Eternal Feather":0,"obtain_stats":[{"Happy Flower":20,"Golden Idol":2,"CeramicFish":8,"Thread and Needle":6,"Eternal Feather":25,"Peace Pipe":13,"Sozu":17,"OrangePellets":20,"Gambling Chip":0,"Bloody Idol":24,"Strawberry":27,"Toxic Egg 2":23,"Cracked Core":0,"TungstenRod":9},{"Happy Flower":10,"Golden Idol":1,"CeramicFish":4,"Thread and Needle":3,"Eternal Feather":13,"Peace Pipe":6,"Sozu":8,"OrangePellets":10,"Gambling Chip":0,"Bloody Idol":12,"Strawberry":14,"Toxic Egg 2":12,"Cracked Core":0,"TungstenRod":4},{"Happy Flower":45,"Golden Idol":3,"CeramicFish":19,"Thread and Needle":13,"Eternal Feather":58,"Peace Pipe":27,"Sozu":38,"OrangePellets":45,"Gambling Chip":0,"Bloody Idol":53,"Strawberry":62,"Toxic Egg 2":53,"Cracked Core":0,"TungstenRod":19}],"TungstenRod":20},"card_choices":[{"not_picked":["Turbo","Streamline"],"picked":"Cold Snap","floor":1},{"not_picked":["Turbo","Glacier"],"picked":"Ball Lightning","floor":5},{"not_picked":["Stack","Steam"],"picked":"Cold Snap","floor":6},{"not_picked":["Go for the Eyes","Genetic Algorithm"],"picked":"Consume","floor":8},{"not_picked":["Hologram","Redo"],"picked":"Sweeping Beam","floor":11},{"not_picked":["Compile Driver","Go for the Eyes"],"picked":"Buffer","floor":13},{"not_picked":["Leap","Beam Cell","Go for the Eyes"],"picked":"SKIP","floor":14},{"not_picked":["Reboot","All For One"],"picked":"Creative AI","floor":16},{"not_picked":["Turbo+1","Barrage+1"],"picked":"Sweeping Beam+1","floor":18},{"not_picked":["Heatsinks","Cold Snap"],"picked":"Compile Driver","floor":19},{"not_picked":["Reprogram","Leap","Rebound"],"picked":"SKIP","floor":21},{"not_picked":["Lockon","Aggregate+1"],"picked":"Amplify+1","floor":23},{"not_picked":["Lockon","White Noise+1"],"picked":"Storm+1","floor":25}],"player_experience":602347,"relics_obtained":[{"floor":6,"key":"Thread and Needle"},{"floor":8,"key":"CeramicFish"},{"floor":9,"key":"TungstenRod"},{"floor":13,"key":"Peace Pipe"},{"floor":23,"key":"Toxic Egg 2"},{"floor":25,"key":"Eternal Feather"},{"floor":27,"key":"Strawberry"}],"event_choices":[{"damage_healed":0,"gold_gain":0,"player_choice":"Take Damage","damage_taken":18,"relics_obtained":["Golden Idol"],"max_hp_gain":0,"max_hp_loss":0,"event_name":"Golden Idol","floor":2,"gold_loss":0},{"damage_healed":0,"gold_gain":0,"cards_transformed":["Strike_B"],"player_choice":"Change","damage_taken":0,"max_hp_gain":0,"max_hp_loss":0,"event_name":"Living Wall","floor":3,"gold_loss":0,"cards_obtained":["Static Discharge"]},{"damage_healed":0,"gold_gain":0,"player_choice":"Donut","damage_taken":0,"max_hp_gain":5,"max_hp_loss":0,"event_name":"Big Fish","floor":4,"gold_loss":0},{"damage_healed":0,"gold_gain":0,"player_choice":"Gave Idol","damage_taken":0,"relics_obtained":["Bloody Idol"],"max_hp_gain":0,"max_hp_loss":0,"event_name":"Forgotten Altar","floor":24,"relics_lost":["Golden Idol"],"gold_loss":0}],"is_beta":false,"boss_relics":[{"not_picked":["Busted Crown","Snecko Eye"],"picked":"Sozu"}],"items_purged_floors":[],"is_endless":false,"potions_floor_spawned":[8,11,14,18,23],"killed_by":"Slavers","ascension_level":1}}