{"host":"onexqh4cgvrrc7dp","time":1607597000,"event":{"gold_per_floor":[118,118,118,131,131,131,171,194,194,119,143,143,143,156,156,156,156],"floor_reached":16,"playtime":446,"items_purged":["Strike_G"],"score":250,"play_id":"62143b41-2697-4e70-8135-66c6d0487fcf","local_time":"20201210184320","is_ascension_mode":true,"campfire_choices":[{"data":"Outmaneuver","floor":6,"key":"SMITH"},{"data":"Neutralize","floor":12,"key":"SMITH"},{"data":"Choke","floor":15,"key":"SMITH"}],"neow_cost":"NONE","seed_source_timestamp":1727826541597100,"circlet_count":0,"master_deck":["AscendersBane","Strike_G","Strike_G","Strike_G","Strike_G","Defend_G","Defend_G","Defend_G","Defend_G","Defend_G","Survivor","Neutralize+1","Outmaneuver+1","Outmaneuver","Choke+1","Backflip"],"relics":["Ring of the Snake","NeowsBlessing","Golden Idol","Snake Skull","Orichalcum","Eternal Feather","Meat on the Bone"],"potions_floor_usage":[16,16],"damage_taken":[{"damage":0,"enemies":"2 Louse","floor":1,"turns":1},{"damage":0,"enemies":"Jaw Worm","floor":4,"turns":1},{"damage":0,"enemies":"3 Sentries","floor":7,"turns":1},{"damage":14,"enemies":"Small Slimes","floor":8,"turns":6},{"damage":4,"enemies":"Blue Slaver","floor":11,"turns":8},{"damage":9,"enemies":"Looter","floor":14,"turns":5},{"damage":41,"enemies":"Hexaghost","floor":16,"turns":11}],"seed_played":"2007226711888602961","potions_obtained":[{"floor":11,"key":"Weak Potion"},{"floor":14,"key":"GamblersBrew"}],"is_trial":false,"path_per_floor":["M","?","?","M","?","R","E","M","T","$","M","R","T","M","R","B"],"character_chosen":"THE_SILENT","items_purchased":[],"campfire_rested":0,"item_purchase_floors":[],"current_hp_per_floor":[59,59,33,33,38,38,38,24,24,24,20,29,29,32,41,0,0],"gold":156,"neow_bonus":"THREE_ENEMY_KILL","is_prod":false,"is_daily":false,"chose_seed":false,"campfire_upgraded":3,"win_rate":0,"timestamp":1607597000,"path_taken":["M","?","?","M","?","R","E","M","T","?","M","R","?","M","R","BOSS"],"build_version":"2020-11-30","purchased_purges":1,"victory":false,"max_hp_per_floor":[66,60,60,60,65,65,65,65,65,65,65,65,65,65,65,65,65],"card_choices":[{"not_picked":["Deadly Poison","Outmaneuver","Sucker Punch"],"picked":"SKIP","floor":1},{"not_picked":["Slice","Distraction"],"picked":"Outmaneuver","floor":4},{"not_picked":["PiercingWail","Blade Dance"],"picked":"Outmaneuver","floor":7},{"not_picked":["Storm of Steel","Underhanded Strike"],"picked":"Choke","floor":8},{"not_picked":["Calculated Gamble","Deadly Poison"],"picked":"Backflip","floor":11},{"not_picked":["Poisoned Stab","Dash","Calculated Gamble"],"picked":"SKIP","floor":14}],"player_experience":529693,"relics_obtained":[{"floor":7,"key":"Orichalcum"},{"floor":9,"key":"Eternal Feather"},{"floor":13,"key":"Meat on the Bone"}],"event_choices":[{"damage_healed":0,"gold_gain":0,"player_choice":"Lose Max HP","damage_taken":0,"relics_obtained":["Golden Idol"],"max_hp_gain":0,"max_hp_loss":6,"event_name":"Golden Idol","floor":2,"gold_loss":0},{"damage_healed":0,"gold_gain":0,"player_choice":"Success","damage_taken":26,"relics_obtained":["Snake Skull"],"max_hp_gain":0,"max_hp_loss":0,"event_name":"Scrap Ooze","floor":3,"gold_loss":0},{"damage_healed":0,"gold_gain":0,"player_choice":"Donut","damage_taken":0,"max_hp_gain":5,"max_hp_loss":0,"event_name":"Big Fish","floor":5,"gold_loss":0}],"is_beta":false,"boss_relics":[],"items_purged_floors":[10],"is_endless":false,"potions_floor_spawned":[11,14],"killed_by":"Hexaghost","ascension_level":20}}