{"host":"se2kry7a7ac49ar7","time":1607588440,"event":{"gold_per_floor":[113,132,148,0,16,16,44,44,44,74,88,98,123,123,123,218,218,230,150,160,176,188,214,230,265,265,292,304,304,304,58,58,158,158,170,170,189,39,15,15,48,48,72,96,128,168,37,47,47,143],"floor_reached":51,"playtime":4296,"items_purged":[],"score":923,"play_id":"641346ab-a7b2-4b99-8293-bc82f7eff333","local_time":"20201210002040","is_ascension_mode":true,"campfire_choices":[{"data":"HollowMod:HeavyBlow","floor":6,"key":"SMITH"},{"data":"HollowMod:WraithStrike","floor":8,"key":"SMITH"},{"data":"HollowMod:FocusHealStart","floor":15,"key":"SMITH"},{"data":"HollowMod:MonarchWings","floor":29,"key":"SMITH"},{"data":"HollowMod:LifebloodCore","floor":32,"key":"SMITH"},{"data":"HollowMod:VoidDash","floor":40,"key":"SMITH"},{"data":"HollowMod:VoidDash","floor":42,"key":"SMITH"},{"data":"HollowMod:SoulMaster","floor":49,"key":"SMITH"}],"neow_cost":"NONE","seed_source_timestamp":50486820006075,"circlet_count":0,"master_deck":["HollowMod:FocusHealStart+1","HollowMod:PogoStrike","HollowMod:HeavyBlow+1","HollowMod:SharpenedNail+1","HollowMod:WraithStrike+1","HollowMod:LordofShades","HollowMod:VengefulVoid","HollowMod:WraithStrike","HollowMod:LifebloodCore+1","HollowMod:FallenFury","HollowMod:LordofShades","HollowMod:BlackTendrils","HollowMod:RecoilStrike","HollowMod:VoidDash+1","HollowMod:MothsMistake","HollowMod:VoidDash+1","HollowMod:SoulSplash","HollowMod:QuirrelsAssistance","HollowMod:DescendingDark","HollowMod:ShadowDash+1","Hallownest:skillCityofTearsMap","HollowMod:SiblingsSouls","HollowMod:AbyssShriek+1","HollowMod:LordofShades","HollowMod:VengefulVoid","HollowMod:SoulMaster+1","HollowMod:DoubleDash+1","HollowMod:WraithStrike","HollowMod:MonarchWings+1","HollowMod:LordofShades","HollowMod:MonarchWings+1","HollowMod:DoubleDash","HollowMod:ShadowDash","HollowMod:BlackTendrils","HollowMod:ShadowDash","HollowMod:CloakDash+1","HollowMod:AbyssShriek","HollowMod:LordofShades"],"relics":["Runic Dome","Akabeko","Whetstone","Toy Ornithopter","Matryoshka","MealTicket","Pandora\u0027s Box","Eternal Feather","Bottled Flame","Mummified Hand","Bird Faced Urn","Question Card","HollowMod:MantisClawRelic","Coffee Dripper","Hallownest:HeavyBlowRelic","HollowMod:StagPassRelic","Kunai","StrikeDummy","MawBank","Thread and Needle","TheAbacus"],"potions_floor_usage":[5,13,16,16,33,50],"damage_taken":[{"damage":2,"enemies":"Hallownest:2_Tiktiks_and_1_Crawlid","floor":1,"turns":3},{"damage":0,"enemies":"Hallownest:monsterHuskWarrior","floor":2,"turns":3},{"damage":2,"enemies":"Hallownest:monsterHuskGuard","floor":3,"turns":4},{"damage":3,"enemies":"Hallownest:2_Tiktiks_1_Baldur_1_Crawlid","floor":5,"turns":3},{"damage":27,"enemies":"Hallownest:eliteMossKnight","floor":7,"turns":7},{"damage":16,"enemies":"Hallownest:eliteVengeflyKing","floor":10,"turns":4},{"damage":0,"enemies":"Hallownest:MossCreep_and_Mosskin","floor":11,"turns":4},{"damage":0,"enemies":"Hallownest:monsterMossCharger","floor":12,"turns":2},{"damage":0,"enemies":"Hallownest:eliteCrystalGuardian","floor":13,"turns":5},{"damage":48,"enemies":"Hallownest:BossFalseKnight","floor":16,"turns":8},{"damage":0,"enemies":"Hallownest:Flukemon_and_Top","floor":18,"turns":4},{"damage":0,"enemies":"Hallownest:3_Youths","floor":20,"turns":4},{"damage":0,"enemies":"Hallownest:Warrior_and_Youth","floor":21,"turns":6},{"damage":1,"enemies":"Hallownest:Master_and_Novice","floor":22,"turns":3},{"damage":40,"enemies":"Hallownest:eliteWatcherKnight","floor":23,"turns":10},{"damage":0,"enemies":"Hallownest:monsterShrumalOgre","floor":24,"turns":4},{"damage":14,"enemies":"Hallownest:Nosk","floor":25,"turns":8},{"damage":43,"enemies":"Hallownest:eliteWatcherKnight","floor":27,"turns":8},{"damage":0,"enemies":"Hallownest:monsterMisterMushroom","floor":28,"turns":6},{"damage":23,"enemies":"Hallownest:BossMantisLord","floor":33,"turns":5},{"damage":0,"enemies":"Hallownest:Shield_Heavy","floor":35,"turns":5},{"damage":33,"enemies":"Hallownest:3_Siblings","floor":37,"turns":7},{"damage":10,"enemies":"Hallownest:eliteHiveKnight","floor":41,"turns":7},{"damage":0,"enemies":"Hallownest:2_Great","floor":44,"turns":5},{"damage":2,"enemies":"Hallownest:Xero_Hu_Marmu","floor":45,"turns":4},{"damage":0,"enemies":"Hallownest:StalkingDevout","floor":46,"turns":4},{"damage":2,"enemies":"Hallownest:2_Soldiers_and_1_Guardian","floor":48,"turns":3},{"damage":0,"enemies":"Hallownest:Radiance","floor":50,"turns":6}],"seed_played":"4059459331910338394","potions_obtained":[{"floor":3,"key":"Block Potion"},{"floor":10,"key":"Dexterity Potion"},{"floor":12,"key":"DuplicationPotion"},{"floor":13,"key":"DistilledChaos"},{"floor":16,"key":"BlessingOfTheForge"},{"floor":18,"key":"BlessingOfTheForge"},{"floor":22,"key":"SpeedPotion"},{"floor":24,"key":"FearPotion"},{"floor":44,"key":"PowerPotion"},{"floor":45,"key":"SpeedPotion"}],"is_trial":false,"path_per_floor":["M","M","M","$","M","R","E","R","T","E","M","M","E","$","R","B",null,"M","?","M","M","M","E","M","E","T","E","M","R","?","$","R","B",null,"M","?","M","?","$","R","E","R","T","M","M","E","$","M","R","B",null],"character_chosen":"THE_BUGKNIGHT","items_purchased":["Akabeko","HollowMod:MantisClawRelic","HollowMod:ShadowDash","TheAbacus"],"campfire_rested":0,"item_purchase_floors":[4,31,39,47],"current_hp_per_floor":[73,73,71,71,68,68,41,41,41,25,25,25,30,45,45,19,75,75,75,75,75,74,40,51,51,51,26,42,57,57,72,75,75,75,75,75,65,65,75,75,73,75,75,75,75,75,75,73,75,75],"gold":143,"neow_bonus":"BOSS_RELIC","is_prod":false,"is_daily":false,"chose_seed":false,"campfire_upgraded":8,"win_rate":0,"timestamp":1607588440,"path_taken":["M","M","M","?","?","R","E","R","T","E","M","?","E","$","R","BOSS","M","?","M","M","M","E","M","E","T","E","M","R","?","$","R","BOSS","M","?","M","?","?","R","E","R","T","?","M","E","?","M","R","BOSS"],"build_version":"2020-11-30","purchased_purges":0,"victory":true,"max_hp_per_floor":[75,75,75,75,75,75,75,75,75,75,75,75,75,75,75,75,75,75,75,75,75,75,75,75,75,75,75,75,75,75,75,75,75,75,75,75,75,75,75,75,75,75,75,75,75,75,75,75,75,75],"card_choices":[{"not_picked":["HollowMod:SoulSplash","HollowMod:TaintedHusks"],"picked":"HollowMod:HeavyBlow","floor":1},{"not_picked":["HollowMod:InfectedCysts","HollowMod:SoulSplash"],"picked":"HollowMod:SharpenedNail","floor":2},{"not_picked":["HollowMod:NewJinnsSoul","HollowMod:ShadowDash"],"picked":"HollowMod:WraithStrike","floor":3},{"not_picked":["HollowMod:SoulStrike","HollowMod:HowlingWraiths"],"picked":"HollowMod:LordofShades","floor":5},{"not_picked":["HollowMod:SoulEater","HollowMod:FastStrike"],"picked":"HollowMod:VengefulVoid","floor":7},{"not_picked":["HollowMod:NewJinnsSoul","HollowMod:TaintedHusks","HollowMod:FastStrike"],"picked":"SKIP","floor":10},{"not_picked":["HollowMod:InfectedCysts","HollowMod:Grubsong"],"picked":"HollowMod:WraithStrike","floor":11},{"not_picked":["HollowMod:TaintedHusks","HollowMod:MawleksShell"],"picked":"HollowMod:LifebloodCore","floor":12},{"not_picked":["HollowMod:SoulSplash","HollowMod:InfectedAttack"],"picked":"HollowMod:FallenFury","floor":13},{"not_picked":["HollowMod:Weaversong","HollowMod:HornetsHelp"],"picked":"HollowMod:LordofShades","floor":16},{"not_picked":["HollowMod:QuirrelsAssistance","HollowMod:HeavyBlow"],"picked":"HollowMod:ShadowDash+1","floor":18},{"not_picked":["HollowMod:HeavyBlow","HollowMod:MantisMark"],"picked":"HollowMod:SiblingsSouls","floor":20},{"not_picked":["HollowMod:GoodIntentions","HollowMod:InfectedAttack"],"picked":"HollowMod:AbyssShriek+1","floor":21},{"not_picked":["HollowMod:DescendingDark","HollowMod:MawleksShell"],"picked":"HollowMod:LordofShades","floor":22},{"not_picked":["HollowMod:ChannelNail","HollowMod:InfectedAttack"],"picked":"HollowMod:VengefulVoid","floor":23},{"not_picked":["HollowMod:CornifersMapStart","HollowMod:GoodIntentions"],"picked":"HollowMod:SoulMaster","floor":24},{"not_picked":["HollowMod:GrimmsGift","HollowMod:DungDefenderAura"],"picked":"HollowMod:DoubleDash+1","floor":25},{"not_picked":["HollowMod:SoulStrike+1","HollowMod:InfectedAttack"],"picked":"HollowMod:WraithStrike","floor":27},{"not_picked":["HollowMod:PureNailStrike","HollowMod:InfectedCysts+1","HollowMod:DungDefenderAura+1"],"picked":"HollowMod:MonarchWings","floor":28},{"not_picked":["HollowMod:SoulMaster","HollowMod:ZotesMagnificence","HollowMod:MidwifesHunger"],"picked":"HollowMod:LordofShades","floor":33},{"not_picked":["HollowMod:MantisMark+1","HollowMod:GoodIntentions","HollowMod:DescendingDark"],"picked":"HollowMod:MonarchWings+1","floor":35},{"not_picked":["HollowMod:InfectedAttack+1","HollowMod:VengefulVoid","HollowMod:SharpenedNail+1"],"picked":"HollowMod:DoubleDash","floor":37},{"not_picked":["HollowMod:FallenFury","HollowMod:AbyssShriek","HollowMod:SoulEater"],"picked":"HollowMod:BlackTendrils","floor":41},{"not_picked":["HollowMod:NewLittleFool+1","HollowMod:InfectedCysts+1","HollowMod:InfectedAttack"],"picked":"HollowMod:ShadowDash","floor":44},{"not_picked":["HollowMod:DoubleDash+1","HollowMod:VengefulVoid","HollowMod:NewGlowingWomb"],"picked":"HollowMod:CloakDash+1","floor":45},{"not_picked":["HollowMod:SharpenedNail+1","HollowMod:SoulSplash+1","HollowMod:SoulShaman+1","HollowMod:MantisMark"],"picked":"SKIP","floor":46},{"not_picked":["HollowMod:NewLittleFool","HollowMod:InfectedCysts+1","HollowMod:MothsMistake"],"picked":"HollowMod:AbyssShriek","floor":48},{"not_picked":["HollowMod:ZotesMagnificence","HollowMod:AwokenDreamNail","HollowMod:NewInfectedGuardian"],"picked":"HollowMod:LordofShades","floor":50}],"player_experience":625077,"relics_obtained":[{"floor":7,"key":"Whetstone"},{"floor":9,"key":"Toy Ornithopter"},{"floor":10,"key":"Matryoshka"},{"floor":13,"key":"MealTicket"},{"floor":23,"key":"Eternal Feather"},{"floor":25,"key":"Bottled Flame"},{"floor":26,"key":"Mummified Hand"},{"floor":26,"key":"Bird Faced Urn"},{"floor":27,"key":"Question Card"},{"floor":41,"key":"Kunai"},{"floor":43,"key":"StrikeDummy"},{"floor":43,"key":"MawBank"},{"floor":46,"key":"Thread and Needle"}],"event_choices":[],"is_beta":false,"boss_relics":[{"not_picked":["Busted Crown","HollowMod:VoidIdolRelic"],"picked":"Pandora\u0027s Box"},{"not_picked":["Snecko Eye","Fusion Hammer"],"picked":"Coffee Dripper"}],"items_purged_floors":[],"is_endless":false,"potions_floor_spawned":[3,10,12,13,16,18,22,24,28,44,45,46],"ascension_level":1}}