{"host":"v0kr0xkqfgnh389p","time":1607559401,"event":{"gold_per_floor":[110,110,110,110,122,122,47,47,47,82,92,111,142,152,152,257,257,267,278,278,292,45,45,45,79,102,134,145,145,158,185,185,281,281,292,50,66,66,66,101,128,128,140,140,0,27,27,124,124,138,151,151,162,162,152,152],"floor_reached":57,"playtime":2524,"items_purged":["Strike_P","Strike_P"],"score":690,"play_id":"b400f8f7-8de5-4ee8-9f82-ea97e37c74b0","local_time":"20201209191641","is_ascension_mode":true,"campfire_choices":[{"floor":6,"key":"RECALL"},{"floor":8,"key":"REST"},{"data":"Judgement","floor":15,"key":"SMITH"},{"data":"Alpha","floor":23,"key":"SMITH"},{"floor":29,"key":"REST"},{"floor":32,"key":"REST"},{"floor":40,"key":"REST"},{"floor":46,"key":"REST"},{"floor":49,"key":"REST"}],"neow_cost":"NONE","seed_source_timestamp":33070542353600,"circlet_count":0,"master_deck":["Strike_P+1","Defend_P","Defend_P","Eruption","Vigilance","infinitespire:DeathsTouch+1","Judgement+1","Alpha+1","SignatureMove","Consecrate+1","infinitespire:DeathsTouch+1","Replay:LoomingThreat","ThirdEye+1","JustLucky+1","Replay:AtTheReady+1","DevaForm+1","CurseOfTheBell","BattleHymn+1","Establishment","FollowUp+1","MentalFortress+1","Omniscience"],"special_seed":0,"relics":["Ring of Chaos","hubris:Icosahedron","Whetstone","infinitespire:Beetle Shell","Snecko Eye","DollysMirror","ReplayTheSpireMod:Lightbulb","Regal Pillow","Dream Catcher","hubris:MysteriousPyramids","Calling Bell","Bag of Marbles","hubris:BottledRain","hubris:Teleporter","infinitespire:BottledMercury","Replay:PocketPolymizer","Boot","Red Mask","Damaru","hubris:CrackedHourglass","Shuriken"],"potions_floor_usage":[14,16,21,21,27,31,33,37,48,50,57],"damage_taken":[{"damage":0,"enemies":"Small Slimes","floor":1,"turns":2},{"damage":11,"enemies":"Jaw Worm","floor":5,"turns":2},{"damage":18,"enemies":"3 Sentries","floor":10,"turns":3},{"damage":0,"enemies":"Cultist","floor":11,"turns":2},{"damage":0,"enemies":"3 Louse","floor":12,"turns":3},{"damage":0,"enemies":"Lagavulin","floor":13,"turns":3},{"damage":2,"enemies":"Lots of Slimes","floor":14,"turns":3},{"damage":2,"enemies":"The Guardian","floor":16,"turns":6},{"damage":0,"enemies":"Chosen","floor":18,"turns":3},{"damage":2,"enemies":"3 Byrds","floor":19,"turns":3},{"damage":0,"enemies":"Snake Plant","floor":21,"turns":1},{"damage":11,"enemies":"Slavers","floor":25,"turns":2},{"damage":37,"enemies":"Nightmare","floor":27,"turns":5},{"damage":10,"enemies":"Cultist and Chosen","floor":28,"turns":3},{"damage":10,"enemies":"Shelled Parasite and Fungi","floor":30,"turns":2},{"damage":14,"enemies":"Gremlin Leader","floor":31,"turns":3},{"damage":39,"enemies":"hubris:MusketHawk","floor":33,"turns":5},{"damage":0,"enemies":"Orb Walker","floor":35,"turns":1},{"damage":20,"enemies":"3 Darklings","floor":37,"turns":4},{"damage":47,"enemies":"Nightmare","floor":41,"turns":6},{"damage":2,"enemies":"Sphere and 2 Shapes","floor":45,"turns":2},{"damage":17,"enemies":"R_Hoarder","floor":48,"turns":4},{"damage":49,"enemies":"Replay:Hell Engine","floor":50,"turns":7},{"damage":7,"enemies":"2 Louse","floor":52,"turns":2},{"damage":0,"enemies":"Cultist","floor":53,"turns":2},{"damage":10,"enemies":"Small Slimes","floor":55,"turns":2},{"damage":53,"enemies":"Nightmare","floor":57,"turns":2}],"seed_played":"6276293701779568238","potions_obtained":[{"floor":10,"key":"Explosive Potion"},{"floor":13,"key":"CultistPotion"},{"floor":14,"key":"AttackPotion"},{"floor":16,"key":"AttackPotion"},{"floor":19,"key":"ColorlessPotion"},{"floor":25,"key":"SpeedPotion"},{"floor":28,"key":"ColorlessPotion"},{"floor":30,"key":"EssenceOfSteel"},{"floor":37,"key":"GamblersBrew"},{"floor":41,"key":"AttackPotion"},{"floor":50,"key":"SteroidPotion"},{"floor":55,"key":"AttackPotion"}],"is_trial":false,"path_per_floor":["M","?","?","?","M","R","$","R","T","E","M","M","E","M","R","B",null,"M","M","?","M","$","R","$","E","T","NM","M","R","M","E","R","B",null,"M","$","M","$","R","NM","T","?","M","R","?","E","R_BF","B",null,"M","M","?","M","?","NM"],"character_chosen":"WATCHER","items_purchased":["DollysMirror","infinitespire:BottledMercury"],"campfire_rested":6,"item_purchase_floors":[22,36],"current_hp_per_floor":[72,72,54,54,43,43,43,64,64,46,46,46,46,44,44,42,72,72,70,70,70,70,70,70,59,59,22,12,48,38,24,60,21,72,72,72,52,52,72,25,25,25,23,59,59,42,72,23,72,65,65,58,48,41,0,0],"gold":152,"neow_bonus":"BOSS_RELIC","is_prod":false,"is_daily":false,"chose_seed":false,"campfire_upgraded":2,"win_rate":0,"timestamp":1607559401,"path_taken":["M","?","?","?","M","R","$","R","T","E","M","M","E","M","R","BOSS","M","M","?","M","?","R","$","E","T","NM","M","R","M","E","R","BOSS","M","?","M","$","R","NM","T","?","M","R","?","E","R_BF","BOSS","M","M","?","M","?","NM"],"build_version":"2020-11-30","purchased_purges":2,"victory":false,"max_hp_per_floor":[72,72,72,72,72,72,72,72,72,72,72,72,72,72,72,72,72,72,72,72,72,72,72,72,72,72,72,72,72,72,72,72,72,72,72,72,72,72,72,72,72,72,72,72,72,72,72,72,72,72,72,72,72,72,72,72],"card_choices":[{"not_picked":["CutThroughFate","ClearTheMind","WaveOfTheHand"],"picked":"SKIP","floor":1},{"not_picked":["infinitespire:Gouge","infinitespire:Execution"],"picked":"infinitespire:DeathsTouch","floor":3},{"not_picked":["CrushJoints","Indignation","Fasting2"],"picked":"SKIP","floor":5},{"not_picked":["CrushJoints","Fasting2"],"picked":"Judgement","floor":10},{"not_picked":["ThirdEye","FlyingSleeves","Vengeance"],"picked":"SKIP","floor":11},{"not_picked":["Worship","Consecrate","Weave"],"picked":"SKIP","floor":12},{"not_picked":["Replay:AtTheReady","Vault","Replay:Vibes"],"picked":"SKIP","floor":13},{"not_picked":["InnerPeace","Study","DeceiveReality"],"picked":"SKIP","floor":14},{"not_picked":["SpiritShield","Replay:LoomingThreat"],"picked":"Alpha","floor":16},{"not_picked":["SashWhip","Vengeance","EmptyBody"],"picked":"SKIP","floor":18},{"not_picked":["Replay:ManipulateFuture","FlyingSleeves","Study"],"picked":"SKIP","floor":19},{"not_picked":["Vengeance","ClearTheMind"],"picked":"Consecrate+1","floor":21},{"not_picked":["Weave","Prostrate+1"],"picked":"Replay:LoomingThreat","floor":25},{"not_picked":["FollowUp","LessonLearned","CutThroughFate+1"],"picked":"SKIP","floor":27},{"not_picked":["FollowUp","LessonLearned","CutThroughFate+1"],"picked":"SKIP","floor":27},{"not_picked":["CutThroughFate","Conclude"],"picked":"ThirdEye+1","floor":28},{"not_picked":["FlurryOfBlows","Replay:Battleflow"],"picked":"JustLucky+1","floor":29},{"not_picked":["FearNoEvil","Pray","EmptyBody"],"picked":"SKIP","floor":30},{"not_picked":["ReachHeaven+1","Replay:Anticipation"],"picked":"Replay:AtTheReady+1","floor":31},{"not_picked":["SpiritShield","Judgement"],"picked":"DevaForm","floor":33},{"not_picked":["Pray+1","Replay:AtTheReady","PathToVictory+1"],"picked":"SKIP","floor":35},{"not_picked":["TalkToTheHand","EmptyBody","Protect"],"picked":"SKIP","floor":37},{"not_picked":["Replay:AtTheReady+1","EmptyBody+1"],"picked":"BattleHymn+1","floor":40},{"not_picked":["Swivel","FlurryOfBlows"],"picked":"Establishment","floor":41},{"not_picked":["SandsOfTime","CrushJoints+1"],"picked":"FollowUp+1","floor":45},{"not_picked":["DeceiveReality+1","Meditate"],"picked":"MentalFortress+1","floor":46},{"not_picked":["CarveReality+1","Wallop+1","WheelKick"],"picked":"SKIP","floor":48},{"not_picked":["Wish","MasterReality"],"picked":"Omniscience","floor":50},{"not_picked":["CrushJoints","Replay:Vibes","Halt"],"picked":"SKIP","floor":52},{"not_picked":["JustLucky","Replay:Vibes","CutThroughFate"],"picked":"SKIP","floor":53},{"not_picked":["Replay:Anticipation","Weave","FlurryOfBlows"],"picked":"SKIP","floor":55}],"player_experience":697175,"relics_obtained":[{"floor":10,"key":"Whetstone"},{"floor":13,"key":"infinitespire:Beetle Shell"},{"floor":25,"key":"ReplayTheSpireMod:Lightbulb"},{"floor":26,"key":"Regal Pillow"},{"floor":27,"key":"Dream Catcher"},{"floor":31,"key":"hubris:MysteriousPyramids"},{"floor":34,"key":"Bag of Marbles"},{"floor":34,"key":"hubris:BottledRain"},{"floor":34,"key":"hubris:Teleporter"},{"floor":41,"key":"Replay:PocketPolymizer"},{"floor":43,"key":"Boot"},{"floor":48,"key":"Damaru"}],"event_choices":[{"cards_removed":["Defend_P"],"damage_healed":0,"gold_gain":0,"player_choice":"Forget","damage_taken":0,"max_hp_gain":0,"max_hp_loss":0,"event_name":"Living Wall","floor":2,"gold_loss":0},{"damage_healed":0,"gold_gain":0,"cards_transformed":["Defend_P"],"player_choice":"Transformed","damage_taken":0,"max_hp_gain":0,"max_hp_loss":0,"event_name":"Transmorgrifier","floor":20,"gold_loss":0,"cards_obtained":["SignatureMove"]},{"damage_healed":0,"gold_gain":0,"player_choice":"Paid","damage_taken":0,"relics_obtained":["Red Mask"],"max_hp_gain":0,"max_hp_loss":0,"event_name":"Tomb of Lord Red Mask","floor":47,"gold_loss":140},{"damage_healed":0,"gold_gain":0,"player_choice":"Success","damage_taken":7,"relics_obtained":["Shuriken"],"max_hp_gain":0,"max_hp_loss":0,"event_name":"Scrap Ooze","floor":54,"gold_loss":0},{"cards_removed":["Strike_P"],"damage_healed":0,"gold_gain":0,"player_choice":"Card Removal","damage_taken":7,"max_hp_gain":0,"max_hp_loss":0,"event_name":"Golden Wing","floor":56,"gold_loss":0}],"is_beta":false,"boss_relics":[{"not_picked":["VioletLotus","hubris:GrandSneckoEye"],"picked":"Snecko Eye"},{"not_picked":["ReplayTheSpireMod:SealedPack","Pandora\u0027s Box"],"picked":"Calling Bell"},{"not_picked":["Philosopher\u0027s Stone","Runic Pyramid"],"picked":"hubris:CrackedHourglass"}],"items_purged_floors":[7,22],"is_endless":true,"potions_floor_spawned":[10,13,14,16,19,25,28,30,37,41,50,55],"killed_by":"Nightmare","ascension_level":1}}