{"host":"121m0oxswv9tg9hk","time":1607636616,"event":{"mods":["BaseMod","StSLib","AchievementEnabler","Downfall","Replay The Spire","Hubris","Infinite Spire","Minty Spire (QoL Compilation)","Better Third Choice","MarisaÅiñ∂âJÅ@ñÇóùçπÅj","The Construct","The Mystic","Hermit","The Cursed","Shade Mod","The Hierophant","The Gatherer","Aspiration","The Dragon Tamer"],"gold_per_floor":[98,48,98,85,8,37,37,37,37,37,55,71,71,87,87,192,192,217,217,207,207,211,243,243,268,291,291,273,273],"floor_reached":28,"playtime":1813,"items_purged":[],"score":430,"play_id":"e3f75977-2e57-4b54-b860-4bad737c8ce2","local_time":"20201210224336","is_ascension_mode":true,"campfire_choices":[{"data":"hierophant:Mercenaries","floor":7.0,"key":"SMITH"},{"data":"hierophant:Punish","floor":13.0,"key":"SMITH"},{"floor":15.0,"key":"REST"},{"floor":24,"key":"REST"},{"data":"Cloak And Dagger","floor":27,"key":"SMITH"}],"circlet_count":0,"master_deck":["hierophant:Strike_Hierophant","hierophant:Strike_Hierophant","hierophant:Strike_Hierophant","hierophant:Punish+1","hierophant:Defend_Hierophant","hierophant:Defend_Hierophant","hierophant:Defend_Hierophant","hierophant:Defend_Hierophant","hierophant:ChurchCoffers","Panacea+1","hierophant:HammerAndAnvil","Voices","hierophant:Mercenaries+1","hierophant:Smite+1","Looming Evil","hierophant:HammerAndAnvil","hierophant:Embezzle","hierophant:FlamingChariot","hubris:Lust","hierophant:Kindle","ReplayTheSpireMod:Doomed","Cloak And Dagger+1","Injury","hierophant:EyeForCoin+1","hierophant:Doubloon+1","hierophant:Shelter","hierophant:Doubloon+1","Delirium","Malaise","hubris:DuctTapeCard"],"special_seed":0,"relics":["hierophant:PropheticMaskRelic","Ring of Greed","Replay:Bandana","The Courier","PreservedInsect","Thread and Needle","Replay:Mystery Machine","aspiration:SilentSkillbook","aspiration:Stabinomicon","hubris:BottledRain","hubris:DuctTape","Boot"],"acts_visited":["Exordium","TheCity"],"potions_floor_usage":[23,23,23,25],"damage_taken":[{"damage":0.0,"enemies":"2 Louse","floor":1.0,"turns":2.0},{"damage":1.0,"enemies":"Jaw Worm","floor":4.0,"turns":3.0},{"damage":38.0,"enemies":"3 Sentries","floor":6.0,"turns":12.0},{"damage":0.0,"enemies":"Gremlin Nob","floor":11.0,"turns":2.0},{"damage":4.0,"enemies":"Small Slimes","floor":12.0,"turns":4.0},{"damage":2.0,"enemies":"2 Fungi Beasts","floor":14.0,"turns":2.0},{"damage":12.0,"enemies":"Fading Forest","floor":16.0,"turns":11.0},{"damage":18,"enemies":"Spheric Guardian","floor":18,"turns":4},{"damage":10,"enemies":"2 Thieves","floor":20,"turns":2},{"damage":10,"enemies":"Snake Plant","floor":22,"turns":4},{"damage":0,"enemies":"Book of Stabbing","floor":23,"turns":4},{"damage":31,"enemies":"Gremlin Leader","floor":25,"turns":8},{"damage":23,"enemies":"Slavers","floor":28,"turns":1}],"seed_played":"-6952651420406881334","potions_obtained":[{"floor":6.0,"key":"ColorlessPotion"},{"floor":11.0,"key":"AttackPotion"},{"floor":16.0,"key":"EssenceOfSteel"},{"floor":20,"key":"Flashbang"},{"floor":22,"key":"Block Potion"},{"floor":23,"key":"Dexterity Potion"}],"is_trial":false,"path_per_floor":["M","?","?","M","$","E","R","?","T","?","E","M","R","M","R","B",null,"M","?","M","?","M","E","R","E","T","R","E"],"character_chosen":"HIEROPHANT","items_purchased":["Flash of Steel"],"campfire_rested":2,"item_purchase_floors":[5],"current_hp_per_floor":[75,75,75,74,74,36,36,36,36,36,36,32,32,30,52,50,75,57,57,47,31,21,21,43,12,12,12,0,0],"gold":273,"neow_bonus":"RANDOM_COLORLESS","is_daily":false,"chose_seed":false,"campfire_upgraded":3,"win_rate":0,"timestamp":1607636616,"path_taken":["M","?","?","M","$","E","R","?","T","?","E","?","R","M","R","BOSS","M","?","M","?","M","E","R","E","T","R","E"],"build_version":"2020-11-30","purchased_purges":0,"victory":false,"max_hp_per_floor":[75,75,75,75,75,75,75,75,75,75,75,75,75,75,75,75,75,75,75,75,75,75,75,75,75,75,75,75,75],"card_choices":[{"not_picked":["expansioncontent:FaceSlap","expansioncontent:SlimeTackle"],"picked":"Panacea","floor":0.0},{"not_picked":["hierophant:CoinFling","hierophant:Prophecy"],"picked":"hierophant:HammerAndAnvil","floor":1.0},{"not_picked":["hierophant:RustyCrate","hierophant:MorningPrayer"],"picked":"hierophant:Mercenaries","floor":4.0},{"not_picked":["hierophant:Remorse","hierophant:Flagellation"],"picked":"hierophant:Smite","floor":6.0},{"not_picked":["hierophant:Empathy","hierophant:Exaltation"],"picked":"hierophant:HammerAndAnvil","floor":11.0},{"not_picked":["hierophant:FieryStrike","hierophant:Smite"],"picked":"hierophant:Embezzle","floor":12.0},{"not_picked":["hierophant:WrathOfGod","hierophant:Zeal"],"picked":"hierophant:FlamingChariot","floor":14.0},{"not_picked":["hierophant:AuricForm","hierophant:Generosity"],"picked":"hierophant:Kindle","floor":16.0},{"not_picked":["hierophant:FlamingChariot+1","Blade Dance","Deadly Poison"],"picked":"Cloak And Dagger","floor":18},{"not_picked":["Underhanded Strike","Deadly Poison","hierophant:HolyVerse"],"picked":"hierophant:Empathy","floor":20},{"not_picked":["ReplayTheSpireMod:Shiv Toss","hierophant:Purify+1","Choke"],"picked":"hierophant:EyeForCoin+1","floor":22},{"not_picked":["hubris:Counter","hierophant:ConvertCurrency+1","hierophant:Sermon+1"],"picked":"hierophant:Shelter","floor":23},{"not_picked":["ReplayTheSpireMod:Speed Training","Escape Plan+1","Bane"],"picked":"Malaise","floor":25}],"player_experience":2794990,"relics_obtained":[{"floor":3.0,"key":"Ring of Greed"},{"floor":3.0,"key":"Replay:Bandana"},{"floor":3.0,"key":"The Courier"},{"floor":6.0,"key":"PreservedInsect"},{"floor":9.0,"key":"Thread and Needle"},{"floor":11.0,"key":"Replay:Mystery Machine"},{"floor":21,"key":"aspiration:Stabinomicon"},{"floor":23,"key":"hubris:BottledRain"},{"floor":25,"key":"hubris:DuctTape"},{"floor":26,"key":"Boot"}],"event_choices":[{"cards_removed":["hierophant:Strike_Hierophant"],"damage_healed":0.0,"max_hp_gain":0.0,"max_hp_loss":0.0,"gold_gain":0.0,"event_name":"The Cleric","player_choice":"Card Removal","floor":2.0,"gold_loss":50.0,"damage_taken":0.0},{"damage_healed":0,"gold_gain":0,"player_choice":"Obtained Book","damage_taken":16,"max_hp_gain":0,"max_hp_loss":0,"event_name":"Cursed Tome","floor":21,"gold_loss":0}],"is_beta":false,"boss_relics":[{"not_picked":["Pandora\u0027s Box","Honey Jar"],"picked":"aspiration:SilentSkillbook"}],"items_purged_floors":[],"is_endless":false,"potions_floor_spawned":[6,11,16,20,22,23],"killed_by":"Slavers","ascension_level":1}}