{"host":"vvp4eihuvtuugjfx","time":1607605022,"event":{"gold_per_floor":[18,18,35,35,139,167,187,216,250,275,290,317,328,360,360,360,360],"floor_reached":16,"playtime":1874,"items_purged":[],"score":139,"play_id":"c04f6a13-87e1-4b1f-8a86-3beb2ae5facf","local_time":"20201210135702","is_ascension_mode":true,"campfire_choices":[{"data":"HollowMod:Hiveblood","floor":15,"key":"SMITH"}],"neow_cost":"NO_GOLD","seed_source_timestamp":2455752669222800,"circlet_count":0,"master_deck":["HollowMod:NailStrikeStart","HollowMod:NailStrikeStart","HollowMod:NailStrikeStart","HollowMod:QuickDashStart","HollowMod:QuickDashStart","HollowMod:QuickDashStart","HollowMod:QuickDashStart","HollowMod:FocusHealStart","HollowMod:PogoStrike","HollowMod:VoidDash","HollowMod:DreamGate","HollowMod:MothsMistake","ReplayTheSpireMod:Splinters","HollowMod:WraithStrike","HollowMod:BlackTendrils","HollowMod:ElderbugsWisdom","HollowMod:HornetsHelp","HollowMod:DescendingDark","HollowMod:Hiveblood+1","HollowMod:SiblingsSouls","HollowMod:InfectedCysts","HollowMod:LuriensSpire"],"relics":["HollowMod:VesselMask","Hallownest:DreamNailRelic","Boot","Pet Ghost","Art of War","Replay:PocketPolymizer","ReplayTheSpireMod:Lightbulb","HollowMod:KingsBrand"],"potions_floor_usage":[8,8,13,16],"damage_taken":[{"damage":5,"enemies":"Hallownest:2_Tiktiks_and_1_Crawlid","floor":1,"turns":4},{"damage":0,"enemies":"2_ Uuma","floor":3,"turns":3},{"damage":35,"enemies":"Hallownest:eliteMossKnight","floor":6,"turns":11},{"damage":6,"enemies":"Hallownest:monsterHuskGuard","floor":7,"turns":3},{"damage":12,"enemies":"Hallownest:eliteCrystalGuardian","floor":8,"turns":5},{"damage":14,"enemies":"Hallownest:MossCreep_and_Mosskin","floor":9,"turns":5},{"damage":17,"enemies":"Hallownest:eliteVengeflyKing","floor":10,"turns":10},{"damage":4,"enemies":"Hallownest:MossCreep_and_Mosskin","floor":11,"turns":4},{"damage":20,"enemies":"Hallownest:1_Baldur_1_Crawlid_1_Warrior","floor":13,"turns":3},{"damage":28,"enemies":"Hallownest:eliteMossKnight","floor":14,"turns":10},{"damage":34,"enemies":"Hallownest:BossBrokenVessel","floor":16,"turns":4}],"seed_played":"-5472609890470047697","potions_obtained":[{"floor":6,"key":"Toxic Potion"},{"floor":7,"key":"Regen Potion"},{"floor":10,"key":"FearPotion"},{"floor":11,"key":"Flashbang"}],"is_trial":false,"path_per_floor":["M","?","M","$","?","E","M","E","MIM","E","M","T","M","E","R","B"],"character_chosen":"THE_BUGKNIGHT","items_purchased":[],"campfire_rested":0,"item_purchase_floors":[],"current_hp_per_floor":[70,70,70,70,70,38,34,38,41,41,40,40,32,21,21,0,0],"gold":360,"neow_bonus":"THREE_RARE_CARDS","is_prod":false,"is_daily":false,"chose_seed":false,"campfire_upgraded":1,"win_rate":0,"timestamp":1607605022,"path_taken":["M","?","?","$","?","E","M","E","MIM","E","M","?","M","E","R","BOSS"],"build_version":"2020-11-30","purchased_purges":0,"victory":false,"max_hp_per_floor":[75,75,75,75,75,75,75,75,75,75,75,75,75,75,75,75,75],"card_choices":[{"not_picked":["HollowMod:PureVessel","HollowMod:SlysStrikes"],"picked":"HollowMod:VoidDash","floor":0},{"not_picked":["HollowMod:ChannelNail","HollowMod:HowlingWraiths"],"picked":"HollowMod:DreamGate","floor":1},{"not_picked":["HollowMod:QuirrelsAssistance","HollowMod:CrystalDash"],"picked":"HollowMod:MothsMistake","floor":3},{"not_picked":["HollowMod:HuntersJournal","HollowMod:LifebloodCocoon"],"picked":"HollowMod:WraithStrike","floor":5},{"not_picked":["HollowMod:HowlingWraiths","HollowMod:ShadowDash"],"picked":"HollowMod:BlackTendrils","floor":5},{"not_picked":["HollowMod:DungDefenderAura","HollowMod:InfectedAttack"],"picked":"HollowMod:ElderbugsWisdom","floor":5},{"not_picked":["HollowMod:InfectionAssault","HollowMod:QuirrelsAssistance"],"picked":"HollowMod:HornetsHelp","floor":6},{"not_picked":["HollowMod:NewJinnsSoul","HollowMod:MantisMark"],"picked":"HollowMod:DescendingDark","floor":7},{"not_picked":["HollowMod:InfectionAssault","HollowMod:FallenFury"],"picked":"HollowMod:Hiveblood","floor":8},{"not_picked":["HollowMod:CloakDash","HollowMod:GoodIntentions"],"picked":"HollowMod:SiblingsSouls","floor":9},{"not_picked":["HollowMod:TaintedHusks","HollowMod:SoulStrike","HollowMod:FallenFury"],"picked":"SKIP","floor":10},{"not_picked":["HollowMod:HeavyBlow","HollowMod:NewJinnsSoul","HollowMod:GoodIntentions"],"picked":"SKIP","floor":11},{"not_picked":["HollowMod:MonomonsArchive","HollowMod:DesolateDive","HollowMod:VengefulSpirit"],"picked":"SKIP","floor":13},{"not_picked":["HollowMod:CornifersMapStart","HollowMod:LifebloodCocoon"],"picked":"HollowMod:InfectedCysts","floor":14}],"player_experience":704969,"relics_obtained":[{"floor":6,"key":"Boot"},{"floor":8,"key":"Pet Ghost"},{"floor":9,"key":"Art of War"},{"floor":10,"key":"Replay:PocketPolymizer"},{"floor":12,"key":"ReplayTheSpireMod:Lightbulb"},{"floor":14,"key":"HollowMod:KingsBrand"}],"event_choices":[],"is_beta":false,"boss_relics":[],"items_purged_floors":[],"is_endless":false,"potions_floor_spawned":[6,7,10,11],"killed_by":"Hallownest:BossBrokenVessel","ascension_level":2}}