{"host":"y3h3n3f7seyagppx","time":1607609419,"event":{"mods":["BaseMod","DeckTracker","Minty Spire (QoL Compilation)","Permanent Neow","StSLib","AlwaysNeverKeys","Better Vampires","Colored Powertips","Emptier Cage","Quick Restart","Rare Cards Sparkle","Relic Sorter","Relic Stats","Transform Curses"],"gold_per_floor":[209,220,230,280,293,325,325,358,370,382,394,394],"floor_reached":11,"playtime":856,"items_purged":[],"score":166,"play_id":"bd53ce7c-e3b0-4abe-a108-da119fc4126d","local_time":"20201210091019","is_ascension_mode":true,"campfire_choices":[{"floor":7.0,"key":"REST"},{"floor":10,"key":"REST"}],"circlet_count":0,"master_deck":["AscendersBane","Strike_G","Strike_G","Strike_G","Strike_G","Strike_G","Defend_G","Defend_G","Defend_G","Defend_G","Defend_G","Survivor","Neutralize","Footwork","Poisoned Stab","Dagger Spray","Predator"],"special_seed":0,"relics":["Ring of the Snake","Toy Ornithopter","MawBank","Akabeko"],"acts_visited":[],"potions_floor_usage":[8],"damage_taken":[{"damage":0.0,"enemies":"Small Slimes","floor":1.0,"turns":5.0},{"damage":1.0,"enemies":"Cultist","floor":2.0,"turns":4.0},{"damage":0.0,"enemies":"Jaw Worm","floor":3.0,"turns":6.0},{"damage":23.0,"enemies":"Exordium Thugs","floor":5.0,"turns":6.0},{"damage":25.0,"enemies":"Lagavulin","floor":6.0,"turns":11.0},{"damage":29,"enemies":"3 Sentries","floor":8,"turns":7},{"damage":36,"enemies":"Lagavulin","floor":11,"turns":7}],"seed_played":"2876572187438882675","potions_obtained":[{"floor":2.0,"key":"Block Potion"},{"floor":3.0,"key":"BlessingOfTheForge"},{"floor":6.0,"key":"FearPotion"}],"is_trial":false,"path_per_floor":["M","M","M","?","M","E","R","E","T","R","E"],"character_chosen":"THE_SILENT","items_purchased":[],"campfire_rested":2,"item_purchase_floors":[],"current_hp_per_floor":[59,58,58,58,35,10,29,5,5,24,0,0],"gold":394,"neow_bonus":"HUNDRED_GOLD","is_daily":false,"chose_seed":false,"campfire_upgraded":0,"win_rate":0,"timestamp":1607609419,"path_taken":["M","M","M","?","M","E","R","E","T","R","E"],"build_version":"2020-11-30","purchased_purges":0,"victory":false,"max_hp_per_floor":[66,66,66,66,66,66,66,66,66,66,66,66],"relic_stats":{"counters":[7,46],"MawBank":36,"obtain_stats":[{"MawBank":8,"Toy Ornithopter":6,"Akabeko":9,"Ring of the Snake":0},{"MawBank":6,"Toy Ornithopter":5,"Akabeko":6,"Ring of the Snake":0},{"MawBank":39,"Toy Ornithopter":32,"Akabeko":39,"Ring of the Snake":0}],"Toy Ornithopter":5,"Ring of the Snake":[14]},"card_choices":[{"not_picked":["Cloak And Dagger","Tactician","Distraction"],"picked":"SKIP","floor":1.0},{"not_picked":["Cloak And Dagger","Tactician","Distraction"],"picked":"SKIP","floor":1.0},{"not_picked":["Dagger Spray","Cloak And Dagger"],"picked":"Footwork","floor":2.0},{"not_picked":["Dagger Spray","Sucker Punch"],"picked":"Poisoned Stab","floor":3.0},{"not_picked":["Concentrate","Outmaneuver"],"picked":"Dagger Spray","floor":5.0},{"not_picked":["Setup","Bane"],"picked":"Predator","floor":6.0},{"not_picked":["Tactician","Acrobatics","Setup"],"picked":"SKIP","floor":8}],"player_experience":19884876,"relics_obtained":[{"floor":6.0,"key":"Toy Ornithopter"},{"floor":8,"key":"MawBank"},{"floor":9,"key":"Akabeko"}],"event_choices":[{"damage_healed":0.0,"max_hp_gain":0.0,"max_hp_loss":0.0,"gold_gain":50.0,"event_name":"Golden Shrine","player_choice":"Pray","floor":4.0,"gold_loss":0.0,"damage_taken":0.0}],"is_beta":false,"boss_relics":[],"items_purged_floors":[],"is_endless":false,"potions_floor_spawned":[2,3,6],"killed_by":"Lagavulin","ascension_level":20}}