{"host":"3m3t6u1636lvefx4","time":1607588914,"event":{"gold_per_floor":[118,43,43,62,76,76,87,87,87,53,131,192,19,32,32,134,134,145,76,76,90,90,90,5,5,52,66,94,106,120,152,152,251,251,266,280,42,57,0,0,50,67,91,109,209,209,220,234,234,234],"floor_reached":51,"playtime":6586,"items_purged":["Strike_G"],"score":679,"play_id":"aa5515f3-d418-4082-8580-e3c5d117a6c3","local_time":"20201210112834","is_ascension_mode":false,"campfire_choices":[{"data":"Magnetism","floor":6.0,"key":"SMITH"},{"floor":15.0,"key":"REST"},{"data":"Apotheosis","floor":23,"key":"SMITH"},{"data":"Calculated Gamble","floor":32,"key":"SMITH"},{"data":"Infinite Blades","floor":40,"key":"SMITH"},{"data":"Adrenaline","floor":49,"key":"SMITH"}],"neow_cost":"PERCENT_DAMAGE","seed_source_timestamp":5279049852200,"circlet_count":0,"master_deck":["Strike_G","Strike_G","Defend_G","Defend_G","Defend_G","Defend_G","Defend_G","Survivor","Neutralize","Magnetism+1","Escape Plan","Prepared","Noxious Fumes","Infinite Blades+1","Cloak And Dagger","Apotheosis+1","Adrenaline","Deflect","Footwork","Flechettes","Prepared","Backflip","Calculated Gamble+1","Adrenaline+1","CurseOfTheBell","Outmaneuver","Impatience","Escape Plan","Calculated Gamble+1"],"special_seed":0,"relics":["Ring of the Snake","Boot","Pantograph","Mercury Hourglass","HoveringKite","StoneCalendar","Juzu Bracelet","Regal Pillow","Oddly Smooth Stone","Calling Bell","Happy Flower","Kunai","Unceasing Top","TwistedFunnel","Red Mask","Peace Pipe","Ancient Tea Set"],"potions_floor_usage":[18,18,31,31,33,38,50],"damage_taken":[{"damage":0.0,"enemies":"2 Louse","floor":1.0,"turns":3.0},{"damage":1.0,"enemies":"Cultist","floor":4.0,"turns":5.0},{"damage":0.0,"enemies":"Jaw Worm","floor":5.0,"turns":6.0},{"damage":1.0,"enemies":"Exordium Thugs","floor":7.0,"turns":6.0},{"damage":27.0,"enemies":"3 Sentries","floor":12.0,"turns":7.0},{"damage":6.0,"enemies":"Large Slime","floor":14.0,"turns":5.0},{"damage":12,"enemies":"Slime Boss","floor":16,"turns":7},{"damage":18,"enemies":"2 Thieves","floor":18,"turns":3},{"damage":0,"enemies":"Chosen","floor":21,"turns":6},{"damage":1,"enemies":"3 Cultists","floor":27,"turns":5},{"damage":4,"enemies":"Gremlin Leader","floor":28,"turns":7},{"damage":0,"enemies":"Centurion and Healer","floor":29,"turns":7},{"damage":13,"enemies":"Cultist and Chosen","floor":30,"turns":7},{"damage":0,"enemies":"Slavers","floor":31,"turns":5},{"damage":27,"enemies":"Collector","floor":33,"turns":10},{"damage":8,"enemies":"3 Shapes","floor":35,"turns":5},{"damage":0,"enemies":"Orb Walker","floor":36,"turns":4},{"damage":13,"enemies":"Jaw Worm Horde","floor":38,"turns":4},{"damage":0,"enemies":"Mind Bloom Boss Battle","floor":41,"turns":6},{"damage":0,"enemies":"Sphere and 2 Shapes","floor":42,"turns":4},{"damage":0,"enemies":"4 Shapes","floor":44,"turns":5},{"damage":0,"enemies":"3 Darklings","floor":47,"turns":4},{"damage":0,"enemies":"Maw","floor":48,"turns":6},{"damage":68,"enemies":"Time Eater","floor":50,"turns":14}],"seed_played":"6763735297216250569","potions_obtained":[{"floor":5.0,"key":"Regen Potion"},{"floor":7.0,"key":"AttackPotion"},{"floor":16,"key":"Fire Potion"},{"floor":27,"key":"LiquidBronze"},{"floor":29,"key":"GhostInAJar"},{"floor":31,"key":"Energy Potion"},{"floor":38,"key":"PowerPotion"},{"floor":41,"key":"GamblersBrew"},{"floor":42,"key":"SmokeBomb"}],"is_trial":false,"path_per_floor":["M","$","?","M","M","R","M","?","T","$","T","?","$","M","R","B",null,"M","$","?","M","$","R","?","?","T","M","E","M","M","E","R","B",null,"M","M","$","M","?","R","?","M","T","M","?","?","M","M","R","B",null],"character_chosen":"THE_SILENT","items_purchased":["Infinite Blades","Apotheosis","Footwork","Impatience","TwistedFunnel"],"campfire_rested":1,"item_purchase_floors":[10,13,19,37,37],"current_hp_per_floor":[49,49,49,48,48,48,47,47,47,47,47,20,20,14,35,48,70,52,52,52,52,52,52,52,70,70,69,65,65,52,52,52,58,70,62,62,62,49,49,49,70,70,70,70,70,70,70,70,70,2],"gold":234,"neow_bonus":"RANDOM_COLORLESS_2","is_prod":false,"is_daily":false,"chose_seed":false,"campfire_upgraded":5,"win_rate":0,"timestamp":1607588914,"path_taken":["M","$","?","M","?","R","M","?","T","$","?","?","?","M","R","BOSS","M","$","?","M","?","R","?","?","T","M","E","M","M","E","R","BOSS","M","M","$","M","?","R","?","M","T","M","?","?","M","M","R","BOSS"],"build_version":"2020-11-30","purchased_purges":1,"victory":true,"max_hp_per_floor":[70,70,70,70,70,70,70,70,70,70,70,70,70,70,70,70,70,70,70,70,70,70,70,70,70,70,70,70,70,70,70,70,70,70,70,70,70,70,70,70,70,70,70,70,70,70,70,70,70,70],"card_choices":[{"not_picked":["Metamorphosis","Secret Technique"],"picked":"Magnetism","floor":0.0},{"not_picked":["Slice","Flying Knee"],"picked":"Escape Plan","floor":1.0},{"not_picked":["Masterful Stab","Well Laid Plans"],"picked":"Prepared","floor":4.0},{"not_picked":["Deflect","Underhanded Strike"],"picked":"Noxious Fumes","floor":5.0},{"not_picked":["Phantasmal Killer","Dagger Throw","Blade Dance"],"picked":"SKIP","floor":7.0},{"not_picked":["Outmaneuver","All Out Attack"],"picked":"Cloak And Dagger","floor":12.0},{"not_picked":["Sucker Punch","Slice","Dash"],"picked":"SKIP","floor":14.0},{"not_picked":["Corpse Explosion","Wraith Form v2"],"picked":"Adrenaline","floor":16},{"not_picked":["Bane","Crippling Poison+1"],"picked":"Deflect","floor":18},{"not_picked":["PiercingWail","Concentrate"],"picked":"Prepared","floor":21},{"not_picked":["Blade Dance","Prepared","Dagger Throw"],"picked":"SKIP","floor":27},{"not_picked":["Quick Slash","Predator"],"picked":"Backflip","floor":28},{"not_picked":["Cloak And Dagger+1","Reflex","Dagger Throw+1"],"picked":"SKIP","floor":29},{"not_picked":["PiercingWail+1","Dash"],"picked":"Calculated Gamble","floor":30},{"not_picked":["Riddle With Holes","Flying Knee","Flechettes+1"],"picked":"SKIP","floor":31},{"not_picked":["Glass Knife","Unload"],"picked":"Adrenaline","floor":33},{"not_picked":["Sucker Punch+1","Slice+1"],"picked":"Outmaneuver","floor":35},{"not_picked":["Blade Dance+1","Slice","Endless Agony+1"],"picked":"SKIP","floor":36},{"not_picked":["Flechettes+1","Quick Slash","Cloak And Dagger"],"picked":"SKIP","floor":38},{"not_picked":["Outmaneuver","Slice+1","Dodge and Roll+1"],"picked":"SKIP","floor":42},{"not_picked":["Dagger Throw+1","Escape Plan","Prepared"],"picked":"SKIP","floor":44},{"not_picked":["Dagger Throw+1","Prepared"],"picked":"Escape Plan","floor":44},{"not_picked":["Acrobatics","Prepared+1"],"picked":"Calculated Gamble+1","floor":47},{"not_picked":["Sucker Punch+1","Skewer","Prepared+1"],"picked":"SKIP","floor":48}],"player_experience":234357,"relics_obtained":[{"floor":9.0,"key":"Boot"},{"floor":11.0,"key":"Pantograph"},{"floor":12.0,"key":"Mercury Hourglass"},{"floor":26,"key":"Juzu Bracelet"},{"floor":28,"key":"Regal Pillow"},{"floor":31,"key":"Oddly Smooth Stone"},{"floor":34,"key":"Happy Flower"},{"floor":34,"key":"Kunai"},{"floor":34,"key":"Unceasing Top"},{"floor":41,"key":"Peace Pipe"},{"floor":43,"key":"Ancient Tea Set"}],"event_choices":[{"cards_removed":["Strike_G"],"damage_healed":0.0,"max_hp_gain":0.0,"max_hp_loss":0.0,"gold_gain":0.0,"event_name":"Purifier","player_choice":"Purged","floor":3.0,"gold_loss":0.0,"damage_taken":0.0},{"damage_healed":0.0,"max_hp_gain":0.0,"max_hp_loss":0.0,"gold_gain":0.0,"event_name":"NoteForYourself","player_choice":"Ignored","floor":8.0,"gold_loss":0.0,"damage_taken":0.0},{"damage_healed":0.0,"max_hp_gain":0.0,"max_hp_loss":0.0,"gold_gain":0.0,"event_name":"Dead Adventurer","player_choice":"Searched \u00272\u0027 times","floor":12.0,"gold_loss":0.0,"damage_taken":0.0},{"damage_healed":0,"gold_gain":0,"cards_transformed":["Strike_G"],"player_choice":"Transformed","damage_taken":0,"max_hp_gain":0,"max_hp_loss":0,"event_name":"Transmorgrifier","floor":20,"gold_loss":0,"cards_obtained":["Flechettes"]},{"damage_healed":0,"gold_gain":0,"player_choice":"Obtained Relic","damage_taken":0,"relics_obtained":["StoneCalendar"],"max_hp_gain":0,"max_hp_loss":0,"event_name":"Addict","floor":24,"gold_loss":85},{"damage_healed":18,"gold_gain":0,"player_choice":"Full Heal","damage_taken":0,"max_hp_gain":0,"max_hp_loss":0,"event_name":"Wheel of Change","floor":25,"gold_loss":0},{"damage_healed":0,"gold_gain":0,"player_choice":"Paid","damage_taken":0,"relics_obtained":["Red Mask"],"max_hp_gain":0,"max_hp_loss":0,"event_name":"Tomb of Lord Red Mask","floor":39,"gold_loss":57},{"damage_healed":0,"gold_gain":0,"player_choice":"Fight","damage_taken":0,"max_hp_gain":0,"max_hp_loss":0,"event_name":"MindBloom","floor":41,"gold_loss":0},{"damage_healed":0,"gold_gain":100,"player_choice":"Pray","damage_taken":0,"max_hp_gain":0,"max_hp_loss":0,"event_name":"Golden Shrine","floor":45,"gold_loss":0},{"damage_healed":0,"gold_gain":0,"player_choice":"Ignored","damage_taken":0,"max_hp_gain":0,"max_hp_loss":0,"event_name":"SecretPortal","floor":46,"gold_loss":0}],"is_beta":false,"boss_relics":[{"not_picked":["SlaversCollar","Coffee Dripper"],"picked":"HoveringKite"},{"not_picked":["Sozu","Snecko Eye"],"picked":"Calling Bell"}],"items_purged_floors":[2],"is_endless":false,"potions_floor_spawned":[5,7,16,27,29,31,38,41,42,47],"ascension_level":0}}