{"host":"49c2zf0lajbcs427","time":1607596563,"event":{"gold_per_floor":[142,27,62,101,111,111,179,232,256,298,298,339,194,265,265,372,372,419,465,514,429,442,515,515,579,605,677,677,454,454,250,250,415,415,491,102,173,248,325,419,419,510,510,612,701,240,0,20,20,20],"floor_reached":51,"playtime":3814,"items_purged":["Consecrate","Eruption","Judgement"],"score":1359,"play_id":"93da598e-bafe-4461-a290-9d0ae5423eb0","local_time":"20201210233603","is_ascension_mode":true,"campfire_choices":[{"data":"Wish","floor":6,"key":"SMITH"},{"data":"SignatureMove","floor":11,"key":"SMITH"},{"data":"Prostrate","floor":15,"key":"SMITH"},{"data":"Scrawl","floor":24,"key":"SMITH"},{"data":"Wish","floor":28,"key":"SMITH"},{"data":"Study","floor":32,"key":"SMITH"},{"data":"Scrawl","floor":41,"key":"SMITH"},{"data":"DevaForm","floor":49,"key":"SMITH"}],"neow_cost":"NONE","seed_source_timestamp":53929928378000,"circlet_count":0,"master_deck":["AscendersBane","Vigilance","Wallop","LikeWater","Scrawl+1","Wish+1","SignatureMove+1","SpiritShield+1","Scrawl+1","Prostrate+1","Prostrate","Brilliance","InnerPeace","Wish+1","Study+1","Brilliance","Prostrate","Sanctity+1","DevaForm+1","Meditate+1"],"relics":["Pandora\u0027s Box","CeramicFish","Pen Nib","Nunchaku","Potion Belt","MealTicket","Philosopher\u0027s Stone","Smiling Mask","Pantograph","Bronze Scales","Oddly Smooth Stone","Bag of Marbles","Art of War","Medical Kit","Coffee Dripper","Kunai","Blood Vial","Ancient Tea Set","White Beast Statue","Happy Flower","Toy Ornithopter","Frozen Egg 2","Red Mask"],"potions_floor_usage":[16,23,23,33,50,50,50],"damage_taken":[{"damage":0,"enemies":"Cultist","floor":1,"turns":2},{"damage":0,"enemies":"Small Slimes","floor":3,"turns":3},{"damage":0,"enemies":"Jaw Worm","floor":4,"turns":4},{"damage":0,"enemies":"2 Fungi Beasts","floor":5,"turns":5},{"damage":8,"enemies":"3 Sentries","floor":7,"turns":7},{"damage":8,"enemies":"Blue Slaver","floor":8,"turns":8},{"damage":2,"enemies":"Looter","floor":10,"turns":4},{"damage":21,"enemies":"3 Louse","floor":12,"turns":4},{"damage":0,"enemies":"Lagavulin","floor":14,"turns":6},{"damage":9,"enemies":"Hexaghost","floor":16,"turns":5},{"damage":0,"enemies":"Spheric Guardian","floor":18,"turns":3},{"damage":3,"enemies":"Shell Parasite","floor":19,"turns":4},{"damage":6,"enemies":"Centurion and Healer","floor":20,"turns":3},{"damage":0,"enemies":"Snake Plant","floor":22,"turns":3},{"damage":2,"enemies":"Slavers","floor":23,"turns":6},{"damage":22,"enemies":"Gremlin Leader","floor":25,"turns":5},{"damage":8,"enemies":"Slavers","floor":27,"turns":3},{"damage":16,"enemies":"Collector","floor":33,"turns":7},{"damage":0,"enemies":"3 Shapes","floor":35,"turns":5},{"damage":1,"enemies":"3 Darklings","floor":37,"turns":4},{"damage":3,"enemies":"Writhing Mass","floor":38,"turns":3},{"damage":0,"enemies":"Maw","floor":39,"turns":3},{"damage":7,"enemies":"Nemesis","floor":40,"turns":6},{"damage":0,"enemies":"Reptomancer","floor":42,"turns":3},{"damage":13,"enemies":"Nemesis","floor":44,"turns":5},{"damage":0,"enemies":"Jaw Worm Horde","floor":45,"turns":2},{"damage":0,"enemies":"3 Darklings","floor":48,"turns":3},{"damage":2,"enemies":"Donu and Deca","floor":50,"turns":6}],"seed_played":"-1987558667200433634","potions_obtained":[{"floor":8,"key":"SkillPotion"},{"floor":10,"key":"Ancient Potion"},{"floor":14,"key":"FearPotion"},{"floor":16,"key":"Weak Potion"},{"floor":18,"key":"LiquidBronze"},{"floor":27,"key":"SteroidPotion"},{"floor":35,"key":"LiquidMemories"},{"floor":37,"key":"FairyPotion"},{"floor":44,"key":"BlessingOfTheForge"},{"floor":48,"key":"SkillPotion"}],"is_trial":false,"path_per_floor":["M","?","M","M","M","R","E","M","T","M","R","M","$","E","R","B",null,"M","M","M","?","M","E","R","E","T","E","R","$","?","$","R","B",null,"M","$","M","M","M","E","R","E","T","E","M","$","?","M","R","B",null],"character_chosen":"WATCHER","items_purchased":["Potion Belt","Art of War","Study","Medical Kit","Kunai","Prostrate","Strength Potion","Toy Ornithopter","Frozen Egg 2"],"campfire_rested":0,"item_purchase_floors":[13,29,29,31,36,36,36,46,46],"current_hp_per_floor":[65,65,65,65,65,65,57,49,49,47,47,26,26,26,26,17,58,58,55,49,49,49,47,47,25,25,17,17,32,32,47,47,56,68,68,72,71,68,68,61,61,63,63,52,54,69,69,71,71,72],"gold":20,"neow_bonus":"BOSS_RELIC","is_prod":false,"is_daily":false,"chose_seed":false,"campfire_upgraded":8,"win_rate":0,"timestamp":1607596563,"path_taken":["M","?","?","M","M","R","E","M","T","M","R","M","$","E","R","BOSS","M","M","M","?","M","E","R","E","T","E","R","$","?","$","R","BOSS","M","$","M","M","M","E","R","E","T","E","?","$","?","M","R","BOSS"],"build_version":"2020-11-30","purchased_purges":3,"victory":true,"max_hp_per_floor":[72,72,72,72,72,72,72,72,72,72,72,72,72,72,72,72,72,72,72,72,72,72,72,72,72,72,72,72,72,72,72,72,72,72,72,72,72,72,72,72,72,72,72,72,72,72,72,72,72,72],"relic_stats":{"Happy Flower":[3],"counters":[28,122],"CeramicFish":108,"Pen Nib":[12],"Smiling Mask":150,"Medical Kit":[7],"Blood Vial":9,"Nunchaku":[12],"Pantograph":25,"Bronze Scales":[98],"Pandora\u0027s Box":["Wallop","Consecrate","LikeWater","Judgement","Scrawl","Wish","SignatureMove","SpiritShield"],"MealTicket":49,"Art of War":[12],"Kunai":[5],"obtain_stats":[{"Potion Belt":13,"Happy Flower":44,"CeramicFish":2,"Oddly Smooth Stone":26,"Pen Nib":7,"Frozen Egg 2":46,"Smiling Mask":21,"Medical Kit":31,"Ancient Tea Set":42,"White Beast Statue":43,"Blood Vial":40,"Nunchaku":9,"Pantograph":23,"Bronze Scales":25,"Pandora\u0027s Box":0,"MealTicket":14,"Philosopher\u0027s Stone":17,"Bag of Marbles":27,"Art of War":29,"Coffee Dripper":34,"Red Mask":47,"Kunai":36,"PureWater":0,"Toy Ornithopter":46},{"Potion Belt":8,"Happy Flower":25,"CeramicFish":1,"Oddly Smooth Stone":16,"Pen Nib":5,"Frozen Egg 2":26,"Smiling Mask":13,"Medical Kit":17,"Ancient Tea Set":24,"White Beast Statue":24,"Blood Vial":23,"Nunchaku":6,"Pantograph":15,"Bronze Scales":16,"Pandora\u0027s Box":0,"MealTicket":9,"Philosopher\u0027s Stone":10,"Bag of Marbles":17,"Art of War":17,"Coffee Dripper":18,"Red Mask":26,"Kunai":19,"PureWater":0,"Toy Ornithopter":26},{"Potion Belt":37,"Happy Flower":111,"CeramicFish":2,"Oddly Smooth Stone":72,"Pen Nib":21,"Frozen Egg 2":113,"Smiling Mask":58,"Medical Kit":75,"Ancient Tea Set":106,"White Beast Statue":106,"Blood Vial":103,"Nunchaku":29,"Pantograph":67,"Bronze Scales":72,"Pandora\u0027s Box":0,"MealTicket":43,"Philosopher\u0027s Stone":48,"Bag of Marbles":75,"Art of War":75,"Coffee Dripper":82,"Red Mask":113,"Kunai":87,"PureWater":0,"Toy Ornithopter":113}],"Toy Ornithopter":2},"card_choices":[{"not_picked":["Crescendo","EmptyBody","BowlingBash"],"picked":"SKIP","floor":1},{"not_picked":["Protect","FearNoEvil","EmptyFist"],"picked":"SKIP","floor":3},{"not_picked":["Weave","Consecrate","SignatureMove"],"picked":"SKIP","floor":4},{"not_picked":["EmptyBody","SashWhip","BowlingBash"],"picked":"SKIP","floor":5},{"not_picked":["WheelKick","Conclude"],"picked":"Scrawl","floor":7},{"not_picked":["CrushJoints","EmptyFist"],"picked":"Prostrate","floor":8},{"not_picked":["ForeignInfluence","Consecrate","EmptyFist"],"picked":"SKIP","floor":10},{"not_picked":["Crescendo","EmptyBody","WaveOfTheHand"],"picked":"SKIP","floor":12},{"not_picked":["Weave","PathToVictory"],"picked":"Prostrate","floor":14},{"not_picked":["Alpha","Scrawl"],"picked":"Brilliance","floor":16},{"not_picked":["FlyingSleeves","PathToVictory","Evaluate"],"picked":"SKIP","floor":18},{"not_picked":["PathToVictory+1","FollowUp","WheelKick"],"picked":"SKIP","floor":19},{"not_picked":["FlurryOfBlows","Alpha","CrushJoints"],"picked":"SKIP","floor":20},{"not_picked":["BowlingBash","PathToVictory","ReachHeaven"],"picked":"SKIP","floor":22},{"not_picked":["Consecrate","WindmillStrike+1"],"picked":"InnerPeace","floor":23},{"not_picked":["Collect","Indignation","Halt"],"picked":"SKIP","floor":25},{"not_picked":["CrushJoints","FlyingSleeves"],"picked":"Wish","floor":27},{"not_picked":["Ragnarok","Establishment"],"picked":"Brilliance","floor":33},{"not_picked":["CutThroughFate","Protect","Consecrate+1"],"picked":"SKIP","floor":35},{"not_picked":["FlyingSleeves","Prostrate","ClearTheMind"],"picked":"SKIP","floor":37},{"not_picked":["SashWhip+1","CutThroughFate+1","BowlingBash+1"],"picked":"SKIP","floor":38},{"not_picked":["InnerPeace","FlurryOfBlows","Wallop+1"],"picked":"SKIP","floor":39},{"not_picked":["FearNoEvil+1","Crescendo"],"picked":"Sanctity+1","floor":40},{"not_picked":["FearNoEvil","LikeWater","Adaptation"],"picked":"SKIP","floor":42},{"not_picked":["CrushJoints","MasterReality"],"picked":"DevaForm","floor":44},{"not_picked":["FollowUp","Crescendo"],"picked":"Meditate+1","floor":45},{"not_picked":["EmptyBody+1","ClearTheMind","WreathOfFlame"],"picked":"SKIP","floor":48}],"player_experience":2058839,"relics_obtained":[{"floor":7,"key":"Pen Nib"},{"floor":9,"key":"Nunchaku"},{"floor":14,"key":"MealTicket"},{"floor":23,"key":"Pantograph"},{"floor":25,"key":"Bronze Scales"},{"floor":26,"key":"Oddly Smooth Stone"},{"floor":27,"key":"Bag of Marbles"},{"floor":40,"key":"Blood Vial"},{"floor":42,"key":"Ancient Tea Set"},{"floor":43,"key":"White Beast Statue"},{"floor":44,"key":"Happy Flower"}],"event_choices":[{"damage_healed":0,"gold_gain":0,"player_choice":"Paid Gold","damage_taken":0,"relics_obtained":["CeramicFish"],"max_hp_gain":0,"max_hp_loss":0,"event_name":"WeMeetAgain","floor":2,"gold_loss":115},{"damage_healed":0,"gold_gain":0,"player_choice":"Obtained Relic","damage_taken":0,"relics_obtained":["Smiling Mask"],"max_hp_gain":0,"max_hp_loss":0,"event_name":"Addict","floor":21,"gold_loss":85},{"damage_healed":0,"gold_gain":0,"player_choice":"Upgraded","damage_taken":0,"max_hp_gain":0,"max_hp_loss":0,"event_name":"Upgrade Shrine","floor":30,"gold_loss":0,"cards_upgraded":["SpiritShield"]},{"damage_healed":0,"gold_gain":0,"player_choice":"Paid","damage_taken":0,"relics_obtained":["Red Mask"],"max_hp_gain":0,"max_hp_loss":0,"event_name":"Tomb of Lord Red Mask","floor":47,"gold_loss":240}],"is_beta":false,"boss_relics":[{"not_picked":["Calling Bell","Runic Dome"],"picked":"Philosopher\u0027s Stone"},{"not_picked":["Sozu","Velvet Choker"],"picked":"Coffee Dripper"}],"items_purged_floors":[31,36,46],"is_endless":false,"potions_floor_spawned":[8,10,14,16,18,20,27,35,37,39,44,45,48],"ascension_level":12}}