{"host":"jpol0bbzretdyr3c","time":1607570771,"event":{"gold_per_floor":[112,112,17,117,66,66,66,66,66,97,97,97,114,114,114,114,114,114,114],"floor_reached":18,"playtime":1291,"items_purged":[],"score":118,"play_id":"5b942208-0deb-499d-b9c0-926b3259dac7","local_time":"20201209192611","is_ascension_mode":true,"campfire_choices":[{"floor":6,"key":"REST"},{"floor":9,"key":"REST"},{"floor":12,"key":"REST"},{"floor":17,"key":"REST"}],"neow_cost":"NONE","seed_source_timestamp":36492812281600,"circlet_count":0,"master_deck":["Koishi:BasicStrike","Koishi:BasicStrike","Koishi:BasicStrike","Koishi:BasicStrike","Koishi:BasicDefend","Koishi:BasicDefend","Koishi:BasicDefend","Koishi:BasicDefend","Koishi:Provoke","Koishi:HauntingSlash","Koishi:SubterraneanRose","Koishi:SubconsciousSweep","Koishi:StingingMind","Koishi:SubterraneanRose","Koishi:UnconsciousUprising","Koishi:MassHysteria","Koishi:UnseenTerror"],"relics":["Koishi:ImaginaryFriend","Replay:Bottled Flurry","Juzu Bracelet","Ice Cream","Centennial Puzzle","Pondfish Scales","Snack Pack"],"potions_floor_usage":[18,18],"damage_taken":[{"damage":0,"enemies":"Hallownest:monsterHuskGuard","floor":1,"turns":6},{"damage":27,"enemies":"Hallownest:eliteCrystalGuardian","floor":10,"turns":8},{"damage":4,"enemies":"Hallownest:2_Baldur","floor":13,"turns":5},{"damage":58,"enemies":"Hallownest:BossBrokenVessel","floor":18,"turns":13}],"seed_played":"7461801204718215331","potions_obtained":[{"floor":1,"key":"Cursed Concoction"}],"is_trial":false,"path_per_floor":["M","T","$","?","$","R","PTL","PTL","R","E","T","R","M","?","?","?","R","B"],"character_chosen":"KOISHI","items_purchased":["Koishi:SubconsciousSweep","Koishi:StingingMind","Koishi:UnconsciousUprising"],"campfire_rested":4,"item_purchase_floors":[3,3,5],"current_hp_per_floor":[22,22,22,7,7,25,25,25,43,26,26,44,41,41,31,22,40,0,0],"gold":114,"neow_bonus":"RANDOM_EVENT","is_prod":false,"is_daily":false,"chose_seed":false,"campfire_upgraded":0,"win_rate":0,"timestamp":1607570771,"path_taken":["M","?","?","?","$","R","PTL","PTL","R","E","T","R","M","?","?","?","R","BOSS"],"build_version":"2020-11-30","purchased_purges":0,"victory":false,"max_hp_per_floor":[60,60,60,60,60,60,60,60,60,60,60,60,60,60,60,60,60,60,60],"card_choices":[{"not_picked":["Koishi:RorschachInDanmaku","Koishi:BloodcurdlingScream"],"picked":"Koishi:SubterraneanRose","floor":1},{"not_picked":["Koishi:HeartfeltFancy","Koishi:PredatoryInstincts"],"picked":"Koishi:SubterraneanRose","floor":4},{"not_picked":["Koishi:FreudianInstinct","Koishi:GhostParty"],"picked":"Koishi:MassHysteria","floor":10},{"not_picked":["Koishi:Bloodlust","Koishi:Untouchable"],"picked":"Koishi:UnseenTerror","floor":13}],"player_experience":399612,"relics_obtained":[{"floor":2,"key":"Ice Cream"},{"floor":4,"key":"Centennial Puzzle"},{"floor":10,"key":"Pondfish Scales"},{"floor":11,"key":"Snack Pack"}],"event_choices":[],"is_beta":false,"boss_relics":[],"items_purged_floors":[],"is_endless":false,"potions_floor_spawned":[1],"killed_by":"Hallownest:BossBrokenVessel","ascension_level":3}}