{"host":"3qj1vaxru8jk8t9y","time":1607618383,"event":{"mods":["BaseMod","Act Like it!","BetterRewards","Colored Map","GifTheSpireLib","Highlight Path","StSLib","Hubris","Permanent Neow","Relic Sorter","Shop Mod","2.2 Compatiblity","AchievementEnabler","Better Note","Block Reminder","Minty Spire (QoL Compilation)","Rare Cards Sparkle","Colored Powertips","Quick Restart"],"gold_per_floor":[114,114,64,64,81,115,115,126,177,207,207,218,232,57,57,161,161,180,55,72,72,135,162,172,203,203,203,213,245,255,345,345,445,445,464,476,326,326,326,361,372,407,407,438,438,146,164,175,175,175],"floor_reached":51,"playtime":2569,"items_purged":["Strike_R","Defend_R","Strike_R","Strike_R+1"],"score":1200,"play_id":"0e9e3837-0ebf-473f-907f-09cd21c72aa9","local_time":"20201211003943","is_ascension_mode":true,"campfire_choices":[{"data":"Defend_R","floor":7,"key":"SMITH"},{"data":"Defend_R","floor":11,"key":"SMITH"},{"data":"Shrug It Off","floor":15,"key":"SMITH"},{"data":"Strike_R","floor":27,"key":"SMITH"},{"floor":32,"key":"REST"},{"data":"Searing Blow+1","floor":49,"key":"SMITH"}],"circlet_count":0,"master_deck":["Strike_R+1","Defend_R+1","Bash+1","Twin Strike+1","Perfected Strike+1","Twin Strike+1","Wild Strike+1","Shrug It Off+1","Perfected Strike+1","Immolate+1","CurseOfTheBell","hubris:DuctTapeCard","Dropkick+1","Necronomicurse","Clash+1","Perfected Strike+1","Searing Blow+2","Pommel Strike+1","hubris:StunningStrike+1","hubris:StunningStrike+1","Clothesline+1"],"relics":["Burning Blood","hubris:Icosahedron","Molten Egg 2","hubris:Spice","Mercury Hourglass","Anchor","MerchantsRug","Calling Bell","Necronomicon","Velvet Choker","hubris:Towel","Calipers","Blue Candle","Sundial","Blood Vial","Vajra","Potion Belt"],"acts_visited":["Exordium","TheCity","TheBeyond"],"potions_floor_usage":[23,29,33,44],"damage_taken":[{"damage":0,"enemies":"Small Slimes","floor":1,"turns":2},{"damage":0,"enemies":"2 Louse","floor":5,"turns":2},{"damage":0,"enemies":"Gremlin Nob","floor":6,"turns":2},{"damage":0,"enemies":"Cultist","floor":8,"turns":2},{"damage":2,"enemies":"2 Fungi Beasts","floor":12,"turns":2},{"damage":0,"enemies":"3 Louse","floor":13,"turns":2},{"damage":36,"enemies":"Hexaghost","floor":16,"turns":8},{"damage":14,"enemies":"Shell Parasite","floor":18,"turns":3},{"damage":0,"enemies":"Chosen","floor":20,"turns":3},{"damage":10,"enemies":"Slavers","floor":23,"turns":3},{"damage":0,"enemies":"Centurion and Healer","floor":24,"turns":3},{"damage":0,"enemies":"Gremlin Leader","floor":25,"turns":2},{"damage":1,"enemies":"Snake Plant","floor":28,"turns":2},{"damage":2,"enemies":"Book of Stabbing","floor":29,"turns":2},{"damage":2,"enemies":"Chosen and Byrds","floor":30,"turns":2},{"damage":16,"enemies":"Automaton","floor":33,"turns":4},{"damage":0,"enemies":"3 Shapes","floor":35,"turns":1},{"damage":0,"enemies":"Orb Walker","floor":36,"turns":1},{"damage":45,"enemies":"Nemesis","floor":40,"turns":4},{"damage":0,"enemies":"Transient","floor":41,"turns":5},{"damage":0,"enemies":"Reptomancer","floor":42,"turns":3},{"damage":0,"enemies":"Nemesis","floor":44,"turns":4},{"damage":0,"enemies":"Writhing Mass","floor":47,"turns":3},{"damage":4,"enemies":"4 Shapes","floor":48,"turns":2},{"damage":45,"enemies":"Time Eater","floor":50,"turns":5}],"seed_played":"8794227766842917417","potions_obtained":[{"floor":1,"key":"GamblersBrew"},{"floor":6,"key":"LiquidBronze"},{"floor":8,"key":"SneckoOil"},{"floor":12,"key":"AttackPotion"},{"floor":23,"key":"Strength Potion"},{"floor":30,"key":"ElixirPotion"},{"floor":41,"key":"PowerPotion"},{"floor":47,"key":"Weak Potion"},{"floor":48,"key":"LiquidBronze"}],"is_trial":false,"path_per_floor":["M","?","?","?","M","E","R","M","T","?","R","M","M","$","R","B",null,"M","$","M","?","$","E","M","E","T","R","M","E","M","?","R","B",null,"M","M","$","?","?","E","M","E","T","E","?","$","M","M","R","B",null],"character_chosen":"IRONCLAD","items_purchased":["Molten Egg 2","Twin Strike+1","MerchantsRug","Vajra","Potion Belt"],"campfire_rested":1,"item_purchase_floors":[0,0,14,46,46],"current_hp_per_floor":[88,70,70,70,76,82,82,88,88,88,88,88,88,88,88,58,88,80,80,86,70,70,66,72,78,78,78,80,80,80,68,80,70,80,80,80,80,80,80,41,47,53,53,59,62,62,70,74,74,37],"gold":175,"neow_bonus":"","is_daily":false,"chose_seed":false,"campfire_upgraded":5,"win_rate":0,"timestamp":1607618383,"path_taken":["M","?","?","?","?","E","R","M","T","?","R","M","M","$","R","BOSS","M","$","M","?","$","E","M","E","T","R","M","E","M","?","R","BOSS","M","M","$","?","?","E","M","E","T","E","?","$","M","?","R","BOSS"],"build_version":"2020-11-30","purchased_purges":4,"victory":true,"max_hp_per_floor":[88,88,88,88,88,88,88,88,88,88,88,88,88,88,88,88,88,88,88,88,88,88,80,80,80,80,80,80,80,80,80,80,80,80,80,80,80,80,80,80,80,80,80,80,83,83,83,83,83,83],"card_choices":[{"not_picked":["Anger+1","Clash+1"],"picked":"Perfected Strike+1","floor":1},{"not_picked":["hubris:ReadiedAction","Shrug It Off"],"picked":"Twin Strike+1","floor":5},{"not_picked":["Sword Boomerang+1","Ghostly Armor"],"picked":"Wild Strike+1","floor":6},{"not_picked":["Dual Wield","hubris:ReadiedAction","Anger+1"],"picked":"SKIP","floor":8},{"not_picked":["Thunderclap+1","Heavy Blade+1"],"picked":"Shrug It Off","floor":12},{"not_picked":["hubris:ReadiedAction","Entrench"],"picked":"Perfected Strike+1","floor":13},{"not_picked":["Berserk","Feed+1"],"picked":"Immolate+1","floor":16},{"not_picked":["Cleave+1","hubris:SharpeningStone"],"picked":"Dropkick+1","floor":18},{"not_picked":["Wild Strike+1","Body Slam+1","Thunderclap+1"],"picked":"SKIP","floor":20},{"not_picked":["Havoc","Shrug It Off+1"],"picked":"Clash+1","floor":23},{"not_picked":["Rupture","Warcry+1"],"picked":"Perfected Strike+1","floor":24},{"not_picked":["Armaments","Corruption","Twin Strike+1"],"picked":"SKIP","floor":25},{"not_picked":["Dropkick+1","Sword Boomerang+1"],"picked":"Searing Blow+1","floor":28},{"not_picked":["Twin Strike+1","Body Slam+1","Berserk"],"picked":"SKIP","floor":29},{"not_picked":["hubris:SpiceAddiction","Body Slam+1"],"picked":"Pommel Strike+1","floor":30},{"not_picked":["Double Tap","Limit Break"],"picked":"hubris:StunningStrike+1","floor":33},{"not_picked":["Metallicize","Dual Wield+1","Power Through+1"],"picked":"SKIP","floor":35},{"not_picked":["Bloodletting+1","Disarm","Clash+1"],"picked":"SKIP","floor":36},{"not_picked":["hubris:SpiceAddiction","True Grit","Armaments"],"picked":"SKIP","floor":40},{"not_picked":["Spot Weakness","Dual Wield"],"picked":"hubris:StunningStrike+1","floor":41},{"not_picked":["Clash+1","hubris:SpiceAddiction"],"picked":"Clothesline+1","floor":42},{"not_picked":["Cleave+1","Flame Barrier","Combust+1"],"picked":"SKIP","floor":44},{"not_picked":["hubris:SpiceAddiction","hubris:SpiceAddiction","Thunderclap+1"],"picked":"SKIP","floor":47},{"not_picked":["Disarm+1","Flame Barrier+1","Thunderclap+1"],"picked":"SKIP","floor":48}],"player_experience":299630,"relics_obtained":[{"floor":6,"key":"Mercury Hourglass"},{"floor":9,"key":"Anchor"},{"floor":17,"key":"hubris:Spice"},{"floor":17,"key":"hubris:Spice"},{"floor":17,"key":"hubris:DuctTape"},{"floor":21,"key":"Necronomicon"},{"floor":23,"key":"hubris:Spice"},{"floor":40,"key":"Calipers"},{"floor":42,"key":"Blue Candle"},{"floor":43,"key":"Sundial"},{"floor":44,"key":"Blood Vial"}],"event_choices":[{"damage_healed":0,"gold_gain":0,"player_choice":"Entered Light","damage_taken":18,"max_hp_gain":0,"max_hp_loss":0,"event_name":"Shining Light","floor":2,"gold_loss":0,"cards_upgraded":["Defend_R","Strike_R"]},{"cards_removed":["Strike_R"],"damage_healed":0,"gold_gain":0,"player_choice":"Card Removal","damage_taken":0,"max_hp_gain":0,"max_hp_loss":0,"event_name":"The Cleric","floor":3,"gold_loss":50},{"damage_healed":0,"gold_gain":0,"player_choice":"Upgraded","damage_taken":0,"max_hp_gain":0,"max_hp_loss":0,"event_name":"Upgrade Shrine","floor":4,"gold_loss":0,"cards_upgraded":["Bash"]},{"damage_healed":0,"gold_gain":30,"player_choice":"Searched \u00273\u0027 times","damage_taken":0,"relics_obtained":["hubris:AstralHammer"],"max_hp_gain":0,"max_hp_loss":0,"event_name":"Dead Adventurer","floor":10,"gold_loss":0},{"damage_healed":0,"gold_gain":0,"player_choice":"Obtained Book","damage_taken":16,"max_hp_gain":0,"max_hp_loss":0,"event_name":"Cursed Tome","floor":21,"gold_loss":0},{"damage_healed":0,"gold_gain":90,"player_choice":"GOLD ","damage_taken":12,"max_hp_gain":0,"max_hp_loss":0,"event_name":"Knowing Skull","floor":31,"potions_obtained":[],"gold_loss":0,"cards_obtained":[]}],"is_beta":false,"boss_relics":[{"not_picked":["hubris:VirtuousBlindfold","hubris:ScarierMask"],"picked":"Calling Bell"},{"not_picked":["hubris:RunicObelisk","Pandora\u0027s Box"],"picked":"Velvet Choker"}],"items_purged_floors":[0,14,19,37],"is_endless":false,"potions_floor_spawned":[1,6,8,12,18,23,25,30,41,42,47,48],"ascension_level":2}}