{"host":"se2kry7a7ac49ar7","time":1607584053,"event":{"gold_per_floor":[158,197,248,248,248,294,374,431,458,496,496,534,614,691,691,820,820,939,544,669,669,729,729,793,864,891,995,995,1089,1149,1226,1226,1340,1340,1386,1386,1310,1595,902,939,939,982,1014,1065,1128,849,896,1002,1014,1139],"floor_reached":51,"playtime":7587,"items_purged":[],"score":900,"play_id":"59020783-21a3-45df-8faf-75bf306f6fa6","local_time":"20201209230733","is_ascension_mode":false,"campfire_choices":[{"data":"HandOfGreed","floor":11.0,"key":"SMITH"},{"data":"HollowMod:DesolateDive","floor":15.0,"key":"SMITH"},{"floor":23,"key":"REST"},{"floor":28,"key":"REST"},{"floor":32,"key":"REST"},{"floor":41,"key":"REST"},{"floor":49,"key":"REST"}],"neow_cost":"TEN_PERCENT_HP_LOSS","seed_source_timestamp":0,"circlet_count":1,"master_deck":["HollowMod:NailStrikeStart","HollowMod:NailStrikeStart","HollowMod:NailStrikeStart","HollowMod:NailStrikeStart","HollowMod:QuickDashStart","HollowMod:QuickDashStart","HollowMod:QuickDashStart","HollowMod:QuickDashStart","HollowMod:FocusHealStart","HollowMod:PogoStrike","HandOfGreed+1","HollowMod:DungDefenderAura","HollowMod:HeavyBlow","HollowMod:DreamGate","HollowMod:BaldurShell","HollowMod:DoubleDash","HollowMod:DesolateDive+1","HollowMod:HornetsHelp","HollowMod:RecoilStrike+1","HollowMod:SiblingsSouls","HollowMod:DashSlash+1","HollowMod:SiblingsSouls+1","HollowMod:CornifersMapStart","HollowMod:Weaversong","HollowMod:Grubsong+1","HollowMod:RecoilStrike","HollowMod:LifebloodCore","HollowMod:HeavyBlow+1","Hallownest:skillKingdomsEdgeMap","HollowMod:ChannelNail+1","HollowMod:CloakDash+1","Writhe","HollowMod:HuntersJournal+1","HollowMod:CornifersMapStart+1","HollowMod:NewLastStag","HollowMod:GrimmsGift+1","HollowMod:HowlingWraiths+1","HollowMod:ZotesMagnificence"],"special_seed":0,"relics":["HollowMod:VesselMask","Hallownest:DreamNailRelic","Circlet","HollowMod:StagPassRelic","Oddly Smooth Stone","Toy Ornithopter","Potion Belt","Fusion Hammer","Strawberry","Pantograph","CeramicFish","Juzu Bracelet","Bronze Scales","Cursed Key","Hallownest:GodTamersBeastRelic","ClockworkSouvenir","Pear","Torii","Kunai","Happy Flower","MawBank","Ginger","Smiling Mask","Gambling Chip"],"potions_floor_usage":[20,20,24,24,33,38,45,48,48,48,50],"damage_taken":[{"damage":1.0,"enemies":"Hallownest:2_MossCreeps","floor":1.0,"turns":5.0},{"damage":2.0,"enemies":"Hallownest:monsterHuskGuard","floor":2.0,"turns":3.0},{"damage":1.0,"enemies":"Hallownest:2_Tiktiks_and_1_Crawlid","floor":3.0,"turns":3.0},{"damage":18.0,"enemies":"Hallownest:eliteMossKnight","floor":6.0,"turns":12.0},{"damage":25.0,"enemies":"Hallownest:1_Ooma_and_2_Uuma","floor":7.0,"turns":10.0},{"damage":6.0,"enemies":"Hallownest:Guard_and_Warrior","floor":8.0,"turns":4.0},{"damage":0.0,"enemies":"Hallownest:monsterAspidMother","floor":10.0,"turns":7.0},{"damage":0.0,"enemies":"Hallownest:MossCreep_and_Mosskin","floor":12.0,"turns":6.0},{"damage":8.0,"enemies":"Hallownest:eliteVengeflyKing","floor":13.0,"turns":8.0},{"damage":5.0,"enemies":"Hallownest:eliteVengeflyKing","floor":14.0,"turns":8.0},{"damage":41,"enemies":"Hallownest:BossHornet","floor":16,"turns":20},{"damage":0,"enemies":"Hallownest:Flukemon_and_Top","floor":18,"turns":6},{"damage":49,"enemies":"Hallownest:Flukemon_and_Top","floor":20,"turns":14},{"damage":4,"enemies":"Hallownest:Guard_and_Sentry","floor":22,"turns":5},{"damage":14,"enemies":"Hallownest:Nosk","floor":24,"turns":16},{"damage":6,"enemies":"Hallownest:2_Husk_Sentries","floor":25,"turns":6},{"damage":11,"enemies":"Hallownest:3_Mistakes","floor":27,"turns":13},{"damage":3,"enemies":"Hallownest:Glutton_and_Coward","floor":29,"turns":6},{"damage":20,"enemies":"Hallownest:eliteWatcherKnight","floor":30,"turns":16},{"damage":34,"enemies":"Hallownest:Master_and_Novice","floor":31,"turns":8},{"damage":21,"enemies":"Hallownest:BossGrimm","floor":33,"turns":13},{"damage":2,"enemies":"Hallownest:Shield_Heavy","floor":35,"turns":8},{"damage":0,"enemies":"Hallownest:Shield_Heavy","floor":38,"turns":7},{"damage":0,"enemies":"Hallownest:Shield_Heavy","floor":38,"turns":6},{"damage":18,"enemies":"Hallownest:Shield_Heavy","floor":38,"turns":8},{"damage":0,"enemies":"Hallownest:Shield_Heavy","floor":38,"turns":2},{"damage":0,"enemies":"Hallownest:StalkingDevout","floor":40,"turns":9},{"damage":20,"enemies":"Hallownest:eliteHiveKnight","floor":42,"turns":7},{"damage":8,"enemies":"Hallownest:StalkingDevout","floor":44,"turns":7},{"damage":24,"enemies":"Hallownest:3_Siblings","floor":45,"turns":7},{"damage":18,"enemies":"Hallownest:eliteHiveKnight","floor":47,"turns":8},{"damage":42,"enemies":"Hallownest:2_Primals","floor":48,"turns":6},{"damage":9,"enemies":"Hallownest:Radiance","floor":50,"turns":13}],"seed_played":"2614799443365956173","potions_obtained":[{"floor":2.0,"key":"Block Potion"},{"floor":7.0,"key":"Fire Potion"},{"floor":10.0,"key":"CultistPotion"},{"floor":12.0,"key":"FearPotion"},{"floor":13.0,"key":"Explosive Potion"},{"floor":16,"key":"Fire Potion"},{"floor":18,"key":"GamblersBrew"},{"floor":24,"key":"Ancient Potion"},{"floor":27,"key":"LiquidBronze"},{"floor":29,"key":"FearPotion"},{"floor":31,"key":"SpeedPotion"},{"floor":33,"key":"Explosive Potion"},{"floor":44,"key":"SkillPotion"},{"floor":48,"key":"Swift Potion"}],"is_trial":false,"path_per_floor":["M","M","M","?","?","E","M","M","T","M","R","M","?","E","R","B",null,"M","$","?","?","M","R","E","M","T","M","R","M","E","M","R","B",null,"M","?","?","?","$","E","R","E","T","E","M","?","E","?","R","B",null],"character_chosen":"THE_BUGKNIGHT","items_purchased":["Strawberry","Pantograph","ClockworkSouvenir","Pear","Torii"],"campfire_rested":5,"item_purchase_floors":[19,19,39,39,39],"current_hp_per_floor":[68,68,67,67,67,55,40,40,40,50,50,60,58,64,64,33,68,68,75,34,48,50,72,75,75,75,64,75,72,62,38,60,66,75,75,70,70,58,68,78,80,66,66,58,39,39,31,10,34,65],"gold":1151,"neow_bonus":"RANDOM_COLORLESS_2","is_prod":false,"is_daily":false,"chose_seed":false,"campfire_upgraded":2,"win_rate":0.0,"timestamp":1607584053,"path_taken":["M","M","M","?","?","E","M","?","T","M","R","?","?","E","R","BOSS","M","$","?","?","M","R","E","M","T","M","R","M","E","M","R","BOSS","M","?","?","?","$","E","R","E","T","E","M","?","E","?","R","BOSS"],"build_version":"2020-11-30","purchased_purges":0,"victory":true,"max_hp_per_floor":[68,68,68,68,68,68,68,68,68,68,68,68,68,68,68,68,68,68,75,75,75,75,75,75,75,75,75,75,75,75,75,75,75,75,75,70,70,70,80,80,80,80,80,80,80,80,80,80,80,80],"card_choices":[{"not_picked":["Thinking Ahead","Master of Strategy"],"picked":"HandOfGreed","floor":0.0},{"not_picked":["HollowMod:DoubleDash","HollowMod:ChannelNail"],"picked":"HollowMod:DungDefenderAura","floor":1.0},{"not_picked":["HollowMod:FallenFury","HollowMod:CoiledNail"],"picked":"HollowMod:HeavyBlow","floor":2.0},{"not_picked":["HollowMod:DescendingDark","HollowMod:SoulEater","HollowMod:SharpenedShadows"],"picked":"SKIP","floor":3.0},{"not_picked":["HollowMod:InfectedAttack","HollowMod:SoulEater"],"picked":"HollowMod:DreamGate","floor":6.0},{"not_picked":["HollowMod:SharpenedNail","HollowMod:TaintedHusks","HollowMod:SoulVessel"],"picked":"SKIP","floor":7.0},{"not_picked":["HollowMod:GoodIntentions","HollowMod:InfectedCysts"],"picked":"HollowMod:BaldurShell","floor":8.0},{"not_picked":["HollowMod:NewLittleFool","HollowMod:FallenFury"],"picked":"HollowMod:DoubleDash","floor":10.0},{"not_picked":["HollowMod:SharpenedNail","HollowMod:ShadowDash","HollowMod:QuirrelsAssistance"],"picked":"SKIP","floor":12.0},{"not_picked":["HollowMod:VengefulVoid","HollowMod:ShadowDash","HollowMod:InfectedCysts"],"picked":"SKIP","floor":13.0},{"not_picked":["HollowMod:BlackTendrils","HollowMod:HeavyBlow"],"picked":"HollowMod:DesolateDive","floor":14.0},{"not_picked":["HollowMod:Weaversong","HollowMod:theNailsmith"],"picked":"HollowMod:HornetsHelp","floor":16},{"not_picked":["HollowMod:SharpenedNail","HollowMod:SiblingsSouls"],"picked":"HollowMod:RecoilStrike+1","floor":18},{"not_picked":["HollowMod:InfectedAttack","HollowMod:CrystalDash"],"picked":"HollowMod:SiblingsSouls","floor":22},{"not_picked":["HollowMod:InfectionAssault","HollowMod:TaintedHusks"],"picked":"HollowMod:DashSlash+1","floor":24},{"not_picked":["HollowMod:DescendingDark","HollowMod:ShapeofUnn"],"picked":"HollowMod:SiblingsSouls+1","floor":25},{"not_picked":["HollowMod:FallenFury","HollowMod:DashSlash"],"picked":"HollowMod:CornifersMapStart","floor":27},{"not_picked":["HollowMod:QuirrelsAssistance","HollowMod:SharpenedNail"],"picked":"HollowMod:Weaversong","floor":29},{"not_picked":["HollowMod:VengefulVoid","HollowMod:TaintedHusks+1"],"picked":"HollowMod:Grubsong+1","floor":30},{"not_picked":["HollowMod:ShadowDash","HollowMod:GrimmsGift"],"picked":"HollowMod:RecoilStrike","floor":31},{"not_picked":["HollowMod:HornetsHelp","HollowMod:PureVessel"],"picked":"HollowMod:LifebloodCore","floor":33},{"not_picked":["HollowMod:CycloneSlash+1","HollowMod:SharpenedNail"],"picked":"HollowMod:HeavyBlow+1","floor":35},{"not_picked":["HollowMod:DescendingDark+1","HollowMod:FastStrike"],"picked":"HollowMod:ChannelNail+1","floor":40},{"not_picked":["HollowMod:VoidDash","HollowMod:InfectedAttack+1"],"picked":"HollowMod:CloakDash+1","floor":42},{"not_picked":["HollowMod:SoulStrike","HollowMod:InfectedCysts+1"],"picked":"HollowMod:HuntersJournal+1","floor":44},{"not_picked":["HollowMod:DreamGate","HollowMod:VengefulVoid+1"],"picked":"HollowMod:CornifersMapStart+1","floor":45},{"not_picked":["HollowMod:InfectedAttack","HollowMod:HowlingWraiths"],"picked":"HollowMod:GrimmsGift+1","floor":47},{"not_picked":["HollowMod:BrokenVessel","HollowMod:WraithStrike"],"picked":"HollowMod:HowlingWraiths+1","floor":48},{"not_picked":["HollowMod:HornetsHelp","HollowMod:ElderbugsWisdom"],"picked":"HollowMod:ZotesMagnificence","floor":50}],"player_experience":617490,"relics_obtained":[{"floor":6.0,"key":"HollowMod:StagPassRelic"},{"floor":9.0,"key":"Oddly Smooth Stone"},{"floor":13.0,"key":"Toy Ornithopter"},{"floor":14.0,"key":"Potion Belt"},{"floor":24,"key":"CeramicFish"},{"floor":26,"key":"Juzu Bracelet"},{"floor":30,"key":"Bronze Scales"},{"floor":40,"key":"Kunai"},{"floor":42,"key":"Happy Flower"},{"floor":43,"key":"MawBank"},{"floor":44,"key":"Ginger"},{"floor":47,"key":"Smiling Mask"},{"floor":48,"key":"Gambling Chip"}],"event_choices":[],"is_beta":false,"boss_relics":[{"not_picked":["Ectoplasm","SacredBark"],"picked":"Fusion Hammer"},{"not_picked":["Runic Pyramid","SlaversCollar"],"picked":"Cursed Key"}],"items_purged_floors":[],"is_endless":false,"potions_floor_spawned":[2,7,10,12,13,16,18,24,27,29,31,33,38,38,38,44,48],"ascension_level":0}}