{"host":"g4jqqbmo30rq7cal","time":1607626066,"event":{"gold_per_floor":[110,110,130,150,150,150,181,191,191,225,225,225,244,244,244,345,345,356,372,388,309,323,323,323,349,349,349,349,427,445,177,177,275,275,292,307,307,89,109,109,109],"floor_reached":40,"playtime":2112,"items_purged":[],"score":416,"play_id":"aaf847e4-30cd-4c53-8119-0497602a6580","local_time":"20201210234746","is_ascension_mode":false,"campfire_choices":[{"data":"Vigilance","floor":6,"key":"SMITH"},{"floor":15,"key":"REST"},{"floor":24,"key":"RECALL"},{"data":"Vault","floor":27,"key":"SMITH"},{"floor":32,"key":"REST"}],"neow_cost":"NONE","seed_source_timestamp":116639616369500,"circlet_count":0,"master_deck":["Strike_P","Strike_P","Strike_P","Strike_P","Defend_P","Defend_P","Defend_P","Defend_P","Eruption","Vigilance+1","SuicideKing","EmptyBody","SashWhip","Vault+1","CarveReality","Conclude","Devotion","TalkToTheHand+1","Consecrate","CrushJoints+1","ClearTheMind+1","JustLucky","EmptyBody","DeusExMachina","CurseOfTheBell","CarveReality","FollowUp"],"relics":["PureWater","HushsDoor","GuppysTail","InkBottle","Mercury Hourglass","Kunai","SlaversCollar","MerchantsRug","Blood Vial","conspire:Dentures","Anchor","GoldenEye","BelialBook","Shovel"],"potions_floor_usage":[16,16,20,25,25,33,33,33,39],"damage_taken":[{"damage":0,"enemies":"2 Louse","floor":1,"turns":4},{"damage":0,"enemies":"Small Slimes","floor":3,"turns":3},{"damage":0,"enemies":"Jaw Worm","floor":4,"turns":3},{"damage":18,"enemies":"Gremlin Nob","floor":7,"turns":5},{"damage":2,"enemies":"Blue Slaver","floor":8,"turns":5},{"damage":43,"enemies":"Lagavulin","floor":10,"turns":11},{"damage":7,"enemies":"Exordium Thugs","floor":13,"turns":4},{"damage":26,"enemies":"Hexaghost","floor":16,"turns":13},{"damage":7,"enemies":"3 Byrds","floor":18,"turns":6},{"damage":7,"enemies":"Spheric Guardian","floor":19,"turns":5},{"damage":5,"enemies":"Snecko","floor":20,"turns":5},{"damage":5,"enemies":"Chosen and Byrds","floor":22,"turns":7},{"damage":19,"enemies":"Gremlin Leader","floor":25,"turns":6},{"damage":7,"enemies":"Cultist and Chosen","floor":30,"turns":5},{"damage":21,"enemies":"Automaton","floor":33,"turns":11},{"damage":17,"enemies":"Orb Walker","floor":35,"turns":5},{"damage":20,"enemies":"3 Darklings","floor":36,"turns":7},{"damage":46,"enemies":"Sphere and 2 Shapes","floor":39,"turns":9},{"damage":21,"enemies":"Giant Head","floor":40,"turns":8}],"seed_played":"-2195325295133010247","potions_obtained":[{"floor":3,"key":"SmokeBomb"},{"floor":4,"key":"SpeedPotion"},{"floor":10,"key":"BottledMiracle"},{"floor":18,"key":"Strength Potion"},{"floor":20,"key":"SkillPotion"},{"floor":22,"key":"Regen Potion"},{"floor":35,"key":"LiquidMemories"}],"is_trial":false,"path_per_floor":["M","?","M","M","?","R","E","M","T","E","?","T","M","?","R","B",null,"M","M","M","$","M","?","R","E","T","R","?","T","M","$","R","B",null,"M","M","?","$","M","E"],"character_chosen":"WATCHER","items_purchased":["MerchantsRug","EmptyBody","PowerPotion","SkillPotion","BottledMiracle","Anchor","Shovel"],"campfire_rested":2,"item_purchase_floors":[21,31,31,31,31,31,38],"current_hp_per_floor":[79,79,79,79,79,79,61,59,59,16,16,16,9,9,32,6,79,72,65,60,60,55,55,55,51,51,51,36,36,31,31,56,37,84,67,49,49,49,5,0,0],"gold":109,"neow_bonus":"TEN_PERCENT_HP_BONUS","is_prod":false,"is_daily":false,"chose_seed":false,"campfire_upgraded":2,"win_rate":0.0,"timestamp":1607626066,"path_taken":["M","?","M","M","?","R","E","M","T","E","?","?","?","?","R","BOSS","M","M","M","$","M","?","R","E","T","R","?","?","M","$","R","BOSS","M","M","?","$","M","E"],"build_version":"2020-11-30","purchased_purges":0,"victory":false,"max_hp_per_floor":[79,79,79,79,79,79,79,79,79,79,79,79,79,79,79,79,79,79,79,79,79,79,79,79,79,79,79,84,84,84,84,84,84,84,84,84,84,84,84,84,84],"card_choices":[{"not_picked":[],"picked":"SuicideKing","floor":0},{"not_picked":["Collect","CutThroughFate"],"picked":"Bomb","floor":1},{"not_picked":["PathToVictory","Evaluate"],"picked":"EmptyBody","floor":3},{"not_picked":["Meditate","FlurryOfBlows"],"picked":"SashWhip","floor":4},{"not_picked":["ClearTheMind","CarveReality"],"picked":"Vault","floor":7},{"not_picked":["Crescendo","CutThroughFate"],"picked":"CarveReality","floor":8},{"not_picked":["Evaluate","Crescendo"],"picked":"Conclude","floor":10},{"not_picked":["WheelKick","Fasting2"],"picked":"Bomb","floor":13},{"not_picked":["Alpha","Ragnarok"],"picked":"Devotion","floor":16},{"not_picked":["FlurryOfBlows","Halt+1"],"picked":"TalkToTheHand+1","floor":18},{"not_picked":["PathToVictory","SashWhip+1"],"picked":"Consecrate","floor":19},{"not_picked":["Halt+1","FlyingSleeves"],"picked":"CrushJoints+1","floor":20},{"not_picked":["EmptyFist","Conclude"],"picked":"ClearTheMind+1","floor":22},{"not_picked":["FlyingSleeves","Halt+1"],"picked":"JustLucky","floor":25},{"not_picked":["WreathOfFlame","SignatureMove+1","Blasphemy"],"picked":"SKIP","floor":30},{"not_picked":["LessonLearned","Blasphemy"],"picked":"DeusExMachina","floor":33},{"not_picked":["Prostrate","PathToVictory+1"],"picked":"CarveReality","floor":35},{"not_picked":["Crescendo","FlurryOfBlows+1"],"picked":"FollowUp","floor":36},{"not_picked":["JustLucky","Halt+1","BowlingBash"],"picked":"SKIP","floor":39}],"player_experience":284975,"relics_obtained":[{"floor":7,"key":"HowToJump"},{"floor":10,"key":"InkBottle"},{"floor":11,"key":"Mercury Hourglass"},{"floor":12,"key":"Kunai"},{"floor":25,"key":"Blood Vial"},{"floor":26,"key":"conspire:Dentures"},{"floor":29,"key":"TuHaoJin"},{"floor":34,"key":"GoldenEye"},{"floor":34,"key":"BelialBook"}],"event_choices":[{"damage_healed":0,"gold_gain":0,"player_choice":"Leave","damage_taken":0,"max_hp_gain":0,"max_hp_loss":0,"event_name":"conspire:Investor","floor":2,"gold_loss":0},{"damage_healed":0,"gold_gain":0,"player_choice":"Box","damage_taken":0,"relics_obtained":["Orichalcum"],"max_hp_gain":0,"max_hp_loss":0,"event_name":"Big Fish","floor":5,"gold_loss":0,"cards_obtained":["Regret"]},{"damage_healed":0,"gold_gain":0,"player_choice":"Relic","damage_taken":0,"max_hp_gain":0,"max_hp_loss":0,"event_name":"Wheel of Change","floor":11,"gold_loss":0},{"cards_removed":["Regret"],"damage_healed":0,"gold_gain":0,"player_choice":"Purged","damage_taken":0,"max_hp_gain":0,"max_hp_loss":0,"event_name":"Purifier","floor":14,"gold_loss":0},{"damage_healed":0,"gold_gain":0,"player_choice":"Ignored","damage_taken":0,"max_hp_gain":0,"max_hp_loss":0,"event_name":"Ghosts","floor":23,"gold_loss":0},{"damage_healed":0,"gold_gain":0,"player_choice":"Shed Blood","damage_taken":20,"max_hp_gain":5,"max_hp_loss":0,"event_name":"Forgotten Altar","floor":28,"gold_loss":0}],"is_beta":false,"boss_relics":[{"not_picked":["Runic Dome","Runic Pyramid"],"picked":"SlaversCollar"},{"not_picked":[]},{"not_picked":["ChampionBelt","Black Star"],"picked":"Calling Bell"},{"not_picked":[]}],"items_purged_floors":[],"is_endless":false,"potions_floor_spawned":[3,4,10,18,20,22,35],"killed_by":"Giant Head","ascension_level":0}}