{"host":"usrgk25etjl0nf5i","time":1607570782,"event":{"gold_per_floor":[113,130,305,305,321,321,353,372,372,372,372],"floor_reached":10,"playtime":288,"items_purged":[],"score":124,"play_id":"d509714f-0522-483f-bb5a-b48650df5e90","local_time":"20201209192622","is_ascension_mode":true,"campfire_choices":[{"floor":6,"key":"REST"}],"neow_cost":"CURSE","seed_source_timestamp":2479585683096000,"circlet_count":0,"master_deck":["Strike_B","Strike_B","Strike_B","Strike_B","Defend_B","Defend_B","Defend_B","Defend_B","Zap","Dualcast","Hologram","Rebound","Doubt","Shame","Heatsinks","BootSequence"],"relics":["Cracked Core","Pear","hubris:Reverence"],"potions_floor_usage":[7,8,10],"damage_taken":[{"damage":1,"enemies":"Cultist","floor":1,"turns":3},{"damage":14,"enemies":"2 Louse","floor":2,"turns":4},{"damage":13,"enemies":"Jaw Worm","floor":5,"turns":5},{"damage":48,"enemies":"Lagavulin","floor":7,"turns":7},{"damage":10,"enemies":"Lots of Slimes","floor":8,"turns":2},{"damage":32,"enemies":"3 Sentries","floor":10,"turns":8}],"seed_played":"733457398945451881","potions_obtained":[{"floor":2,"key":"Explosive Potion"},{"floor":5,"key":"LiquidMemories"},{"floor":7,"key":"PowerPotion"}],"is_trial":false,"path_per_floor":["M","M","?","?","M","R","E","M","T","E"],"character_chosen":"DEFECT","items_purchased":[],"campfire_rested":1,"item_purchase_floors":[],"current_hp_per_floor":[81,67,67,67,54,80,42,32,32,0,0],"gold":372,"neow_bonus":"TWENTY_PERCENT_HP_BONUS","is_prod":false,"is_daily":false,"chose_seed":false,"campfire_upgraded":0,"win_rate":0,"timestamp":1607570782,"path_taken":["M","?","?","?","M","R","E","M","T","E"],"build_version":"2020-11-30","purchased_purges":0,"victory":false,"max_hp_per_floor":[89,89,89,89,89,89,99,99,99,99,99],"card_choices":[{"not_picked":["Force Field","Rebound"],"picked":"Hologram","floor":1},{"not_picked":["hubris:Ukulele","Compile Driver"],"picked":"Rebound","floor":2},{"not_picked":["Turbo","Barrage","Hello World"],"picked":"SKIP","floor":5},{"not_picked":["Lockon","Steam"],"picked":"Heatsinks","floor":7},{"not_picked":["Recycle","Ball Lightning"],"picked":"BootSequence","floor":8}],"player_experience":617592,"relics_obtained":[{"floor":7,"key":"Pear"},{"floor":9,"key":"hubris:Reverence"}],"event_choices":[{"damage_healed":0,"gold_gain":175,"player_choice":"AGREE","damage_taken":0,"max_hp_gain":0,"max_hp_loss":0,"event_name":"Liars Game","floor":3,"gold_loss":0,"cards_obtained":["Doubt"]},{"damage_healed":0,"gold_gain":0,"cards_transformed":["hubris:Gluttony"],"player_choice":"Transformed","damage_taken":0,"max_hp_gain":0,"max_hp_loss":0,"event_name":"Transmorgrifier","floor":4,"gold_loss":0,"cards_obtained":["Shame"]}],"is_beta":false,"boss_relics":[],"items_purged_floors":[],"is_endless":false,"potions_floor_spawned":[2,5,7],"killed_by":"3 Sentries","ascension_level":9}}