{"host":"zk71suw73lg2r165","time":1607564905,"event":{"gold_per_floor":[17,292,307,318,90,116,116,148,148,165,183,194,194,214,214,288,288,299,316,80,94,112,112,140,160,213,263,178,178,178],"floor_reached":29,"playtime":820,"items_purged":["Regret"],"score":518,"play_id":"1b0ac365-cf74-414c-ba31-bbf4cf602d44","local_time":"20201209204825","is_ascension_mode":true,"campfire_choices":[{"data":"Hologram","floor":7.0,"key":"SMITH"},{"data":"Hologram","floor":13.0,"key":"SMITH"},{"data":"Hyperbeam","floor":15.0,"key":"SMITH"},{"floor":23.0,"key":"REST"}],"neow_cost":"NO_GOLD","seed_source_timestamp":4547301393949,"circlet_count":0,"master_deck":["AscendersBane","Strike_B","Strike_B","Strike_B","Strike_B","Defend_B","Defend_B","Defend_B","Defend_B","Zap","Dualcast","Hyperbeam","Go for the Eyes","Hologram+1","Hologram+1","Hyperbeam+1","Sunder","Leap","Steam","Rebound+1","Go for the Eyes+1","Stack","Echo Form","Leap","Leap+1","Gash+1","Apotheosis","Go for the Eyes+1","Conserve Battery","Sunder+1","Recycle"],"special_seed":0,"relics":["Cracked Core","Shuriken","Blue Candle","Molten Egg 2","Fusion Hammer","Omamori","Nunchaku","Ancient Tea Set"],"potions_floor_usage":[],"damage_taken":[{"damage":0.0,"enemies":"Cultist","floor":1.0,"turns":3.0},{"damage":0.0,"enemies":"2 Louse","floor":3.0,"turns":1.0},{"damage":5.0,"enemies":"Small Slimes","floor":4.0,"turns":3.0},{"damage":5.0,"enemies":"3 Sentries","floor":6.0,"turns":2.0},{"damage":32.0,"enemies":"Gremlin Nob","floor":8.0,"turns":4.0},{"damage":1.0,"enemies":"Exordium Thugs","floor":10.0,"turns":2.0},{"damage":5.0,"enemies":"Lots of Slimes","floor":11.0,"turns":3.0},{"damage":2.0,"enemies":"Looter","floor":12.0,"turns":3.0},{"damage":2.0,"enemies":"Gremlin Gang","floor":14.0,"turns":3.0},{"damage":13.0,"enemies":"Slime Boss","floor":16.0,"turns":8.0},{"damage":27.0,"enemies":"Shell Parasite","floor":18.0,"turns":7.0},{"damage":3.0,"enemies":"3 Byrds","floor":19.0,"turns":3.0},{"damage":10.0,"enemies":"Centurion and Healer","floor":21.0,"turns":3.0},{"damage":10.0,"enemies":"Cultist and Chosen","floor":22.0,"turns":6.0},{"damage":21.0,"enemies":"Book of Stabbing","floor":24.0,"turns":6.0},{"damage":0,"enemies":"Snecko","floor":25,"turns":5},{"damage":10,"enemies":"Snake Plant","floor":29,"turns":1}],"seed_played":"-861908638160165930","potions_obtained":[{"floor":3.0,"key":"AttackPotion"},{"floor":8.0,"key":"Weak Potion"},{"floor":10.0,"key":"Regen Potion"},{"floor":11.0,"key":"FocusPotion"},{"floor":18.0,"key":"Swift Potion"},{"floor":19.0,"key":"ColorlessPotion"}],"is_trial":false,"path_per_floor":["M","?","M","M","$","E","R","E","T","M","M","M","R","M","R","B",null,"M","M","$","M","M","R","E","M","T","?","?","M"],"character_chosen":"DEFECT","items_purchased":["Hyperbeam","Sunder","Gash+1","Apotheosis"],"campfire_rested":1,"item_purchase_floors":[5,5,20,20],"current_hp_per_floor":[64,64,64,59,59,54,54,22,22,21,25,23,23,21,21,8,55,28,25,25,15,5,26,5,5,5,5,5,0,0],"gold":178,"neow_bonus":"THREE_RARE_CARDS","is_prod":false,"is_daily":false,"chose_seed":false,"campfire_upgraded":3,"win_rate":0,"timestamp":1607564905,"path_taken":["M","?","M","M","$","E","R","E","T","M","?","M","R","M","R","BOSS","M","M","$","M","M","R","E","?","T","?","?","?"],"build_version":"2020-11-30","purchased_purges":1,"victory":false,"max_hp_per_floor":[71,71,71,71,71,71,71,71,71,71,71,71,71,71,71,71,71,71,71,71,71,71,71,71,71,71,71,71,71,71],"relic_stats":{"Nunchaku":[0],"counters":[17,63],"Shuriken":[9],"Blue Candle":[0],"obtain_stats":[{"Nunchaku":26,"Shuriken":6,"Blue Candle":8,"Molten Egg 2":9,"Fusion Hammer":17,"Omamori":24,"Cracked Core":0,"Ancient Tea Set":28},{"Nunchaku":16,"Shuriken":4,"Blue Candle":5,"Molten Egg 2":5,"Fusion Hammer":10,"Omamori":15,"Cracked Core":0,"Ancient Tea Set":16},{"Nunchaku":62,"Shuriken":9,"Blue Candle":13,"Molten Egg 2":13,"Fusion Hammer":32,"Omamori":57,"Cracked Core":0,"Ancient Tea Set":62}]},"card_choices":[{"not_picked":["Rainbow","Seek"],"picked":"Hyperbeam","floor":0.0},{"not_picked":["Redo","Conserve Battery"],"picked":"Go for the Eyes","floor":1.0},{"not_picked":["Cold Snap","Conserve Battery"],"picked":"Hologram","floor":3.0},{"not_picked":["Defragment","Tempest"],"picked":"Hologram","floor":4.0},{"not_picked":["Barrage","Ball Lightning","Redo"],"picked":"SKIP","floor":6.0},{"not_picked":["Aggregate","Multi-Cast"],"picked":"Leap","floor":8.0},{"not_picked":["Rebound+1","Glacier"],"picked":"Steam","floor":10.0},{"not_picked":["Loop","Compile Driver+1"],"picked":"Rebound+1","floor":11.0},{"not_picked":["Loop","Streamline+1"],"picked":"Go for the Eyes+1","floor":12.0},{"not_picked":["Force Field","Aggregate"],"picked":"Stack","floor":14.0},{"not_picked":["Fission","Creative AI"],"picked":"Echo Form","floor":16.0},{"not_picked":["Compile Driver+1","Darkness"],"picked":"Leap","floor":18.0},{"not_picked":["Ball Lightning+1","Rebound+1"],"picked":"Leap+1","floor":19.0},{"not_picked":["Darkness","Ball Lightning+1"],"picked":"Go for the Eyes+1","floor":21.0},{"not_picked":["Turbo","Cold Snap+1"],"picked":"Conserve Battery","floor":22.0},{"not_picked":["Capacitor","Lockon+1"],"picked":"Sunder+1","floor":24.0},{"not_picked":["Capacitor","Go for the Eyes+1"],"picked":"Recycle","floor":25}],"player_experience":1307750,"relics_obtained":[{"floor":6.0,"key":"Shuriken"},{"floor":8.0,"key":"Blue Candle"},{"floor":9.0,"key":"Molten Egg 2"},{"floor":24.0,"key":"Omamori"},{"floor":26,"key":"Nunchaku"}],"event_choices":[{"damage_healed":0.0,"max_hp_gain":0.0,"max_hp_loss":0.0,"gold_gain":275.0,"event_name":"Golden Shrine","player_choice":"Desecrate","floor":2.0,"gold_loss":0.0,"damage_taken":0.0,"cards_obtained":["Regret"]},{"damage_healed":0,"gold_gain":50,"player_choice":"Stole From Cult","damage_taken":0,"max_hp_gain":0,"max_hp_loss":0,"event_name":"Nest","floor":27,"gold_loss":0},{"damage_healed":0,"gold_gain":0,"player_choice":"Obtained Relic","damage_taken":0,"relics_obtained":["Ancient Tea Set"],"max_hp_gain":0,"max_hp_loss":0,"event_name":"Addict","floor":28,"gold_loss":85}],"is_beta":false,"boss_relics":[{"not_picked":["Sozu","FrozenCore"],"picked":"Fusion Hammer"}],"items_purged_floors":[5],"is_endless":false,"potions_floor_spawned":[3,8,10,11,12,18,19],"killed_by":"Snake Plant","ascension_level":20}}