{"host":"vkn5295jy2rrqx8j","time":1607610176,"event":{"gold_per_floor":[115,130,148,163,176,176,202,202,284,319,186,186,200,213,213,285,285,300,300,500,28,40,40,83,83,83,102,141,170,187,10,10,92,92,114,170,204,204,232,232,259,299,299,326,18,61,61,70,70,70,70,70],"floor_reached":51,"playtime":2451,"items_purged":["Strike_G","Strike_G"],"score":1519,"play_id":"cc88ecbe-420b-4129-a167-430f6557cc8c","local_time":"20201210232256","is_ascension_mode":true,"campfire_choices":[{"data":"Neutralize","floor":6,"key":"SMITH"},{"floor":12,"key":"REST"},{"data":"Poisoned Stab","floor":15,"key":"SMITH"},{"floor":23,"key":"REST"},{"floor":25,"key":"REST"},{"floor":32,"key":"REST"},{"floor":40,"key":"REST"},{"floor":47,"key":"REST"},{"floor":49,"key":"DIG"}],"neow_cost":"NONE","seed_source_timestamp":15839083200600,"circlet_count":0,"master_deck":["AscendersBane","Strike_G","Strike_G","Defend_G","Defend_G","Defend_G","Defend_G","Defend_G","Survivor","Neutralize+1","Predator","Backstab","Underhanded Strike","Poisoned Stab+1","Poisoned Stab","Infinite Blades","Dodge and Roll+1","Blade Dance+1","Blur+1","Terror+1","Burst+1","Deflect+1","Secret Weapon+1","Well Laid Plans","Doppelganger+1","Backflip+1","After Image","Backflip+1","Metamorphosis+1","Phantasmal Killer+1","Cloak And Dagger+1","Deadly Poison+1","Night Terror+1","Skewer+1","Catalyst+1","Catalyst+1","Blade Dance+1","Wraith Form v2","Doppelganger+1","Dagger Throw","Good Instincts+1"],"relics":["Ring of the Snake","Odd Mushroom","Toxic Egg 2","Torii","Fusion Hammer","MealTicket","CeramicFish","Bronze Scales","Ninja Scroll","Philosopher\u0027s Stone","TungstenRod","Tough Bandages","Pear","Darkstone Periapt","Shovel","Shuriken"],"potions_floor_usage":[7,10,16,24,28,36,51,51],"damage_taken":[{"damage":2,"enemies":"Small Slimes","floor":1,"turns":6},{"damage":0,"enemies":"Jaw Worm","floor":2,"turns":5},{"damage":0,"enemies":"Cultist","floor":3,"turns":3},{"damage":0,"enemies":"Looter","floor":4,"turns":2},{"damage":4,"enemies":"2 Fungi Beasts","floor":5,"turns":3},{"damage":0,"enemies":"The Mushroom Lair","floor":7,"turns":3},{"damage":34,"enemies":"Lagavulin","floor":10,"turns":6},{"damage":18,"enemies":"Exordium Thugs","floor":13,"turns":5},{"damage":0,"enemies":"Large Slime","floor":14,"turns":4},{"damage":6,"enemies":"Hexaghost","floor":16,"turns":8},{"damage":10,"enemies":"Chosen","floor":18,"turns":4},{"damage":12,"enemies":"2 Thieves","floor":22,"turns":4},{"damage":22,"enemies":"Book of Stabbing","floor":24,"turns":6},{"damage":5,"enemies":"Sentry and Sphere","floor":27,"turns":8},{"damage":8,"enemies":"Slavers","floor":28,"turns":5},{"damage":17,"enemies":"Shelled Parasite and Fungi","floor":29,"turns":3},{"damage":0,"enemies":"Snecko","floor":30,"turns":4},{"damage":23,"enemies":"Collector","floor":33,"turns":9},{"damage":0,"enemies":"3 Darklings","floor":35,"turns":6},{"damage":24,"enemies":"2 Orb Walkers","floor":36,"turns":3},{"damage":0,"enemies":"Mind Bloom Boss Battle","floor":37,"turns":5},{"damage":0,"enemies":"3 Shapes","floor":39,"turns":5},{"damage":26,"enemies":"3 Darklings","floor":41,"turns":8},{"damage":9,"enemies":"Giant Head","floor":42,"turns":2},{"damage":0,"enemies":"Writhing Mass","floor":44,"turns":4},{"damage":5,"enemies":"Nemesis","floor":46,"turns":7},{"damage":49,"enemies":"Awakened One","floor":50,"turns":9},{"damage":27,"enemies":"Time Eater","floor":51,"turns":4}],"seed_played":"-3620300860589885822","potions_obtained":[{"floor":1,"key":"Strength Potion"},{"floor":2,"key":"LiquidBronze"},{"floor":7,"key":"Swift Potion"},{"floor":14,"key":"SpeedPotion"},{"floor":18,"key":"EssenceOfSteel"},{"floor":33,"key":"Weak Potion"},{"floor":37,"key":"Ancient Potion"},{"floor":39,"key":"Strength Potion"},{"floor":44,"key":"Poison Potion"}],"is_trial":false,"path_per_floor":["M","M","M","M","M","R","?","?","T","E","$","R","M","M","R","B",null,"M","?","?","$","M","R","E","R","T","M","E","M","M","$","R","B",null,"M","?","?","?","M","R","M","E","T","M","$","E","R","?","R","B","B"],"character_chosen":"THE_SILENT","items_purchased":["Blade Dance+1","MealTicket","Secret Weapon+1","Metamorphosis+1","Wraith Form v2","Doppelganger+1"],"campfire_rested":6,"item_purchase_floors":[11,21,21,31,45,45],"current_hp_per_floor":[63,63,63,63,59,59,59,52,52,18,18,39,21,21,21,15,58,48,28,28,28,16,39,17,40,40,35,27,10,10,25,48,25,64,64,40,40,40,40,63,37,38,38,38,53,48,74,74,74,25,0,0],"gold":70,"neow_bonus":"TEN_PERCENT_HP_BONUS","is_prod":false,"is_daily":false,"chose_seed":false,"campfire_upgraded":2,"win_rate":0,"timestamp":1607610176,"path_taken":["M","M","M","M","M","R","?","?","T","E","$","R","M","M","R","BOSS","M","?","?","$","M","R","E","R","T","?","E","M","M","$","R","BOSS","M","?","?","?","?","R","M","E","T","M","$","E","R","?","R","BOSS","BOSS"],"build_version":"2020-11-30","purchased_purges":2,"victory":false,"max_hp_per_floor":[72,72,72,72,72,72,72,72,72,72,72,72,72,72,72,72,72,72,77,77,77,77,77,77,77,77,77,77,77,77,77,77,77,77,77,77,77,77,77,77,77,87,87,87,87,87,87,87,87,87,87,87],"card_choices":[{"not_picked":["Heel Hook","Quick Slash"],"picked":"Predator","floor":1},{"not_picked":["Sucker Punch","Riddle With Holes"],"picked":"Backstab","floor":2},{"not_picked":["Quick Slash","Sucker Punch"],"picked":"Underhanded Strike","floor":3},{"not_picked":["Deadly Poison","Outmaneuver"],"picked":"Poisoned Stab","floor":4},{"not_picked":["Prepared","Sucker Punch"],"picked":"Poisoned Stab","floor":5},{"not_picked":["Night Terror","Sucker Punch"],"picked":"Infinite Blades","floor":7},{"not_picked":["Prepared+1","Eviscerate"],"picked":"Dodge and Roll+1","floor":10},{"not_picked":["Acrobatics+1","Deflect+1"],"picked":"Blur+1","floor":13},{"not_picked":["Eviscerate","Outmaneuver+1"],"picked":"Terror+1","floor":14},{"not_picked":["Bullet Time+1","Envenom"],"picked":"Burst+1","floor":16},{"not_picked":["Sucker Punch","Acrobatics+1"],"picked":"Deflect+1","floor":18},{"not_picked":["Backstab","Concentrate+1"],"picked":"Well Laid Plans","floor":22},{"not_picked":["Poisoned Stab","Infinite Blades"],"picked":"Doppelganger+1","floor":24},{"not_picked":["Bane","Flying Knee"],"picked":"Backflip+1","floor":27},{"not_picked":["Sucker Punch","Expertise+1"],"picked":"After Image","floor":28},{"not_picked":["Choke","Slice"],"picked":"Backflip+1","floor":29},{"not_picked":["Heel Hook","Acrobatics+1","Flechettes"],"picked":"SKIP","floor":30},{"not_picked":["Malaise+1","Glass Knife"],"picked":"Phantasmal Killer+1","floor":33},{"not_picked":["Flying Knee","Reflex+1"],"picked":"Cloak And Dagger+1","floor":35},{"not_picked":["Bane","Poisoned Stab"],"picked":"Deadly Poison+1","floor":36},{"not_picked":["Flechettes+1","Bane+1"],"picked":"Night Terror+1","floor":37},{"not_picked":["Outmaneuver+1","Slice+1","Skewer+1"],"picked":"SKIP","floor":39},{"not_picked":["Outmaneuver+1","Slice+1"],"picked":"Skewer+1","floor":39},{"not_picked":["Masterful Stab","Deadly Poison+1"],"picked":"Catalyst+1","floor":41},{"not_picked":["Setup+1","Quick Slash+1"],"picked":"Catalyst+1","floor":42},{"not_picked":["Underhanded Strike","Slice+1"],"picked":"Blade Dance+1","floor":44},{"not_picked":["Flying Knee","Outmaneuver+1"],"picked":"Dagger Throw","floor":46},{"not_picked":["Dramatic Entrance","Impatience+1"],"picked":"Good Instincts+1","floor":48}],"player_experience":778288,"relics_obtained":[{"floor":7,"key":"Odd Mushroom"},{"floor":9,"key":"Toxic Egg 2"},{"floor":10,"key":"Torii"},{"floor":24,"key":"CeramicFish"},{"floor":26,"key":"Bronze Scales"},{"floor":28,"key":"Ninja Scroll"},{"floor":36,"key":"TungstenRod"},{"floor":37,"key":"Tough Bandages"},{"floor":42,"key":"Pear"},{"floor":43,"key":"Darkstone Periapt"},{"floor":46,"key":"Shovel"},{"floor":49,"key":"Shuriken"}],"event_choices":[{"damage_healed":0,"gold_gain":0,"player_choice":"Fought Mushrooms","damage_taken":0,"max_hp_gain":0,"max_hp_loss":0,"event_name":"Mushrooms","floor":7,"gold_loss":0},{"cards_removed":["Strike_G"],"damage_healed":0,"gold_gain":0,"player_choice":"Card Removal","damage_taken":7,"max_hp_gain":0,"max_hp_loss":0,"event_name":"Golden Wing","floor":8,"gold_loss":0},{"damage_healed":0,"gold_gain":0,"player_choice":"Shed Blood","damage_taken":25,"max_hp_gain":5,"max_hp_loss":0,"event_name":"Forgotten Altar","floor":19,"gold_loss":0},{"damage_healed":0,"gold_gain":200,"player_choice":"Gold","damage_taken":0,"max_hp_gain":0,"max_hp_loss":0,"event_name":"Wheel of Change","floor":20,"gold_loss":0},{"damage_healed":0,"gold_gain":0,"player_choice":"Fight","damage_taken":0,"max_hp_gain":0,"max_hp_loss":0,"event_name":"Mysterious Sphere","floor":36,"gold_loss":0},{"damage_healed":0,"gold_gain":0,"player_choice":"Fight","damage_taken":0,"max_hp_gain":0,"max_hp_loss":0,"event_name":"MindBloom","floor":37,"gold_loss":0},{"damage_healed":0,"gold_gain":0,"player_choice":"Ignored","damage_taken":0,"max_hp_gain":0,"max_hp_loss":0,"event_name":"SecretPortal","floor":38,"gold_loss":0},{"damage_healed":0,"gold_gain":0,"player_choice":"Memory 1","damage_taken":0,"max_hp_gain":0,"max_hp_loss":0,"event_name":"SensoryStone","floor":48,"gold_loss":0}],"is_beta":false,"boss_relics":[{"not_picked":["Snecko Eye","Coffee Dripper"],"picked":"Fusion Hammer"},{"not_picked":["Runic Dome","Tiny House"],"picked":"Philosopher\u0027s Stone"}],"items_purged_floors":[11,21],"is_endless":false,"potions_floor_spawned":[1,2,7,14,18,22,33,37,39,42,44],"killed_by":"Time Eater","ascension_level":20}}