{"host":"4edbuligkc8x13l4","time":1607602085,"event":{"gold_per_floor":[114,114,114,114,130,164,164,164,164,54,70,70,85,115,115,115,115],"floor_reached":16,"playtime":273,"items_purged":["Strike_G"],"score":226,"play_id":"11c88b1f-2ebf-4c09-8f45-f67af81d42e4","local_time":"20201210200805","is_ascension_mode":true,"campfire_choices":[{"data":"Dash","floor":8,"key":"SMITH"},{"data":"Tools of the Trade","floor":12,"key":"SMITH"},{"floor":15,"key":"REST"}],"neow_cost":"NONE","seed_source_timestamp":547189449898000,"circlet_count":0,"master_deck":["AscendersBane","Strike_G+1","Strike_G","Strike_G","Defend_G","Defend_G","Defend_G","Defend_G","Survivor","Neutralize+1","Poisoned Stab","Dash+1","Dagger Throw","Cloak And Dagger","Noxious Fumes","Tools of the Trade+1","Prepared","Slice"],"relics":["Ring of the Snake","NeowsBlessing","Toy Ornithopter","Bottled Flame","Blue Candle"],"potions_floor_usage":[],"damage_taken":[{"damage":0,"enemies":"2 Louse","floor":1,"turns":1},{"damage":0,"enemies":"Jaw Worm","floor":5,"turns":1},{"damage":0,"enemies":"Gremlin Nob","floor":6,"turns":1},{"damage":6,"enemies":"Small Slimes","floor":11,"turns":3},{"damage":14,"enemies":"Exordium Thugs","floor":13,"turns":3},{"damage":12,"enemies":"3 Sentries","floor":14,"turns":8},{"damage":0,"enemies":"Slime Boss","floor":16,"turns":1}],"seed_played":"-6186189860275958699","potions_obtained":[{"floor":5,"key":"SpeedPotion"},{"floor":11,"key":"Ancient Potion"}],"is_trial":false,"path_per_floor":["M","?","?","?","M","E","?","R","T","$","M","R","M","E","R","B"],"character_chosen":"THE_SILENT","items_purchased":["Noxious Fumes"],"campfire_rested":1,"item_purchase_floors":[10],"current_hp_per_floor":[59,59,52,39,39,39,39,39,39,39,33,33,19,7,26,26,26],"gold":115,"neow_bonus":"THREE_ENEMY_KILL","is_prod":false,"is_daily":false,"chose_seed":false,"campfire_upgraded":2,"win_rate":0,"timestamp":1607602085,"path_taken":["M","?","?","?","M","E","?","R","T","$","M","R","?","E","R","BOSS"],"build_version":"2020-11-30","purchased_purges":1,"victory":false,"max_hp_per_floor":[66,66,66,66,66,66,66,66,66,66,66,66,66,66,66,66,66],"card_choices":[{"not_picked":["Backstab","Quick Slash"],"picked":"Poisoned Stab","floor":1},{"not_picked":["Predator","All Out Attack"],"picked":"Dagger Throw","floor":5},{"not_picked":["Sucker Punch","Slice"],"picked":"Cloak And Dagger","floor":6},{"not_picked":["Deadly Poison","Cloak And Dagger"],"picked":"Tools of the Trade","floor":11},{"not_picked":["Accuracy","Caltrops"],"picked":"Prepared","floor":13},{"not_picked":["Leg Sweep","Blade Dance"],"picked":"Slice","floor":14}],"player_experience":888472,"relics_obtained":[{"floor":6,"key":"Toy Ornithopter"},{"floor":9,"key":"Bottled Flame"},{"floor":14,"key":"Blue Candle"}],"event_choices":[{"damage_healed":0,"gold_gain":0,"cards_transformed":["Strike_G"],"player_choice":"Change","damage_taken":0,"max_hp_gain":0,"max_hp_loss":0,"event_name":"Living Wall","floor":2,"gold_loss":0,"cards_obtained":["Dash"]},{"cards_removed":["Defend_G"],"damage_healed":0,"gold_gain":0,"player_choice":"Card Removal","damage_taken":7,"max_hp_gain":0,"max_hp_loss":0,"event_name":"Golden Wing","floor":3,"gold_loss":0},{"damage_healed":0,"gold_gain":0,"player_choice":"Entered Light","damage_taken":13,"max_hp_gain":0,"max_hp_loss":0,"event_name":"Shining Light","floor":4,"gold_loss":0,"cards_upgraded":["Strike_G","Neutralize"]},{"damage_healed":0,"gold_gain":0,"player_choice":"Bought 0 Potions","damage_taken":0,"max_hp_gain":0,"max_hp_loss":0,"event_name":"The Woman in Blue","floor":7,"gold_loss":0}],"is_beta":false,"boss_relics":[],"items_purged_floors":[10],"is_endless":false,"potions_floor_spawned":[5,11],"killed_by":"Slime Boss","ascension_level":14}}