{"host":"og6lam4kt3nibbw0","time":1607587111,"event":{"gold_per_floor":[368,379,379,135,156,156,156,156,156,156,156,56,94,117,117,210,210,186,199,199,217,217,217],"floor_reached":22,"playtime":559,"items_purged":["Doubt","Strike_G"],"score":368,"play_id":"78c25e75-46ec-4355-8cdb-3abd2cd32968","local_time":"20201210165831","is_ascension_mode":true,"campfire_choices":[{"data":"Noxious Fumes","floor":6.0,"key":"SMITH"},{"floor":10.0,"key":"REST"},{"floor":15.0,"key":"REST"}],"neow_cost":"CURSE","seed_source_timestamp":2222106914493700,"circlet_count":0,"master_deck":["AscendersBane","Strike_G","Strike_G","Strike_G","Strike_G","Defend_G","Defend_G","Defend_G","Defend_G","Defend_G","Survivor","Neutralize","Catalyst","Bouncing Flask","Noxious Fumes+1","Adrenaline","Burst"],"special_seed":0,"relics":["Ring of the Snake","Golden Idol","Tiny Chest","Singing Bowl","Pocketwatch","Busted Crown","Blue Candle"],"potions_floor_usage":[21,21],"damage_taken":[{"damage":19.0,"enemies":"Jaw Worm","floor":1.0,"turns":5.0},{"damage":15.0,"enemies":"2 Louse","floor":2.0,"turns":5.0},{"damage":4.0,"enemies":"Small Slimes","floor":5.0,"turns":4.0},{"damage":33.0,"enemies":"3 Sentries","floor":13.0,"turns":7.0},{"damage":6.0,"enemies":"Looter","floor":14.0,"turns":3.0},{"damage":23.0,"enemies":"Hexaghost","floor":16.0,"turns":6.0},{"damage":22.0,"enemies":"2 Thieves","floor":18.0,"turns":4.0},{"damage":15.0,"enemies":"Shell Parasite","floor":19.0,"turns":4.0},{"damage":9,"enemies":"Centurion and Healer","floor":21,"turns":7},{"damage":14,"enemies":"Snake Plant","floor":22,"turns":1}],"seed_played":"-6213376830800529086","potions_obtained":[{"floor":5.0,"key":"Dexterity Potion"},{"floor":13.0,"key":"BlessingOfTheForge"},{"floor":18.0,"key":"Dexterity Potion"}],"is_trial":false,"path_per_floor":["M","M","?","$","M","R","?","?","T","R","?","$","E","M","R","B",null,"M","M","T","M","M"],"character_chosen":"THE_SILENT","items_purchased":["Tiny Chest"],"campfire_rested":2,"item_purchase_floors":[4],"current_hp_per_floor":[40,25,25,25,21,21,21,21,21,39,59,59,26,22,40,17,51,31,18,18,11,0,0],"gold":217,"neow_bonus":"TWO_FIFTY_GOLD","is_prod":false,"is_daily":false,"chose_seed":false,"campfire_upgraded":1,"win_rate":0,"timestamp":1607587111,"path_taken":["M","M","?","$","M","R","?","?","T","R","?","$","E","M","R","BOSS","M","M","?","M","M"],"build_version":"2020-11-30","purchased_purges":2,"victory":false,"max_hp_per_floor":[66,66,60,60,60,60,60,60,60,60,60,60,60,62,62,62,62,64,66,66,68,68,68],"card_choices":[{"not_picked":["Bane","Cloak And Dagger"],"picked":"Catalyst","floor":1.0},{"not_picked":["Terror","Blade Dance"],"picked":"Bouncing Flask","floor":2.0},{"not_picked":["Cloak And Dagger","Tactician"],"picked":"Noxious Fumes","floor":5.0},{"not_picked":["Sucker Punch","Slice"],"picked":"Adrenaline","floor":13.0},{"not_picked":["Outmaneuver","Dodge and Roll","Sucker Punch"],"picked":"Singing Bowl","floor":14.0},{"not_picked":["Venomology","Unload"],"picked":"Burst","floor":16.0},{"not_picked":["Underhanded Strike"],"picked":"Singing Bowl","floor":18.0},{"not_picked":["Blade Dance"],"picked":"Singing Bowl","floor":19.0},{"not_picked":["Predator"],"picked":"Singing Bowl","floor":21}],"player_experience":761583,"relics_obtained":[{"floor":9.0,"key":"Singing Bowl"},{"floor":13.0,"key":"Pocketwatch"},{"floor":20.0,"key":"Blue Candle"}],"event_choices":[{"damage_healed":0.0,"max_hp_gain":0.0,"max_hp_loss":6.0,"gold_gain":0.0,"event_name":"Golden Idol","player_choice":"Lose Max HP","floor":3.0,"gold_loss":0.0,"damage_taken":0.0,"relics_obtained":["Golden Idol"]},{"damage_healed":0.0,"max_hp_gain":0.0,"max_hp_loss":0.0,"gold_gain":0.0,"event_name":"Liars Game","player_choice":"Ignored","floor":7.0,"gold_loss":0.0,"damage_taken":0.0},{"damage_healed":0.0,"max_hp_gain":0.0,"max_hp_loss":0.0,"gold_gain":0.0,"event_name":"Shining Light","player_choice":"Ignored","floor":8.0,"gold_loss":0.0,"damage_taken":0.0},{"damage_healed":20.0,"max_hp_gain":0.0,"max_hp_loss":0.0,"gold_gain":0.0,"event_name":"Big Fish","player_choice":"Banana","floor":11.0,"gold_loss":0.0,"damage_taken":0.0}],"is_beta":false,"boss_relics":[{"not_picked":["Sozu","Cursed Key"],"picked":"Busted Crown"}],"items_purged_floors":[4,12],"is_endless":false,"potions_floor_spawned":[5,13,18],"killed_by":"Snake Plant","ascension_level":20}}