{"host":"ih7ofq2zpufcoifs","time":1607572871,"event":{"gold_per_floor":[99,99,99,99,69,69,69,69,69,69,69,69,69,69,69,69,69,69,69,69,69,69,69,69],"floor_reached":23,"playtime":1419,"items_purged":[],"score":308,"play_id":"8693ec7e-8f20-4aac-9532-6b918133f831","local_time":"20201210140111","is_ascension_mode":true,"campfire_choices":[{"floor":7.0,"key":"REST"},{"data":"FlyingSleeves","floor":11,"key":"SMITH"},{"data":"TalkToTheHand","floor":15,"key":"SMITH"}],"neow_cost":"NONE","seed_source_timestamp":665374921436800,"circlet_count":0,"master_deck":["AscendersBane","Strike_P","Strike_P","Strike_P","Strike_P","Defend_P","Defend_P","Defend_P","Defend_P","Eruption","Vigilance","Conclude+1","WaveOfTheHand+1","Tantrum","FlyingSleeves+1","SashWhip","Halt","ThirdEye","WheelKick","DeceiveReality","Devotion","TalkToTheHand+1","Scrawl+1","Indignation","Halt","FlurryOfBlows","Devotion"],"special_seed":0,"relics":["Ectoplasm","Blue Candle","Odd Mushroom","Turnip","Peace Pipe","Black Star"],"potions_floor_usage":[10,13,20,23],"damage_taken":[{"damage":2.0,"enemies":"2 Louse","floor":1.0,"turns":3.0},{"damage":2.0,"enemies":"Jaw Worm","floor":2.0,"turns":3.0},{"damage":0.0,"enemies":"Cultist","floor":4.0,"turns":4.0},{"damage":3.0,"enemies":"Looter","floor":5.0,"turns":3.0},{"damage":30.0,"enemies":"Lagavulin","floor":6.0,"turns":5.0},{"damage":0,"enemies":"The Mushroom Lair","floor":8,"turns":2},{"damage":3,"enemies":"Gremlin Gang","floor":10,"turns":4},{"damage":0,"enemies":"Large Slime","floor":12,"turns":2},{"damage":2,"enemies":"3 Sentries","floor":13,"turns":3},{"damage":4,"enemies":"Hexaghost","floor":16,"turns":7},{"damage":0,"enemies":"Shell Parasite","floor":18,"turns":4},{"damage":0,"enemies":"Chosen","floor":19,"turns":5},{"damage":6,"enemies":"Shelled Parasite and Fungi","floor":20,"turns":2},{"damage":14,"enemies":"Sentry and Sphere","floor":22,"turns":3},{"damage":47,"enemies":"Gremlin Leader","floor":23,"turns":4}],"seed_played":"7198359752064327774","potions_obtained":[{"floor":1.0,"key":"FearPotion"},{"floor":4.0,"key":"SteroidPotion"},{"floor":8,"key":"SkillPotion"},{"floor":16,"key":"Strength Potion"},{"floor":18,"key":"BottledMiracle"},{"floor":20,"key":"DuplicationPotion"}],"is_trial":false,"path_per_floor":["M","M","?","M","M","E","R","?","T","M","R","M","E","?","R","B",null,"M","M","M","?","M","E"],"character_chosen":"WATCHER","items_purchased":[],"campfire_rested":1,"item_purchase_floors":[],"current_hp_per_floor":[63,61,47,47,44,14,35,35,35,32,32,32,30,30,30,26,61,61,61,55,55,41,0,0],"gold":69,"neow_bonus":"BOSS_RELIC","is_prod":false,"is_daily":false,"chose_seed":false,"campfire_upgraded":2,"win_rate":0,"timestamp":1607572871,"path_taken":["M","M","?","M","M","E","R","?","T","M","R","M","E","?","R","BOSS","M","?","M","?","M","E"],"build_version":"2020-11-30","purchased_purges":0,"victory":false,"max_hp_per_floor":[72,72,72,72,72,72,72,72,72,72,72,72,72,72,72,72,72,72,72,72,72,72,72,72],"card_choices":[{"not_picked":["Adaptation","SandsOfTime"],"picked":"Conclude","floor":1.0},{"not_picked":["Fasting2","Indignation"],"picked":"WaveOfTheHand","floor":2.0},{"not_picked":["Nirvana","FlurryOfBlows"],"picked":"Tantrum","floor":4.0},{"not_picked":["BowlingBash","Collect"],"picked":"FlyingSleeves","floor":5.0},{"not_picked":["Evaluate","WreathOfFlame"],"picked":"SashWhip","floor":6.0},{"not_picked":["Prostrate","EmptyBody"],"picked":"Halt","floor":8},{"not_picked":["Halt","FlyingSleeves"],"picked":"ThirdEye","floor":10},{"not_picked":["CrushJoints","Halt"],"picked":"WheelKick","floor":12},{"not_picked":["SashWhip","FlurryOfBlows"],"picked":"DeceiveReality","floor":13},{"not_picked":["SpiritShield","ConjureBlade"],"picked":"Scrawl","floor":16},{"not_picked":["SashWhip","Crescendo"],"picked":"Indignation","floor":18},{"not_picked":["BowlingBash+1","EmptyBody"],"picked":"Halt","floor":19},{"not_picked":["ThirdEye","FlyingSleeves"],"picked":"FlurryOfBlows","floor":20},{"not_picked":["FollowUp+1","ReachHeaven+1"],"picked":"Devotion","floor":22}],"player_experience":272598,"relics_obtained":[{"floor":6.0,"key":"Blue Candle"},{"floor":8,"key":"Odd Mushroom"},{"floor":9,"key":"Turnip"},{"floor":13,"key":"Peace Pipe"}],"event_choices":[{"damage_healed":0.0,"max_hp_gain":0.0,"max_hp_loss":0.0,"gold_gain":0.0,"event_name":"Shining Light","player_choice":"Entered Light","floor":3.0,"gold_loss":0.0,"damage_taken":14.0,"cards_upgraded":["Conclude","WaveOfTheHand"]},{"damage_healed":0,"gold_gain":0,"player_choice":"Fought Mushrooms","damage_taken":0,"max_hp_gain":0,"max_hp_loss":0,"event_name":"Mushrooms","floor":8,"gold_loss":0},{"damage_healed":0,"gold_gain":0,"player_choice":"2 cards matched","damage_taken":0,"max_hp_gain":0,"max_hp_loss":0,"event_name":"Match and Keep!","floor":14,"gold_loss":0,"cards_obtained":["Devotion","TalkToTheHand"]},{"damage_healed":0,"gold_gain":0,"player_choice":"Upgraded","damage_taken":0,"max_hp_gain":0,"max_hp_loss":0,"event_name":"Upgrade Shrine","floor":21,"gold_loss":0,"cards_upgraded":["Scrawl"]}],"is_beta":false,"boss_relics":[{"not_picked":["SacredBark","Busted Crown"],"picked":"Black Star"}],"items_purged_floors":[],"is_endless":false,"potions_floor_spawned":[1,4,8,16,18,20],"killed_by":"Gremlin Leader","ascension_level":10}}