{"host":"mvlqq966zh3ccmv5","time":1607613382,"event":{"mods":["BaseMod","AchievementEnabler","SuperFastMode","Minty Spire (QoL Compilation)","DeckTracker"],"gold_per_floor":[14,14,30,40,50,77,77,77,100,100,50,125,140,156,156,255,255,224,249,249,174,194,194,207,239,239,239,239,257,257,273,273,273,273],"floor_reached":33,"playtime":610,"items_purged":["Strike_R"],"score":267,"play_id":"bd16ccac-92f1-4027-a6d5-ddc77e2fafc6","local_time":"20201211001622","is_ascension_mode":false,"campfire_choices":[{"data":"Searing Blow","floor":7,"key":"SMITH"},{"data":"Searing Blow+2","floor":15,"key":"SMITH"},{"data":"Searing Blow+3","floor":23,"key":"SMITH"},{"data":"Searing Blow+4","floor":30,"key":"SMITH"},{"floor":32,"key":"REST"}],"circlet_count":0,"master_deck":["Strike_R","Strike_R","Defend_R","Defend_R","Defend_R","Bash","Twin Strike","Searing Blow+5","Battle Trance","Cleave","Battle Trance+1","Seeing Red+1","Intimidate+1","Intimidate+1","Evolve"],"relics":["Burning Blood"],"acts_visited":["Exordium","TheCity"],"potions_floor_usage":[6,16,19,25,29,33],"damage_taken":[{"damage":8,"enemies":"2 Louse","floor":1,"turns":2},{"damage":11,"enemies":"Jaw Worm","floor":3,"turns":4},{"damage":0,"enemies":"Small Slimes","floor":4,"turns":3},{"damage":5,"enemies":"3 Louse","floor":5,"turns":2},{"damage":13,"enemies":"Gremlin Nob","floor":6,"turns":4},{"damage":12,"enemies":"Large Slime","floor":13,"turns":5},{"damage":5,"enemies":"Looter","floor":14,"turns":3},{"damage":55,"enemies":"The Guardian","floor":16,"turns":10},{"damage":31,"enemies":"2 Thieves","floor":18,"turns":5},{"damage":44,"enemies":"Masked Bandits","floor":19,"turns":4},{"damage":5,"enemies":"Chosen","floor":22,"turns":3},{"damage":9,"enemies":"Snecko","floor":24,"turns":4},{"damage":34,"enemies":"Gremlin Leader","floor":25,"turns":4},{"damage":15,"enemies":"Cultist and Chosen","floor":29,"turns":5},{"damage":12,"enemies":"Snake Plant","floor":31,"turns":3},{"damage":80,"enemies":"Champ","floor":33,"turns":11}],"seed_played":"4875114512897377497","potions_obtained":[{"floor":1,"key":"GamblersBrew"},{"floor":4,"key":"SkillPotion"},{"floor":5,"key":"LiquidBronze"},{"floor":6,"key":"Regen Potion"},{"floor":16,"key":"SkillPotion"},{"floor":18,"key":"Block Potion"},{"floor":24,"key":"PowerPotion"},{"floor":29,"key":"SmokeBomb"},{"floor":31,"key":"HeartOfIron"}],"is_trial":false,"path_per_floor":["M","?","M","M","M","E","R","?","T","?","?","?","M","M","R","B",null,"M","?","?","$","M","R","M","E","T","?","?","M","R","M","R","B"],"character_chosen":"IRONCLAD","items_purchased":[],"campfire_rested":1,"item_purchase_floors":[],"current_hp_per_floor":[78,78,73,79,80,73,73,73,73,73,73,62,56,57,57,8,80,55,29,90,90,90,90,87,59,59,59,59,50,50,44,71,0,0],"gold":273,"neow_bonus":"REMOVE_TWO","is_daily":false,"chose_seed":false,"campfire_upgraded":4,"win_rate":0,"timestamp":1607613382,"path_taken":["M","?","M","M","M","E","R","?","T","?","?","?","M","M","R","BOSS","M","?","?","$","M","R","?","E","T","?","?","M","R","M","R","BOSS"],"build_version":"2020-11-30","purchased_purges":1,"victory":false,"max_hp_per_floor":[80,80,80,80,80,80,80,80,80,80,80,80,80,80,80,80,80,80,80,90,90,90,90,90,90,90,90,90,90,90,90,90,90,90],"card_choices":[{"not_picked":["Intimidate","Headbutt","Body Slam"],"picked":"SKIP","floor":1},{"not_picked":["Heavy Blade","Havoc"],"picked":"Twin Strike","floor":3},{"not_picked":["Dual Wield","Sever Soul"],"picked":"Searing Blow","floor":4},{"not_picked":["Spot Weakness","True Grit"],"picked":"Battle Trance","floor":5},{"not_picked":["Sword Boomerang","Shrug It Off"],"picked":"Cleave","floor":6},{"not_picked":["Headbutt","Thunderclap","Armaments"],"picked":"SKIP","floor":13},{"not_picked":["Shrug It Off","Cleave","Pommel Strike"],"picked":"SKIP","floor":14},{"not_picked":["Berserk","Corruption"],"picked":"Impervious","floor":16},{"not_picked":["Wild Strike","Headbutt"],"picked":"Battle Trance+1","floor":18},{"not_picked":["Clash","Feel No Pain+1"],"picked":"Seeing Red+1","floor":19},{"not_picked":["Sword Boomerang","Pommel Strike+1"],"picked":"Intimidate+1","floor":22},{"not_picked":["Twin Strike+1","Headbutt"],"picked":"Intimidate+1","floor":24},{"not_picked":["Perfected Strike+1","Shockwave","Cleave"],"picked":"SKIP","floor":25},{"not_picked":["Juggernaut","Flex+1","Shrug It Off"],"picked":"SKIP","floor":29},{"not_picked":["Metallicize+1","Heavy Blade+1","Headbutt"],"picked":"SKIP","floor":31}],"player_experience":190873,"relics_obtained":[],"event_choices":[{"damage_healed":0,"gold_gain":0,"player_choice":"Ignored","damage_taken":0,"max_hp_gain":0,"max_hp_loss":0,"event_name":"Golden Idol","floor":2,"gold_loss":0},{"damage_healed":0,"gold_gain":0,"player_choice":"Ignored","damage_taken":0,"max_hp_gain":0,"max_hp_loss":0,"event_name":"Liars Game","floor":8,"gold_loss":0},{"damage_healed":0,"gold_gain":0,"player_choice":"Grow","damage_taken":0,"max_hp_gain":0,"max_hp_loss":0,"event_name":"Living Wall","floor":10,"gold_loss":0,"cards_upgraded":["Searing Blow"]},{"cards_removed":["Strike_R"],"damage_healed":0,"gold_gain":0,"player_choice":"Card Removal","damage_taken":0,"max_hp_gain":0,"max_hp_loss":0,"event_name":"The Cleric","floor":11,"gold_loss":50},{"damage_healed":0,"gold_gain":75,"player_choice":"Gather Gold","damage_taken":11,"max_hp_gain":0,"max_hp_loss":0,"event_name":"World of Goop","floor":12,"gold_loss":0},{"damage_healed":0,"gold_gain":0,"player_choice":"Fought Bandits","damage_taken":0,"max_hp_gain":0,"max_hp_loss":0,"event_name":"Masked Bandits","floor":19,"gold_loss":0},{"cards_removed":["Impervious"],"damage_healed":51,"gold_gain":0,"player_choice":"Offered Rare","damage_taken":0,"max_hp_gain":10,"max_hp_loss":0,"event_name":"Bonfire Elementals","floor":20,"gold_loss":0},{"damage_healed":0,"gold_gain":0,"player_choice":"Read","damage_taken":0,"max_hp_gain":0,"max_hp_loss":0,"event_name":"The Library","floor":27,"gold_loss":0,"cards_obtained":["Evolve"]},{"damage_healed":0,"gold_gain":0,"player_choice":"Ignored","damage_taken":0,"max_hp_gain":0,"max_hp_loss":0,"event_name":"Vampires","floor":28,"gold_loss":0}],"is_beta":false,"boss_relics":[{"not_picked":[]}],"items_purged_floors":[21],"is_endless":false,"potions_floor_spawned":[1,4,5,6,16,18,24,29,31],"killed_by":"Champ","ascension_level":0}}