{"host":"f5n4tidiz2n5sooh","time":1607570734,"event":{"gold_per_floor":[119,135,147,147,147,188,200,137,217,229,259,271,303,350,362,374,374],"floor_reached":16,"playtime":411,"items_purged":[],"score":270,"play_id":"ebd64840-ed12-4994-93f6-cbd8cb767b31","local_time":"20201209212534","is_ascension_mode":true,"campfire_choices":[{"floor":7,"key":"REST"},{"data":"Buffer","floor":10,"key":"SMITH"},{"data":"Zap","floor":12,"key":"SMITH"},{"data":"Go for the Eyes","floor":15,"key":"SMITH"}],"neow_cost":"NONE","seed_source_timestamp":3082567605900,"circlet_count":0,"master_deck":["AscendersBane","Strike_B","Strike_B","Strike_B","Defend_B","Defend_B","Defend_B","Defend_B","Zap+1","Dualcast","Gash","Rip and Tear","Buffer+1","Go for the Eyes+1","Coolheaded","Loop+1"],"relics":["Cracked Core","MawBank","Letter Opener","Frozen Egg 2","Molten Egg 2"],"potions_floor_usage":[6,6,13,16],"damage_taken":[{"damage":8,"enemies":"2 Louse","floor":1,"turns":2},{"damage":17,"enemies":"Small Slimes","floor":2,"turns":4},{"damage":4,"enemies":"Jaw Worm","floor":3,"turns":3},{"damage":39,"enemies":"Lagavulin","floor":6,"turns":8},{"damage":4,"enemies":"Red Slaver","floor":11,"turns":3},{"damage":3,"enemies":"Lots of Slimes","floor":13,"turns":2},{"damage":0,"enemies":"Gremlin Nob","floor":14,"turns":4},{"damage":20,"enemies":"Hexaghost","floor":16,"turns":9}],"seed_played":"6529253239854941198","potions_obtained":[{"floor":1,"key":"Explosive Potion"},{"floor":2,"key":"Weak Potion"},{"floor":6,"key":"SkillPotion"},{"floor":14,"key":"CultistPotion"}],"is_trial":false,"path_per_floor":["M","M","M","?","?","E","R","?","T","R","M","R","M","E","R","B"],"character_chosen":"DEFECT","items_purchased":[],"campfire_rested":1,"item_purchase_floors":[],"current_hp_per_floor":[63,46,42,47,42,3,27,27,27,27,23,23,20,20,20,0,0],"gold":374,"neow_bonus":"TEN_PERCENT_HP_BONUS","is_prod":false,"is_daily":false,"chose_seed":false,"campfire_upgraded":3,"win_rate":0,"timestamp":1607570734,"path_taken":["M","M","M","?","?","E","R","?","T","R","M","R","M","E","R","BOSS"],"build_version":"2020-11-30","purchased_purges":0,"victory":false,"max_hp_per_floor":[78,78,78,83,83,83,83,83,83,83,83,83,83,83,83,83,83],"relic_stats":{"counters":[8,35],"Letter Opener":[40],"MawBank":132,"obtain_stats":[{"Molten Egg 2":14,"Letter Opener":6,"Frozen Egg 2":9,"Cracked Core":0,"MawBank":5},{"Molten Egg 2":7,"Letter Opener":4,"Frozen Egg 2":4,"Cracked Core":0,"MawBank":3},{"Molten Egg 2":26,"Letter Opener":17,"Frozen Egg 2":17,"Cracked Core":0,"MawBank":9}]},"card_choices":[{"not_picked":["Auto Shields","Turbo"],"picked":"Gash","floor":1},{"not_picked":["Go for the Eyes","Rebound"],"picked":"Rip and Tear","floor":2},{"not_picked":["Stack","Lockon","Leap"],"picked":"SKIP","floor":3},{"not_picked":["Thunder Strike","All For One"],"picked":"Buffer","floor":6},{"not_picked":["Tempest","BootSequence"],"picked":"Go for the Eyes","floor":11},{"not_picked":["Steam","Cold Snap"],"picked":"Coolheaded","floor":13},{"not_picked":["Turbo","Hello World+1"],"picked":"Loop+1","floor":14}],"player_experience":1866217,"relics_obtained":[{"floor":6,"key":"Letter Opener"},{"floor":9,"key":"Frozen Egg 2"},{"floor":14,"key":"Molten Egg 2"}],"event_choices":[{"damage_healed":0,"gold_gain":0,"player_choice":"Donut","damage_taken":0,"max_hp_gain":5,"max_hp_loss":0,"event_name":"Big Fish","floor":4,"gold_loss":0},{"damage_healed":0,"gold_gain":0,"player_choice":"Success","damage_taken":5,"relics_obtained":["MawBank"],"max_hp_gain":0,"max_hp_loss":0,"event_name":"Scrap Ooze","floor":5,"gold_loss":0},{"cards_removed":["Strike_B"],"damage_healed":0,"gold_gain":0,"player_choice":"Card Removal","damage_taken":0,"max_hp_gain":0,"max_hp_loss":0,"event_name":"The Cleric","floor":8,"gold_loss":75}],"is_beta":false,"boss_relics":[],"items_purged_floors":[],"is_endless":false,"potions_floor_spawned":[1,2,6,14],"killed_by":"Hexaghost","ascension_level":20}}