{"host":"4nqeo0vu1vuav7gg","time":1607605009,"event":{"gold_per_floor":[113,113,127,127,29,61,74,74,74,74,85,98,127,58,58,58,58],"floor_reached":16,"playtime":555,"items_purged":[],"score":162,"play_id":"3958e5aa-f145-43db-b8eb-c09e5bd06e74","local_time":"20201210135649","is_ascension_mode":true,"campfire_choices":[{"data":"Accuracy","floor":10.0,"key":"SMITH"},{"data":"Infinite Blades","floor":15.0,"key":"SMITH"}],"neow_cost":"NONE","seed_source_timestamp":10219739446700,"circlet_count":0,"master_deck":["Strike_G","Strike_G","Strike_G","Strike_G","Defend_G","Defend_G","Defend_G","Defend_G","Defend_G","Neutralize","Cloak And Dagger","Flying Knee","Expertise","Accuracy+1","Cloak And Dagger","Infinite Blades+1","Blade Dance","Prepared","Setup","Finisher"],"special_seed":0,"relics":["Ring of the Snake","Lantern","NeowsBlessing","Pantograph"],"potions_floor_usage":[],"damage_taken":[{"damage":0.0,"enemies":"Small Slimes","floor":1.0,"turns":1.0},{"damage":0.0,"enemies":"Cultist","floor":3.0,"turns":1.0},{"damage":0.0,"enemies":"Lagavulin","floor":6.0,"turns":1.0},{"damage":0.0,"enemies":"2 Louse","floor":7.0,"turns":3.0},{"damage":6.0,"enemies":"Looter","floor":11.0,"turns":3.0},{"damage":1.0,"enemies":"Exordium Wildlife","floor":12.0,"turns":2.0},{"damage":32.0,"enemies":"Gremlin Nob","floor":13.0,"turns":4.0},{"damage":56,"enemies":"The Guardian","floor":16,"turns":9}],"seed_played":"7515402476832151973","potions_obtained":[{"floor":6.0,"key":"Explosive Potion"},{"floor":7.0,"key":"Swift Potion"},{"floor":12.0,"key":"SmokeBomb"}],"is_trial":false,"path_per_floor":["M","?","M","?","$","E","M","$","T","R","M","M","E","$","R","B"],"character_chosen":"THE_SILENT","items_purchased":["Accuracy","Cloak And Dagger","Finisher"],"campfire_rested":0,"item_purchase_floors":[5,5,14],"current_hp_per_floor":[70,70,70,70,70,70,70,70,70,70,64,63,31,31,31,0,0],"gold":58,"neow_bonus":"THREE_ENEMY_KILL","is_prod":false,"is_daily":false,"chose_seed":false,"campfire_upgraded":2,"win_rate":0,"timestamp":1607605009,"path_taken":["M","?","?","?","?","E","?","?","T","R","M","M","E","$","R","BOSS"],"build_version":"2020-11-30","purchased_purges":0,"victory":false,"max_hp_per_floor":[70,70,70,70,70,70,70,70,70,70,70,70,70,70,70,70,70],"card_choices":[{"not_picked":["Dodge and Roll","Quick Slash"],"picked":"Cloak And Dagger","floor":1.0},{"not_picked":["Distraction","All Out Attack"],"picked":"Flying Knee","floor":3.0},{"not_picked":["Unload","Crippling Poison"],"picked":"Infinite Blades","floor":6.0},{"not_picked":["PiercingWail","Infinite Blades"],"picked":"Blade Dance","floor":7.0},{"not_picked":["Deflect","Quick Slash"],"picked":"Prepared","floor":11.0},{"not_picked":["Flechettes","Reflex","Riddle With Holes"],"picked":"SKIP","floor":12.0},{"not_picked":["Eviscerate","Tactician"],"picked":"Setup","floor":13.0}],"player_experience":860105,"relics_obtained":[{"floor":6.0,"key":"Pantograph"},{"floor":13.0,"key":"Lantern"}],"event_choices":[{"cards_removed":["Strike_G"],"damage_healed":0.0,"max_hp_gain":0.0,"max_hp_loss":0.0,"gold_gain":0.0,"event_name":"Wheel of Change","player_choice":"Card Removal","floor":2.0,"gold_loss":0.0,"damage_taken":0.0},{"damage_healed":0.0,"max_hp_gain":0.0,"max_hp_loss":0.0,"gold_gain":0.0,"cards_transformed":["Survivor"],"event_name":"Transmorgrifier","player_choice":"Transformed","floor":4.0,"gold_loss":0.0,"damage_taken":0.0,"cards_obtained":["Expertise"]}],"is_beta":false,"boss_relics":[],"items_purged_floors":[],"is_endless":false,"potions_floor_spawned":[6,7,12],"killed_by":"The Guardian","ascension_level":4}}