{"host":"qljq6nt1bltq73k9","time":1607615543,"event":{"mods":["BaseMod","Quick Restart","StSLib","Colored Map","Lobotomy","Minty Spire (QoL Compilation)","Colored Powertips","Replay The Spire","Downfall"],"gold_per_floor":[99999,100017,98744,98767,98795,98795,97733,97733,97733,97733,97733,97733,97733,96731,96731,96838,96838,96868,96902,95978,95978,95324,95324,95376,95401,95482,95521,95521,95000,95000,95044,95044,95175,95175,95203,95224,94742,94765,94765,94765,94818,94871,94871,94933,95005,95005,95029,95081,95081,95117,95269],"floor_reached":52,"playtime":2005,"items_purged":["Defend_R","Strike_R","Strike_R","Defend_R","Defend_R","Strike_R","Strike_R"],"score":1021,"play_id":"27995f80-b454-4c9e-b143-5de882e0c691","local_time":"20201210235223","is_ascension_mode":false,"campfire_choices":[{"data":"Infernal Blade","floor":6.0,"key":"SMITH"},{"data":"Defend_R","floor":8.0,"key":"SMITH"},{"data":"Life Link","floor":11.0,"key":"SMITH"},{"data":"Dark Embrace","floor":15.0,"key":"SMITH"},{"data":"Combust","floor":23.0,"key":"SMITH"},{"data":"Life Link","floor":30.0,"key":"SMITH"},{"data":"Eclipse","floor":32.0,"key":"SMITH"},{"data":"ReplayTheSpireMod:Corrosion Curse","floor":40.0,"key":"SMITH"},{"floor":49.0,"key":"DIG"}],"circlet_count":0,"master_deck":["Defend_R+1","Battle Trance","Infernal Blade+1","Dark Embrace+1","ReplayTheSpireMod:Necrogeddon","Flex","Flash of Steel","Mercenary","Eclipse+1","BigBadWolf","Second Wind","Sadistic Nature+1","Life Link+1","Self Repair+1","expansioncontent:DashGenerateEvil+1","Thunderclap+1","Panacea+1","LongBird","Berserk+1","VoidDream","Pommel Strike+1","FieryBird","Combust+1","Evolve+1","ReplayTheSpireMod:Limb From Limb+1","Flex+1","Body Slam+1","Twin Strike+1","Juggernaut+1","Inflame+1","Sadistic Nature+1","GreedKing","Metallicize","Life Link+1","BodiesMountain","Spot Weakness+1","Evolve+1","Violence+1","RedShoes","Bloodletting+1","Demon Form+1","OSAHOGD","ReplayTheSpireMod:Corrosion Curse+1","Scarecrow","Sword Boomerang+1","Rupture+1","Replay:Parry+1","ReplayTheSpireMod:Muscle Training+1","Brutality+1","Hemogenesis+1","Heavy Blade+1","Exhume+1","Replay:SS_forest_5","expansioncontent:CaCaw","Master of Strategy+1","Metallicize+1","Seeing Red"],"special_seed":0,"relics":["CogitoBucket","RabbitCall","TungstenRod","Replay:Bandana","Frozen Eye","Calipers","Molten Egg 2","ClockworkSouvenir","Golden Egg","Ring of Searing","ReplayTheSpireMod:Ring of Addiction","SacredBark","Chameleon Ring","Iron Core","Blue Candle","Omamori","OrangePellets","Runic Pyramid","SkinProphecy","Mummified Hand","ReplayTheSpireMod:Lightbulb","Orrery","Membership Card","Replay:Accelerometer","ReplayTheSpireMod:Ninjato","Replay:Ringing Soul","Meat on the Bone","Another Sword","Red Skull","HandDrill","TreeSap","Ring of Chaos","Blue Doll","Strawberry","Lee\u0027s Waffle","Lantern","Magic Flower","AspirationHeart","AtMidnight","Quantum Egg","Incense Burner","Paper Frog","Letter Opener","Thread and Needle"],"acts_visited":["Exordium","TheCity","TheBeyond"],"potions_floor_usage":[52],"damage_taken":[{"damage":6.0,"enemies":"Small Slimes","floor":1.0,"turns":3.0},{"damage":19.0,"enemies":"Jaw Worm","floor":2.0,"turns":4.0},{"damage":0.0,"enemies":"2 Louse","floor":4.0,"turns":2.0},{"damage":1.0,"enemies":"Looter","floor":5.0,"turns":3.0},{"damage":30.0,"enemies":"The Guardian","floor":16.0,"turns":5.0},{"damage":22.0,"enemies":"Chosen","floor":18.0,"turns":2.0},{"damage":21.0,"enemies":"Shell Parasite","floor":19.0,"turns":5.0},{"damage":6.0,"enemies":"Gremlin Leader","floor":24.0,"turns":3.0},{"damage":7.0,"enemies":"Snake Plant","floor":25.0,"turns":2.0},{"damage":0.0,"enemies":"Cultist and Chosen","floor":27.0,"turns":3.0},{"damage":13.0,"enemies":"3 Cultists","floor":31.0,"turns":3.0},{"damage":25.0,"enemies":"Automaton","floor":33.0,"turns":4.0},{"damage":19.0,"enemies":"3 Shapes","floor":35.0,"turns":2.0},{"damage":10.0,"enemies":"Orb Walker","floor":36.0,"turns":2.0},{"damage":15.0,"enemies":"R_Hoarder","floor":41.0,"turns":3.0},{"damage":23.0,"enemies":"Maw","floor":42.0,"turns":2.0},{"damage":6.0,"enemies":"2 Orb Walkers","floor":44.0,"turns":2.0},{"damage":12.0,"enemies":"Nemesis","floor":45.0,"turns":4.0},{"damage":0.0,"enemies":"Writhing Mass","floor":47.0,"turns":1.0},{"damage":11.0,"enemies":"R_Hoarder","floor":48.0,"turns":3.0},{"damage":64.0,"enemies":"Donu and Deca","floor":50.0,"turns":8.0},{"damage":94.0,"enemies":"Malkuth","floor":51.0,"turns":4.0},{"damage":21.0,"enemies":"Yesod","floor":51.0,"turns":3.0},{"damage":216.0,"enemies":"Geburah","floor":51.0,"turns":6.0},{"damage":92.0,"enemies":"Binah","floor":51.0,"turns":8.0},{"damage":182,"enemies":"Angela","floor":52,"turns":4}],"seed_played":"-5625376889452365439","potions_obtained":[{"floor":12.0,"key":"Explosive Potion"},{"floor":16.0,"key":"Milkshake"},{"floor":24.0,"key":"EntropicBrew"},{"floor":27.0,"key":"Elixir"},{"floor":31.0,"key":"Fire Potion"},{"floor":35.0,"key":"AttackPotion"},{"floor":36.0,"key":"Elixir"},{"floor":44.0,"key":"Fruit Juice"}],"is_trial":false,"path_per_floor":["M","M","$","M","M","R","$","R","T","?","R","?","?","$","R","B",null,"M","M","$","?","$","R","E","M","T","M","?","$","R","M","R","B",null,"M","M","$","T","?","R","E","M","T","?","E","?","M","E","R_BF","B",null,null,null],"character_chosen":"IRONCLAD","items_purchased":["TungstenRod","Replay:Bandana","Frozen Eye","Doom Potion","LifebloodPotion","Adrenaline Potion","Dark Embrace","ReplayTheSpireMod:Necrogeddon","Flex","Flash of Steel","Calipers","Molten Egg 2","Sadistic Nature","ClockworkSouvenir","Life Link","Blue Candle","Omamori","OrangePellets","expansioncontent:DashGenerateEvil+1","Thunderclap+1","Panacea","Mummified Hand","ReplayTheSpireMod:Lightbulb","Evolve","Cursed Concoction","Orrery","Inflame","Membership Card","Replay:Accelerometer","ReplayTheSpireMod:Ninjato","Sadistic Nature","Another Sword","Red Skull","HandDrill","Evolve","Violence","Blue Doll","Rupture","Strawberry","ElixirPotion","Lee\u0027s Waffle","Replay:Parry+1","ReplayTheSpireMod:Muscle Training"],"campfire_rested":0,"item_purchase_floors":[3,3,3,3,3,3,3,3,3,3,7,7,7,7,7,14,14,14,14,14,14,20,20,20,20,20,22,22,22,22,22,29,29,29,29,29,37,37,37,37,37,37,37],"current_hp_per_floor":[80,67,67,73,78,78,78,78,78,63,63,63,63,63,63,43,78,56,64,64,64,64,64,67,69,69,78,78,81,81,79,79,65,103,84,73,130,130,130,128,130,147,147,167,172,166,180,185,185,189,166],"gold":95293,"neow_bonus":"","is_daily":false,"chose_seed":false,"campfire_upgraded":8,"win_rate":0,"timestamp":1607615543,"path_taken":["M","M","$","M","M","R","$","R","T","?","R","?","?","$","R","BOSS","M","M","$","?","$","R","E","M","T","M","?","?","R","M","R","BOSS","M","M","$","?","?","R","E","?","T","?","E","?","M","E","R_BF","BOSS"],"build_version":"2020-11-30","purchased_purges":7,"victory":true,"max_hp_per_floor":[80,80,80,80,80,80,80,80,80,80,80,80,80,80,80,78,78,78,77,77,77,77,75,80,85,85,90,90,93,93,98,98,103,103,108,113,130,130,130,128,130,147,147,167,172,175,180,185,185,189,194],"card_choices":[{"not_picked":["BlackSwan","CherryBlossoms","DespairKnight"],"picked":"Singing Bowl","floor":1.0},{"not_picked":["Havoc","True Grit"],"picked":"Battle Trance","floor":1.0},{"not_picked":["CrumblingArmor","BeautyBeast","Bloodbath"],"picked":"Singing Bowl","floor":2.0},{"not_picked":["Whirlwind","Blood for Blood"],"picked":"Infernal Blade","floor":2.0},{"not_picked":["BeautyBeast","NakedNest"],"picked":"Mercenary","floor":4.0},{"not_picked":["Iron Wave","Heavy Blade"],"picked":"Eclipse","floor":4.0},{"not_picked":["GreedKing","CherryBlossoms"],"picked":"BigBadWolf","floor":5.0},{"not_picked":["Havoc","Armaments"],"picked":"Second Wind","floor":5.0},{"not_picked":["CrumblingArmor","Yin"],"picked":"LongBird","floor":16.0},{"not_picked":["Corruption","Immolate+1"],"picked":"Berserk","floor":16.0},{"not_picked":["BlackSwan","LaLuna","Scorched"],"picked":"Singing Bowl","floor":18.0},{"not_picked":["QueenOfHatred","PunishingBird"],"picked":"VoidDream","floor":18.0},{"not_picked":["Dual Wield+1","Cleave+1"],"picked":"Pommel Strike+1","floor":18.0},{"not_picked":["SnowQueen","CherryBlossoms","ShyLook"],"picked":"Singing Bowl","floor":19.0},{"not_picked":["Murderer","SpiderBud"],"picked":"FieryBird","floor":19.0},{"not_picked":["Shrug It Off","Body Slam+1"],"picked":"Combust","floor":19.0},{"not_picked":["Corruption","Searing Blow+1"],"picked":"ReplayTheSpireMod:Limb From Limb+1","floor":20.0},{"not_picked":["Searing Blow+1","Power Through"],"picked":"Flex+1","floor":20.0},{"not_picked":["Clothesline+1","Armaments"],"picked":"Body Slam+1","floor":20.0},{"not_picked":["Shockwave","ReplayTheSpireMod:Strike From Hell+1"],"picked":"Twin Strike+1","floor":20.0},{"not_picked":["Rage","Defy Death"],"picked":"Juggernaut","floor":20.0},{"not_picked":["BeautyBeast","LittlePrince"],"picked":"GreedKing","floor":24.0},{"not_picked":["Iron Wave+1","Warcry"],"picked":"Metallicize","floor":24.0},{"not_picked":["Yin","BeautyBeast","GalaxyChild"],"picked":"Singing Bowl","floor":25.0},{"not_picked":["Wellcheers","LittlePrince"],"picked":"WallGazer","floor":25.0},{"not_picked":["Eclipse","Battle Trance"],"picked":"Life Link","floor":25.0},{"not_picked":["HappyTeddy","BlackSwan"],"picked":"BodiesMountain","floor":27.0},{"not_picked":["Pommel Strike+1","True Grit"],"picked":"Spot Weakness+1","floor":27.0},{"not_picked":["BigBird","BeautyBeast","Wellcheers"],"picked":"Singing Bowl","floor":31.0},{"not_picked":["PunishingBird","BlackArmy"],"picked":"RedShoes","floor":31.0},{"not_picked":["Havoc","Headbutt+1"],"picked":"Bloodletting+1","floor":31.0},{"not_picked":["Alriune","LittlePrince","Yin"],"picked":"Singing Bowl","floor":33.0},{"not_picked":["Impervious","Fiend Fire+1"],"picked":"Demon Form","floor":33.0},{"not_picked":["GalaxyChild","Wellcheers","FairyFestival"],"picked":"Singing Bowl","floor":35.0},{"not_picked":["CherryBlossoms","Scarecrow"],"picked":"OSAHOGD","floor":35.0},{"not_picked":["Flex","Flame Barrier"],"picked":"ReplayTheSpireMod:Corrosion Curse","floor":35.0},{"not_picked":["MeltingLove","BeautyBeast"],"picked":"Scarecrow","floor":36.0},{"not_picked":["Clothesline+1","Uppercut+1"],"picked":"Sword Boomerang+1","floor":36.0},{"not_picked":["QueenOfHatred","GalaxyChild","LaLuna"],"picked":"Singing Bowl","floor":41.0},{"not_picked":["Shockwave","Body Slam+1"],"picked":"Brutality","floor":41.0},{"not_picked":["DespairKnight","Woodsman","HappyTeddy"],"picked":"Singing Bowl","floor":42.0},{"not_picked":["Combust","Clash+1"],"picked":"Hemogenesis+1","floor":42.0},{"not_picked":["HappyTeddy","LaLuna","BlueStar"],"picked":"Singing Bowl","floor":44.0},{"not_picked":["Iron Wave+1","Flex"],"picked":"Heavy Blade+1","floor":44.0},{"not_picked":["SpiderBud","Porccubus","Alriune"],"picked":"Singing Bowl","floor":45.0},{"not_picked":["Fiend Fire+1","Bloodletting"],"picked":"Exhume","floor":45.0},{"not_picked":["expansioncontent:GoopSpray","expansioncontent:YouAreMine"],"picked":"Replay:SS_forest_5","floor":46.0},{"not_picked":["expansioncontent:Corrupt","Metamorphosis"],"picked":"expansioncontent:CaCaw","floor":46.0},{"not_picked":["expansioncontent:Flail+1","Swift Strike+1"],"picked":"Master of Strategy","floor":46.0},{"not_picked":["LittleHelper","Alriune","Woodsman"],"picked":"Singing Bowl","floor":47.0},{"not_picked":["Dark Embrace","Heavy Blade+1"],"picked":"Metallicize+1","floor":47.0},{"not_picked":["Alriune","UniverseFragment","NothingThere"],"picked":"Singing Bowl","floor":48.0},{"not_picked":["Reaper+1","Hemokinesis+1"],"picked":"Seeing Red","floor":48.0}],"player_experience":356499,"relics_obtained":[{"floor":9.0,"key":"Golden Egg"},{"floor":12.0,"key":"Ring of Searing"},{"floor":12.0,"key":"ReplayTheSpireMod:Ring of Addiction"},{"floor":12.0,"key":"SacredBark"},{"floor":12.0,"key":"Chameleon Ring"},{"floor":24.0,"key":"Replay:Ringing Soul"},{"floor":26.0,"key":"Meat on the Bone"},{"floor":38.0,"key":"Lantern"},{"floor":41.0,"key":"Magic Flower"},{"floor":42.0,"key":"AtMidnight"},{"floor":43.0,"key":"Quantum Egg"},{"floor":44.0,"key":"Incense Burner"},{"floor":45.0,"key":"Paper Frog"},{"floor":48.0,"key":"Letter Opener"},{"floor":49.0,"key":"Thread and Needle"}],"event_choices":[{"damage_healed":0.0,"max_hp_gain":0.0,"max_hp_loss":0.0,"gold_gain":0.0,"event_name":"Shining Light","player_choice":"Entered Light","floor":10.0,"gold_loss":0.0,"damage_taken":16.0,"cards_upgraded":["Sadistic Nature","Bash"]},{"cards_removed":["Strike_R"],"damage_healed":0.0,"max_hp_gain":0.0,"max_hp_loss":0.0,"gold_gain":0.0,"event_name":"Back to Basics","player_choice":"Elegance","floor":21.0,"gold_loss":0.0,"damage_taken":0.0},{"damage_healed":0.0,"max_hp_gain":0.0,"max_hp_loss":0.0,"gold_gain":0.0,"event_name":"Vampires","player_choice":"Ignored","floor":28.0,"gold_loss":0.0,"damage_taken":0.0},{"damage_healed":0.0,"max_hp_gain":0.0,"max_hp_loss":0.0,"gold_gain":0.0,"event_name":"Match and Keep!","player_choice":"0 cards matched","floor":39.0,"gold_loss":0.0,"damage_taken":0.0,"cards_obtained":[]},{"damage_healed":0.0,"max_hp_gain":0.0,"max_hp_loss":0.0,"gold_gain":0.0,"event_name":"Mysterious Sphere","player_choice":"Fight","floor":44.0,"gold_loss":0.0,"damage_taken":0.0},{"damage_healed":0.0,"max_hp_gain":0.0,"max_hp_loss":0.0,"gold_gain":0.0,"event_name":"SensoryStone","player_choice":"Memory 3","floor":46.0,"gold_loss":0.0,"damage_taken":10.0}],"is_beta":false,"boss_relics":[{"not_picked":["Velvet Choker","Tiny House"],"picked":"Runic Pyramid"},{"not_picked":["Honey Jar","Black Star"],"picked":"Ring of Chaos"}],"items_purged_floors":[3,7,14,20,22,29,37],"is_endless":false,"potions_floor_spawned":[16,24,27,31,35,36,44],"ascension_level":0}}