{"host":"r5cycnjhcbwgkpkf","time":1607579438,"event":{"gold_per_floor":[111,36,47,47,47,78,78,111,111,137,13,13,44,63,63,140,140,157,167,167,167,182,182,196,196,196,196,214,24,24,41,41,113,113,124,138,152,152,162,162,175,175,200,224,79,104,135,63,63,63,63],"floor_reached":50,"playtime":3011,"items_purged":["Defend_R","Strike_R"],"score":906,"play_id":"873ac3ff-d339-4611-8180-caf3cc4d35e2","local_time":"20201209215038","is_ascension_mode":true,"campfire_choices":[{"data":"Infernal Blade","floor":7,"key":"SMITH"},{"floor":12,"key":"REST"},{"data":"Cleave","floor":15,"key":"SMITH"},{"data":"Double Tap","floor":25,"key":"SMITH"},{"floor":30,"key":"REST"},{"data":"Bash","floor":32,"key":"SMITH"},{"floor":40,"key":"REST"},{"floor":42,"key":"REST"},{"floor":49,"key":"REST"}],"neow_cost":"","seed_source_timestamp":541224295556200,"circlet_count":0,"master_deck":["AscendersBane","Strike_R","Strike_R","Strike_R","Strike_R","Defend_R","Defend_R","Defend_R","Bash+1","Cleave+1","Feed","Clash","Spot Weakness+1","Infernal Blade+1","Double Tap+1","Iron Wave+1","Reaper","Intimidate","Clothesline+1","Uppercut+1","Ghostly Armor+1","ReplayTheSpireMod:LeadingStrike+1","Metallicize"],"relics":["Black Blood","TungstenRod","Art of War","Prayer Wheel","CaptainsWheel","Blue Candle","Bird Faced Urn","The Courier","Sundial","Omamori","Strawberry","Busted Crown","Cauldron","Chameleon Ring","Gremlin Horn","MealTicket","Juzu Bracelet","Vajra","Molten Egg 2","Another Sword","Pen Nib"],"potions_floor_usage":[27,33,37,50],"damage_taken":[{"damage":6,"enemies":"2 Louse","floor":1,"turns":3},{"damage":0,"enemies":"Cultist","floor":3,"turns":4},{"damage":19,"enemies":"Lagavulin","floor":6,"turns":5},{"damage":9,"enemies":"3 Sentries","floor":8,"turns":3},{"damage":10,"enemies":"Lagavulin","floor":10,"turns":5},{"damage":9,"enemies":"Gremlin Nob","floor":13,"turns":3},{"damage":4,"enemies":"Small Slimes","floor":14,"turns":3},{"damage":36,"enemies":"The Guardian","floor":16,"turns":7},{"damage":10,"enemies":"Spheric Guardian","floor":18,"turns":3},{"damage":15,"enemies":"2 Thieves","floor":19,"turns":3},{"damage":7,"enemies":"Snecko","floor":22,"turns":4},{"damage":19,"enemies":"Centurion and Healer","floor":24,"turns":6},{"damage":0,"enemies":"Nightmare","floor":27,"turns":1},{"damage":35,"enemies":"Snake Plant","floor":28,"turns":6},{"damage":5,"enemies":"3 Cultists","floor":31,"turns":4},{"damage":54,"enemies":"Automaton","floor":33,"turns":8},{"damage":53,"enemies":"3 Darklings","floor":35,"turns":5},{"damage":28,"enemies":"3 Shapes","floor":36,"turns":4},{"damage":16,"enemies":"Transient","floor":37,"turns":5},{"damage":15,"enemies":"Sphere and 2 Shapes","floor":39,"turns":4},{"damage":59,"enemies":"Maw","floor":41,"turns":10},{"damage":0,"enemies":"Mind Bloom Boss Battle","floor":46,"turns":5},{"damage":80,"enemies":"R_Hoarder","floor":47,"turns":9},{"damage":126,"enemies":"Replay:Hell Engine","floor":50,"turns":13}],"seed_played":"8896781371579337494","potions_obtained":[{"floor":8,"key":"sneckomod:MuddlingPotion"},{"floor":13,"key":"SmokeBomb"},{"floor":28,"key":"Cursed Concoction"},{"floor":33,"key":"DistilledChaos"},{"floor":39,"key":"SteroidPotion"},{"floor":47,"key":"HeartOfIron"}],"is_trial":false,"path_per_floor":["M","$","M","?","$","E","R","E","T","E","$","R","E","M","R","B",null,"M","M","AVR","T","M","$","M","R","T","NM","M","$","R","M","R","B",null,"M","M","M","AVR","M","R","M","R","T","T","$","?","E","$","R","B"],"character_chosen":"IRONCLAD","items_purchased":["TungstenRod","Art of War","CaptainsWheel","Omamori","Reaper","Molten Egg 2","ReplayTheSpireMod:LeadingStrike+1","Metallicize"],"campfire_rested":5,"item_purchase_floors":[0,0,2,11,29,45,45,48],"current_hp_per_floor":[52,52,61,61,61,48,48,48,48,44,44,68,72,77,77,47,80,76,70,70,70,69,69,59,59,59,65,36,36,65,77,77,52,88,61,55,63,63,71,102,67,98,98,98,106,106,46,61,92,0,0],"gold":63,"neow_bonus":"","is_prod":false,"is_daily":false,"chose_seed":false,"campfire_upgraded":4,"win_rate":0,"timestamp":1607579438,"path_taken":["M","$","M","?","$","E","R","E","T","E","$","R","E","M","R","BOSS","M","M","AVR","?","M","?","M","R","T","NM","?","$","R","M","R","BOSS","M","M","M","AVR","M","R","M","R","T","?","$","?","E","$","R","BOSS"],"build_version":"2020-11-30","purchased_purges":2,"victory":false,"max_hp_per_floor":[75,75,78,78,78,78,78,81,81,81,81,81,88,91,91,91,91,91,94,94,94,94,94,97,97,97,97,97,97,97,100,100,100,100,100,103,103,103,106,106,106,106,106,106,106,106,106,106,106,106,106],"card_choices":[{"not_picked":["Replay:Undeath\u0027s Touch","Body Slam"],"picked":"Cleave","floor":1},{"not_picked":["Dropkick","Run Through"],"picked":"Feed","floor":1},{"not_picked":["Heavy Blade","Body Slam"],"picked":"Clash","floor":3},{"not_picked":["Clothesline","Havoc"],"picked":"Spot Weakness","floor":3},{"not_picked":["Disarm","Clash"],"picked":"Infernal Blade","floor":6},{"not_picked":["Run Through","Eclipse","Sword Boomerang"],"picked":"SKIP","floor":8},{"not_picked":["Shockwave","Warcry","Barricade"],"picked":"SKIP","floor":10},{"not_picked":["Pommel Strike","infinitespire:OneForAll","Twin Strike"],"picked":"SKIP","floor":13},{"not_picked":["Battle Trance","Iron Wave","Warcry"],"picked":"SKIP","floor":14},{"not_picked":["infinitespire:OneForAll","Wild Strike","True Grit"],"picked":"SKIP","floor":14},{"not_picked":["Fiend Fire","Barricade"],"picked":"Double Tap","floor":16},{"not_picked":["Havoc"],"picked":"SKIP","floor":18},{"not_picked":["Bloodletting+1"],"picked":"SKIP","floor":18},{"not_picked":["Cleave"],"picked":"SKIP","floor":19},{"not_picked":["Second Wind"],"picked":"SKIP","floor":19},{"not_picked":["Flame Barrier"],"picked":"SKIP","floor":22},{"not_picked":["Entrench"],"picked":"SKIP","floor":22},{"not_picked":[],"picked":"Iron Wave+1","floor":24},{"not_picked":["Massacre"],"picked":"SKIP","floor":24},{"not_picked":["Flame Barrier"],"picked":"SKIP","floor":28},{"not_picked":["Shrug It Off"],"picked":"SKIP","floor":28},{"not_picked":[],"picked":"Intimidate","floor":31},{"not_picked":[],"picked":"Clothesline+1","floor":31},{"not_picked":[],"picked":"Uppercut+1","floor":35},{"not_picked":["Whirlwind"],"picked":"SKIP","floor":35},{"not_picked":[],"picked":"Ghostly Armor+1","floor":36},{"not_picked":["Warcry+1"],"picked":"SKIP","floor":36},{"not_picked":["Pommel Strike"],"picked":"SKIP","floor":37},{"not_picked":["Dark Embrace"],"picked":"SKIP","floor":37},{"not_picked":["Pommel Strike"],"picked":"SKIP","floor":39},{"not_picked":["Dark Embrace"],"picked":"SKIP","floor":39},{"not_picked":["Cleave"],"picked":"SKIP","floor":41},{"not_picked":["Disarm+1"],"picked":"SKIP","floor":41},{"not_picked":["Metallicize"],"picked":"SKIP","floor":47}],"player_experience":335995,"relics_obtained":[{"floor":6,"key":"Blue Candle"},{"floor":8,"key":"Bird Faced Urn"},{"floor":9,"key":"The Courier"},{"floor":10,"key":"Sundial"},{"floor":13,"key":"Strawberry"},{"floor":21,"key":"Chameleon Ring"},{"floor":26,"key":"Gremlin Horn"},{"floor":43,"key":"Juzu Bracelet"},{"floor":44,"key":"Vajra"},{"floor":46,"key":"Another Sword"},{"floor":47,"key":"Pen Nib"}],"event_choices":[{"damage_healed":0,"gold_gain":0,"player_choice":"Forge","damage_taken":0,"max_hp_gain":0,"max_hp_loss":0,"event_name":"Accursed Blacksmith","floor":4,"gold_loss":0,"cards_upgraded":["Spot Weakness"]},{"damage_healed":0,"gold_gain":0,"player_choice":"Fight","damage_taken":0,"max_hp_gain":0,"max_hp_loss":0,"event_name":"MindBloom","floor":46,"gold_loss":0}],"is_beta":false,"boss_relics":[{"not_picked":["SacredBark","Ectoplasm"],"picked":"Busted Crown"},{"not_picked":["Velvet Choker","Snecko Eye"],"picked":"Black Blood"}],"items_purged_floors":[0,20],"is_endless":false,"potions_floor_spawned":[8,10,13,14,22,27,28,31,33,39,46,47],"killed_by":"Replay:Hell Engine","ascension_level":14}}