{"host":"qwttrqaysb380yri","time":1607628108,"event":{"mods":["BaseMod","Custom Start","Puzzle Mod","StSLib","The Hierophant","Minty Spire (QoL Compilation)","Relic Stats","The Cursed"],"gold_per_floor":[118,118,64,85,114,114,145,145,216,216,230,265,265,310,310,379,379,411,428,424,424],"floor_reached":20,"playtime":779,"items_purged":[],"score":274,"play_id":"82ffac9d-9b7a-4f1b-9ea5-973cd05ec555","local_time":"20201210202148","is_ascension_mode":true,"campfire_choices":[{"data":"hierophant:ChurchCoffers","floor":6,"key":"SMITH"},{"data":"hierophant:EyeForCoin","floor":8,"key":"SMITH"},{"data":"hierophant:Remorse","floor":13,"key":"SMITH"},{"floor":15,"key":"REST"}],"circlet_count":0,"master_deck":["AscendersBane","hierophant:Strike_Hierophant","hierophant:Strike_Hierophant","hierophant:Strike_Hierophant","hierophant:Strike_Hierophant","hierophant:Punish","hierophant:Defend_Hierophant","hierophant:Defend_Hierophant","hierophant:Defend_Hierophant","hierophant:Defend_Hierophant","hierophant:ChurchCoffers+1","hierophant:Doubloon","hierophant:Remorse+1","hierophant:Blessing","hierophant:Zeal","hierophant:FieryStrike","hierophant:HolyVerse","hierophant:EyeForCoin+1","hierophant:Doubloon+1","hierophant:HammerAndAnvil","hierophant:Doubloon+1","hierophant:Doubloon+1","hierophant:Smite+1","hierophant:Doubloon+1","hierophant:Doubloon+1","hierophant:Shelter","hierophant:Doubloon+1","hierophant:Doubloon","hierophant:Remorse+1"],"relics":["hierophant:PropheticMaskRelic","Golden Idol","Anchor","Molten Egg 2","Potion Belt","SlaversCollar"],"acts_visited":["Exordium","TheCity"],"potions_floor_usage":[7,12,12,16,20],"damage_taken":[{"damage":6,"enemies":"Cultist","floor":1,"turns":4},{"damage":14,"enemies":"Small Slimes","floor":4,"turns":4},{"damage":8,"enemies":"Jaw Worm","floor":5,"turns":4},{"damage":15,"enemies":"3 Sentries","floor":7,"turns":7},{"damage":12,"enemies":"Large Slime","floor":11,"turns":6},{"damage":22,"enemies":"Gremlin Nob","floor":12,"turns":3},{"damage":10,"enemies":"3 Sentries","floor":14,"turns":5},{"damage":53,"enemies":"Slime Boss","floor":16,"turns":9},{"damage":29,"enemies":"3 Byrds","floor":18,"turns":4},{"damage":24,"enemies":"Chosen","floor":19,"turns":5},{"damage":13,"enemies":"Centurion and Healer","floor":20,"turns":1}],"seed_played":"4240621778271505245","potions_obtained":[{"floor":1,"key":"LiquidMemories"},{"floor":4,"key":"Strength Potion"},{"floor":11,"key":"FearPotion"},{"floor":12,"key":"SteroidPotion"},{"floor":19,"key":"AttackPotion"}],"is_trial":false,"path_per_floor":["M","?","$","M","M","R","E","R","T","?","M","E","R","E","R","B",null,"M","M","M"],"character_chosen":"HIEROPHANT","items_purchased":["hierophant:Zeal"],"campfire_rested":1,"item_purchase_floors":[3],"current_hp_per_floor":[62,62,62,54,53,53,45,45,45,67,56,34,34,31,51,5,52,30,13,0,0],"gold":424,"neow_bonus":"THREE_CARDS","is_daily":false,"chose_seed":false,"campfire_upgraded":3,"win_rate":0,"timestamp":1607628108,"path_taken":["M","?","$","M","M","R","E","R","T","?","M","E","R","E","R","BOSS","M","M","M"],"build_version":"2020-11-30","purchased_purges":0,"victory":false,"max_hp_per_floor":[75,68,68,68,68,68,68,68,68,68,68,68,68,68,68,68,68,68,68,68,68],"relic_stats":{"counters":[11,52],"Golden Idol":63,"obtain_stats":[{"Potion Belt":14,"SlaversCollar":17,"Anchor":7,"Golden Idol":2,"hierophant:PropheticMaskRelic":0,"Molten Egg 2":12},{"Potion Belt":7,"SlaversCollar":8,"Anchor":4,"Golden Idol":1,"hierophant:PropheticMaskRelic":0,"Molten Egg 2":6},{"Potion Belt":33,"SlaversCollar":42,"Anchor":19,"Golden Idol":4,"hierophant:PropheticMaskRelic":0,"Molten Egg 2":28}]},"card_choices":[{"not_picked":["hierophant:OrnateBuckler","hierophant:Purify"],"picked":"hierophant:Remorse","floor":0},{"not_picked":["hierophant:Patience","hierophant:Purify"],"picked":"hierophant:Blessing","floor":1},{"not_picked":["hierophant:Doubloon","hierophant:Zeal"],"picked":"hierophant:FieryStrike","floor":4},{"not_picked":["hierophant:Sermon","hierophant:Blessing"],"picked":"hierophant:HolyVerse","floor":5},{"not_picked":["hierophant:Patience","hierophant:Mercenaries"],"picked":"hierophant:EyeForCoin","floor":7},{"not_picked":["hierophant:SecretStash","hierophant:Smite"],"picked":"hierophant:HammerAndAnvil","floor":11},{"not_picked":["hierophant:Repentance","hierophant:HolyVerse","hierophant:EyeForCoin"],"picked":"SKIP","floor":12},{"not_picked":["hierophant:Empathy","hierophant:Blessing"],"picked":"hierophant:Smite+1","floor":14},{"not_picked":["hierophant:Racketeering","hierophant:DisplayOfPower+1"],"picked":"hierophant:Shelter","floor":18},{"not_picked":["hierophant:Community","hierophant:EyeForCoin"],"picked":"hierophant:Remorse+1","floor":19}],"player_experience":1801190,"relics_obtained":[{"floor":7,"key":"Anchor"},{"floor":12,"key":"Molten Egg 2"},{"floor":14,"key":"Potion Belt"}],"event_choices":[{"damage_healed":0,"gold_gain":0,"player_choice":"Lose Max HP","damage_taken":0,"relics_obtained":["Golden Idol"],"max_hp_gain":0,"max_hp_loss":7,"event_name":"Golden Idol","floor":2,"gold_loss":0},{"damage_healed":22,"gold_gain":0,"player_choice":"Banana","damage_taken":0,"max_hp_gain":0,"max_hp_loss":0,"event_name":"Big Fish","floor":10,"gold_loss":0}],"is_beta":false,"boss_relics":[{"not_picked":["Tiny House","Snecko Eye"],"picked":"SlaversCollar"}],"items_purged_floors":[],"is_endless":false,"potions_floor_spawned":[1,4,11,12,19],"killed_by":"Centurion and Healer","ascension_level":15}}