{"host":"qwttrqaysb380yri","time":1607624521,"event":{"mods":["BaseMod","Custom Start","Puzzle Mod","StSLib","The Hierophant","Minty Spire (QoL Compilation)","Relic Stats","The Cursed"],"gold_per_floor":[109,59,73,87,60,53,53,125,171,171,171,208,187,229,229,218,218,203,118,78,78],"floor_reached":20,"playtime":606,"items_purged":[],"score":252,"play_id":"bc338d47-c040-4b8b-967c-64eb4a23bc6a","local_time":"20201210192201","is_ascension_mode":true,"campfire_choices":[{"floor":7,"key":"REST"},{"floor":10,"key":"REST"},{"floor":15,"key":"REST"}],"circlet_count":0,"master_deck":["AscendersBane","hierophant:Strike_Hierophant","hierophant:Strike_Hierophant","hierophant:Strike_Hierophant","hierophant:Strike_Hierophant","hierophant:Punish","hierophant:Defend_Hierophant","hierophant:Defend_Hierophant","hierophant:Defend_Hierophant","hierophant:Defend_Hierophant","hierophant:ChurchCoffers","hierophant:Chorus","hierophant:FlamingChariot","hierophant:Purify","hierophant:HolyVerse","hierophant:WrathOfGod","hierophant:SecretStash","hierophant:OrnateBuckler","hierophant:FieryStrike","hierophant:HammerAndAnvil","hierophant:BulkyChest"],"relics":["hierophant:PropheticMaskRelic","hierophant:DonationBoxRelic","Darkstone Periapt","PreservedInsect","Oddly Smooth Stone","SacredBark","Potion Belt"],"acts_visited":["Exordium","TheCity"],"potions_floor_usage":[13,16,16],"damage_taken":[{"damage":1,"enemies":"Cultist","floor":1,"turns":3},{"damage":3,"enemies":"2 Louse","floor":3,"turns":2},{"damage":11,"enemies":"Jaw Worm","floor":4,"turns":4},{"damage":17,"enemies":"Exordium Wildlife","floor":5,"turns":3},{"damage":10,"enemies":"Gremlin Nob","floor":6,"turns":2},{"damage":20,"enemies":"3 Sentries","floor":8,"turns":2},{"damage":14,"enemies":"Lots of Slimes","floor":12,"turns":3},{"damage":22,"enemies":"Lagavulin","floor":13,"turns":4},{"damage":6,"enemies":"3 Louse","floor":14,"turns":2},{"damage":27,"enemies":"Slime Boss","floor":16,"turns":9},{"damage":33,"enemies":"2 Thieves","floor":18,"turns":3},{"damage":24,"enemies":"Shell Parasite","floor":20,"turns":3}],"seed_played":"7836858292972454986","potions_obtained":[{"floor":3,"key":"GamblersBrew"},{"floor":12,"key":"Dexterity Potion"},{"floor":13,"key":"Weak Potion"},{"floor":16,"key":"ColorlessPotion"}],"is_trial":false,"path_per_floor":["M","$","M","M","M","E","R","E","T","R","$","M","E","M","R","B",null,"M","?","M"],"character_chosen":"HIEROPHANT","items_purchased":["hierophant:Purify"],"campfire_rested":3,"item_purchase_floors":[2],"current_hp_per_floor":[67,67,64,53,36,26,48,28,28,50,50,36,14,8,30,3,57,24,24,0,0],"gold":78,"neow_bonus":"THREE_CARDS","is_daily":false,"chose_seed":false,"campfire_upgraded":0,"win_rate":0,"timestamp":1607624521,"path_taken":["M","?","M","M","M","E","R","E","T","R","$","M","E","M","R","BOSS","M","?","M"],"build_version":"2020-11-30","purchased_purges":0,"victory":false,"max_hp_per_floor":[75,75,75,75,75,75,75,75,75,75,75,75,75,75,75,75,75,75,75,75,75],"relic_stats":{"Darkstone Periapt":0,"counters":[12,40],"PreservedInsect":28,"obtain_stats":[{"Darkstone Periapt":8,"Potion Belt":19,"hierophant:PropheticMaskRelic":0,"SacredBark":17,"hierophant:DonationBoxRelic":6,"Oddly Smooth Stone":13,"PreservedInsect":9},{"Darkstone Periapt":6,"Potion Belt":11,"hierophant:PropheticMaskRelic":0,"SacredBark":10,"hierophant:DonationBoxRelic":5,"Oddly Smooth Stone":8,"PreservedInsect":6},{"Darkstone Periapt":16,"Potion Belt":37,"hierophant:PropheticMaskRelic":0,"SacredBark":34,"hierophant:DonationBoxRelic":14,"Oddly Smooth Stone":23,"PreservedInsect":16}]},"card_choices":[{"not_picked":["hierophant:SealAway","hierophant:RecallFunds"],"picked":"hierophant:Chorus","floor":0},{"not_picked":["hierophant:MorningPrayer","hierophant:AuricBeam"],"picked":"hierophant:FlamingChariot","floor":1},{"not_picked":["hierophant:PassingBell","hierophant:SolarFlare"],"picked":"hierophant:HolyVerse","floor":3},{"not_picked":["hierophant:Purify","hierophant:HolyVerse"],"picked":"hierophant:WrathOfGod","floor":4},{"not_picked":["hierophant:Upheaval","hierophant:OrnateBuckler"],"picked":"hierophant:SecretStash","floor":5},{"not_picked":["hierophant:Patience","hierophant:Encroach","hierophant:CursedGold"],"picked":"SKIP","floor":6},{"not_picked":["hierophant:Charity","hierophant:MintersHammer"],"picked":"hierophant:OrnateBuckler","floor":8},{"not_picked":["hierophant:RepressedViolence","hierophant:HolyVerse","hierophant:Encroach"],"picked":"SKIP","floor":12},{"not_picked":["hierophant:HolyVerse","hierophant:PassingBell"],"picked":"hierophant:FieryStrike","floor":13},{"not_picked":["hierophant:PassingBell","hierophant:Upheaval"],"picked":"hierophant:HammerAndAnvil","floor":14},{"not_picked":["hierophant:Generosity","hierophant:Determination"],"picked":"hierophant:BulkyChest","floor":16},{"not_picked":["hierophant:HolyVerse","hierophant:SealAway","hierophant:Sermon"],"picked":"SKIP","floor":18}],"player_experience":1797845,"relics_obtained":[{"floor":6,"key":"hierophant:DonationBoxRelic"},{"floor":8,"key":"Darkstone Periapt"},{"floor":9,"key":"PreservedInsect"},{"floor":13,"key":"Oddly Smooth Stone"}],"event_choices":[{"damage_healed":0,"gold_gain":0,"player_choice":"Obtained Relic","damage_taken":0,"relics_obtained":["Potion Belt"],"max_hp_gain":0,"max_hp_loss":0,"event_name":"Addict","floor":19,"gold_loss":85}],"is_beta":false,"boss_relics":[{"not_picked":["Empty Cage","Coffee Dripper"],"picked":"SacredBark"}],"items_purged_floors":[],"is_endless":false,"potions_floor_spawned":[3,12,13,16],"killed_by":"Shell Parasite","ascension_level":15}}