{"host":"61ejhfsushs0xmcl","time":1607607899,"event":{"mods":["BaseMod","StSLib","Colored Map","Gold Saver","Minty Spire (QoL Compilation)","TestMod","Waifu the Spire","Act Like it!","óô»ðÖ¸ÄÏ","Spicy Shops","MostiFishMod","Marisa£¨ìFÓê¡¡Ä§ÀíÉ³£©","Replay The Spire","Dota2Spire","The Dragon Tamer"],"gold_per_floor":[1525,1542,1542,836,846,881,895,925,925,925,925,943,443,457,457,552,552,570,570,580,596,104,131,131,160,160,185,185,267,267,277,277,382,382,392,392,392,447,464,490,490,517,571,587,602,288,321,335,335,335,335,335,125,160,160],"floor_reached":56,"playtime":1901,"items_purged":["Strike_MRS","Strike_MRS","Strike_MRS","Strike_MRS","MasterSpark","UpSweep"],"score":1958,"play_id":"891c5f19-abb9-4d4d-93a4-bf8f41288105","local_time":"20201210214459","is_ascension_mode":true,"campfire_choices":[{"data":"FinalSpark","floor":10,"key":"SMITH"},{"data":"Acceleration","floor":15,"key":"SMITH"},{"data":"CasketOfStar","floor":24,"key":"SMITH"},{"data":"MeteoricShower","floor":28,"key":"SMITH"},{"floor":32,"key":"RECALL"},{"data":"MillisecondPulsars","floor":41,"key":"SMITH"},{"data":"MaximisePower","floor":49,"key":"SMITH"},{"data":"Acceleration","floor":52,"key":"SMITH"}],"circlet_count":0,"master_deck":["AscendersBane","Defend_MRS","Defend_MRS","Defend_MRS","Defend_MRS","Acceleration+1","StarlightTyphoon+1","SprinkleStarSeal","EscapeVelocity+1","MilkyWay","GasGiant","MeteoricShower+1","FinalSpark+1","MilkyWay","CasketOfStar+1","Acceleration+1","MilkyWay+1","MaximisePower+1","MillisecondPulsars+1","BlazeAway+1","Singularity+1","DragonMeteor+1"],"special_seed":0,"relics":["MiniHakkero","testmod-TestBox","DaveBox","testmod-NegativeEmotionEnhancer","CombinedTypeHook","Question Card","ArrowTower","Vajra","ImprovedEquipment","Tiny Chest","Chemical X","Molten Egg 2","ImportantClient","RhineSuit","Replay:Wax Seal","SimpleLauncher","testmod-Hope","Pear","testmod-Fortitude","Dota2Spire:ArcaneBoots","Dota2Spire:Vanguard","testmod-Fanaticism","testmod-ArcanaOfDestiny","testmod-RealStoneCalender","Bag of Marbles","Boot","Ancient Tea Set","Omamori","Orrery","Kunai","Replay:Rubber Ducky","Centennial Puzzle"],"acts_visited":["Exordium","TheCity","TheBeyond","TheEnding"],"potions_floor_usage":[55],"damage_taken":[{"damage":14.0,"enemies":"Small Slimes","floor":1.0,"turns":2.0},{"damage":0.0,"enemies":"Cultist","floor":2.0,"turns":2.0},{"damage":0.0,"enemies":"Jaw Worm","floor":5.0,"turns":2.0},{"damage":0.0,"enemies":"Gremlin Nob","floor":6.0,"turns":2.0},{"damage":5.0,"enemies":"Red Slaver","floor":7.0,"turns":2.0},{"damage":10.0,"enemies":"3 Sentries","floor":8.0,"turns":3.0},{"damage":0,"enemies":"Exordium Thugs","floor":12,"turns":2},{"damage":0,"enemies":"2 Fungi Beasts","floor":14,"turns":2},{"damage":0,"enemies":"Slime Boss","floor":16,"turns":4},{"damage":0,"enemies":"Spheric Guardian","floor":18,"turns":2},{"damage":14,"enemies":"Shell Parasite","floor":20,"turns":2},{"damage":0,"enemies":"Snake Plant","floor":21,"turns":1},{"damage":10,"enemies":"Book of Stabbing","floor":23,"turns":3},{"damage":1,"enemies":"Replay:Snechameleon","floor":25,"turns":3},{"damage":13,"enemies":"Gremlin Leader","floor":27,"turns":3},{"damage":0,"enemies":"Sentry and Sphere","floor":31,"turns":2},{"damage":0,"enemies":"Automaton","floor":33,"turns":3},{"damage":6,"enemies":"Orb Walker","floor":35,"turns":2},{"damage":20,"enemies":"2 Orb Walkers","floor":38,"turns":2},{"damage":15,"enemies":"3 Darklings","floor":39,"turns":2},{"damage":0,"enemies":"R_Hoarder","floor":40,"turns":3},{"damage":0,"enemies":"Reptomancer","floor":42,"turns":2},{"damage":26,"enemies":"4 Shapes","floor":44,"turns":2},{"damage":0,"enemies":"Transient","floor":45,"turns":3},{"damage":0,"enemies":"R_Hoarder","floor":47,"turns":2},{"damage":22,"enemies":"3 Darklings","floor":48,"turns":3},{"damage":37,"enemies":"Replay:Hell Engine","floor":50,"turns":3},{"damage":31,"enemies":"Shield and Spear","floor":54,"turns":2},{"damage":8,"enemies":"The Heart","floor":55,"turns":3}],"seed_played":"-8372048333560571860","potions_obtained":[{"floor":2.0,"key":"Block Potion"}],"is_trial":false,"path_per_floor":["M","M","?","$","M","E","M","E","T","R","?","M","$","M","R","B",null,"M","T","M","M","$","E","R","E","T","E","R","?","?","M","R","B",null,"M","?","T","?","M","E","R","E","T","M","M","$","E","M","R","B",null,"R","$","E","B",null],"character_chosen":"MARISA","items_purchased":["ArrowTower","Vajra","ImprovedEquipment","EscapeVelocity","Chemical X","Molten Egg 2","SimpleLauncher","Omamori","Orrery","Replay:Rubber Ducky"],"campfire_rested":0,"item_purchase_floors":[4,4,4,4,13,13,22,46,46,53],"current_hp_per_floor":[57,59,59,59,61,63,60,54,54,54,54,57,57,60,60,64,79,81,81,69,71,71,63,63,74,74,65,65,40,40,43,43,47,88,88,88,88,99,100,101,101,102,102,103,104,104,105,106,106,107,107,107,107,108,103],"gold":160,"neow_bonus":"THREE_CARDS","is_daily":false,"chose_seed":false,"campfire_upgraded":7,"win_rate":0,"timestamp":1607607899,"path_taken":["M","M","?","$","M","E","?","E","T","R","?","?","$","M","R","BOSS","M","?","M","M","$","E","R","E","T","E","R","?","?","M","R","BOSS","M","?","?","?","M","E","R","E","T","M","M","?","E","?","R","BOSS","R","$","E","BOSS"],"build_version":"2020-11-30","purchased_purges":6,"victory":true,"max_hp_per_floor":[76,77,77,77,78,79,80,81,81,81,81,82,82,83,83,84,84,85,85,86,87,87,88,88,99,99,100,100,100,100,101,101,102,102,103,98,98,99,100,101,101,102,102,103,104,104,105,106,106,107,107,107,107,108,109],"card_choices":[{"not_picked":["MysteriousBeam","NonDirectionalLaser"],"picked":"Acceleration","floor":0.0},{"not_picked":["GalacticHalo","IllusionStar"],"picked":"StarlightTyphoon","floor":1.0},{"not_picked":["MysteriousBeam","UnstableBomb","WitchOfGreed"],"picked":"SprinkleStarSeal","floor":2.0},{"not_picked":["DarkSpark","ChargingUp","Acceleration"],"picked":"MilkyWay","floor":5.0},{"not_picked":["EventHorizon","AlicesGift","BigCrunch"],"picked":"GasGiant","floor":6.0},{"not_picked":["ShootingEcho","6A","Acceleration"],"picked":"MeteoricShower","floor":7.0},{"not_picked":["CollectingQuirk","ShootingEcho","GrandCross"],"picked":"FinalSpark","floor":8.0},{"not_picked":["MagicChant","GalacticHalo","SporeBomb","GravityBeat"],"picked":"SKIP","floor":12},{"not_picked":["UnstableBomb+1","EventHorizon","ManaConvection"],"picked":"MilkyWay","floor":14},{"not_picked":["MillisecondPulsars","BigCrunch","BinaryStars"],"picked":"CasketOfStar","floor":16},{"not_picked":["ChargingUp+1","Occultation","PropBag+1","PowerUp"],"picked":"SKIP","floor":18},{"not_picked":["MilkyWay","BlazeAway+1","IllusionStar","RefractionSpark+1"],"picked":"SKIP","floor":20},{"not_picked":["MilkyWay","MagicChant+1","GalacticHalo","GravityBeat+1"],"picked":"SKIP","floor":21},{"not_picked":["DoubleSpark+1","Occultation","StarBarrage+1","RefractionSpark+1"],"picked":"SKIP","floor":23},{"not_picked":["RefractionSpark+1","GrandCross+1","IllusionStar"],"picked":"Acceleration","floor":25},{"not_picked":["StarBarrage+1","GasGiant","StarDustReverie","GrandCross+1"],"picked":"SKIP","floor":27},{"not_picked":["ShootingEcho+1","BinaryStars","OpenUniverse"],"picked":"MilkyWay+1","floor":31},{"not_picked":["FinalSpark+1","JA+1","StarDustReverie"],"picked":"MaximisePower","floor":33},{"not_picked":["MysteriousBeam+1","GravityBeat+1","6A+1","BlazeAway"],"picked":"SKIP","floor":35},{"not_picked":["Robbery+1","ChargeUpSpray+1","NonDirectionalLaser+1","SprinkleStarSeal+1"],"picked":"SKIP","floor":39},{"not_picked":["DoubleSpark+1","DarkSpark+1","OpenUniverse"],"picked":"MillisecondPulsars","floor":40},{"not_picked":["WitchOfGreed","ShootTheMoon+1","LuminesStrike+1","DC+1"],"picked":"SKIP","floor":42},{"not_picked":["AsteroidBelt","DC+1","MachineGunSpark+1","PulseMagic+1"],"picked":"SKIP","floor":44},{"not_picked":["DarkMatter+1","ChargeUpSpray+1","MysteriousBeam+1","AsteroidBelt"],"picked":"SKIP","floor":45},{"not_picked":["AsteroidBelt+1","GrandCross+1","EscapeVelocity"],"picked":"BlazeAway+1","floor":46},{"not_picked":["MagicAbsorber+1","GalacticHalo+1","DeepEcoloBomb+1"],"picked":"Singularity+1","floor":46},{"not_picked":["PowerUp+1","ChargeUpSpray+1","Acceleration"],"picked":"DragonMeteor+1","floor":46},{"not_picked":["SprinkleStarSeal+1","IllusionStar+1","SporeBomb","OortCloud"],"picked":"SKIP","floor":47},{"not_picked":["ShootingEcho+1","SprinkleStarSeal","Occultation+1","SporeBomb+1"],"picked":"SKIP","floor":48},{"not_picked":["Robbery+1","MysteriousBeam+1","AsteroidBelt","ManaRampage"],"picked":"SKIP","floor":54}],"player_experience":767694,"relics_obtained":[{"floor":1.0,"key":"Question Card"},{"floor":6.0,"key":"Tiny Chest"},{"floor":16,"key":"ImportantClient"},{"floor":19,"key":"Replay:Wax Seal"},{"floor":23,"key":"testmod-Hope"},{"floor":25,"key":"Pear"},{"floor":26,"key":"testmod-Fortitude"},{"floor":27,"key":"Dota2Spire:ArcaneBoots"},{"floor":29,"key":"Dota2Spire:Vanguard"},{"floor":37,"key":"testmod-ArcanaOfDestiny"},{"floor":38,"key":"testmod-RealStoneCalender"},{"floor":40,"key":"Bag of Marbles"},{"floor":42,"key":"Boot"},{"floor":43,"key":"Ancient Tea Set"},{"floor":47,"key":"Kunai"},{"floor":54,"key":"Centennial Puzzle"}],"event_choices":[{"damage_healed":0.0,"max_hp_gain":0.0,"max_hp_loss":0.0,"gold_gain":0.0,"event_name":"Accursed Blacksmith","player_choice":"Forge","floor":3.0,"gold_loss":0.0,"damage_taken":0.0,"cards_upgraded":["StarlightTyphoon"]},{"damage_healed":0,"gold_gain":0,"player_choice":"Upgraded","damage_taken":0,"max_hp_gain":0,"max_hp_loss":0,"event_name":"Upgrade Shrine","floor":11,"gold_loss":0,"cards_upgraded":["EscapeVelocity"]},{"damage_healed":0,"gold_gain":0,"player_choice":"Ignored","damage_taken":0,"max_hp_gain":0,"max_hp_loss":0,"event_name":"Ghosts","floor":30,"gold_loss":0},{"damage_healed":0,"gold_gain":0,"player_choice":"Max HP","damage_taken":0,"max_hp_gain":0,"max_hp_loss":5,"event_name":"Winding Halls","floor":36,"gold_loss":0},{"damage_healed":0,"gold_gain":0,"player_choice":"Fight","damage_taken":0,"max_hp_gain":0,"max_hp_loss":0,"event_name":"Mysterious Sphere","floor":38,"gold_loss":0}],"is_beta":false,"boss_relics":[{"not_picked":["RhineCircuit","ChiXiaoBlade"],"picked":"RhineSuit"},{"not_picked":["testmod-KeyOfTheVoid","Empty Cage"],"picked":"testmod-Fanaticism"}],"items_purged_floors":[4,13,22,22,46,53],"is_endless":false,"potions_floor_spawned":[2,7,12,14,20,23,27,33,44,45,47],"ascension_level":11}}