{"host":"69rply1jf2d1wbmp","time":1607626125,"event":{"mods":["BaseMod","Minty Spire (QoL Compilation)","Quick Restart"],"gold_per_floor":[367,30,47,67,85,117,117,143,143,143,158,158,176,193,193,193,193],"floor_reached":16,"playtime":524,"items_purged":[],"score":114,"play_id":"d422fcad-1241-4be9-801b-bbe0d1aff298","local_time":"20201210134845","is_ascension_mode":false,"campfire_choices":[{"floor":7,"key":"REST"},{"floor":10,"key":"REST"},{"floor":15,"key":"RECALL"}],"circlet_count":0,"master_deck":["Strike_R","Strike_R","Strike_R+1","Strike_R","Strike_R","Defend_R","Defend_R","Defend_R","Defend_R","Bash+1","Writhe","Metallicize+1","Evolve+1"],"relics":["Burning Blood","Frozen Egg 2","Magic Flower","Meat on the Bone","Gremlin Horn"],"acts_visited":["Exordium"],"potions_floor_usage":[8,8,16],"damage_taken":[{"damage":9,"enemies":"2 Louse","floor":1,"turns":3},{"damage":1,"enemies":"Small Slimes","floor":3,"turns":4},{"damage":3,"enemies":"Jaw Worm","floor":4,"turns":5},{"damage":11,"enemies":"2 Fungi Beasts","floor":5,"turns":4},{"damage":38,"enemies":"Lagavulin","floor":6,"turns":10},{"damage":34,"enemies":"Gremlin Nob","floor":8,"turns":6},{"damage":24,"enemies":"3 Louse","floor":11,"turns":5},{"damage":7,"enemies":"Lots of Slimes","floor":13,"turns":4},{"damage":11,"enemies":"Blue Slaver","floor":14,"turns":4},{"damage":53,"enemies":"The Guardian","floor":16,"turns":9}],"seed_played":"-2728011898295142201","potions_obtained":[{"floor":1,"key":"Weak Potion"},{"floor":3,"key":"FearPotion"},{"floor":5,"key":"GamblersBrew"},{"floor":13,"key":"SkillPotion"},{"floor":14,"key":"Ancient Potion"}],"is_trial":false,"path_per_floor":["M","$","M","M","M","E","R","E","T","R","M","?","M","M","R","B"],"character_chosen":"IRONCLAD","items_purchased":["Frozen Egg 2","Metallicize+1"],"campfire_rested":2,"item_purchase_floors":[2,2],"current_hp_per_floor":[77,77,80,80,75,43,67,42,42,66,51,35,55,53,53,0,0],"gold":193,"neow_bonus":"TWO_FIFTY_GOLD","is_daily":false,"chose_seed":false,"campfire_upgraded":0,"win_rate":0,"timestamp":1607626125,"path_taken":["M","$","M","M","M","E","R","E","T","R","M","?","M","M","R","BOSS"],"build_version":"2020-11-30","purchased_purges":0,"victory":false,"max_hp_per_floor":[80,80,80,80,80,80,80,80,80,80,80,80,80,80,80,80,80],"card_choices":[{"not_picked":["Warcry","Headbutt","True Grit"],"picked":"SKIP","floor":1},{"not_picked":["Reckless Charge","Disarm","Heavy Blade"],"picked":"SKIP","floor":3},{"not_picked":["Intimidate","Sword Boomerang","Pommel Strike"],"picked":"SKIP","floor":4},{"not_picked":["Feel No Pain+1","Warcry","Clothesline"],"picked":"SKIP","floor":5},{"not_picked":["Exhume","Reckless Charge"],"picked":"Evolve+1","floor":6},{"not_picked":["Dropkick","Clash","Battle Trance"],"picked":"SKIP","floor":8},{"not_picked":["Feel No Pain+1","Havoc","Infernal Blade"],"picked":"SKIP","floor":11},{"not_picked":["Carnage","Dropkick","Heavy Blade"],"picked":"SKIP","floor":13},{"not_picked":["Body Slam","Evolve+1","Headbutt"],"picked":"SKIP","floor":14}],"player_experience":332634,"relics_obtained":[{"floor":6,"key":"Magic Flower"},{"floor":8,"key":"Meat on the Bone"},{"floor":9,"key":"Gremlin Horn"}],"event_choices":[{"damage_healed":0,"gold_gain":0,"player_choice":"Entered Light","damage_taken":16,"max_hp_gain":0,"max_hp_loss":0,"event_name":"Shining Light","floor":12,"gold_loss":0,"cards_upgraded":["Strike_R","Bash"]}],"is_beta":false,"boss_relics":[],"items_purged_floors":[],"is_endless":false,"potions_floor_spawned":[1,3,5,13,14],"killed_by":"The Guardian","ascension_level":0}}