{"host":"qnteex8t7okfghms","time":1607579706,"event":{"gold_per_floor":[114,114,129,129,79,109,109,139,139,169,184,34,34,64,64,164,164,179,179,275,300,300,330,330,360,435,465,15,15,45,60,60,160,160,175,175,225,225,240,270,270,285,285,315,115,145,145,175,175,175],"floor_reached":51,"playtime":4508,"items_purged":["construct:FierceBash","construct:ShiftStrike"],"score":1186,"play_id":"2d21e845-1d81-48cc-8dbd-5e7a645acbcd","local_time":"20201210135506","daily_mods":["Draft","Purple Cards","Elite Swarm"],"is_ascension_mode":false,"campfire_choices":[{"data":"construct:ForceCore","floor":7.0,"key":"SMITH"},{"data":"construct:ClockworkEgg","floor":13.0,"key":"SMITH"},{"data":"construct:ClockworkEgg+1","floor":15.0,"key":"SMITH"},{"data":"construct:ClockworkEgg+2","floor":24.0,"key":"SMITH"},{"data":"hubris:DuctTapeCard+2","floor":29.0,"key":"SMITH"},{"data":"construct:BatteryCore","floor":32.0,"key":"SMITH"},{"data":"construct:GuardCore+1","floor":41.0,"key":"SMITH"},{"data":"construct:ForceCore+1","floor":47,"key":"SMITH"},{"data":"construct:BatteryCore+1","floor":49,"key":"SMITH"}],"neow_cost":"","seed_source_timestamp":0,"circlet_count":0,"master_deck":["construct:GuardCore+2","construct:ForceCore","construct:Versatility","construct:FlameCore","construct:GuardCore+1","construct:FlakBarrage","construct:ScopeCore","construct:Autoturret","construct:ForceCore+1","construct:Reserves","construct:Reserves","construct:BatteryCore+2","construct:Reserves+1","construct:ForceCore+2","hubris:DuctTapeCard","construct:Reserves+1","construct:SyphonStrike+1","construct:HeavyBolt+1"],"special_seed":18606,"relics":["construct:Cogwheel","hubris:Towel","MealTicket","Omamori","Replay:Bottled Eggs","Ginger","sneckomod:BlankCard","hubris:MedicalManual","ChewingGum","Smiling Mask","theJungle:PaperFaux","Question Card","Molten Egg 2","Toxic Egg 2","Frozen Egg 2","construct:ClockworkPhoenix","hubris:Spice","Runesmith:Nanobots","hubris:SlimyHat","Girya","hubris:DuctTape","SlaversCollar","hubris:CuriousFeather","Unceasing Top","Replay:PocketPolymizer","DollysMirror","Bird Faced Urn","Lizard Tail"],"potions_floor_usage":[],"damage_taken":[{"damage":0.0,"enemies":"Cultist","floor":1.0,"turns":3.0},{"damage":2.0,"enemies":"2 Louse","floor":3.0,"turns":2.0},{"damage":0.0,"enemies":"Lagavulin","floor":6.0,"turns":4.0},{"damage":10.0,"enemies":"3 Sentries","floor":8.0,"turns":4.0},{"damage":0.0,"enemies":"Lagavulin","floor":10.0,"turns":3.0},{"damage":9.0,"enemies":"Jaw Worm","floor":11.0,"turns":2.0},{"damage":7.0,"enemies":"Replay:BlueRogue","floor":14.0,"turns":4.0},{"damage":33.0,"enemies":"Hexaghost","floor":16.0,"turns":4.0},{"damage":10.0,"enemies":"Shell Parasite","floor":18.0,"turns":3.0},{"damage":0.0,"enemies":"theJungle:MamaSnecko","floor":23.0,"turns":4.0},{"damage":14.0,"enemies":"theJungle:Cassacara","floor":25.0,"turns":5.0},{"damage":0.0,"enemies":"theJungle:2_Phrogs","floor":27.0,"turns":3.0},{"damage":0.0,"enemies":"theJungle:MamaSnecko","floor":30.0,"turns":2.0},{"damage":0.0,"enemies":"theJungle:GiantWrat","floor":31.0,"turns":2.0},{"damage":0.0,"enemies":"theJungle:FunGuy","floor":33.0,"turns":5.0},{"damage":0.0,"enemies":"3 Darklings","floor":35.0,"turns":1.0},{"damage":0.0,"enemies":"Mind Bloom Boss Battle","floor":37.0,"turns":2.0},{"damage":0.0,"enemies":"Orb Walker","floor":39.0,"turns":1.0},{"damage":0.0,"enemies":"R_Hoarder","floor":40.0,"turns":6.0},{"damage":4.0,"enemies":"4 Shapes","floor":42.0,"turns":2.0},{"damage":0.0,"enemies":"Giant Head","floor":44.0,"turns":1.0},{"damage":4.0,"enemies":"HollowMod:StalkingDevout","floor":46.0,"turns":2.0},{"damage":0,"enemies":"Giant Head","floor":48,"turns":1},{"damage":8,"enemies":"Awakened One","floor":50,"turns":4}],"seed_played":"8996604888150855735","potions_obtained":[{"floor":1.0,"key":"construct:ShiftPotion"},{"floor":6.0,"key":"Energy Potion"},{"floor":16.0,"key":"SmokeBomb"},{"floor":25.0,"key":"Adrenaline Potion"}],"is_trial":false,"path_per_floor":["M","?","M","?","?","E","R","E","T","E","M","$","R","E","R","B",null,"M","?","?","T","?","E","R","E","T","E","$","R","E","M","R","B",null,"M","?","?","?","M","E","R","M","T","E","$","E","R","E","R","B",null],"character_chosen":"THE_CONSTRUCT_MOD","items_purchased":["sneckomod:BlankCard","Girya","hubris:DuctTape","DollysMirror"],"campfire_rested":0,"item_purchase_floors":[12,28,28,45],"current_hp_per_floor":[85,85,83,83,83,83,83,73,73,73,64,79,79,72,72,39,85,75,75,54,54,54,54,54,48,48,48,63,63,71,71,71,71,101,101,101,101,101,101,101,101,97,97,97,101,97,97,101,101,93],"gold":175,"neow_bonus":"","is_prod":false,"is_daily":true,"chose_seed":false,"campfire_upgraded":9,"win_rate":0,"timestamp":1607579706,"path_taken":["M","?","M","?","?","E","R","E","T","E","M","$","R","E","R","BOSS","M","?","?","?","?","E","R","E","T","E","$","R","E","M","R","BOSS","M","?","?","?","M","E","R","M","T","E","$","E","R","E","R","BOSS"],"build_version":"2020-11-30","purchased_purges":2,"victory":true,"max_hp_per_floor":[85,85,85,85,85,85,85,85,85,85,85,85,85,85,85,85,85,85,85,85,85,85,85,85,93,93,93,93,93,101,101,101,101,101,101,101,101,101,101,101,101,101,101,101,101,101,101,101,101,101],"relic_stats":{"Lizard Tail":0,"counters":[24,58],"Bird Faced Urn":[4],"MealTicket":34,"Ginger":[5],"Smiling Mask":75,"Question Card":39,"obtain_stats":[{"Replay:PocketPolymizer":43,"sneckomod:BlankCard":12,"hubris:SlimyHat":27,"Ginger":10,"theJungle:PaperFaux":22,"construct:ClockworkPhoenix":25,"Smiling Mask":21,"Lizard Tail":48,"DollysMirror":45,"MealTicket":6,"hubris:CuriousFeather":37,"Replay:Bottled Eggs":9,"Toxic Egg 2":25,"Girya":28,"Runesmith:Nanobots":26,"hubris:DuctTape":28,"hubris:MedicalManual":14,"Omamori":8,"hubris:Towel":2,"Frozen Egg 2":25,"Question Card":23,"SlaversCollar":34,"hubris:Spice":25,"construct:Cogwheel":0,"Bird Faced Urn":46,"ChewingGum":17,"Molten Egg 2":25,"Unceasing Top":40},{"Replay:PocketPolymizer":20,"sneckomod:BlankCard":6,"hubris:SlimyHat":12,"Ginger":5,"theJungle:PaperFaux":9,"construct:ClockworkPhoenix":11,"Smiling Mask":9,"Lizard Tail":23,"DollysMirror":21,"MealTicket":3,"hubris:CuriousFeather":17,"Replay:Bottled Eggs":4,"Toxic Egg 2":11,"Girya":12,"Runesmith:Nanobots":11,"hubris:DuctTape":12,"hubris:MedicalManual":7,"Omamori":4,"hubris:Towel":1,"Frozen Egg 2":11,"Question Card":10,"SlaversCollar":15,"hubris:Spice":11,"construct:Cogwheel":0,"Bird Faced Urn":22,"ChewingGum":8,"Molten Egg 2":11,"Unceasing Top":19},{"Replay:PocketPolymizer":52,"sneckomod:BlankCard":15,"hubris:SlimyHat":36,"Ginger":14,"theJungle:PaperFaux":25,"construct:ClockworkPhoenix":31,"Smiling Mask":25,"Lizard Tail":55,"DollysMirror":53,"MealTicket":8,"hubris:CuriousFeather":44,"Replay:Bottled Eggs":12,"Toxic Egg 2":31,"Girya":36,"Runesmith:Nanobots":33,"hubris:DuctTape":36,"hubris:MedicalManual":18,"Omamori":12,"hubris:Towel":2,"Frozen Egg 2":31,"Question Card":29,"SlaversCollar":42,"hubris:Spice":33,"construct:Cogwheel":0,"Bird Faced Urn":54,"ChewingGum":22,"Molten Egg 2":31,"Unceasing Top":51}],"Unceasing Top":[17]},"card_choices":[{"not_picked":["construct:Overcharge","construct:Backfire"],"picked":"construct:VentSteam","floor":0.0},{"not_picked":["construct:VentSteam","construct:SyphonStrike"],"picked":"construct:GuardCore","floor":0.0},{"not_picked":["construct:Versatility","construct:ShiftStrike"],"picked":"construct:ForceCore","floor":0.0},{"not_picked":["construct:ModeShift","construct:HeavyBolt"],"picked":"construct:SuppressiveFire","floor":0.0},{"not_picked":["construct:Backfire","construct:Anticipate"],"picked":"construct:Electrocute","floor":0.0},{"not_picked":["construct:UnbalancingBlast","construct:Autoturret"],"picked":"construct:Versatility","floor":0.0},{"not_picked":["construct:Forcefield","construct:LaserCore"],"picked":"construct:FlameCore","floor":0.0},{"not_picked":["construct:FierceBash","construct:Anticipate"],"picked":"construct:Zapper","floor":0.0},{"not_picked":["construct:Accumulate","construct:SweepLaser"],"picked":"construct:GuardCore","floor":0.0},{"not_picked":["construct:OmegaCannon","construct:FocusedBeam"],"picked":"construct:FlakBarrage","floor":0.0},{"not_picked":["construct:Failsafe","construct:Stasis"],"picked":"construct:ScopeCore","floor":0.0},{"not_picked":["construct:Backfire","construct:UnbalancingBlast"],"picked":"construct:ShiftStrike","floor":0.0},{"not_picked":["construct:FocusedBeam","construct:Accumulate"],"picked":"construct:Forcefield","floor":0.0},{"not_picked":["construct:ShiftStrike","construct:Reinforce"],"picked":"construct:Autoturret","floor":0.0},{"not_picked":["construct:ModeShift","construct:Accumulate"],"picked":"construct:FierceBash","floor":0.0},{"not_picked":["construct:Chainstrike","construct:Anticipate"],"picked":"construct:ForceCore","floor":1.0},{"not_picked":["construct:QuickAttack","construct:ClusterMines","construct:Accumulate"],"picked":"SKIP","floor":3.0},{"not_picked":["construct:HastyRepair","construct:MassProduction"],"picked":"construct:Reserves","floor":6.0},{"not_picked":["construct:HastyRepair","construct:MemoryTap"],"picked":"construct:PanicFire","floor":8.0},{"not_picked":["construct:ShieldGenerator","construct:ShieldBurst"],"picked":"construct:ClockworkEgg","floor":10.0},{"not_picked":["construct:HardReboot","construct:Autoturret","construct:FocusedBeam"],"picked":"SKIP","floor":11.0},{"not_picked":["construct:HammerDown","construct:ShieldBurst"],"picked":"construct:Reserves","floor":14.0},{"not_picked":["construct:ShiftGuard","construct:VentSteam","construct:SyphonStrike"],"picked":"SKIP","floor":18.0},{"not_picked":["construct:ShieldBurst","construct:ClockworkEgg"],"picked":"construct:BatteryCore","floor":23.0},{"not_picked":["construct:GoldenBullet+1","construct:HastyRepair+1","construct:MassProduction+1","construct:GatlingGun+1"],"picked":"SKIP","floor":25.0},{"not_picked":["construct:Bunker+1","construct:LongRangeLance+1","construct:MemoryTap+1","construct:HastyRepair+1"],"picked":"SKIP","floor":27.0},{"not_picked":["construct:SiegeForm+1","construct:MemoryTap+1","construct:MassProduction+1","construct:GoldenBullet+1"],"picked":"SKIP","floor":30.0},{"not_picked":["construct:ScrapCannon+1","construct:SweepLaser+1","construct:SaveState+1","construct:Backfire+1"],"picked":"SKIP","floor":31.0},{"not_picked":["construct:SpinDrive+1","hubris:SpiceAddiction","construct:GoldenBullet+1"],"picked":"construct:Reserves+1","floor":33.0},{"not_picked":["construct:Accumulate+1","construct:FocusedBeam+1","construct:Tumble+1"],"picked":"construct:ForceCore+1","floor":35.0},{"not_picked":["construct:ModeShift+1","construct:SyphonStrike+1","construct:FierceBash+1","construct:HeavyBolt+1"],"picked":"SKIP","floor":39.0},{"not_picked":["construct:Multistage+1","construct:GatlingGun+1","construct:ShiftingStance+1","construct:HastyRepair+1"],"picked":"SKIP","floor":40.0},{"not_picked":["construct:Accumulate+1","construct:HeavyBolt+1","construct:SuppressiveFire+1","construct:Backup+1"],"picked":"SKIP","floor":42.0},{"not_picked":["construct:GatlingGun+1","construct:ShiftingStance+1","construct:ShieldGenerator+1","construct:SpinDrive+1"],"picked":"SKIP","floor":44.0},{"not_picked":["construct:HastyRepair+1","construct:LongRangeLance+1","hubris:SpiceAddiction"],"picked":"construct:Reserves+1","floor":46},{"not_picked":["construct:MemoryTap+1","construct:Bunker+1","construct:MassProduction+1","construct:HyperBeam+1"],"picked":"SKIP","floor":48}],"player_experience":312468,"relics_obtained":[{"floor":6.0,"key":"MealTicket"},{"floor":8.0,"key":"Omamori"},{"floor":9.0,"key":"Replay:Bottled Eggs"},{"floor":10.0,"key":"Ginger"},{"floor":14.0,"key":"hubris:MedicalManual"},{"floor":21.0,"key":"Smiling Mask"},{"floor":23.0,"key":"Question Card"},{"floor":25.0,"key":"hubris:Spice"},{"floor":26.0,"key":"Runesmith:Nanobots"},{"floor":27.0,"key":"hubris:SlimyHat"},{"floor":30.0,"key":"hubris:Spice"},{"floor":37.0,"key":"hubris:CuriousFeather"},{"floor":40.0,"key":"Unceasing Top"},{"floor":43.0,"key":"Replay:PocketPolymizer"},{"floor":46,"key":"Bird Faced Urn"},{"floor":48,"key":"Lizard Tail"}],"event_choices":[{"cards_removed":["construct:Electrocute"],"damage_healed":0.0,"max_hp_gain":0.0,"max_hp_loss":0.0,"gold_gain":0.0,"event_name":"The Cleric","player_choice":"Card Removal","floor":5.0,"gold_loss":50.0,"damage_taken":0.0},{"damage_healed":0.0,"max_hp_gain":0.0,"max_hp_loss":0.0,"gold_gain":0.0,"event_name":"OrinTheCat","player_choice":"Ignored","floor":36.0,"gold_loss":0.0,"damage_taken":0.0},{"damage_healed":0.0,"max_hp_gain":0.0,"max_hp_loss":0.0,"gold_gain":0.0,"event_name":"MindBloom","player_choice":"Fight","floor":37.0,"gold_loss":0.0,"damage_taken":0.0},{"damage_healed":0.0,"max_hp_gain":0.0,"max_hp_loss":0.0,"gold_gain":3.0,"event_name":"betterStone:BetterStone","player_choice":"1","floor":38.0,"gold_loss":0.0,"damage_taken":0.0}],"is_beta":false,"boss_relics":[{"not_picked":["Busted Crown","Replay:Drink Me"],"picked":"ChewingGum"},{"not_picked":["hubris:Spice","hubris:VirtuousBlindfold"],"picked":"SlaversCollar"}],"items_purged_floors":[28,45],"is_endless":false,"potions_floor_spawned":[1,6,16,25,30,31,35,37,48],"ascension_level":0}}