{"host":"dl5mjdlimopbuch5","time":1607564956,"event":{"gold_per_floor":[116,116,129,129,129,129,140,167,244,260,435,466,466,481,481,481,481],"floor_reached":16,"playtime":359,"items_purged":[],"score":127,"play_id":"6becffc9-aba2-49ef-8810-ff989ede77aa","local_time":"20201210014916","is_ascension_mode":true,"campfire_choices":[{"data":"Flex","floor":6,"key":"SMITH"},{"floor":13,"key":"REST"},{"data":"Heavy Blade","floor":15,"key":"SMITH"}],"neow_cost":"NONE","seed_source_timestamp":105853654412100,"circlet_count":0,"master_deck":["Strike_R","Strike_R","Strike_R","Strike_R","Strike_R+1","Defend_R","Defend_R","Defend_R","Defend_R","Bash+1","Flex+1","Anger","Twin Strike","Doubt","Heavy Blade","Heavy Blade+1"],"relics":["Burning Blood","NeowsBlessing","Blood Vial","Whetstone","HornCleat","Prayer Wheel"],"potions_floor_usage":[12,16,16],"damage_taken":[{"damage":0,"enemies":"Small Slimes","floor":1,"turns":1},{"damage":0,"enemies":"2 Louse","floor":3,"turns":1},{"damage":0,"enemies":"Jaw Worm","floor":7,"turns":1},{"damage":30,"enemies":"3 Sentries","floor":8,"turns":8},{"damage":12,"enemies":"Exordium Wildlife","floor":10,"turns":3},{"damage":21,"enemies":"Lagavulin","floor":12,"turns":4},{"damage":7,"enemies":"2 Fungi Beasts","floor":14,"turns":3},{"damage":66,"enemies":"Hexaghost","floor":16,"turns":9}],"seed_played":"-8626064624081633429","potions_obtained":[{"floor":1,"key":"AttackPotion"},{"floor":8,"key":"Explosive Potion"},{"floor":14,"key":"ElixirPotion"}],"is_trial":false,"path_per_floor":["M","?","M","?","?","R","M","E","T","M","?","E","R","M","R","B"],"character_chosen":"IRONCLAD","items_purchased":[],"campfire_rested":1,"item_purchase_floors":[],"current_hp_per_floor":[80,80,80,73,73,73,80,56,56,52,52,39,63,64,64,0,0],"gold":481,"neow_bonus":"THREE_ENEMY_KILL","is_prod":false,"is_daily":false,"chose_seed":false,"campfire_upgraded":2,"win_rate":0,"timestamp":1607564956,"path_taken":["M","?","M","?","?","R","?","E","T","M","?","E","R","M","R","BOSS"],"build_version":"2020-11-30","purchased_purges":0,"victory":false,"max_hp_per_floor":[80,80,80,80,80,80,80,80,80,80,80,80,80,80,80,80,80],"card_choices":[{"not_picked":["Carnage","Dark Embrace","Pommel Strike"],"picked":"SKIP","floor":1},{"not_picked":["Anger","Berserk"],"picked":"Flex","floor":3},{"not_picked":["Sword Boomerang","Armaments"],"picked":"Anger","floor":7},{"not_picked":["Iron Wave","Wild Strike"],"picked":"Twin Strike","floor":8},{"not_picked":["Sword Boomerang","Seeing Red","Armaments"],"picked":"SKIP","floor":10},{"not_picked":["Power Through","Perfected Strike","Metallicize"],"picked":"SKIP","floor":12},{"not_picked":["Intimidate","Reckless Charge"],"picked":"Heavy Blade","floor":14},{"not_picked":["Shrug It Off","Pommel Strike"],"picked":"Heavy Blade","floor":14}],"player_experience":191400,"relics_obtained":[{"floor":8,"key":"Whetstone"},{"floor":9,"key":"HornCleat"},{"floor":12,"key":"Prayer Wheel"}],"event_choices":[{"damage_healed":0,"gold_gain":0,"player_choice":"Ignored","damage_taken":0,"max_hp_gain":0,"max_hp_loss":0,"event_name":"Golden Wing","floor":2,"gold_loss":0},{"damage_healed":0,"gold_gain":0,"player_choice":"Success","damage_taken":7,"relics_obtained":["Blood Vial"],"max_hp_gain":0,"max_hp_loss":0,"event_name":"Scrap Ooze","floor":4,"gold_loss":0},{"damage_healed":0,"gold_gain":0,"player_choice":"Leave","damage_taken":0,"max_hp_gain":0,"max_hp_loss":0,"event_name":"The Cleric","floor":5,"gold_loss":0},{"damage_healed":0,"gold_gain":175,"player_choice":"AGREE","damage_taken":0,"max_hp_gain":0,"max_hp_loss":0,"event_name":"Liars Game","floor":11,"gold_loss":0,"cards_obtained":["Doubt"]}],"is_beta":false,"boss_relics":[],"items_purged_floors":[],"is_endless":false,"potions_floor_spawned":[1,8,14],"killed_by":"Hexaghost","ascension_level":3}}