{"host":"krw8blyxua7at9ak","time":1607632868,"event":{"mods":["BaseMod","Highlight Path","Minty Spire (QoL Compilation)","ojb\u0027s Info Mod"],"gold_per_floor":[111,111,111,386,400,432,450,450,477,442,452,462,462,492,492,568,568,588,602,517,442,453,453,453,453,453],"floor_reached":25,"playtime":833,"items_purged":["Strike_G"],"score":472,"play_id":"ba2dbd33-bf7b-452e-8cbc-e56c41ad0579","local_time":"20201210214108","is_ascension_mode":true,"campfire_choices":[{"data":"Bouncing Flask","floor":13,"key":"SMITH"},{"data":"Footwork","floor":15,"key":"SMITH"},{"data":"Doppelganger","floor":23,"key":"SMITH"}],"circlet_count":0,"master_deck":["AscendersBane","Strike_G+1","Strike_G","Strike_G","Defend_G","Defend_G","Defend_G","Defend_G","Defend_G","Survivor+1","Neutralize","Backstab","Bouncing Flask+1","Endless Agony","Leg Sweep","Footwork+1","Doppelganger+1","Ghostly","Ghostly","Ghostly"],"special_seed":0,"relics":["Ring of the Snake","NeowsBlessing","Juzu Bracelet","Vajra","Tiny Chest","Velvet Choker","Incense Burner"],"acts_visited":["Exordium","TheCity"],"potions_floor_usage":[14,16,18],"damage_taken":[{"damage":0.0,"enemies":"2 Louse","floor":1.0,"turns":1.0},{"damage":0.0,"enemies":"Cultist","floor":5.0,"turns":1.0},{"damage":0.0,"enemies":"Gremlin Nob","floor":6.0,"turns":1.0},{"damage":8.0,"enemies":"Small Slimes","floor":7.0,"turns":5.0},{"damage":4,"enemies":"2 Fungi Beasts","floor":11,"turns":2},{"damage":0,"enemies":"Looter","floor":12,"turns":3},{"damage":8,"enemies":"3 Sentries","floor":14,"turns":11},{"damage":16,"enemies":"The Guardian","floor":16,"turns":8},{"damage":0,"enemies":"3 Byrds","floor":18,"turns":6},{"damage":25,"enemies":"2 Thieves","floor":19,"turns":5},{"damage":16,"enemies":"Shelled Parasite and Fungi","floor":22,"turns":8},{"damage":12,"enemies":"Slavers","floor":25,"turns":6}],"seed_played":"5997210234960401219","potions_obtained":[{"floor":1.0,"key":"BlessingOfTheForge"},{"floor":6.0,"key":"FearPotion"},{"floor":14,"key":"DuplicationPotion"},{"floor":18,"key":"Fruit Juice"}],"is_trial":false,"path_per_floor":["M","?","?","?","M","E","M","?","T","?","M","M","R","E","R","B",null,"M","M","?","$","M","R","?","E"],"character_chosen":"THE_SILENT","items_purchased":[],"campfire_rested":0,"item_purchase_floors":[],"current_hp_per_floor":[59,52,32,32,32,32,24,24,24,40,36,36,36,28,28,12,53,53,28,28,28,12,12,12,0,0],"gold":453,"neow_bonus":"THREE_ENEMY_KILL","is_daily":false,"chose_seed":false,"campfire_upgraded":3,"win_rate":0,"timestamp":1607632868,"path_taken":["M","?","?","?","?","E","M","?","T","?","M","M","R","E","R","BOSS","M","M","?","$","M","R","?","E"],"build_version":"2020-11-30","purchased_purges":1,"victory":false,"max_hp_per_floor":[66,66,66,66,66,66,66,66,66,66,66,66,66,66,66,66,66,66,66,66,66,66,66,33,33,33],"card_choices":[{"not_picked":["Expertise","PiercingWail","Distraction"],"picked":"SKIP","floor":1.0},{"not_picked":["Dodge and Roll","Finisher"],"picked":"Backstab","floor":5.0},{"not_picked":["Dagger Throw","Underhanded Strike"],"picked":"Bouncing Flask","floor":6.0},{"not_picked":["Cloak And Dagger","Deflect"],"picked":"Endless Agony","floor":7.0},{"not_picked":["Backflip","Bane"],"picked":"Leg Sweep","floor":11},{"not_picked":["Concentrate","Masterful Stab"],"picked":"Footwork","floor":12},{"not_picked":["Terror","Prepared","PiercingWail"],"picked":"SKIP","floor":14},{"not_picked":["Die Die Die","Glass Knife"],"picked":"Doppelganger","floor":16},{"not_picked":["Cloak And Dagger","Infinite Blades","Blade Dance"],"picked":"SKIP","floor":18},{"not_picked":["Cloak And Dagger","Blade Dance","Deflect"],"picked":"SKIP","floor":19},{"not_picked":["Bane","Prepared","Predator"],"picked":"SKIP","floor":22}],"player_experience":325992,"relics_obtained":[{"floor":6.0,"key":"Juzu Bracelet"},{"floor":9,"key":"Vajra"},{"floor":14,"key":"Tiny Chest"}],"event_choices":[{"cards_removed":["Strike_G"],"damage_healed":0.0,"max_hp_gain":0.0,"max_hp_loss":0.0,"gold_gain":0.0,"event_name":"Golden Wing","player_choice":"Card Removal","floor":2.0,"gold_loss":0.0,"damage_taken":7.0},{"damage_healed":0.0,"max_hp_gain":0.0,"max_hp_loss":0.0,"gold_gain":0.0,"event_name":"Shining Light","player_choice":"Entered Light","floor":3.0,"gold_loss":0.0,"damage_taken":20.0,"cards_upgraded":["Strike_G","Survivor"]},{"damage_healed":0.0,"max_hp_gain":0.0,"max_hp_loss":0.0,"gold_gain":275.0,"event_name":"Golden Shrine","player_choice":"Desecrate","floor":4.0,"gold_loss":0.0,"damage_taken":0.0,"cards_obtained":["Regret"]},{"cards_removed":["Regret"],"damage_healed":0,"gold_gain":0,"player_choice":"Forget","damage_taken":0,"max_hp_gain":0,"max_hp_loss":0,"event_name":"Living Wall","floor":8,"gold_loss":0},{"damage_healed":16,"gold_gain":0,"player_choice":"Healed","damage_taken":0,"max_hp_gain":0,"max_hp_loss":0,"event_name":"The Cleric","floor":10,"gold_loss":35},{"damage_healed":0,"gold_gain":0,"player_choice":"Obtained Relic","damage_taken":0,"relics_obtained":["Incense Burner"],"max_hp_gain":0,"max_hp_loss":0,"event_name":"Addict","floor":20,"gold_loss":85},{"damage_healed":0,"gold_gain":0,"player_choice":"Became a Ghost","damage_taken":0,"max_hp_gain":0,"max_hp_loss":33,"event_name":"Ghosts","floor":24,"gold_loss":0,"cards_obtained":["Ghostly","Ghostly","Ghostly"]}],"is_beta":false,"boss_relics":[{"not_picked":["WristBlade","Ring of the Serpent"],"picked":"Velvet Choker"}],"items_purged_floors":[21],"is_endless":false,"potions_floor_spawned":[1,6,14,18],"killed_by":"Slavers","ascension_level":20}}