{"host":"5gc11emcm5chfr5t","time":1607642093,"event":{"mods":["BaseMod","StSLib","Better Note","Colored Map","Colored Powertips","Googly Eyes","Minty Spire (QoL Compilation)","2.2 Compatiblity","AchievementEnabler","Rare Cards Sparkle","Bestiary"],"gold_per_floor":[114,114,127,107,118,153,166,181,181,192,192,192,225,238,238,340,340,358,2,2,2,2,2,36,36,36,48,48,48],"floor_reached":28,"playtime":727,"items_purged":[],"score":285,"play_id":"3e8f55f9-b9c1-49af-9eb0-dc169f735cb7","local_time":"20201210181453","is_ascension_mode":true,"campfire_choices":[{"floor":12.0,"key":"RECALL"},{"floor":15.0,"key":"DIG"},{"floor":23.0,"key":"DIG"},{"floor":25.0,"key":"DIG"}],"circlet_count":0,"master_deck":["Strike_R","Strike_R","Strike_R","Strike_R","Strike_R","Defend_R","Defend_R","Defend_R","Defend_R","Bash","Heavy Blade","Twin Strike","Perfected Strike","Armaments","Thunderclap","Cleave","Wild Strike","Berserk","Corruption","Feel No Pain","Twin Strike","Shame","Berserk"],"special_seed":0,"relics":["Burning Blood","NeowsBlessing","Centennial Puzzle","Happy Flower","Shovel","Vajra","Runic Pyramid","Art of War","Blood Vial","Mercury Hourglass","Nunchaku","Anchor","CeramicFish","Frozen Egg 2"],"acts_visited":["Exordium","TheCity"],"potions_floor_usage":[],"damage_taken":[{"damage":0.0,"enemies":"Jaw Worm","floor":1.0,"turns":1.0},{"damage":0.0,"enemies":"2 Louse","floor":3.0,"turns":1.0},{"damage":0.0,"enemies":"Cultist","floor":5.0,"turns":1.0},{"damage":40.0,"enemies":"Lagavulin","floor":6.0,"turns":4.0},{"damage":0.0,"enemies":"3 Louse","floor":7.0,"turns":4.0},{"damage":5.0,"enemies":"Exordium Thugs","floor":8.0,"turns":3.0},{"damage":8.0,"enemies":"Blue Slaver","floor":10.0,"turns":2.0},{"damage":25.0,"enemies":"3 Sentries","floor":13.0,"turns":5.0},{"damage":5.0,"enemies":"Gremlin Gang","floor":14.0,"turns":3.0},{"damage":20.0,"enemies":"Slime Boss","floor":16.0,"turns":10.0},{"damage":1.0,"enemies":"Spheric Guardian","floor":18.0,"turns":3.0},{"damage":55.0,"enemies":"Gremlin Leader","floor":24.0,"turns":6.0},{"damage":12.0,"enemies":"2 Thieves","floor":27.0,"turns":2.0},{"damage":33,"enemies":"Slavers","floor":28,"turns":2}],"seed_played":"8636657797483009258","potions_obtained":[{"floor":3.0,"key":"SteroidPotion"},{"floor":4.0,"key":"FearPotion"},{"floor":6.0,"key":"Block Potion"},{"floor":7.0,"key":"BlessingOfTheForge"},{"floor":10.0,"key":"Fire Potion"},{"floor":16.0,"key":"DuplicationPotion"}],"is_trial":false,"path_per_floor":["M","?","M","?","M","E","M","M","T","M","?","R","E","M","R","B",null,"M","$","?","?","$","R","E","R","T","M","E"],"character_chosen":"IRONCLAD","items_purchased":["Art of War","Blood Vial","Twin Strike"],"campfire_rested":0,"item_purchase_floors":[19,19,19],"current_hp_per_floor":[80,77,80,80,80,46,52,53,53,51,80,80,61,62,62,48,80,80,80,80,80,80,80,31,31,31,27,0,0],"gold":48,"neow_bonus":"THREE_ENEMY_KILL","is_daily":false,"chose_seed":false,"campfire_upgraded":0,"win_rate":0,"timestamp":1607642093,"path_taken":["M","?","M","?","?","E","M","M","T","M","?","R","E","M","R","BOSS","M","$","?","?","$","R","E","R","T","?","E"],"build_version":"2020-11-30","purchased_purges":0,"victory":false,"max_hp_per_floor":[80,80,80,80,80,80,80,80,80,80,80,80,80,80,80,80,80,80,80,80,80,80,80,80,80,80,80,80,80],"card_choices":[{"not_picked":["True Grit","Entrench"],"picked":"Heavy Blade","floor":1.0},{"not_picked":["Uppercut","Havoc"],"picked":"Twin Strike","floor":3.0},{"not_picked":["Wild Strike","Sever Soul"],"picked":"Perfected Strike","floor":5.0},{"not_picked":["Anger","Shrug It Off"],"picked":"Armaments","floor":6.0},{"not_picked":["Flex","Berserk"],"picked":"Thunderclap","floor":7.0},{"not_picked":["Blood for Blood","Heavy Blade"],"picked":"Cleave","floor":8.0},{"not_picked":["Warcry","True Grit"],"picked":"Wild Strike","floor":10.0},{"not_picked":["Iron Wave","Hemokinesis","Bloodletting"],"picked":"SKIP","floor":13.0},{"not_picked":["Entrench","Sever Soul"],"picked":"Berserk","floor":14.0},{"not_picked":["Impervious","Exhume"],"picked":"Corruption","floor":16.0},{"not_picked":["Headbutt","Flex"],"picked":"Feel No Pain","floor":18.0},{"not_picked":["Warcry","Dark Embrace","Dropkick"],"picked":"SKIP","floor":24.0},{"not_picked":["Rampage","Ghostly Armor","Sword Boomerang"],"picked":"SKIP","floor":27.0}],"player_experience":309596,"relics_obtained":[{"floor":6.0,"key":"Happy Flower"},{"floor":13.0,"key":"Shovel"},{"floor":15.0,"key":"Vajra"},{"floor":23.0,"key":"Nunchaku"},{"floor":24.0,"key":"Anchor"},{"floor":25.0,"key":"CeramicFish"},{"floor":26.0,"key":"Frozen Egg 2"}],"event_choices":[{"damage_healed":0.0,"max_hp_gain":0.0,"max_hp_loss":0.0,"gold_gain":0.0,"event_name":"Scrap Ooze","player_choice":"Success","floor":2.0,"gold_loss":0.0,"damage_taken":3.0,"relics_obtained":["Centennial Puzzle"]},{"damage_healed":0.0,"max_hp_gain":0.0,"max_hp_loss":0.0,"gold_gain":0.0,"event_name":"The Woman in Blue","player_choice":"Bought 1 Potion","floor":4.0,"gold_loss":0.0,"damage_taken":0.0},{"damage_healed":29.0,"max_hp_gain":0.0,"max_hp_loss":0.0,"gold_gain":0.0,"event_name":"Wheel of Change","player_choice":"Full Heal","floor":11.0,"gold_loss":0.0,"damage_taken":0.0},{"damage_healed":0.0,"max_hp_gain":0.0,"max_hp_loss":0.0,"gold_gain":0.0,"event_name":"Addict","player_choice":"Stole Relic","floor":20.0,"gold_loss":0.0,"damage_taken":0.0,"relics_obtained":["Mercury Hourglass"],"cards_obtained":["Shame"]},{"damage_healed":0.0,"max_hp_gain":0.0,"max_hp_loss":0.0,"gold_gain":0.0,"event_name":"Duplicator","player_choice":"Copied","floor":21.0,"gold_loss":0.0,"damage_taken":0.0,"cards_obtained":["Berserk"]}],"is_beta":false,"boss_relics":[{"not_picked":["Runic Dome","Velvet Choker"],"picked":"Runic Pyramid"}],"items_purged_floors":[],"is_endless":false,"potions_floor_spawned":[3,6,7,10,16],"killed_by":"Slavers","ascension_level":3}}