{"host":"bnompyt684vb3qt9","time":1607599171,"event":{"gold_per_floor":[117,129,159,234,259,259,259,259,259,287,287,319,319,357,279,328,328,348,348],"floor_reached":18,"playtime":622,"items_purged":[],"score":112,"play_id":"0df6c275-516b-4ac8-b723-7a9579cd5689","local_time":"20201210211931","is_ascension_mode":false,"campfire_choices":[{"data":"yuri:StealPen","floor":6,"key":"SMITH"},{"floor":13,"key":"REST"},{"floor":17,"key":"REST"}],"neow_cost":"NONE","seed_source_timestamp":52480260062400,"circlet_count":0,"master_deck":["yuri:yuriStrike","yuri:yuriStrike","yuri:yuriStrike","yuri:yuriStrike","yuri:yuriStrike","yuri:yuriDefend","yuri:yuriDefend","yuri:yuriDefend","yuri:yuriDefend","yuri:yuriDefend","yuri:Oolong","yuri:yuriStab","yuri:TPose","yuri:StealPen+1","yuri:BookRed","yuri:SeeingDouble+1","yuri:HeavierStrike","yuri:Stalk","yuri:Stare","yuri:SturdyUniform"],"relics":["yuri:yuriKnife","Hammer of Thor","Seething Fire","Anvil of the Gods","Shuriken","Molten Egg 2"],"potions_floor_usage":[18,18,18],"damage_taken":[{"damage":0,"enemies":"Cultist","floor":1,"turns":3},{"damage":2,"enemies":"Jaw Worm","floor":2,"turns":5},{"damage":2,"enemies":"2 Louse","floor":3,"turns":3},{"damage":22,"enemies":"Large Slime","floor":5,"turns":8},{"damage":8,"enemies":"3 Louse","floor":12,"turns":4},{"damage":12,"enemies":"Looter","floor":14,"turns":3},{"damage":27,"enemies":"3 Sentries","floor":16,"turns":5},{"damage":55,"enemies":"The Guardian","floor":18,"turns":7}],"seed_played":"4124502264297924875","potions_obtained":[{"floor":3,"key":"FearPotion"},{"floor":10,"key":"Languid Potion"},{"floor":10,"key":"hexamod:EctoCoolerPotion"}],"is_trial":false,"path_per_floor":["M","M","M","?","M","R","PTL","PTL","?","?","T","M","R","M","$","E","R","B"],"character_chosen":"YURI","items_purchased":["yuri:SturdyUniform"],"campfire_rested":2,"item_purchase_floors":[15],"current_hp_per_floor":[88,86,86,75,60,60,60,60,60,25,25,23,49,37,37,16,42,0,0],"gold":348,"neow_bonus":"TEN_PERCENT_HP_BONUS","is_prod":false,"is_daily":false,"chose_seed":false,"campfire_upgraded":1,"win_rate":0.0,"timestamp":1607599171,"path_taken":["M","?","M","?","M","R","PTL","PTL","?","?","T","M","R","M","?","E","R","BOSS"],"build_version":"2020-11-30","purchased_purges":0,"victory":false,"max_hp_per_floor":[88,88,88,88,88,88,88,88,88,88,88,88,88,88,88,88,88,88,88],"card_choices":[{"not_picked":["yuri:WickedSlash","yuri:ChibiInvasion"],"picked":"yuri:TPose","floor":1},{"not_picked":["yuri:MPose","yuri:InduceGlitch"],"picked":"yuri:StealPen","floor":2},{"not_picked":["yuri:ArmBrace","yuri:InduceGlitch"],"picked":"yuri:BookRed","floor":3},{"not_picked":["yuri:MPose","yuri:yuriHeavyStrike"],"picked":"yuri:SeeingDouble","floor":5},{"not_picked":["yuri:Stalk","yuri:DebugCard"],"picked":"yuri:HeavierStrike","floor":10},{"not_picked":["yuri:GlitchedStrike","yuri:DebugCard"],"picked":"yuri:Stalk","floor":12},{"not_picked":["yuri:Spin","yuri:ThrowBook"],"picked":"yuri:Stare","floor":14},{"not_picked":["yuri:TPose","yuri:AdaptiveAI","yuri:UntestedCode"],"picked":"SKIP","floor":16}],"player_experience":408581,"relics_obtained":[{"floor":11,"key":"Shuriken"},{"floor":16,"key":"Molten Egg 2"}],"event_choices":[{"damage_healed":0,"gold_gain":75,"player_choice":"Gather Gold","damage_taken":11,"max_hp_gain":0,"max_hp_loss":0,"event_name":"World of Goop","floor":4,"gold_loss":0},{"damage_healed":0,"gold_gain":0,"player_choice":"Grow","damage_taken":0,"max_hp_gain":0,"max_hp_loss":0,"event_name":"Living Wall","floor":9,"gold_loss":0,"cards_upgraded":["yuri:SeeingDouble"]}],"is_beta":false,"boss_relics":[],"items_purged_floors":[],"is_endless":false,"potions_floor_spawned":[3,12,16],"killed_by":"The Guardian","ascension_level":0}}