{"host":"ltpwhm5ae82pbtlp","time":1607562835,"event":{"gold_per_floor":[109,109,129,129,191,218,235,253,298,179,201,215,241,273,285,393,405,434,446,475,518,530,542,542],"floor_reached":23,"playtime":1795,"items_purged":[],"score":228,"play_id":"2d543476-96ad-490d-a7ca-49af027d26d7","local_time":"20201209171355","is_ascension_mode":false,"campfire_choices":[{"data":"hermit:Combo","floor":15.0,"key":"SMITH"}],"neow_cost":"NONE","seed_source_timestamp":1019612076487700,"circlet_count":0,"master_deck":["hermit:Strike_Hermit","hermit:Strike_Hermit","hermit:Strike_Hermit","hermit:Strike_Hermit","hermit:Defend_Hermit","hermit:Defend_Hermit","hermit:Defend_Hermit","hermit:Defend_Hermit","hermit:Snapshot+1","hermit:Covet","hermit:Feint","hermit:SprayPray","hermit:Combo+1","hermit:FlashPowder","hermit:Vantage","hermit:ShadowCloak","hermit:Cheat","hermit:Malice","hermit:Grudge","hermit:DeadOrAlive","hermit:CursedWeapon","hermit:Magnum","hermit:BigShot","hermit:WideOpen","hermit:LowProfile","J.A.X."],"special_seed":0,"relics":["hermit:Momento","NeowsBlessing","HornCleat","Orichalcum","Odd Mushroom","MawBank","Cursed Key"],"potions_floor_usage":[],"damage_taken":[{"damage":0.0,"enemies":"2 Louse","floor":1.0,"turns":2.0},{"damage":0.0,"enemies":"Small Slimes","floor":3.0,"turns":1.0},{"damage":0.0,"enemies":"3 Sentries","floor":6.0,"turns":1.0},{"damage":0.0,"enemies":"Cultist","floor":7.0,"turns":3.0},{"damage":8.0,"enemies":"Exordium Wildlife","floor":8.0,"turns":4.0},{"damage":2.0,"enemies":"The Mushroom Lair","floor":11.0,"turns":7.0},{"damage":10.0,"enemies":"Large Slime","floor":12.0,"turns":7.0},{"damage":8.0,"enemies":"Gremlin Nob","floor":13.0,"turns":5.0},{"damage":2.0,"enemies":"Blue Slaver","floor":14.0,"turns":6.0},{"damage":40.0,"enemies":"The Guardian","floor":16.0,"turns":13.0},{"damage":21.0,"enemies":"Chosen","floor":18.0,"turns":5.0},{"damage":3.0,"enemies":"3 Byrds","floor":20.0,"turns":7.0},{"damage":10.0,"enemies":"Centurion and Healer","floor":21.0,"turns":6.0},{"damage":30,"enemies":"Slavers","floor":23,"turns":4}],"seed_played":"-2727494430643223224","potions_obtained":[{"floor":6.0,"key":"LiquidMemories"},{"floor":7.0,"key":"hermit:Eclipse"},{"floor":8.0,"key":"EssenceOfSteel"},{"floor":11.0,"key":"PowerPotion"}],"is_trial":false,"path_per_floor":["M","?","M","?","?","E","M","M","T","$","?","M","E","M","R","B",null,"M","?","M","M","?","E"],"character_chosen":"HERMIT","items_purchased":["hermit:ShadowCloak","hermit:Cheat"],"campfire_rested":0,"item_purchase_floors":[10,10],"current_hp_per_floor":[75,75,75,75,75,75,75,67,67,67,65,55,47,45,45,5,75,54,54,51,41,41,11,11],"gold":542,"neow_bonus":"THREE_ENEMY_KILL","is_prod":false,"is_daily":false,"chose_seed":false,"campfire_upgraded":1,"win_rate":0.0,"timestamp":1607562835,"path_taken":["M","?","M","?","?","E","M","M","T","$","?","M","E","M","R","BOSS","M","?","M","M","?","E"],"build_version":"2020-11-30","purchased_purges":0,"victory":false,"max_hp_per_floor":[75,75,75,75,75,75,75,75,75,75,75,75,75,75,75,75,75,75,75,75,75,75,75,75],"card_choices":[{"not_picked":["hermit:Desperado","hermit:NoHoldsBarred"],"picked":"hermit:Feint","floor":1.0},{"not_picked":["hermit:Desperado","hermit:BigShot"],"picked":"hermit:SprayPray","floor":3.0},{"not_picked":["hermit:RoundhouseKick","hermit:NoHoldsBarred"],"picked":"hermit:Combo","floor":6.0},{"not_picked":["hermit:SprayPray","hermit:TakeCover"],"picked":"hermit:FlashPowder","floor":7.0},{"not_picked":["hermit:Horror","hermit:Feint"],"picked":"hermit:Vantage","floor":8.0},{"not_picked":["hermit:Misfire","hermit:CalledShot"],"picked":"hermit:Malice","floor":11.0},{"not_picked":["hermit:Feint","hermit:SprayPray"],"picked":"hermit:Grudge","floor":12.0},{"not_picked":["hermit:CalledShot","hermit:TrackingShot"],"picked":"hermit:DeadOrAlive","floor":13.0},{"not_picked":["hermit:Midnight","hermit:Scavenge"],"picked":"hermit:CursedWeapon","floor":14.0},{"not_picked":["hermit:RoundhouseKick","hermit:Purgatory"],"picked":"hermit:Magnum","floor":16.0},{"not_picked":["hermit:LoneWolf","hermit:SprayPray","hermit:DeadMansHand"],"picked":"SKIP","floor":18.0},{"not_picked":["hermit:Coalescence","hermit:LowProfile+1"],"picked":"hermit:WideOpen","floor":20.0},{"not_picked":["hermit:Feint","hermit:HoleUp"],"picked":"hermit:LowProfile","floor":21.0}],"player_experience":147826,"relics_obtained":[{"floor":6.0,"key":"HornCleat"},{"floor":9.0,"key":"Orichalcum"},{"floor":11.0,"key":"Odd Mushroom"},{"floor":13.0,"key":"MawBank"}],"event_choices":[{"damage_healed":0.0,"max_hp_gain":0.0,"max_hp_loss":0.0,"gold_gain":0.0,"event_name":"The Cleric","player_choice":"Leave","floor":2.0,"gold_loss":0.0,"damage_taken":0.0},{"damage_healed":0.0,"max_hp_gain":0.0,"max_hp_loss":0.0,"gold_gain":0.0,"event_name":"Living Wall","player_choice":"Grow","floor":4.0,"gold_loss":0.0,"damage_taken":0.0,"cards_upgraded":["hermit:Snapshot"]},{"damage_healed":0.0,"max_hp_gain":0.0,"max_hp_loss":0.0,"gold_gain":62.0,"event_name":"Golden Wing","player_choice":"Gained Gold","floor":5.0,"gold_loss":0.0,"damage_taken":0.0},{"damage_healed":0.0,"max_hp_gain":0.0,"max_hp_loss":0.0,"gold_gain":0.0,"event_name":"Mushrooms","player_choice":"Fought Mushrooms","floor":11.0,"gold_loss":0.0,"damage_taken":0.0},{"damage_healed":0.0,"max_hp_gain":0.0,"max_hp_loss":0.0,"gold_gain":0.0,"event_name":"The Library","player_choice":"Read","floor":19.0,"gold_loss":0.0,"damage_taken":0.0,"cards_obtained":["hermit:BigShot"]},{"damage_healed":0.0,"max_hp_gain":0.0,"max_hp_loss":0.0,"gold_gain":0.0,"event_name":"Drug Dealer","player_choice":"Obtain J.A.X.","floor":22.0,"gold_loss":0.0,"damage_taken":0.0,"cards_obtained":["J.A.X."]}],"is_beta":false,"boss_relics":[{"not_picked":["Sozu","Busted Crown"],"picked":"Cursed Key"}],"items_purged_floors":[],"is_endless":false,"potions_floor_spawned":[6,7,8,11,20],"killed_by":"Slavers","ascension_level":0}}