{"host":"9d9dhukr2jywmy0f","time":1607602259,"event":{"gold_per_floor":[115,115,115,130,130,164,16,16,43,43,43,90,90,117,117,229,229,251,301,118,143,143,143,162,173,173,173,173,173,184,195,195,302,302,319,229,179,204,141,141,69,69,96,108,108,130,173,173,173,173,173,173,19,49,49],"floor_reached":56,"playtime":4624,"items_purged":["potionbrewer:PotionbrewerDefend","potionbrewer:PotionbrewerStrike","potionbrewer:PotionbrewerStrike"],"score":1251,"play_id":"3bd6e484-0544-48ec-a9a6-8d45660735f7","local_time":"20201210201059","is_ascension_mode":false,"campfire_choices":[{"data":"potionbrewer:ChainReaction","floor":8.0,"key":"SMITH"},{"data":"potionbrewer:ChainReaction","floor":11.0,"key":"SMITH"},{"floor":13.0,"key":"RECALL"},{"data":"potionbrewer:Collect","floor":15.0,"key":"SMITH"},{"data":"potionbrewer:BottomlessFlask","floor":23.0,"key":"SMITH"},{"floor":27.0,"key":"DIG"},{"floor":29.0,"key":"DIG"},{"floor":32.0,"key":"DIG"},{"floor":40.0,"key":"DIG"},{"floor":42.0,"key":"DIG"},{"floor":45.0,"key":"DIG"},{"floor":49.0,"key":"DIG"},{"floor":52,"key":"DIG"}],"neow_cost":"NONE","seed_source_timestamp":635659966600,"circlet_count":0,"master_deck":["potionbrewer:PotionbrewerDefend","potionbrewer:PotionbrewerDefend+1","potionbrewer:PotionbrewerDefend","potionbrewer:Collect+1","potionbrewer:ChemicalSpill","potionbrewer:ChainReaction+1","potionbrewer:ChainReaction+1","potionbrewer:Backhand+1","potionbrewer:TestFormula","potionbrewer:ChoosePotion","potionbrewer:ChoosePotion","potionbrewer:TestFormula+1","potionbrewer:RefinedProcess+1","potionbrewer:TestFormula","potionbrewer:LabAccident+1","potionbrewer:WizBang+1"],"special_seed":0,"relics":["potionbrewer:AlchemistKit","NeowsBlessing","Happy Flower","Pear","DollysMirror","CeramicFish","MealTicket","potionbrewer:ToyAutogyro","potionbrewer:BhaskarasWheel","Membership Card","Shovel","Bottled Tornado","Pen Nib","Molten Egg 2","Mummified Hand","OrangePellets","Bag of Preparation","Orichalcum","potionbrewer:MortarAndPestle","potionbrewer:RamsHorn","Mercury Hourglass","TheAbacus","Nunchaku","Pantograph"],"potions_floor_usage":[50,50,54,55,55,55,55,55,55],"damage_taken":[{"damage":0.0,"enemies":"Jaw Worm","floor":1.0,"turns":1.0},{"damage":0.0,"enemies":"Cultist","floor":4.0,"turns":1.0},{"damage":0.0,"enemies":"Lagavulin","floor":6.0,"turns":1.0},{"damage":16.0,"enemies":"3 Sentries","floor":14.0,"turns":8.0},{"damage":27.0,"enemies":"Slime Boss","floor":16.0,"turns":15.0},{"damage":7.0,"enemies":"Shell Parasite","floor":18.0,"turns":8.0},{"damage":23.0,"enemies":"2 Thieves","floor":21.0,"turns":5.0},{"damage":10.0,"enemies":"Chosen and Byrds","floor":24.0,"turns":4.0},{"damage":0.0,"enemies":"Snecko","floor":25.0,"turns":5.0},{"damage":0.0,"enemies":"3 Cultists","floor":30.0,"turns":5.0},{"damage":0.0,"enemies":"Centurion and Healer","floor":31.0,"turns":6.0},{"damage":0.0,"enemies":"Champ","floor":33.0,"turns":9.0},{"damage":22.0,"enemies":"3 Darklings","floor":35.0,"turns":4.0},{"damage":12.0,"enemies":"Orb Walker","floor":38.0,"turns":4.0},{"damage":0.0,"enemies":"Spire Growth","floor":44.0,"turns":5.0},{"damage":0.0,"enemies":"Maw","floor":46.0,"turns":7.0},{"damage":0.0,"enemies":"Jaw Worm Horde","floor":47.0,"turns":4.0},{"damage":0,"enemies":"Time Eater","floor":50,"turns":7},{"damage":13,"enemies":"Shield and Spear","floor":54,"turns":7},{"damage":85,"enemies":"The Heart","floor":55,"turns":10}],"seed_played":"2348511011165630888","potions_obtained":[{"floor":1.0,"key":"potionbrewer:QuicksilverPotion"},{"floor":4.0,"key":"Explosive Potion"},{"floor":24.0,"key":"Block Potion"},{"floor":25.0,"key":"Dexterity Potion"},{"floor":38.0,"key":"potionbrewer:CleansingPotion"},{"floor":46.0,"key":"potionbrewer:MidasPotion"},{"floor":54,"key":"potionbrewer:NoxiousPotion"}],"is_trial":false,"path_per_floor":["M","?","?","M","?","E","$","R","T","$","R","T","R","E","R","B",null,"M","?","$","M","T","R","M","M","T","R","?","R","M","M","R","B",null,"M","?","$","M","$","R","$","R","T","M","R","M","M","?","R","B",null,"R","$","E","B",null],"character_chosen":"POTIONBREWER","items_purchased":["DollysMirror","Membership Card","OrangePellets","TheAbacus","Nunchaku"],"campfire_rested":0,"item_purchase_floors":[7,20,41,53,53],"current_hp_per_floor":[75,68,68,68,68,78,78,78,78,78,78,78,78,62,62,35,85,78,78,85,62,62,62,52,52,52,52,36,36,36,36,36,36,90,68,68,83,71,86,86,90,90,90,90,90,90,90,90,90,90,90,90,90,82,5],"gold":49,"neow_bonus":"THREE_ENEMY_KILL","is_prod":false,"is_daily":false,"chose_seed":false,"campfire_upgraded":4,"win_rate":0,"timestamp":1607602259,"path_taken":["M","?","?","M","?","E","$","R","T","$","R","?","R","E","R","BOSS","M","?","$","M","?","R","M","M","T","R","?","R","M","?","R","BOSS","M","?","$","M","$","R","$","R","T","?","R","M","M","?","R","BOSS","R","$","E","BOSS"],"build_version":"2020-11-30","purchased_purges":3,"victory":true,"max_hp_per_floor":[75,75,75,75,75,85,85,85,85,85,85,85,85,85,85,85,85,85,85,85,85,85,85,85,85,85,85,90,90,90,90,90,90,90,90,90,90,90,90,90,90,90,90,90,90,90,90,90,90,90,90,90,90,90,90],"relic_stats":{"Happy Flower":[38],"counters":[20,116],"CeramicFish":72,"Pen Nib":[13],"Bag of Preparation":[12],"Orichalcum":[42],"Mercury Hourglass":[54],"OrangePellets":[2],"Nunchaku":[3],"Shovel":8,"TheAbacus":[78],"Mummified Hand":[12],"Pantograph":8,"MealTicket":41,"obtain_stats":[{"CeramicFish":9,"Bag of Preparation":42,"Bottled Tornado":27,"potionbrewer:PotionKit":0,"potionbrewer:RamsHorn":49,"Nunchaku":53,"Shovel":22,"TheAbacus":53,"DollysMirror":7,"Mummified Hand":40,"Pantograph":54,"MealTicket":12,"potionbrewer:AlchemistKit":34,"Pear":6,"NeowsBlessing":0,"Happy Flower":2,"potionbrewer:MortarAndPestle":45,"Pen Nib":29,"potionbrewer:BhaskarasWheel":17,"potionbrewer:ToyAutogyro":14,"Orichalcum":43,"Mercury Hourglass":52,"keyreminder:keyreminder":6,"OrangePellets":41,"Molten Egg 2":32,"Membership Card":20},{"CeramicFish":3,"Bag of Preparation":14,"Bottled Tornado":9,"potionbrewer:PotionKit":0,"potionbrewer:RamsHorn":17,"Nunchaku":18,"Shovel":7,"TheAbacus":18,"DollysMirror":3,"Mummified Hand":14,"Pantograph":19,"MealTicket":3,"potionbrewer:AlchemistKit":12,"Pear":3,"NeowsBlessing":0,"Happy Flower":1,"potionbrewer:MortarAndPestle":15,"Pen Nib":9,"potionbrewer:BhaskarasWheel":5,"potionbrewer:ToyAutogyro":4,"Orichalcum":14,"Mercury Hourglass":18,"keyreminder:keyreminder":3,"OrangePellets":14,"Molten Egg 2":11,"Membership Card":6},{"CeramicFish":3,"Bag of Preparation":76,"Bottled Tornado":48,"potionbrewer:PotionKit":0,"potionbrewer:RamsHorn":92,"Nunchaku":99,"Shovel":39,"TheAbacus":99,"DollysMirror":3,"Mummified Hand":76,"Pantograph":106,"MealTicket":3,"potionbrewer:AlchemistKit":68,"Pear":3,"NeowsBlessing":0,"Happy Flower":1,"potionbrewer:MortarAndPestle":81,"Pen Nib":48,"potionbrewer:BhaskarasWheel":26,"potionbrewer:ToyAutogyro":11,"Orichalcum":76,"Mercury Hourglass":99,"keyreminder:keyreminder":3,"OrangePellets":76,"Molten Egg 2":59,"Membership Card":34}]},"card_choices":[{"not_picked":["potionbrewer:FuelCell","potionbrewer:Smack","potionbrewer:Backhand"],"picked":"SKIP","floor":1.0},{"not_picked":["potionbrewer:Toxicity","potionbrewer:Smokescreen"],"picked":"potionbrewer:ChainReaction","floor":4.0},{"not_picked":["potionbrewer:UnstableFormula","potionbrewer:CausticBarrier","potionbrewer:Smokescreen"],"picked":"SKIP","floor":6.0},{"not_picked":["potionbrewer:OneTwoPunch","potionbrewer:TestSubject","potionbrewer:HazardousMaterials"],"picked":"SKIP","floor":14.0},{"not_picked":["potionbrewer:BeatDown","potionbrewer:Hoarder"],"picked":"potionbrewer:BottomlessFlask","floor":16.0},{"not_picked":["potionbrewer:ChemicalShroud+1","potionbrewer:Brandish"],"picked":"potionbrewer:Backhand+1","floor":18.0},{"not_picked":["potionbrewer:Contingency","potionbrewer:Spark+1"],"picked":"potionbrewer:TestFormula","floor":21.0},{"not_picked":["potionbrewer:UnstableFormula","potionbrewer:WizBang"],"picked":"potionbrewer:TestFormula","floor":24.0},{"not_picked":["potionbrewer:BalancedFormula+1","potionbrewer:OneTwoPunch","potionbrewer:FortifiedSerum+1"],"picked":"SKIP","floor":25.0},{"not_picked":["potionbrewer:QuickStep","potionbrewer:ChemicalShroud","potionbrewer:Smokescreen"],"picked":"SKIP","floor":30.0},{"not_picked":["potionbrewer:MicrobeSpray","potionbrewer:TimeBomb","potionbrewer:IronHeart"],"picked":"SKIP","floor":31.0},{"not_picked":["potionbrewer:AlchemistForm","potionbrewer:Hoarder"],"picked":"potionbrewer:RefinedProcess+1","floor":33.0},{"not_picked":["potionbrewer:Biohazard+1","potionbrewer:Contingency+1","potionbrewer:Smack+1"],"picked":"SKIP","floor":35.0},{"not_picked":["potionbrewer:TestSubject+1","potionbrewer:LabJournal"],"picked":"potionbrewer:TestFormula","floor":38.0},{"not_picked":["potionbrewer:Contingency+1","potionbrewer:BlindingSpray+1","potionbrewer:Brandish"],"picked":"SKIP","floor":44.0},{"not_picked":["potionbrewer:ExplosiveReaction+1","potionbrewer:BalancedFormula+1"],"picked":"potionbrewer:LabAccident+1","floor":46.0},{"not_picked":["potionbrewer:MicrobeSpray","potionbrewer:VolatileSolution+1"],"picked":"potionbrewer:WizBang+1","floor":47.0},{"not_picked":["potionbrewer:FortifiedSerum+1","potionbrewer:TimeBomb+1","potionbrewer:UnstableFormula+1"],"picked":"SKIP","floor":54}],"player_experience":672448,"relics_obtained":[{"floor":6.0,"key":"Pear"},{"floor":9.0,"key":"CeramicFish"},{"floor":12.0,"key":"MealTicket"},{"floor":14.0,"key":"potionbrewer:ToyAutogyro"},{"floor":22.0,"key":"Shovel"},{"floor":27.0,"key":"Bottled Tornado"},{"floor":29.0,"key":"Pen Nib"},{"floor":32.0,"key":"Molten Egg 2"},{"floor":40.0,"key":"Mummified Hand"},{"floor":42.0,"key":"Bag of Preparation"},{"floor":43.0,"key":"Orichalcum"},{"floor":45.0,"key":"potionbrewer:MortarAndPestle"},{"floor":49.0,"key":"potionbrewer:RamsHorn"},{"floor":52,"key":"Mercury Hourglass"},{"floor":54,"key":"Pantograph"}],"event_choices":[{"damage_healed":0.0,"max_hp_gain":0.0,"max_hp_loss":0.0,"gold_gain":0.0,"event_name":"Scrap Ooze","player_choice":"Success","floor":2.0,"gold_loss":0.0,"damage_taken":7.0,"relics_obtained":["Happy Flower"]},{"cards_removed":["potionbrewer:PotionbrewerStrike"],"damage_healed":0.0,"max_hp_gain":0.0,"max_hp_loss":0.0,"gold_gain":0.0,"event_name":"Living Wall","player_choice":"Forget","floor":3.0,"gold_loss":0.0,"damage_taken":0.0},{"damage_healed":0.0,"max_hp_gain":0.0,"max_hp_loss":0.0,"gold_gain":0.0,"event_name":"Transmorgrifier","player_choice":"Ignored","floor":5.0,"gold_loss":0.0,"damage_taken":0.0},{"damage_healed":0.0,"max_hp_gain":0.0,"max_hp_loss":0.0,"gold_gain":100.0,"event_name":"The Joust","player_choice":"Bet on Murderer","floor":19.0,"gold_loss":50.0,"damage_taken":0.0},{"damage_healed":0.0,"max_hp_gain":5.0,"max_hp_loss":0.0,"gold_gain":0.0,"event_name":"Forgotten Altar","player_choice":"Shed Blood","floor":28.0,"gold_loss":0.0,"damage_taken":21.0},{"cards_removed":["potionbrewer:PotionbrewerStrike"],"damage_healed":0.0,"max_hp_gain":0.0,"max_hp_loss":0.0,"gold_gain":0.0,"event_name":"Designer","player_choice":"Upgrade and Remove","floor":36.0,"gold_loss":90.0,"damage_taken":0.0,"cards_upgraded":["potionbrewer:TestFormula"]},{"damage_healed":0.0,"max_hp_gain":0.0,"max_hp_loss":0.0,"gold_gain":0.0,"event_name":"SensoryStone","player_choice":"Memory 1","floor":48.0,"gold_loss":0.0,"damage_taken":0.0}],"is_beta":false,"boss_relics":[{"not_picked":["Black Star","Empty Cage"],"picked":"potionbrewer:BhaskarasWheel"},{"not_picked":["Busted Crown","Astrolabe"],"picked":"potionbrewer:AlchemistKit"}],"items_purged_floors":[20,37,39],"is_endless":false,"potions_floor_spawned":[1,4,24,25,31,38,44,46,54],"ascension_level":0}}