{"host":"3l94tha3a4jgu0q4","time":1607579475,"event":{"gold_per_floor":[99,84,101,126,51,76,76,95,124,49,34,184,200,70,86,187,187,187,200,218,251,251,261,314,314,339,351,463,475,475],"floor_reached":29,"playtime":1061,"items_purged":["hexamod:Strike"],"score":282,"play_id":"fd6656e9-4a3b-4ddb-8d89-0a30a74626a9","local_time":"20201209215115","is_ascension_mode":true,"campfire_choices":[{"floor":1.0,"key":"RECALL"},{"data":"hexamod:ThermalTransfer","floor":5.0,"key":"SMITH"},{"data":"hexamod:Float","floor":10.0,"key":"SMITH"},{"data":"hexamod:CatchUp","floor":18.0,"key":"SMITH"},{"data":"hexamod:GhostOfSpireFuture","floor":25.0,"key":"SMITH"},{"floor":27,"key":"REST"}],"neow_cost":"NONE","seed_source_timestamp":617527445811800,"circlet_count":0,"master_deck":["hexamod:Strike+1","hexamod:Strike","hexamod:Strike+1","hexamod:Defend","hexamod:Defend","hexamod:Defend","hexamod:Defend","hexamod:Sear","hexamod:Float+1","hexamod:ThermalTransfer+1","hexamod:CatchUp+1","hexamod:Rewind+1","hexamod:GhostflameBarrier+1","hexamod:InspiringFlames+1","hexamod:GhostOfSpireFuture+1","hexamod:ThermalTransfer","hexamod:TurnItUp+1","hexamod:InspiringFlames+1","hexamod:BurningTouch+1","hexamod:TimeOfNeed+1","hexamod:FastForward+1"],"special_seed":0,"relics":["hexamod:SpiritBrand","Omamori","downfall:HeartBlessingRed","Matryoshka","Whetstone","Toxic Egg 2","Pantograph","downfall:HeartBlessingGreen","hexamod:IceCube","Bottled Tornado","Happy Flower","Frozen Egg 2","Toy Ornithopter","MawBank"],"potions_floor_usage":[26],"damage_taken":[{"damage":0.0,"enemies":"downfall:FleeingMerchant","floor":2.0,"turns":4.0},{"damage":0.0,"enemies":"Cultist","floor":3.0,"turns":3.0},{"damage":28.0,"enemies":"Gremlin Nob","floor":6.0,"turns":4.0},{"damage":0.0,"enemies":"Jaw Worm","floor":8.0,"turns":3.0},{"damage":18.0,"enemies":"3 Sentries","floor":9.0,"turns":9.0},{"damage":0.0,"enemies":"downfall:FleeingMerchant","floor":11.0,"turns":4.0},{"damage":0.0,"enemies":"2 Louse","floor":13.0,"turns":1.0},{"damage":8.0,"enemies":"downfall:FleeingMerchant","floor":14.0,"turns":4.0},{"damage":0.0,"enemies":"Blue Slaver","floor":15.0,"turns":3.0},{"damage":35.0,"enemies":"downfall:CharBossSilent","floor":16.0,"turns":11.0},{"damage":7.0,"enemies":"3 Byrds","floor":19.0,"turns":7.0},{"damage":25.0,"enemies":"Chosen and Byrds","floor":20.0,"turns":10.0},{"damage":17.0,"enemies":"Book of Stabbing","floor":21.0,"turns":8.0},{"damage":1.0,"enemies":"Snake Plant","floor":23.0,"turns":4.0},{"damage":28,"enemies":"Gremlin Leader","floor":26,"turns":9},{"damage":27,"enemies":"Cultist and Chosen","floor":29,"turns":6}],"seed_played":"-8891939329632669706","potions_obtained":[{"floor":6.0,"key":"BlessingOfTheForge"},{"floor":13.0,"key":"SpeedPotion"},{"floor":16.0,"key":"CultistPotion"},{"floor":19.0,"key":"SneckoOil"},{"floor":21.0,"key":"hexamod:InfernoChargePotion"},{"floor":26,"key":"AttackPotion"}],"is_trial":false,"path_per_floor":["R","$","M","T","R","E","T","M","E","R","$","?","M","$","M","B",null,"R","M","M","E","T","M","T","R","E","R","?","M"],"character_chosen":"THE_SPIRIT","items_purchased":["hexamod:GhostOfSpireFuture"],"campfire_rested":1,"item_purchase_floors":[14],"current_hp_per_floor":[77,77,77,77,77,49,49,49,31,31,31,31,31,23,23,13,77,77,70,45,28,28,27,27,27,4,27,27,0,0],"gold":475,"neow_bonus":"TEN_PERCENT_HP_BONUS","is_prod":false,"is_daily":false,"chose_seed":false,"campfire_upgraded":4,"win_rate":0,"timestamp":1607579475,"path_taken":["R","$","M","?","R","E","T","M","E","R","?","?","M","?","M","BOSS","R","?","M","E","?","M","T","R","E","R","?","?"],"build_version":"2020-11-30","purchased_purges":1,"victory":false,"max_hp_per_floor":[77,77,77,77,77,77,77,77,77,77,77,77,77,77,77,77,77,77,77,77,77,77,77,77,77,77,77,77,77,77],"card_choices":[{"not_picked":["hexamod:GhostShield","hexamod:NightmareStrike"],"picked":"hexamod:ThermalTransfer","floor":3.0},{"not_picked":["hexamod:SkipABeat","hexamod:SwordOfDarkness"],"picked":"hexamod:CatchUp","floor":6.0},{"not_picked":["hexamod:CatchUp+1","hexamod:SuperheatedStrike"],"picked":"hexamod:Rewind+1","floor":8.0},{"not_picked":["hexamod:SecondSeal","hexamod:SpectersWail"],"picked":"hexamod:GhostflameBarrier+1","floor":9.0},{"not_picked":["hexamod:SwordOfDarkness","hexamod:EtherealExpedition+1"],"picked":"hexamod:InspiringFlames+1","floor":13.0},{"not_picked":["hexamod:SwordOfDarkness","hexamod:InspiringFlames+1"],"picked":"hexamod:ThermalTransfer","floor":15.0},{"not_picked":["hexamod:ParanormalForm","hexamod:CrushingStance"],"picked":"hexamod:TurnItUp+1","floor":16.0},{"not_picked":["hexamod:ShieldOfDarkness+1","hexamod:HeatMetal"],"picked":"hexamod:InspiringFlames+1","floor":19.0},{"not_picked":["hexamod:SecondSeal","hexamod:BacktrackSmack"],"picked":"hexamod:BurningTouch+1","floor":20.0},{"not_picked":["hexamod:BacktrackSmack","hexamod:NightmareStrike"],"picked":"hexamod:TimeOfNeed+1","floor":21.0},{"not_picked":["hexamod:InspiringFlames+1","hexamod:NightmareStrike","hexamod:SwordOfDarkness"],"picked":"SKIP","floor":23.0},{"not_picked":["hexamod:SoulSteal+1","hexamod:RainOfEmbers+1"],"picked":"hexamod:FastForward+1","floor":26}],"player_experience":1954454,"relics_obtained":[{"floor":4.0,"key":"Omamori"},{"floor":6.0,"key":"Matryoshka"},{"floor":7.0,"key":"Whetstone"},{"floor":7.0,"key":"Toxic Egg 2"},{"floor":9.0,"key":"Pantograph"},{"floor":21.0,"key":"Bottled Tornado"},{"floor":22.0,"key":"Happy Flower"},{"floor":22.0,"key":"Frozen Egg 2"},{"floor":24.0,"key":"Toy Ornithopter"},{"floor":26,"key":"MawBank"}],"event_choices":[],"is_beta":false,"boss_relics":[{"not_picked":["Runic Pyramid","Tiny House"],"picked":"hexamod:IceCube"}],"items_purged_floors":[14],"is_endless":false,"potions_floor_spawned":[6,13,16,19,21,26],"killed_by":"Cultist and Chosen","ascension_level":1}}