{"host":"kw4o7b3ro2ktmmbe","time":1607604420,"event":{"gold_per_floor":[110,110,110,125,136,150,164,180,180,180,180,180,180,193,193,296,296,308,308,308,308,308,334,349,366,392,392,404,438,438,75,75,172,172,185,185,145,159,3,35,49,49,75,95,111,127,139,169,169,171],"floor_reached":51,"playtime":5001,"items_purged":[],"score":816,"play_id":"f89c16a2-e12c-400a-aa74-7302df692be3","local_time":"20201211014700","is_ascension_mode":false,"campfire_choices":[{"data":"yuri:Oolong","floor":11.0,"key":"SMITH"},{"data":"TH:PixieDust","floor":13.0,"key":"SMITH"},{"data":"yuri:yuriDefend","floor":15.0,"key":"SMITH"},{"data":"yuri:BookRed","floor":27.0,"key":"SMITH"},{"data":"1","floor":30.0,"key":"LIFT"},{"floor":32.0,"key":"REST"},{"data":"2","floor":42.0,"key":"LIFT"},{"data":"3","floor":49.0,"key":"LIFT"}],"neow_cost":"NONE","seed_source_timestamp":737274955896227,"circlet_count":0,"master_deck":["yuri:yuriStrike+1","yuri:yuriStrike+1","yuri:yuriStrike+1","yuri:yuriStrike+1","yuri:yuriStrike+1","yuri:yuriDefend+1","yuri:yuriDefend+1","yuri:yuriDefend+1","yuri:yuriDefend+1","yuri:yuriDefend+1","yuri:Oolong+1","yuri:yuriStab+1","yuri:Parry+1","yuri:BookBlue+1","TH:PixieDust+1","TH:CopperCoins","yuri:MagneticKnives+1","yuri:BookGreen+1","yuri:ThrowingKnives+1","yuri:HoldBack","TH:TreasureMap","yuri:MagneticKnives","yuri:BookRed+1","TH:CopperCoins","yuri:SturdyUniform","TH:ElvenBoots","yuri:DistillInsanity","yuri:GrowingInsanity","TH:TreasureMap","yuri:GlitchRemove","yuri:ThrowingKnives+1","TH:DeckOfManyThings","yuri:TeaSet+1","TH:TreasureMap","yuri:BookRed+1","TH:TreasureMap","yuri:BookRed+1"],"special_seed":0,"relics":["yuri:yuriKnife","Art of War","StoneCalendar","yuri:BookOfBooks","MutagenicStrength","HornCleat","Toy Ornithopter","Girya","Incense Burner","Coffee Dripper","Lantern","yuri:GlitchPowder","Blood Vial","Bag of Preparation"],"potions_floor_usage":[],"damage_taken":[{"damage":0.0,"enemies":"Cultist","floor":1.0,"turns":4.0},{"damage":0.0,"enemies":"Small Slimes","floor":4.0,"turns":2.0},{"damage":0.0,"enemies":"Jaw Worm","floor":5.0,"turns":6.0},{"damage":2.0,"enemies":"Looter","floor":6.0,"turns":4.0},{"damage":4.0,"enemies":"Large Slime","floor":7.0,"turns":11.0},{"damage":0.0,"enemies":"3 Louse","floor":8.0,"turns":6.0},{"damage":0.0,"enemies":"2 Fungi Beasts","floor":14.0,"turns":4.0},{"damage":6.0,"enemies":"The Guardian","floor":16.0,"turns":11.0},{"damage":35.0,"enemies":"2 Thieves","floor":18.0,"turns":5.0},{"damage":24.0,"enemies":"Slavers","floor":23.0,"turns":5.0},{"damage":3.0,"enemies":"Shell Parasite","floor":24.0,"turns":5.0},{"damage":8.0,"enemies":"3 Cultists","floor":25.0,"turns":4.0},{"damage":8.0,"enemies":"Centurion and Healer","floor":28.0,"turns":7.0},{"damage":59.0,"enemies":"Gremlin Leader","floor":29.0,"turns":8.0},{"damage":23.0,"enemies":"Collector","floor":33.0,"turns":8.0},{"damage":32.0,"enemies":"3 Darklings","floor":35.0,"turns":5.0},{"damage":9.0,"enemies":"Orb Walker","floor":38.0,"turns":4.0},{"damage":37.0,"enemies":"Giant Head","floor":40.0,"turns":7.0},{"damage":14.0,"enemies":"Sphere and 2 Shapes","floor":41.0,"turns":6.0},{"damage":1.0,"enemies":"4 Shapes","floor":44.0,"turns":7.0},{"damage":8.0,"enemies":"Spire Growth","floor":45.0,"turns":6.0},{"damage":9.0,"enemies":"3 Darklings","floor":46.0,"turns":6.0},{"damage":12.0,"enemies":"Transient","floor":47.0,"turns":5.0},{"damage":32.0,"enemies":"Nemesis","floor":48.0,"turns":7.0},{"damage":50,"enemies":"Time Eater","floor":50,"turns":10}],"seed_played":"4004550607181138106","potions_obtained":[{"floor":1.0,"key":"Ancient Potion"},{"floor":6.0,"key":"SmokeBomb"},{"floor":8.0,"key":"EntropicBrew"},{"floor":14.0,"key":"Dexterity Potion"},{"floor":16.0,"key":"CultistPotion"},{"floor":23.0,"key":"GamblersBrew"},{"floor":25.0,"key":"Block Potion"},{"floor":29.0,"key":"Fire Potion"},{"floor":35.0,"key":"BlessingOfTheForge"},{"floor":45.0,"key":"SkillPotion"},{"floor":47.0,"key":"Block Potion"}],"is_trial":false,"path_per_floor":["M","?","?","M","M","M","M","M","T","?","R","?","R","M","R","B",null,"M","?","?","?","?","E","M","M","T","R","M","E","R","$","R","B",null,"M","$","?","M","$","E","M","R","T","M","M","M","M","E","R","B",null],"character_chosen":"YURI","items_purchased":["Incense Burner","yuri:GrowingInsanity","Lantern"],"campfire_rested":1,"item_purchase_floors":[31,31,39],"current_hp_per_floor":[88,63,68,68,72,74,74,78,78,59,59,59,59,66,66,67,93,65,47,47,47,47,30,34,33,33,33,52,10,10,10,39,33,98,66,66,66,66,66,43,43,43,43,61,72,89,96,85,85,71],"gold":171,"neow_bonus":"TEN_PERCENT_HP_BONUS","is_prod":false,"is_daily":false,"chose_seed":false,"campfire_upgraded":4,"win_rate":0.0,"timestamp":1607604420,"path_taken":["M","?","?","M","M","M","M","M","T","?","R","?","R","M","R","BOSS","M","?","?","?","?","E","M","M","T","R","M","E","R","$","R","BOSS","M","$","?","M","$","E","M","R","T","?","M","M","M","E","R","BOSS"],"build_version":"2020-11-30","purchased_purges":0,"victory":true,"max_hp_per_floor":[88,88,93,93,93,93,93,93,93,93,93,93,93,93,93,93,93,93,98,98,98,98,98,98,98,98,98,98,98,98,98,98,98,98,98,98,98,98,98,98,98,98,98,98,98,98,98,98,98,98],"card_choices":[{"not_picked":["yuri:TPose","yuri:GlitchedStrike"],"picked":"yuri:Parry","floor":1.0},{"not_picked":["yuri:MPose","yuri:HeavierStrike","yuri:GhostForm"],"picked":"SKIP","floor":4.0},{"not_picked":["yuri:HeavierStrike","yuri:DejaVu","yuri:ThrowingKnives"],"picked":"SKIP","floor":5.0},{"not_picked":["yuri:WickedSlash","yuri:DeepBreathing","yuri:RecklessStrike"],"picked":"SKIP","floor":6.0},{"not_picked":["yuri:yuriHeavyStrike","yuri:DebugCard","yuri:MPose"],"picked":"SKIP","floor":7.0},{"not_picked":["yuri:Spin","yuri:MPose"],"picked":"yuri:BookBlue","floor":8.0},{"not_picked":["TH:EnergyPotion"],"picked":"TH:PixieDust","floor":9.0},{"not_picked":["yuri:ThrowBook","yuri:TPose","yuri:yuriHeavyStrike"],"picked":"SKIP","floor":14.0},{"not_picked":["TH:EnergyPotion"],"picked":"TH:CopperCoins","floor":16.0},{"not_picked":["yuri:DragonForm","yuri:BlackTea"],"picked":"yuri:MagneticKnives","floor":16.0},{"not_picked":["yuri:BookRed+1","yuri:BookBlue+1","yuri:BookPurple+1"],"picked":"yuri:BookGreen+1","floor":17.0},{"not_picked":["yuri:InduceGlitch","yuri:UntestedCode"],"picked":"yuri:ThrowingKnives+1","floor":18.0},{"not_picked":["TH:Mimic"],"picked":"TH:TreasureMap","floor":23.0},{"not_picked":["yuri:Stare+1","yuri:HeavierStrike+1"],"picked":"yuri:MagneticKnives","floor":23.0},{"not_picked":["yuri:Skip","yuri:BrokenCode+1","yuri:ReactiveMadness"],"picked":"SKIP","floor":24.0},{"not_picked":["yuri:ReactiveMadness","yuri:WickedSlash+1"],"picked":"yuri:BookRed","floor":25.0},{"not_picked":["TH:EnergyPotion"],"picked":"TH:CopperCoins","floor":26.0},{"not_picked":["yuri:DebugCard","yuri:CorruptHitbox"],"picked":"yuri:SturdyUniform","floor":28.0},{"not_picked":["TH:DeckOfManyThings"],"picked":"TH:ElvenBoots","floor":29.0},{"not_picked":["yuri:TPose+1","yuri:CalmingAura"],"picked":"yuri:DistillInsanity","floor":29.0},{"not_picked":["TH:DeckOfManyThings"],"picked":"TH:TreasureMap","floor":33.0},{"not_picked":["yuri:ExploitStrike","yuri:DisableStrike"],"picked":"yuri:GlitchRemove","floor":33.0},{"not_picked":["yuri:CalmingAura+1","yuri:DebugCard"],"picked":"yuri:ThrowingKnives+1","floor":35.0},{"not_picked":["yuri:RepairCode+1","yuri:GlitchedStrike+1","yuri:yuriQuickStrike"],"picked":"SKIP","floor":38.0},{"not_picked":["TH:EnergyPotion"],"picked":"TH:DeckOfManyThings","floor":40.0},{"not_picked":["yuri:GlitchedStrike","yuri:Spin","yuri:RecklessStrike"],"picked":"SKIP","floor":40.0},{"not_picked":["yuri:RecklessStrike","yuri:Stare+1"],"picked":"yuri:TeaSet+1","floor":41.0},{"not_picked":["TH:PixieDust"],"picked":"TH:TreasureMap","floor":43.0},{"not_picked":["yuri:yuriQuickStrike+1","yuri:Stalk","yuri:JumpScare"],"picked":"SKIP","floor":44.0},{"not_picked":["yuri:HeavierStrike","yuri:WickedSlash","yuri:GlitchedStrike"],"picked":"SKIP","floor":45.0},{"not_picked":["yuri:TPose+1","yuri:InsanityDefense"],"picked":"yuri:BookRed+1","floor":46.0},{"not_picked":["yuri:RepairCode","yuri:Parry","yuri:Spin+1"],"picked":"SKIP","floor":47.0},{"not_picked":["TH:PixieDust"],"picked":"TH:TreasureMap","floor":48.0},{"not_picked":["yuri:BookPurple","yuri:NerfBat"],"picked":"yuri:BookRed+1","floor":48.0}],"player_experience":1723902,"relics_obtained":[{"floor":9.0,"key":"StoneCalendar"},{"floor":23.0,"key":"HornCleat"},{"floor":26.0,"key":"Toy Ornithopter"},{"floor":29.0,"key":"Girya"},{"floor":40.0,"key":"yuri:GlitchPowder"},{"floor":43.0,"key":"Blood Vial"},{"floor":48.0,"key":"Bag of Preparation"}],"event_choices":[{"damage_healed":0.0,"max_hp_gain":0.0,"max_hp_loss":0.0,"gold_gain":0.0,"event_name":"Scrap Ooze","player_choice":"Success","floor":2.0,"gold_loss":0.0,"damage_taken":25.0,"relics_obtained":["Art of War"]},{"damage_healed":0.0,"max_hp_gain":5.0,"max_hp_loss":0.0,"gold_gain":0.0,"event_name":"Big Fish","player_choice":"Donut","floor":3.0,"gold_loss":0.0,"damage_taken":0.0},{"damage_healed":0.0,"max_hp_gain":0.0,"max_hp_loss":0.0,"gold_gain":0.0,"event_name":"Shining Light","player_choice":"Entered Light","floor":10.0,"gold_loss":0.0,"damage_taken":19.0,"cards_upgraded":["yuri:BookBlue","yuri:yuriStrike"]},{"damage_healed":0.0,"max_hp_gain":0.0,"max_hp_loss":0.0,"gold_gain":0.0,"event_name":"Living Wall","player_choice":"Grow","floor":12.0,"gold_loss":0.0,"damage_taken":0.0,"cards_upgraded":["yuri:Parry"]},{"damage_healed":0.0,"max_hp_gain":5.0,"max_hp_loss":0.0,"gold_gain":0.0,"event_name":"Forgotten Altar","player_choice":"Shed Blood","floor":19.0,"gold_loss":0.0,"damage_taken":23.0},{"damage_healed":0.0,"max_hp_gain":0.0,"max_hp_loss":0.0,"gold_gain":0.0,"event_name":"The Library","player_choice":"Read","floor":20.0,"gold_loss":0.0,"damage_taken":0.0,"cards_obtained":["yuri:HoldBack"]},{"damage_healed":0.0,"max_hp_gain":0.0,"max_hp_loss":0.0,"gold_gain":0.0,"event_name":"Back to Basics","player_choice":"Simplicity","floor":21.0,"gold_loss":0.0,"damage_taken":0.0,"cards_upgraded":["yuri:yuriStrike","yuri:yuriStrike","yuri:yuriStrike","yuri:yuriStrike","yuri:yuriDefend","yuri:yuriDefend","yuri:yuriDefend","yuri:yuriDefend"]},{"damage_healed":0.0,"max_hp_gain":0.0,"max_hp_loss":0.0,"gold_gain":0.0,"event_name":"Drug Dealer","player_choice":"Inject Mutagens","floor":22.0,"gold_loss":0.0,"damage_taken":0.0,"relics_obtained":["MutagenicStrength"]},{"damage_healed":0.0,"max_hp_gain":0.0,"max_hp_loss":0.0,"gold_gain":0.0,"event_name":"Designer","player_choice":"Upgraded Two","floor":37.0,"gold_loss":40.0,"damage_taken":0.0,"cards_upgraded":["yuri:yuriStab","yuri:MagneticKnives"]}],"is_beta":false,"boss_relics":[{"not_picked":["Cursed Key","Runic Dome"],"picked":"yuri:BookOfBooks"},{"not_picked":["Black Star","yuri:PortraitOfMarkov"],"picked":"Coffee Dripper"}],"items_purged_floors":[],"is_endless":false,"potions_floor_spawned":[1,6,8,14,16,23,25,29,35,45,47],"ascension_level":0}}