{"host":"yllrlz30c75z9571","time":1607610320,"event":{"gold_per_floor":[115,115,130,143,159,159,159,159,199,214,61,61,74,87,87,87,87],"floor_reached":16,"playtime":1456,"items_purged":[],"score":94,"play_id":"3c5d4d47-dfad-40d8-82f4-882b2211bdff","local_time":"20201210142520","is_ascension_mode":false,"campfire_choices":[{"data":"construct:LaserCore","floor":6,"key":"SMITH"},{"floor":8,"key":"REST"},{"floor":15,"key":"REST"}],"neow_cost":"BASIC_CARDS","seed_source_timestamp":531180223218000,"circlet_count":0,"master_deck":["construct:Strike_Gold","construct:Strike_Gold","construct:Strike_Gold","construct:Strike_Gold","construct:Strike_Gold+1","construct:Defend_Gold","construct:Defend_Gold","construct:Defend_Gold","construct:Defend_Gold","construct:Defend_Gold","construct:AttackMode","construct:DefenseMode","Vigilance","Strike_Giant","construct:Versatility","construct:LaserCore+1","construct:ForceCore","construct:VentSteam","construct:ClusterMines+1","construct:Zapper","construct:FocusedBeam","construct:FierceBash","construct:SuppressiveFire","construct:Isolate","construct:BatteryCore","construct:Boost","construct:Missile","construct:Reinforce","construct:ForceCore"],"relics":["StuffTheSpire:OccultApparatus","HushsDoor","KeepersGift","Prayer Wheel","Golden Idol","Whetstone","jedi:fakemustache","hubris:Towel"],"potions_floor_usage":[14,14,16],"damage_taken":[{"damage":8,"enemies":"Jaw Worm","floor":1,"turns":5},{"damage":0,"enemies":"Small Slimes","floor":3,"turns":3},{"damage":0,"enemies":"2 Louse","floor":4,"turns":2},{"damage":34,"enemies":"Gremlin Gang","floor":5,"turns":6},{"damage":2,"enemies":"Exordium Thugs","floor":9,"turns":8},{"damage":35,"enemies":"Exordium Thugs","floor":10,"turns":5},{"damage":4,"enemies":"2 Fungi Beasts","floor":13,"turns":2},{"damage":27,"enemies":"Gremlin Gang","floor":14,"turns":5},{"damage":36,"enemies":"Hexaghost","floor":16,"turns":10}],"seed_played":"8781489222582110730","potions_obtained":[{"floor":4,"key":"Explosive Potion"},{"floor":5,"key":"AttackPotion"},{"floor":10,"key":"Regen Potion"}],"is_trial":false,"path_per_floor":["M","?","M","M","M","R","?","R","MIM","M","$","?","M","M","R","B"],"character_chosen":"THE_CONSTRUCT_MOD","items_purchased":["jedi:fakemustache"],"campfire_rested":2,"item_purchase_floors":[11],"current_hp_per_floor":[77,77,77,77,43,43,43,66,64,29,39,39,35,13,36,0,0],"gold":87,"neow_bonus":"ONE_RARE_RELIC","is_prod":false,"is_daily":false,"chose_seed":false,"campfire_upgraded":1,"win_rate":0.0,"timestamp":1607610320,"path_taken":["M","?","M","M","M","R","?","R","MIM","?","$","?","M","M","R","BOSS"],"build_version":"2020-11-30","purchased_purges":0,"victory":false,"max_hp_per_floor":[85,79,79,79,79,79,79,79,79,79,79,79,79,79,79,79,79],"card_choices":[{"not_picked":["construct:Forcefield","construct:SweepLaser"],"picked":"construct:Versatility","floor":1},{"not_picked":["construct:FocusedBeam","construct:ShiftGuard"],"picked":"construct:LaserCore","floor":1},{"not_picked":["Bomb","construct:Enhance"],"picked":"construct:ForceCore","floor":3},{"not_picked":["Bomb","construct:Anticipate"],"picked":"construct:VentSteam","floor":3},{"not_picked":["construct:SyphonStrike","construct:Accumulate"],"picked":"construct:ClusterMines","floor":4},{"not_picked":["construct:Forcefield","construct:SiegeForm"],"picked":"construct:Zapper","floor":4},{"not_picked":["construct:Analyze","construct:PowerUp"],"picked":"construct:FocusedBeam","floor":5},{"not_picked":["construct:ModeShift","construct:HardReboot"],"picked":"construct:FierceBash","floor":5},{"not_picked":["construct:Analyze","construct:Electrocute"],"picked":"construct:SuppressiveFire","floor":9},{"not_picked":["construct:HardReboot","construct:ReactiveShield"],"picked":"construct:Isolate","floor":10},{"not_picked":["construct:ScrapCannon","construct:Autoturret"],"picked":"construct:BatteryCore","floor":10},{"not_picked":["construct:ScrapCannon","construct:VentSteam"],"picked":"construct:Boost","floor":13},{"not_picked":["construct:FocusedBeam","construct:ScrapCannon"],"picked":"construct:Missile","floor":13},{"not_picked":["construct:Versatility","construct:ClusterMines"],"picked":"construct:Reinforce","floor":14},{"not_picked":["construct:MemoryTap","construct:FocusedBeam"],"picked":"construct:ForceCore","floor":14}],"player_experience":98203,"relics_obtained":[{"floor":9,"key":"Whetstone"}],"event_choices":[{"damage_healed":0,"gold_gain":0,"player_choice":"Lose Max HP","damage_taken":0,"relics_obtained":["Golden Idol"],"max_hp_gain":0,"max_hp_loss":6,"event_name":"Golden Idol","floor":2,"gold_loss":0}],"is_beta":false,"boss_relics":[],"items_purged_floors":[],"is_endless":false,"potions_floor_spawned":[4,5,10,13],"killed_by":"Hexaghost","ascension_level":0}}