{"host":"dl5mjdlimopbuch5","time":1607567209,"event":{"gold_per_floor":[114,125,125,200,200,200,235,235,311,343,40,40,59,69,69,168,168,184,184,184,204,204,238,238,338,338,356,356,455,466,466,466,561,561,573,494,507,557,573,573,573,590,590,608,618,630,642,661,661,661,661],"floor_reached":50,"playtime":1212,"items_purged":[],"score":628,"play_id":"d3621cc1-6619-47b4-9e7c-051eae75a13d","local_time":"20201210022649","is_ascension_mode":true,"campfire_choices":[{"data":"Bash","floor":6,"key":"SMITH"},{"data":"Flame Barrier","floor":12,"key":"SMITH"},{"data":"Whirlwind","floor":15,"key":"SMITH"},{"data":"J.A.X.","floor":24,"key":"SMITH"},{"data":"Double Tap","floor":28,"key":"SMITH"},{"floor":32,"key":"REST"},{"data":"Spot Weakness","floor":40,"key":"SMITH"},{"floor":49,"key":"REST"}],"neow_cost":"NONE","seed_source_timestamp":107253235531000,"circlet_count":0,"master_deck":["Strike_R","Strike_R","Strike_R","Strike_R","Strike_R","Defend_R","Defend_R","Defend_R","Defend_R","Bash+1","Iron Wave+1","Flame Barrier+1","Whirlwind+1","Double Tap+1","J.A.X.+1","Spot Weakness+1","Dramatic Entrance"],"relics":["Burning Blood","NeowsBlessing","Art of War","Ornamental Fan","Gremlin Horn","Boot","Lee\u0027s Waffle","Busted Crown","Orichalcum","Bottled Lightning","Red Skull","StrikeDummy","Sozu","Thread and Needle","Paper Frog"],"potions_floor_usage":[10,16,33],"damage_taken":[{"damage":0,"enemies":"Cultist","floor":1,"turns":1},{"damage":0,"enemies":"2 Louse","floor":2,"turns":1},{"damage":0,"enemies":"Gremlin Nob","floor":7,"turns":1},{"damage":29,"enemies":"3 Sentries","floor":10,"turns":10},{"damage":12,"enemies":"Small Slimes","floor":13,"turns":3},{"damage":4,"enemies":"Looter","floor":14,"turns":4},{"damage":58,"enemies":"Hexaghost","floor":16,"turns":9},{"damage":13,"enemies":"Shell Parasite","floor":18,"turns":4},{"damage":8,"enemies":"Spheric Guardian","floor":21,"turns":3},{"damage":3,"enemies":"Gremlin Leader","floor":23,"turns":3},{"damage":11,"enemies":"Cultist and Chosen","floor":27,"turns":4},{"damage":19,"enemies":"Sentry and Sphere","floor":30,"turns":4},{"damage":22,"enemies":"Collector","floor":33,"turns":5},{"damage":3,"enemies":"3 Darklings","floor":35,"turns":1},{"damage":8,"enemies":"3 Shapes","floor":37,"turns":3},{"damage":25,"enemies":"Mind Bloom Boss Battle","floor":38,"turns":5},{"damage":11,"enemies":"Jaw Worm Horde","floor":39,"turns":2},{"damage":6,"enemies":"Transient","floor":42,"turns":5},{"damage":18,"enemies":"4 Shapes","floor":44,"turns":1},{"damage":10,"enemies":"Jaw Worm Horde","floor":45,"turns":3},{"damage":23,"enemies":"Writhing Mass","floor":46,"turns":3},{"damage":17,"enemies":"Maw","floor":47,"turns":5},{"damage":10,"enemies":"3 Darklings","floor":48,"turns":2},{"damage":41,"enemies":"Donu and Deca","floor":50,"turns":6}],"seed_played":"6629760857250666126","potions_obtained":[{"floor":2,"key":"Energy Potion"},{"floor":13,"key":"AttackPotion"},{"floor":14,"key":"ElixirPotion"},{"floor":18,"key":"AttackPotion"}],"is_trial":false,"path_per_floor":["M","M","?","?","?","R","E","$","T","E","$","R","M","M","R","B",null,"M","?","?","M","T","E","R","?","T","M","R","?","M","?","R","B",null,"M","$","M","?","M","R","?","M","T","M","M","M","M","M","R","B"],"character_chosen":"IRONCLAD","items_purchased":["Boot","Lee\u0027s Waffle","Spot Weakness"],"campfire_rested":2,"item_purchase_floors":[11,11,36],"current_hp_per_floor":[80,80,80,69,69,69,75,75,75,52,87,87,81,83,83,31,87,80,80,80,78,78,81,81,81,81,76,76,76,63,63,87,71,87,87,87,85,66,61,61,61,61,61,49,45,28,17,13,39,0,0],"gold":661,"neow_bonus":"THREE_ENEMY_KILL","is_prod":false,"is_daily":false,"chose_seed":false,"campfire_upgraded":6,"win_rate":0,"timestamp":1607567209,"path_taken":["M","M","?","?","?","R","E","?","T","E","$","R","M","M","R","BOSS","M","?","?","M","?","E","R","?","T","?","R","?","M","?","R","BOSS","M","$","M","?","M","R","?","?","T","?","?","M","M","M","R","BOSS"],"build_version":"2020-11-30","purchased_purges":0,"victory":false,"max_hp_per_floor":[80,80,80,80,80,80,80,80,80,80,87,87,87,87,87,87,87,87,87,87,87,87,87,87,87,87,87,87,87,87,87,87,87,87,87,87,87,87,87,87,87,87,87,87,87,87,87,87,87,87,87],"card_choices":[{"not_picked":["Havoc","Fire Breathing","Shrug It Off"],"picked":"SKIP","floor":1},{"not_picked":["True Grit","Clash"],"picked":"Iron Wave","floor":2},{"not_picked":["Rage","Wild Strike"],"picked":"Flame Barrier","floor":7},{"not_picked":["Anger","Sword Boomerang","Uppercut"],"picked":"SKIP","floor":10},{"not_picked":["Wild Strike","Armaments"],"picked":"Whirlwind","floor":13},{"not_picked":["Metallicize","Shockwave","Shrug It Off"],"picked":"SKIP","floor":14},{"not_picked":["Corruption","Fiend Fire"],"picked":"Double Tap","floor":16},{"not_picked":["Hemokinesis+1"],"picked":"SKIP","floor":18},{"not_picked":["Anger"],"picked":"SKIP","floor":21},{"not_picked":["Pommel Strike"],"picked":"SKIP","floor":23},{"not_picked":["Thunderclap"],"picked":"SKIP","floor":27},{"not_picked":["True Grit+1"],"picked":"SKIP","floor":30},{"not_picked":["Burning Pact"],"picked":"SKIP","floor":35},{"not_picked":["Havoc+1"],"picked":"SKIP","floor":37},{"not_picked":["Havoc"],"picked":"SKIP","floor":39},{"not_picked":["Heavy Blade+1"],"picked":"SKIP","floor":42},{"not_picked":["Clothesline+1"],"picked":"SKIP","floor":44},{"not_picked":["Havoc+1"],"picked":"SKIP","floor":45},{"not_picked":["Shrug It Off+1"],"picked":"SKIP","floor":46},{"not_picked":["Spot Weakness"],"picked":"SKIP","floor":47},{"not_picked":["Double Tap"],"picked":"SKIP","floor":48}],"player_experience":191400,"relics_obtained":[{"floor":7,"key":"Art of War"},{"floor":9,"key":"Ornamental Fan"},{"floor":10,"key":"Gremlin Horn"},{"floor":22,"key":"Bottled Lightning"},{"floor":23,"key":"Red Skull"},{"floor":26,"key":"StrikeDummy"},{"floor":38,"key":"Thread and Needle"},{"floor":43,"key":"Paper Frog"}],"event_choices":[{"damage_healed":0,"gold_gain":0,"player_choice":"Grow","damage_taken":0,"max_hp_gain":0,"max_hp_loss":0,"event_name":"Living Wall","floor":3,"gold_loss":0,"cards_upgraded":["Iron Wave"]},{"damage_healed":0,"gold_gain":75,"player_choice":"Gather Gold","damage_taken":11,"max_hp_gain":0,"max_hp_loss":0,"event_name":"World of Goop","floor":4,"gold_loss":0},{"damage_healed":0,"gold_gain":0,"player_choice":"Ignored","damage_taken":0,"max_hp_gain":0,"max_hp_loss":0,"event_name":"Golden Wing","floor":5,"gold_loss":0},{"damage_healed":0,"gold_gain":0,"player_choice":"Obtain J.A.X.","damage_taken":0,"max_hp_gain":0,"max_hp_loss":0,"event_name":"Drug Dealer","floor":19,"gold_loss":0,"cards_obtained":["J.A.X."]},{"damage_healed":0,"gold_gain":0,"player_choice":"Opened","damage_taken":0,"relics_obtained":["Orichalcum"],"max_hp_gain":0,"max_hp_loss":0,"event_name":"The Mausoleum","floor":20,"gold_loss":0},{"damage_healed":0,"gold_gain":100,"player_choice":"Pray","damage_taken":0,"max_hp_gain":0,"max_hp_loss":0,"event_name":"Golden Shrine","floor":25,"gold_loss":0},{"damage_healed":0,"gold_gain":99,"player_choice":"Stole From Cult","damage_taken":0,"max_hp_gain":0,"max_hp_loss":0,"event_name":"Nest","floor":29,"gold_loss":0},{"damage_healed":0,"gold_gain":0,"player_choice":"Ignored","damage_taken":0,"max_hp_gain":0,"max_hp_loss":0,"event_name":"Ghosts","floor":31,"gold_loss":0},{"damage_healed":0,"gold_gain":0,"player_choice":"Fight","damage_taken":0,"max_hp_gain":0,"max_hp_loss":0,"event_name":"MindBloom","floor":38,"gold_loss":0},{"damage_healed":0,"gold_gain":0,"player_choice":"1 cards matched","damage_taken":0,"max_hp_gain":0,"max_hp_loss":0,"event_name":"Match and Keep!","floor":41,"gold_loss":0,"cards_obtained":["Dramatic Entrance"]}],"is_beta":false,"boss_relics":[{"not_picked":["Snecko Eye","Philosopher\u0027s Stone"],"picked":"Busted Crown"},{"not_picked":["Fusion Hammer","Runic Dome"],"picked":"Sozu"}],"items_purged_floors":[],"is_endless":false,"potions_floor_spawned":[2,13,14,18,35,38,42,46,47,48],"killed_by":"Donu and Deca","ascension_level":3}}