{"host":"y56d1fjpgcjsodvy","time":1607595852,"event":{"gold_per_floor":[117,117,117,42,42,42,82,82,129,129,173,173,194,194,194,287,287,306,120,120,140,140,140,79,119,119,154,170,203,227,245,245,336,336,359,46,61,61,82,82,82,82],"floor_reached":41,"playtime":1046,"items_purged":["Defend_P","Strike_P+1"],"score":1010,"play_id":"00b9b88b-3c7f-4e8a-bb4b-62d40293ae26","local_time":"20201210192412","is_ascension_mode":true,"campfire_choices":[{"data":"Eruption","floor":6.0,"key":"SMITH"},{"data":"Prostrate","floor":8.0,"key":"SMITH"},{"data":"CarveReality","floor":12.0,"key":"SMITH"},{"data":"Defend_P","floor":15.0,"key":"SMITH"},{"data":"ClearTheMind","floor":23,"key":"SMITH"},{"data":"ConjureBlade","floor":32,"key":"SMITH"},{"floor":40,"key":"REST"}],"neow_cost":"NONE","seed_source_timestamp":5073437579500,"circlet_count":0,"master_deck":["AscendersBane","Strike_P+1","Defend_P+1","Defend_P+1","Eruption+1","Vigilance+1","Prostrate+1","CarveReality+1","Devotion","Establishment+1","CrushJoints+1","WheelKick+1","Tantrum+1","ClearTheMind+1","MentalFortress","Indignation+1","ConjureBlade+1","SashWhip","FearNoEvil","DevaForm","Impatience","Prostrate"],"special_seed":0,"relics":["PureWater","NeowsBlessing","Bird Faced Urn","Golden Idol","War Paint","Bag of Preparation","Du-Vu Doll","Astrolabe","White Beast Statue","Eternal Feather","Matryoshka","Ice Cream","Incense Burner","Black Star","TheAbacus"],"potions_floor_usage":[25,27,29,33,35],"damage_taken":[{"damage":0.0,"enemies":"Cultist","floor":1.0,"turns":1.0},{"damage":0.0,"enemies":"Lagavulin","floor":7.0,"turns":1.0},{"damage":0.0,"enemies":"3 Sentries","floor":11.0,"turns":1.0},{"damage":0.0,"enemies":"Jaw Worm","floor":13.0,"turns":2.0},{"damage":27.0,"enemies":"Hexaghost","floor":16.0,"turns":6.0},{"damage":0.0,"enemies":"Chosen","floor":18.0,"turns":2.0},{"damage":0.0,"enemies":"3 Byrds","floor":21.0,"turns":3.0},{"damage":11,"enemies":"Gremlin Leader","floor":25,"turns":3},{"damage":24,"enemies":"Slavers","floor":27,"turns":3},{"damage":9,"enemies":"Sentry and Sphere","floor":28,"turns":4},{"damage":4,"enemies":"Gremlin Leader","floor":29,"turns":3},{"damage":32,"enemies":"3 Cultists","floor":30,"turns":4},{"damage":0,"enemies":"Centurion and Healer","floor":31,"turns":4},{"damage":12,"enemies":"Automaton","floor":33,"turns":6},{"damage":15,"enemies":"3 Darklings","floor":35,"turns":4},{"damage":10,"enemies":"3 Shapes","floor":37,"turns":6},{"damage":43,"enemies":"Maw","floor":39,"turns":6},{"damage":68,"enemies":"3 Darklings","floor":41,"turns":3}],"seed_played":"8276534972257353936","potions_obtained":[{"floor":11.0,"key":"FairyPotion"},{"floor":13.0,"key":"Explosive Potion"},{"floor":16.0,"key":"DuplicationPotion"},{"floor":25,"key":"DistilledChaos"},{"floor":27,"key":"FairyPotion"},{"floor":29,"key":"BottledMiracle"},{"floor":31,"key":"SteroidPotion"},{"floor":33,"key":"AttackPotion"},{"floor":35,"key":"Ancient Potion"},{"floor":39,"key":"BlessingOfTheForge"}],"is_trial":false,"path_per_floor":["M","T","?","$","?","R","E","R","T","?","E","R","M","?","R","B",null,"M","$","?","M","?","R","?","E","T","E","M","E","M","M","R","B",null,"M","$","M","?","M","R","M"],"character_chosen":"WATCHER","items_purchased":["DuplicationPotion","Impatience","TheAbacus","Prostrate"],"campfire_rested":1,"item_purchase_floors":[19,36,36,36],"current_hp_per_floor":[61,61,38,38,18,18,18,18,18,7,7,7,7,7,7,8,53,53,53,68,68,68,68,68,57,57,35,32,34,8,12,21,15,55,46,46,44,44,5,37,0,0],"gold":82,"neow_bonus":"THREE_ENEMY_KILL","is_prod":false,"is_daily":false,"chose_seed":false,"campfire_upgraded":6,"win_rate":0,"timestamp":1607595852,"path_taken":["M","?","?","$","?","R","E","R","T","?","E","R","M","?","R","BOSS","M","$","?","?","?","R","?","E","T","E","?","E","M","M","R","BOSS","M","?","M","?","M","R","?"],"build_version":"2020-11-30","purchased_purges":2,"victory":false,"max_hp_per_floor":[68,68,68,68,68,68,68,68,68,68,68,68,68,68,68,68,68,68,68,68,68,68,68,68,68,68,68,68,68,68,68,68,68,68,68,68,68,68,68,68,68,68],"card_choices":[{"not_picked":["Consecrate","ThirdEye","Crescendo"],"picked":"SKIP","floor":1.0},{"not_picked":["WreathOfFlame","ReachHeaven"],"picked":"Prostrate","floor":7.0},{"not_picked":["EmptyBody","Consecrate"],"picked":"CarveReality","floor":11.0},{"not_picked":["FlyingSleeves","CutThroughFate","Evaluate"],"picked":"SKIP","floor":13.0},{"not_picked":["Omniscience","ConjureBlade"],"picked":"Devotion","floor":16.0},{"not_picked":["FollowUp","WreathOfFlame"],"picked":"Tantrum+1","floor":18.0},{"not_picked":["BowlingBash","Protect"],"picked":"ClearTheMind","floor":21.0},{"not_picked":["EmptyFist","DevaForm"],"picked":"MentalFortress","floor":25},{"not_picked":["JustLucky","BowlingBash"],"picked":"Indignation+1","floor":27},{"not_picked":["Crescendo","Protect+1","Halt"],"picked":"SKIP","floor":28},{"not_picked":["Consecrate","ClearTheMind+1"],"picked":"ConjureBlade","floor":29},{"not_picked":["FlyingSleeves","CrushJoints"],"picked":"SashWhip","floor":30},{"not_picked":["SashWhip","ThirdEye"],"picked":"FearNoEvil","floor":31},{"not_picked":["Ragnarok","Wish"],"picked":"DevaForm","floor":33},{"not_picked":["Indignation","WreathOfFlame","Halt"],"picked":"SKIP","floor":35},{"not_picked":["EmptyFist","PathToVictory","Evaluate"],"picked":"SKIP","floor":37},{"not_picked":["SashWhip","WreathOfFlame","ThirdEye"],"picked":"SKIP","floor":39}],"player_experience":1156581,"relics_obtained":[{"floor":2.0,"key":"Bird Faced Urn"},{"floor":7.0,"key":"War Paint"},{"floor":9.0,"key":"Bag of Preparation"},{"floor":11.0,"key":"Du-Vu Doll"},{"floor":25,"key":"Eternal Feather"},{"floor":26,"key":"Matryoshka"},{"floor":27,"key":"Ice Cream"},{"floor":29,"key":"Incense Burner"}],"event_choices":[{"damage_healed":0.0,"max_hp_gain":0.0,"max_hp_loss":0.0,"gold_gain":0.0,"event_name":"Golden Idol","player_choice":"Take Damage","floor":3.0,"gold_loss":0.0,"damage_taken":23.0,"relics_obtained":["Golden Idol"]},{"damage_healed":0.0,"max_hp_gain":0.0,"max_hp_loss":0.0,"gold_gain":0.0,"event_name":"Shining Light","player_choice":"Entered Light","floor":5.0,"gold_loss":0.0,"damage_taken":20.0,"cards_upgraded":["Strike_P","Strike_P"]},{"damage_healed":0.0,"max_hp_gain":0.0,"max_hp_loss":0.0,"gold_gain":0.0,"event_name":"Scrap Ooze","player_choice":"Fled","floor":10.0,"gold_loss":0.0,"damage_taken":11.0},{"damage_healed":0.0,"max_hp_gain":0.0,"max_hp_loss":0.0,"gold_gain":0.0,"event_name":"Match and Keep!","player_choice":"0 cards matched","floor":14.0,"gold_loss":0.0,"damage_taken":0.0,"cards_obtained":[]},{"damage_healed":15.0,"max_hp_gain":0.0,"max_hp_loss":0.0,"gold_gain":0.0,"event_name":"Wheel of Change","player_choice":"Full Heal","floor":20.0,"gold_loss":0.0,"damage_taken":0.0},{"damage_healed":0.0,"max_hp_gain":0.0,"max_hp_loss":0.0,"gold_gain":0.0,"event_name":"Ghosts","player_choice":"Ignored","floor":22.0,"gold_loss":0.0,"damage_taken":0.0},{"damage_healed":0,"gold_gain":0,"player_choice":"Paid Gold","damage_taken":0,"relics_obtained":["White Beast Statue"],"max_hp_gain":0,"max_hp_loss":0,"event_name":"WeMeetAgain","floor":24,"gold_loss":61},{"damage_healed":0,"gold_gain":0,"player_choice":"Ignored","damage_taken":0,"max_hp_gain":0,"max_hp_loss":0,"event_name":"SecretPortal","floor":38,"gold_loss":0}],"is_beta":false,"boss_relics":[{"not_picked":["HolyWater","Busted Crown"],"picked":"Astrolabe"},{"not_picked":["Runic Dome","Sozu"],"picked":"Black Star"}],"items_purged_floors":[4,19],"is_endless":false,"potions_floor_spawned":[11,13,16,25,27,28,29,30,31,33,35,37,39],"killed_by":"3 Darklings","ascension_level":20}}