{"host":"0w69akqzy16si4rs","time":1607569820,"event":{"gold_per_floor":[116,116,116,134,147,147,183,183,236,271,295,339,352,375,375,498,498,522,500,500,523,523,523,27,45,45,45,79,79,79,101,101,209,209,231,257,257,259,283,318,339,339,339,356,380,380,3,3,3,105,105,117,117,111,104,125,153,159,159,159,112,112,85,85],"floor_reached":63,"playtime":3857,"items_purged":["Voices"],"score":776,"play_id":"dec2fba4-c16f-4e29-be15-4006a12d41d3","local_time":"20201209221020","is_ascension_mode":false,"campfire_choices":[{"data":"ReplayTheSpireMod:Chaos Vortex","floor":6.0,"key":"SMITH"},{"floor":15.0,"key":"REST"},{"floor":23.0,"key":"REST"},{"data":"Mayhem","floor":29.0,"key":"SMITH"},{"data":"Alpha","floor":32.0,"key":"SMITH"},{"floor":42.0,"key":"RECALL"},{"data":"DevaForm","floor":49,"key":"SMITH"},{"floor":59,"key":"REST"}],"neow_cost":"NONE","seed_source_timestamp":208843502168500,"circlet_count":0,"master_deck":["Strike_P","Strike_P","Defend_P","Defend_P","Defend_P","Defend_P","Eruption","Vigilance","ReachHeaven","Injury","ReplayTheSpireMod:Chaos Vortex+1","FollowUp","MentalFortress","Halt","SpiritShield","Halt","Study","PathToVictory+1","Halt","Alpha+1","ClearTheMind","EmptyMind+1","Prostrate","Mayhem+1","Halt","FollowUp","Halt+1","Scrawl","PathToVictory+1","Madness","Madness","WindmillStrike","DevaForm+1","Nirvana+1","PathToVictory+1","EmptyBody+1","SpiritShield","Protect","PathToVictory","Conclude","ClearTheMind","BowlingBash","Halt","Halt","Study"],"special_seed":0,"relics":["conspire:SeveredTorchhead","Bloody Idol","Replay:Rubber Ducky","Omamori","infinitespire:PuzzleCube","infinitespire:WardingShard","Replay:Ancient Bell","Gremlin Food","infinitespire:EmpoweringShard","CaptainsWheel","Enchiridion","Tiny Chest","Replay:Bandana","infinitespire:Midas Blood","Replay:Baseball","SlaversCollar","Blue Doll","Toy Ornithopter","Vajra","TheAbacus","Blood Vial","Painkiller Herb","Shuriken","The Courier"],"potions_floor_usage":[61],"damage_taken":[{"damage":0.0,"enemies":"Small Slimes","floor":1.0,"turns":2.0},{"damage":0.0,"enemies":"conspire:RoseBush","floor":4.0,"turns":6.0},{"damage":0.0,"enemies":"2 Louse","floor":5.0,"turns":2.0},{"damage":4.0,"enemies":"Gremlin Nob","floor":7.0,"turns":5.0},{"damage":2.0,"enemies":"Lagavulin","floor":10.0,"turns":4.0},{"damage":13.0,"enemies":"Large Slime","floor":11.0,"turns":7.0},{"damage":5.0,"enemies":"Replay:BlueRogue","floor":12.0,"turns":4.0},{"damage":0.0,"enemies":"Gremlin Gang","floor":13.0,"turns":8.0},{"damage":0.0,"enemies":"Looter","floor":14.0,"turns":3.0},{"damage":22.0,"enemies":"Hexaghost","floor":16.0,"turns":9.0},{"damage":4.0,"enemies":"3 Byrds","floor":18.0,"turns":5.0},{"damage":13.0,"enemies":"2 Thieves","floor":19.0,"turns":5.0},{"damage":33.0,"enemies":"3 Cultists","floor":21.0,"turns":10.0},{"damage":0.0,"enemies":"Centurion and Healer","floor":25.0,"turns":9.0},{"damage":0.0,"enemies":"Nightmare","floor":28.0,"turns":9.0},{"damage":4.0,"enemies":"Snake Plant","floor":31.0,"turns":5.0},{"damage":2.0,"enemies":"conspire:MysteriousRune","floor":33.0,"turns":14.0},{"damage":0.0,"enemies":"3 Shapes","floor":35.0,"turns":7.0},{"damage":0.0,"enemies":"Orb Walker","floor":39.0,"turns":6.0},{"damage":0.0,"enemies":"R_Hoarder","floor":40.0,"turns":7.0},{"damage":6.0,"enemies":"3 Darklings","floor":41.0,"turns":5.0},{"damage":0.0,"enemies":"Writhing Mass","floor":44.0,"turns":5.0},{"damage":43.0,"enemies":"Transient","floor":45.0,"turns":5.0},{"damage":7,"enemies":"Replay:Hell Engine","floor":50,"turns":12},{"damage":0,"enemies":"Small Slimes","floor":52,"turns":3},{"damage":0,"enemies":"Jaw Worm","floor":54,"turns":4},{"damage":0,"enemies":"Cultist","floor":55,"turns":4},{"damage":2,"enemies":"3 Louse","floor":56,"turns":2},{"damage":47,"enemies":"3 Sentries","floor":57,"turns":3},{"damage":0,"enemies":"2 Fungi Beasts","floor":58,"turns":4},{"damage":2,"enemies":"Exordium Thugs","floor":61,"turns":6},{"damage":9,"enemies":"Gremlin Gang","floor":62,"turns":4},{"damage":152,"enemies":"Nightmare","floor":63,"turns":6}],"seed_played":"-4476409793103067033","potions_obtained":[{"floor":10.0,"key":"BottledMiracle"},{"floor":11.0,"key":"Block Potion"},{"floor":12.0,"key":"GamblersBrew"},{"floor":13.0,"key":"Weak Potion"},{"floor":14.0,"key":"Regen Potion"},{"floor":21.0,"key":"Milkshake"},{"floor":25.0,"key":"BlessingOfTheForge"},{"floor":28.0,"key":"ColorlessPotion"},{"floor":30.0,"key":"BottledMiracle"},{"floor":30.0,"key":"SteroidPotion"},{"floor":30.0,"key":"DistilledChaos"},{"floor":41.0,"key":"SteroidPotion"},{"floor":50,"key":"Weak Potion"},{"floor":62,"key":"PowerPotion"}],"is_trial":false,"path_per_floor":["M","?","?","M","M","R","E","?","T","E","M","E","M","M","R","B",null,"M","M","?","M","?","R","$","M","T","?","NM","R","?","M","R","B",null,"M","T","?","?","M","E","M","R","T","M","M","?","$","T","R","B",null,"?","?","?","?","?","E","?","T","T","?","?","NM"],"character_chosen":"WATCHER","items_purchased":["Mayhem","Tiny Chest","Replay:Bandana","Vajra","TheAbacus"],"campfire_rested":3,"item_purchase_floors":[24,24,24,47,47],"current_hp_per_floor":[72,72,54,54,54,54,50,50,50,48,35,30,30,30,51,44,72,68,55,39,6,6,27,27,32,32,32,37,37,37,43,43,46,72,72,72,72,63,68,72,71,71,71,72,40,40,40,40,40,40,72,72,72,72,72,72,30,37,58,58,68,66,0,0],"gold":85,"neow_bonus":"BOSS_RELIC","is_prod":false,"is_daily":false,"chose_seed":false,"campfire_upgraded":4,"win_rate":0,"timestamp":1607569820,"path_taken":["M","?","?","M","M","R","E","?","T","E","M","E","M","M","R","BOSS","M","M","?","M","?","R","$","M","T","?","NM","R","?","?","R","BOSS","M","?","?","?","M","E","M","R","T","M","M","?","$","?","R","BOSS","?","?","?","?","?","E","?","T","T","?","?","NM"],"build_version":"2020-11-30","purchased_purges":1,"victory":false,"max_hp_per_floor":[72,72,72,72,72,72,72,72,72,72,72,72,72,72,72,72,72,72,72,72,72,72,72,72,72,72,72,72,72,72,72,72,72,72,72,72,72,72,72,72,72,72,72,72,72,72,72,72,72,72,72,72,72,72,72,72,72,72,72,72,72,72,72,72],"card_choices":[{"not_picked":["Replay:Vibes","Consecrate"],"picked":"ReachHeaven","floor":1.0},{"not_picked":["infinitespire:TheBestDefense","infinitespire:SevenWalls"],"picked":"ReplayTheSpireMod:Chaos Vortex","floor":3.0},{"not_picked":["Protect","Replay:BluntJabs"],"picked":"FollowUp","floor":4.0},{"not_picked":["TalkToTheHand","JustLucky"],"picked":"MentalFortress","floor":5.0},{"not_picked":["ForeignInfluence","Indignation"],"picked":"Halt","floor":7.0},{"not_picked":["Perseverance","EmptyFist"],"picked":"SpiritShield","floor":10.0},{"not_picked":["ForeignInfluence","CrushJoints"],"picked":"Halt","floor":11.0},{"not_picked":["InnerPeace","FlurryOfBlows"],"picked":"Study","floor":12.0},{"not_picked":["Meditate","Replay:BluntJabs"],"picked":"PathToVictory","floor":13.0},{"not_picked":["CrushJoints","Consecrate"],"picked":"Halt","floor":14.0},{"not_picked":["MasterReality","Replay:AllIn"],"picked":"Alpha","floor":16.0},{"not_picked":["ReplayTheSpireMod:Faulty Equipment","hermit:ImpendingDoom"],"picked":"Injury","floor":17.0},{"not_picked":["Voices","ReplayTheSpireMod:Splinters"],"picked":"Doubt","floor":17.0},{"not_picked":["Hallucinations","Decay"],"picked":"Voices","floor":17.0},{"not_picked":["Replay:Vibes","Replay:AtTheReady"],"picked":"ClearTheMind","floor":18.0},{"not_picked":["Protect","BattleHymn"],"picked":"EmptyMind+1","floor":19.0},{"not_picked":["Brilliance","SashWhip"],"picked":"Prostrate","floor":21.0},{"not_picked":["FlyingSleeves","ThirdEye"],"picked":"Halt","floor":25.0},{"not_picked":["Wallop","Conclude"],"picked":"FollowUp","floor":28.0},{"not_picked":["Vault","BattleHymn"],"picked":"Halt+1","floor":31.0},{"not_picked":["LessonLearned","Blasphemy"],"picked":"Scrawl","floor":33.0},{"not_picked":["Vengeance","EmptyFist"],"picked":"PathToVictory+1","floor":35.0},{"not_picked":["FlyingSleeves+1","SashWhip+1"],"picked":"WindmillStrike","floor":39.0},{"not_picked":["BattleHymn","WreathOfFlame+1"],"picked":"DevaForm","floor":40.0},{"not_picked":["EmptyBody+1","Protect"],"picked":"Nirvana+1","floor":41.0},{"not_picked":["SashWhip","Meditate"],"picked":"PathToVictory+1","floor":44.0},{"not_picked":["Replay:Anticipation+1","Weave+1"],"picked":"EmptyBody","floor":45.0},{"not_picked":["DeusExMachina","Judgement"],"picked":"SpiritShield","floor":50},{"not_picked":["DeceiveReality","Replay:AtTheReady"],"picked":"Protect","floor":52},{"not_picked":["CutThroughFate","Crescendo"],"picked":"PathToVictory","floor":54},{"not_picked":["Replay:ManipulateFuture","Weave"],"picked":"Conclude","floor":55},{"not_picked":["ThirdEye","Replay:AtTheReady"],"picked":"ClearTheMind","floor":56},{"not_picked":["SignatureMove","Replay:BluntJabs"],"picked":"BowlingBash","floor":57},{"not_picked":["FollowUp","Blasphemy"],"picked":"Halt","floor":58},{"not_picked":["FollowUp","EmptyMind"],"picked":"Halt","floor":61},{"not_picked":["CutThroughFate","Replay:ManipulateFuture"],"picked":"Study","floor":62}],"player_experience":302660,"relics_obtained":[{"floor":7.0,"key":"Replay:Rubber Ducky"},{"floor":9.0,"key":"Omamori"},{"floor":10.0,"key":"infinitespire:PuzzleCube"},{"floor":12.0,"key":"infinitespire:WardingShard"},{"floor":20.0,"key":"Enchiridion"},{"floor":26.0,"key":"infinitespire:Midas Blood"},{"floor":28.0,"key":"Replay:Baseball"},{"floor":40.0,"key":"Blue Doll"},{"floor":43.0,"key":"Toy Ornithopter"},{"floor":48,"key":"Blood Vial"},{"floor":57,"key":"Shuriken"},{"floor":60,"key":"The Courier"}],"event_choices":[{"damage_healed":0.0,"max_hp_gain":0.0,"max_hp_loss":0.0,"gold_gain":0.0,"event_name":"Golden Idol","player_choice":"Take Wound","floor":2.0,"gold_loss":0.0,"damage_taken":0.0,"relics_obtained":["Golden Idol"],"cards_obtained":["Injury"]},{"damage_healed":0.0,"max_hp_gain":0.0,"max_hp_loss":0.0,"gold_gain":0.0,"event_name":"Cursed Tome","player_choice":"Obtained Book","floor":20.0,"gold_loss":0.0,"damage_taken":16.0},{"damage_healed":0.0,"max_hp_gain":0.0,"max_hp_loss":0.0,"gold_gain":0.0,"event_name":"Forgotten Altar","player_choice":"Gave Idol","floor":22.0,"relics_lost":["Golden Idol"],"gold_loss":0.0,"damage_taken":0.0,"relics_obtained":["Bloody Idol"]},{"damage_healed":0.0,"max_hp_gain":0.0,"max_hp_loss":0.0,"gold_gain":0.0,"event_name":"Lab","player_choice":"Got Potions","floor":30.0,"gold_loss":0.0,"damage_taken":0.0},{"cards_removed":["Strike_P"],"damage_healed":0.0,"max_hp_gain":0.0,"max_hp_loss":0.0,"gold_gain":0.0,"event_name":"Falling","player_choice":"Removed Attack","floor":37.0,"gold_loss":0.0,"damage_taken":0.0},{"damage_healed":0.0,"max_hp_gain":0.0,"max_hp_loss":0.0,"gold_gain":0.0,"event_name":"Winding Halls","player_choice":"Embrace Madness","floor":38.0,"gold_loss":0.0,"damage_taken":9.0,"cards_obtained":["Madness","Madness"]},{"damage_healed":0,"gold_gain":0,"player_choice":"Ignored","damage_taken":0,"max_hp_gain":0,"max_hp_loss":0,"event_name":"Mysterious Sphere","floor":46,"gold_loss":0},{"damage_healed":0,"gold_gain":0,"player_choice":"Bought 0 Potions","damage_taken":0,"max_hp_gain":0,"max_hp_loss":0,"event_name":"The Woman in Blue","floor":53,"gold_loss":0}],"is_beta":false,"boss_relics":[{"not_picked":["Cursed Key","Runic Dome"],"picked":"Replay:Ancient Bell"},{"not_picked":["PreservedInsect","Bag of Preparation"],"picked":"Gremlin Food"},{"not_picked":["Replay:WaspNest","Kunai"],"picked":"infinitespire:EmpoweringShard"},{"not_picked":["TungstenRod","Replay:Kaleidoscope"],"picked":"CaptainsWheel"},{"not_picked":["Coffee Dripper","Honey Jar"],"picked":"SlaversCollar"},{"not_picked":["Runic Pyramid","VioletLotus"],"picked":"Painkiller Herb"}],"items_purged_floors":[47],"is_endless":true,"potions_floor_spawned":[10,11,12,13,14,21,25,28,31,35,41,50,52,56,62],"killed_by":"Nightmare","ascension_level":0}}