{"host":"rmsq46plbpwfbxcc","time":1607596463,"event":{"gold_per_floor":[17,17,30,43,8,8,8,8,8,34,50,64,80,99,99,174,174,186,186,186,204,204,204,232,232,285,285,313,75,92,92,92],"floor_reached":31,"playtime":834,"items_purged":["Strike_G+1"],"score":545,"play_id":"78fe537a-a646-4fee-a4cc-3c5e93091564","local_time":"20201210193423","is_ascension_mode":true,"campfire_choices":[{"data":"Neutralize","floor":6.0,"key":"SMITH"},{"data":"Finisher","floor":8.0,"key":"SMITH"},{"data":"After Image","floor":15.0,"key":"SMITH"},{"data":"After Image","floor":23,"key":"SMITH"},{"data":"Choke","floor":25,"key":"SMITH"},{"data":"Dagger Spray","floor":27,"key":"SMITH"}],"neow_cost":"NO_GOLD","seed_source_timestamp":1980993699729000,"circlet_count":0,"master_deck":["AscendersBane","Strike_G+1","Strike_G+1","Strike_G+1","Strike_G+1","Defend_G+1","Defend_G+1","Defend_G+1","Defend_G+1","Defend_G+1","Survivor","Neutralize+1","Envenom+1","Dagger Spray+1","Finisher+1","After Image+1","Backflip","After Image+1","Choke+1","Bane+1","PiercingWail","Blade Dance","Escape Plan","Backstab"],"special_seed":0,"relics":["Ring of the Snake","Toy Ornithopter","Mango","Coffee Dripper","Pear","Darkstone Periapt","Vajra","Art of War"],"potions_floor_usage":[28,28],"damage_taken":[{"damage":6.0,"enemies":"Small Slimes","floor":1.0,"turns":4.0},{"damage":0.0,"enemies":"Jaw Worm","floor":3.0,"turns":5.0},{"damage":1.0,"enemies":"Cultist","floor":4.0,"turns":3.0},{"damage":22.0,"enemies":"Lagavulin","floor":10.0,"turns":6.0},{"damage":0.0,"enemies":"Exordium Thugs","floor":11.0,"turns":5.0},{"damage":6.0,"enemies":"3 Louse","floor":12.0,"turns":2.0},{"damage":1.0,"enemies":"Blue Slaver","floor":13.0,"turns":5.0},{"damage":2.0,"enemies":"Gremlin Gang","floor":14.0,"turns":5.0},{"damage":40.0,"enemies":"Hexaghost","floor":16.0,"turns":12.0},{"damage":14,"enemies":"Spheric Guardian","floor":18,"turns":6},{"damage":3,"enemies":"Shell Parasite","floor":21,"turns":7},{"damage":36,"enemies":"Slavers","floor":24,"turns":7},{"damage":3,"enemies":"Book of Stabbing","floor":28,"turns":6},{"damage":7,"enemies":"Chosen and Byrds","floor":30,"turns":7},{"damage":0,"enemies":"Centurion and Healer","floor":31,"turns":1}],"seed_played":"2874710273083379571","potions_obtained":[{"floor":1.0,"key":"DuplicationPotion"},{"floor":7.0,"key":"Fruit Juice"},{"floor":7.0,"key":"ColorlessPotion"},{"floor":10.0,"key":"LiquidBronze"},{"floor":12.0,"key":"Fire Potion"},{"floor":16.0,"key":"Strength Potion"},{"floor":24,"key":"ColorlessPotion"}],"is_trial":false,"path_per_floor":["M","?","M","M","?","R","?","R","T","E","M","M","M","M","R","B",null,"M","?","?","M","T","R","E","R","T","R","E","$","M","M"],"character_chosen":"THE_SILENT","items_purchased":["Escape Plan","Backstab"],"campfire_rested":0,"item_purchase_floors":[29,29],"current_hp_per_floor":[53,53,53,52,66,66,71,71,71,63,63,57,56,59,59,24,70,56,56,31,28,38,38,2,2,2,2,9,9,2,2,2],"gold":92,"neow_bonus":"THREE_RARE_CARDS","is_prod":false,"is_daily":false,"chose_seed":false,"campfire_upgraded":6,"win_rate":0,"timestamp":1607596463,"path_taken":["M","?","M","M","?","R","?","R","T","E","M","?","M","M","R","BOSS","M","?","?","M","?","R","E","R","T","R","E","$","M","M"],"build_version":"2020-11-30","purchased_purges":1,"victory":false,"max_hp_per_floor":[66,66,66,66,66,66,71,71,71,85,85,85,85,85,85,85,85,85,85,90,90,100,100,100,100,100,100,100,100,100,100,100],"card_choices":[{"not_picked":["Burst","Venomology"],"picked":"Envenom","floor":0.0},{"not_picked":["Tactician","Bouncing Flask"],"picked":"Dagger Spray","floor":1.0},{"not_picked":["Backflip","Outmaneuver","Poisoned Stab"],"picked":"SKIP","floor":3.0},{"not_picked":["Deadly Poison","Accuracy"],"picked":"Finisher","floor":4.0},{"not_picked":["Heel Hook","Quick Slash"],"picked":"After Image","floor":10.0},{"not_picked":["Finisher","Deflect","Riddle With Holes"],"picked":"SKIP","floor":11.0},{"not_picked":["Expertise","Skewer"],"picked":"Backflip","floor":12.0},{"not_picked":["Expertise","Deflect","Catalyst"],"picked":"SKIP","floor":13.0},{"not_picked":["Poisoned Stab","Dodge and Roll","All Out Attack"],"picked":"SKIP","floor":14.0},{"not_picked":["Die Die Die","Wraith Form v2"],"picked":"After Image","floor":16.0},{"not_picked":["Bane+1","Underhanded Strike"],"picked":"Choke","floor":18},{"not_picked":["Outmaneuver","Backflip"],"picked":"Bane+1","floor":21},{"not_picked":["Leg Sweep","Catalyst"],"picked":"PiercingWail","floor":24},{"not_picked":["Die Die Die","Skewer"],"picked":"Blade Dance","floor":28},{"not_picked":["Setup","Sucker Punch","Finisher"],"picked":"SKIP","floor":30}],"player_experience":1307180,"relics_obtained":[{"floor":9.0,"key":"Toy Ornithopter"},{"floor":10.0,"key":"Mango"},{"floor":22,"key":"Pear"},{"floor":24,"key":"Darkstone Periapt"},{"floor":26,"key":"Vajra"},{"floor":28,"key":"Art of War"}],"event_choices":[{"damage_healed":0.0,"max_hp_gain":0.0,"max_hp_loss":0.0,"gold_gain":0.0,"event_name":"Living Wall","player_choice":"Grow","floor":2.0,"gold_loss":0.0,"damage_taken":0.0,"cards_upgraded":["Envenom"]},{"damage_healed":16.0,"max_hp_gain":0.0,"max_hp_loss":0.0,"gold_gain":0.0,"event_name":"The Cleric","player_choice":"Healed","floor":5.0,"gold_loss":35.0,"damage_taken":0.0},{"damage_healed":0.0,"max_hp_gain":0.0,"max_hp_loss":0.0,"gold_gain":0.0,"event_name":"Lab","player_choice":"Got Potions","floor":7.0,"gold_loss":0.0,"damage_taken":0.0},{"damage_healed":0,"gold_gain":0,"player_choice":"Simplicity","damage_taken":0,"max_hp_gain":0,"max_hp_loss":0,"event_name":"Back to Basics","floor":19,"gold_loss":0,"cards_upgraded":["Strike_G","Strike_G","Strike_G","Strike_G","Strike_G","Defend_G","Defend_G","Defend_G","Defend_G","Defend_G"]},{"damage_healed":0,"gold_gain":0,"player_choice":"Shed Blood","damage_taken":30,"max_hp_gain":5,"max_hp_loss":0,"event_name":"Forgotten Altar","floor":20,"gold_loss":0}],"is_beta":false,"boss_relics":[{"not_picked":["Ectoplasm","Astrolabe"],"picked":"Coffee Dripper"}],"items_purged_floors":[29],"is_endless":false,"potions_floor_spawned":[1,10,12,16,24],"killed_by":"Centurion and Healer","ascension_level":16}}