{"host":"dntw6kil9p09eemm","time":1607596008,"event":{"gold_per_floor":[114,127,127,143,163,163,178,178,203,215,215,232,232,44,44,146,146,157,170,85,185,195,195,195,195,195],"floor_reached":25,"playtime":1033,"items_purged":["Strike_B"],"score":245,"play_id":"b152f6ff-3441-46c8-bfa9-83853ae36490","local_time":"20201210192648","is_ascension_mode":false,"campfire_choices":[{"data":"Zap","floor":6,"key":"SMITH"},{"data":"Dualcast","floor":8,"key":"SMITH"},{"floor":11,"key":"REST"},{"data":"Ball Lightning","floor":15,"key":"SMITH"},{"floor":23,"key":"REST"}],"neow_cost":"","seed_source_timestamp":6100344525100,"circlet_count":0,"master_deck":["Strike_B","Defend_B","Defend_B","Defend_B","Zap+1","Dualcast+1","GalaxyChild","WallGazer","Ball Lightning+1","QueenOfHatred","Electrodynamics","Streamline","Steam Power+1","VoidDream","Leap","Buffer","Hologram+1","Multi-Cast+1","Auto Shields+1","ShyLook","Hologram","Conserve Battery+1"],"relics":["Cracked Core","CogitoBucket","Vajra","MerchantsRug","Astrolabe","DataDisk"],"potions_floor_usage":[16,22,22],"damage_taken":[{"damage":1,"enemies":"Jaw Worm","floor":1,"turns":3},{"damage":0,"enemies":"Cultist","floor":2,"turns":3},{"damage":7,"enemies":"Small Slimes","floor":4,"turns":2},{"damage":3,"enemies":"2 Fungi Beasts","floor":5,"turns":3},{"damage":18,"enemies":"Blue Slaver","floor":7,"turns":4},{"damage":28,"enemies":"Lots of Slimes","floor":10,"turns":3},{"damage":2,"enemies":"2 Fungi Beasts","floor":12,"turns":2},{"damage":4,"enemies":"Slime Boss","floor":16,"turns":4},{"damage":21,"enemies":"Shell Parasite","floor":18,"turns":4},{"damage":4,"enemies":"2 Thieves","floor":19,"turns":3},{"damage":43,"enemies":"Sentry and Sphere","floor":22,"turns":3},{"damage":53,"enemies":"Gremlin Leader","floor":25,"turns":5}],"seed_played":"7163253999050419008","potions_obtained":[{"floor":2,"key":"FocusPotion"},{"floor":4,"key":"PowerPotion"},{"floor":7,"key":"Weak Potion"},{"floor":16,"key":"Dexterity Potion"},{"floor":18,"key":"ColorlessPotion"},{"floor":19,"key":"DistilledChaos"}],"is_trial":false,"path_per_floor":["M","M","?","M","M","R","M","R","T","M","R","M","?","$","R","B",null,"M","M","?","?","M","R","$","E"],"character_chosen":"DEFECT","items_purchased":["MerchantsRug"],"campfire_rested":2,"item_purchase_floors":[14],"current_hp_per_floor":[74,74,74,67,64,64,55,55,55,33,55,59,44,44,44,46,75,57,59,59,59,16,38,38,0,0],"gold":195,"neow_bonus":"","is_prod":false,"is_daily":false,"chose_seed":false,"campfire_upgraded":3,"win_rate":0,"timestamp":1607596008,"path_taken":["M","M","?","M","?","R","M","R","T","M","R","M","?","$","R","BOSS","M","M","?","?","M","R","$","E"],"build_version":"2020-11-30","purchased_purges":1,"victory":false,"max_hp_per_floor":[75,75,75,75,75,75,75,75,75,75,75,75,75,75,75,75,75,75,75,75,75,75,75,75,75,75],"card_choices":[{"not_picked":["Coolheaded","Undo","Genetic Algorithm"],"picked":"SKIP","floor":1},{"not_picked":["CherryBlossoms","Murderer"],"picked":"GalaxyChild","floor":2},{"not_picked":["Blizzard","Consume","Compile Driver"],"picked":"SKIP","floor":2},{"not_picked":["Freischutz","DreamingCurrent"],"picked":"WallGazer","floor":4},{"not_picked":["Conserve Battery","Beam Cell"],"picked":"Ball Lightning","floor":4},{"not_picked":["OldLady","MeatLantern"],"picked":"QueenOfHatred","floor":5},{"not_picked":["Redo","Chaos"],"picked":"Electrodynamics","floor":5},{"not_picked":["Cold Snap","Force Field"],"picked":"Streamline","floor":7},{"not_picked":["Coolheaded","Compile Driver"],"picked":"Steam Power","floor":10},{"not_picked":["BigBird","GreedKing","DespairKnight"],"picked":"Singing Bowl","floor":12},{"not_picked":["ShyLook","CrumblingArmor"],"picked":"VoidDream","floor":12},{"not_picked":["Streamline","Rebound"],"picked":"Leap","floor":12},{"not_picked":["Electrodynamics","Reboot"],"picked":"Buffer","floor":16},{"not_picked":["Wellcheers","DreamingCurrent"],"picked":"ShyLook","floor":18},{"not_picked":["Stack","Cold Snap"],"picked":"Hologram","floor":18},{"not_picked":["Compile Driver","Fusion","Multi-Cast"],"picked":"SKIP","floor":19},{"not_picked":["Streamline","Coolheaded"],"picked":"Conserve Battery+1","floor":22}],"player_experience":260446,"relics_obtained":[{"floor":9,"key":"Vajra"}],"event_choices":[{"damage_healed":0,"gold_gain":0,"player_choice":"Upgraded","damage_taken":0,"max_hp_gain":0,"max_hp_loss":0,"event_name":"Upgrade Shrine","floor":3,"gold_loss":0,"cards_upgraded":["Strike_B"]},{"damage_healed":0,"gold_gain":0,"player_choice":"Entered Light","damage_taken":15,"max_hp_gain":0,"max_hp_loss":0,"event_name":"Shining Light","floor":13,"gold_loss":0,"cards_upgraded":["Steam Power","Strike_B"]},{"damage_healed":0,"gold_gain":0,"player_choice":"Obtained Relic","damage_taken":0,"relics_obtained":["DataDisk"],"max_hp_gain":0,"max_hp_loss":0,"event_name":"Addict","floor":20,"gold_loss":85},{"damage_healed":0,"gold_gain":100,"player_choice":"Pray","damage_taken":0,"max_hp_gain":0,"max_hp_loss":0,"event_name":"Golden Shrine","floor":21,"gold_loss":0}],"is_beta":false,"boss_relics":[{"not_picked":["Runic Pyramid","Tiny House"],"picked":"Astrolabe"}],"items_purged_floors":[14],"is_endless":false,"potions_floor_spawned":[2,4,7,16,18,19],"killed_by":"Gremlin Leader","ascension_level":0}}