{"host":"kqqjvufdj6ouyvqb","time":1607572360,"event":{"gold_per_floor":[80,80,97,97,97,40,59,59,59,94,94,104,120,147,157,176,176,176,176],"floor_reached":18,"playtime":1089,"items_purged":[],"score":205,"play_id":"972a2bf6-1718-4860-a1d5-e9c214063e8a","local_time":"20201210115240","is_ascension_mode":true,"campfire_choices":[{"floor":8,"key":"RECALL"},{"data":"Hololive_OvertimeWork","floor":17,"key":"SMITH"}],"neow_cost":"NONE","seed_source_timestamp":859014379903200,"circlet_count":0,"master_deck":["Hololive_Strike","Hololive_Strike","Hololive_Strike","Hololive_Strike","Hololive_Defend","Hololive_Defend","Hololive_Defend","Hololive_Defend","Hololive_Sequa","Hololive_Rebound","Hololive_BeCareful","Hololive_Rebound","Decay","Calculated Gamble","Hololive_ManjiGathering","Hololive_ManjiGathering","Hololive_OvertimeWork+1","expansioncontent:CaCaw","Evaluate","PrismaMod:IllyaRubysPotion"],"relics":["Hololive_TheStar","Hololive_OneManArmy","LetterFromLob","PrismaticShard","ReplayTheSpireMod:TigerMarble","Replay:Mystery Machine","ReplayTheSpireMod:Ninjato"],"potions_floor_usage":[10,10,18,18],"damage_taken":[{"damage":0,"enemies":"2 Louse","floor":1,"turns":2},{"damage":0,"enemies":"Small Slimes","floor":3,"turns":3},{"damage":0,"enemies":"Cultist","floor":7,"turns":2},{"damage":4,"enemies":"Lagavulin","floor":10,"turns":4},{"damage":0,"enemies":"Large Slime","floor":12,"turns":5},{"damage":0,"enemies":"Blue Slaver","floor":13,"turns":3},{"damage":7,"enemies":"Replay:BlueRogue","floor":14,"turns":5},{"damage":0,"enemies":"Looter","floor":15,"turns":2},{"damage":0,"enemies":"Exordium Wildlife","floor":16,"turns":2},{"damage":87,"enemies":"Fading Forest","floor":18,"turns":10}],"seed_played":"-2741756569210632377","potions_obtained":[{"floor":1,"key":"BlessingOfTheForge"},{"floor":3,"key":"Block Potion"},{"floor":7,"key":"Fire Potion"},{"floor":16,"key":"Languid Potion"}],"is_trial":false,"path_per_floor":["M","?","M","PTL","PTL","$","M","R","?","E","T","M","M","E","M","M","R","B"],"character_chosen":"Hololive_HololiveCharacter","items_purchased":["Hololive_ManjiGathering"],"campfire_rested":0,"item_purchase_floors":[6],"current_hp_per_floor":[35,35,35,35,35,35,35,35,35,31,31,31,31,24,24,24,24,0,0],"gold":176,"neow_bonus":"ONE_RANDOM_RARE_CARD","is_prod":false,"is_daily":false,"chose_seed":false,"campfire_upgraded":1,"win_rate":0,"timestamp":1607572360,"path_taken":["M","?","M","PTL","PTL","$","M","R","?","E","T","M","M","E","M","?","R","BOSS"],"build_version":"2020-11-30","purchased_purges":0,"victory":false,"max_hp_per_floor":[35,35,35,35,35,35,35,35,35,35,35,35,35,35,35,35,35,35,35],"card_choices":[{"not_picked":["Hololive_CallInugamiKorone","Hololive_HuntDinosaur","Hololive_Teleport"],"picked":"Hololive_Rebound","floor":1},{"not_picked":["Guardian:Gem_Green","Slimebound:SplitLeeching","CutThroughFate"],"picked":"Calculated Gamble","floor":3},{"not_picked":["Compile Driver","Evaluate","expansioncontent:ManipulateTime"],"picked":"Hololive_OvertimeWork","floor":7},{"not_picked":["CUTE","Thunderclap","animator:MamizouFutatsuiwa"],"picked":"expansioncontent:CaCaw","floor":10},{"not_picked":["FourthMatchFlame","animator:Mitsurugi","Replay:Many Hands"],"picked":"Evaluate","floor":12},{"not_picked":["BootSequence","animator:NarberalGamma","sneckomod:UnknownBlock","Gash"],"picked":"SKIP","floor":13},{"not_picked":["animator:UneriGinkaku","Slimebound:DouseInSlime","PrismaMod:IllyaInstallCaster","sneckomod:SoulRoll"],"picked":"SKIP","floor":14},{"not_picked":["Penitence","PrismaMod:ChloeCheapAttackTwo","Dagger Spray"],"picked":"PrismaMod:IllyaRubysPotion","floor":15},{"not_picked":["animator:Boros","expansioncontent:Hexaburn","Slimebound:DisruptingSlam","Hololive_RevenueBasedLive"],"picked":"SKIP","floor":16}],"player_experience":146629,"relics_obtained":[{"floor":1,"key":"LetterFromLob"},{"floor":9,"key":"ReplayTheSpireMod:TigerMarble"},{"floor":10,"key":"Replay:Mystery Machine"},{"floor":14,"key":"ReplayTheSpireMod:Ninjato"}],"event_choices":[{"damage_healed":0,"gold_gain":0,"player_choice":"Relic","damage_taken":0,"max_hp_gain":0,"max_hp_loss":0,"event_name":"Wheel of Change","floor":9,"gold_loss":0}],"is_beta":false,"boss_relics":[],"items_purged_floors":[],"is_endless":false,"potions_floor_spawned":[1,3,7,16],"killed_by":"Fading Forest","ascension_level":5}}