{"host":"uzcks4yhskks9i02","time":1607622879,"event":{"mods":["BaseMod","Minty Spire (QoL Compilation)","Quick Restart"],"gold_per_floor":[113,126,126,5,5,5,33,33,84,114,133,143,176,176,176,278,278,298,298,258,276,295,325,325,357,403,403,431,167,200,212,212,309,309,325,325,325,65,77,112,112,112,139,139,166,13,23,23,23,23],"floor_reached":51,"playtime":2920,"items_purged":["Pain"],"score":1408,"play_id":"5eda668b-52a9-47c0-b1b0-da490344c02b","local_time":"20201210105439","is_ascension_mode":true,"campfire_choices":[{"floor":6.0,"key":"REST"},{"floor":8.0,"key":"REST"},{"data":"Jack Of All Trades","floor":15.0,"key":"SMITH"},{"floor":24.0,"key":"REST"},{"floor":32.0,"key":"REST"},{"data":"Establishment","floor":41.0,"key":"SMITH"},{"data":"DeusExMachina","floor":44.0,"key":"SMITH"},{"floor":49.0,"key":"REST"}],"circlet_count":0,"master_deck":["AscendersBane","Strike_P","Strike_P","Strike_P+1","Strike_P","Defend_P","Defend_P","Defend_P","Defend_P","Eruption","Vigilance","WindmillStrike","WheelKick","LessonLearned+1","Consecrate+1","Eruption+1","Vengeance","Jack Of All Trades+1","Judgement+1","ConjureBlade+1","FollowUp+1","Tantrum+1","CarveReality+1","WindmillStrike+1","Ragnarok+1","CurseOfTheBell","JustLucky+1","Vengeance+1","Consecrate+1","Ragnarok+1","Establishment+1","ConjureBlade","FollowUp+1","FollowUp+1","Adaptation","DeusExMachina+1","Madness","Madness","WreathOfFlame+1","BattleHymn+1","Wish+1","Consecrate+1"],"special_seed":0,"relics":["PureWater","NeowsBlessing","Molten Egg 2","HornCleat","Orichalcum","Pantograph","Anchor","InkBottle","Calling Bell","Potion Belt","Eternal Feather","GoldenEye","Question Card","Shuriken","Regal Pillow","WarpedTongs","Kunai","Cauldron","Ancient Tea Set","SacredBark","Toxic Egg 2","Ice Cream","Vajra","Mercury Hourglass","Oddly Smooth Stone"],"acts_visited":["Exordium","TheCity","TheBeyond"],"potions_floor_usage":[50],"damage_taken":[{"damage":0.0,"enemies":"Cultist","floor":1.0,"turns":1.0},{"damage":0.0,"enemies":"Small Slimes","floor":2.0,"turns":1.0},{"damage":0.0,"enemies":"3 Sentries","floor":7.0,"turns":1.0},{"damage":0.0,"enemies":"Lagavulin","floor":10.0,"turns":4.0},{"damage":0.0,"enemies":"2 Louse","floor":11.0,"turns":2.0},{"damage":11.0,"enemies":"Lots of Slimes","floor":12.0,"turns":3.0},{"damage":4.0,"enemies":"3 Sentries","floor":13.0,"turns":3.0},{"damage":0.0,"enemies":"Slime Boss","floor":16.0,"turns":4.0},{"damage":12.0,"enemies":"2 Thieves","floor":18.0,"turns":2.0},{"damage":0.0,"enemies":"Spheric Guardian","floor":21.0,"turns":1.0},{"damage":33.0,"enemies":"Centurion and Healer","floor":22.0,"turns":5.0},{"damage":22.0,"enemies":"Book of Stabbing","floor":23.0,"turns":4.0},{"damage":25.0,"enemies":"Slavers","floor":25.0,"turns":2.0},{"damage":23.0,"enemies":"Gremlin Leader","floor":28.0,"turns":4.0},{"damage":0.0,"enemies":"Slavers","floor":30.0,"turns":1.0},{"damage":0.0,"enemies":"Snake Plant","floor":31.0,"turns":2.0},{"damage":58.0,"enemies":"Automaton","floor":33.0,"turns":5.0},{"damage":0.0,"enemies":"3 Darklings","floor":35.0,"turns":2.0},{"damage":1.0,"enemies":"3 Shapes","floor":39.0,"turns":3.0},{"damage":8.0,"enemies":"Giant Head","floor":40.0,"turns":2.0},{"damage":57.0,"enemies":"Nemesis","floor":45.0,"turns":7.0},{"damage":48.0,"enemies":"Jaw Worm Horde","floor":47.0,"turns":4.0},{"damage":24,"enemies":"Donu and Deca","floor":50,"turns":5}],"seed_played":"4863818968124286090","potions_obtained":[{"floor":10.0,"key":"LiquidBronze"},{"floor":12.0,"key":"LiquidBronze"},{"floor":16.0,"key":"FairyPotion"},{"floor":22.0,"key":"LiquidBronze"},{"floor":23.0,"key":"FearPotion"},{"floor":29.0,"key":"FairyPotion"},{"floor":29.0,"key":"DistilledChaos"},{"floor":29.0,"key":"SkillPotion"},{"floor":29.0,"key":"GamblersBrew"},{"floor":30.0,"key":"Regen Potion"},{"floor":39.0,"key":"PowerPotion"},{"floor":47.0,"key":"SteroidPotion"}],"is_trial":false,"path_per_floor":["M","M","?","$","?","R","E","R","T","E","M","M","E","?","R","B",null,"M","?","?","M","M","E","R","E","T","?","E","$","E","M","R","B",null,"M","?","?","$","M","E","R","?","T","R","E","$","M","$","R","B",null],"character_chosen":"WATCHER","items_purchased":["LessonLearned+1","Consecrate+1","Cauldron","FollowUp+1","Toxic Egg 2","Oddly Smooth Stone"],"campfire_rested":5,"item_purchase_floors":[4,4,29,29,38,46],"current_hp_per_floor":[65,65,23,23,23,44,44,65,65,65,65,54,50,50,50,72,72,60,47,47,47,14,23,64,39,39,39,16,16,16,21,77,19,63,63,53,53,53,52,44,68,68,68,77,20,20,31,31,77,53],"gold":23,"neow_bonus":"THREE_ENEMY_KILL","is_daily":false,"chose_seed":false,"campfire_upgraded":3,"win_rate":0,"timestamp":1607622879,"path_taken":["M","?","?","$","?","R","E","R","T","E","?","M","E","?","R","BOSS","M","?","?","?","M","E","R","E","T","?","E","$","E","M","R","BOSS","M","?","?","$","M","E","R","?","T","R","E","$","M","?","R","BOSS"],"build_version":"2020-11-30","purchased_purges":1,"victory":true,"max_hp_per_floor":[72,72,72,72,72,72,72,72,72,72,72,72,72,72,72,72,72,72,77,77,77,77,77,77,77,77,77,77,77,77,77,77,77,77,77,77,77,77,77,77,77,77,77,77,77,77,77,77,77,77],"card_choices":[{"not_picked":["FlyingSleeves","CarveReality"],"picked":"WindmillStrike","floor":1.0},{"not_picked":["BowlingBash","FollowUp"],"picked":"WheelKick","floor":2.0},{"not_picked":["LikeWater","BowlingBash+1"],"picked":"ConjureBlade","floor":7.0},{"not_picked":["Evaluate","Adaptation"],"picked":"FollowUp+1","floor":10.0},{"not_picked":["Evaluate","JustLucky+1"],"picked":"Tantrum+1","floor":11.0},{"not_picked":["ClearTheMind","ThirdEye"],"picked":"CarveReality+1","floor":12.0},{"not_picked":["EmptyMind","Halt"],"picked":"WindmillStrike+1","floor":13.0},{"not_picked":["DevaForm","ConjureBlade"],"picked":"Ragnarok+1","floor":16.0},{"not_picked":["Sanctity+1","CrushJoints+1"],"picked":"JustLucky+1","floor":18.0},{"not_picked":["FlurryOfBlows+1","Crescendo"],"picked":"Vengeance+1","floor":21.0},{"not_picked":["MentalFortress+1","EmptyBody+1"],"picked":"Consecrate+1","floor":22.0},{"not_picked":["Study+1","Indignation"],"picked":"Ragnarok+1","floor":23.0},{"not_picked":["CrushJoints+1","Evaluate+1","FlyingSleeves+1"],"picked":"Establishment","floor":25.0},{"not_picked":["Pray+1","FlyingSleeves+1","CrushJoints+1"],"picked":"ConjureBlade","floor":28.0},{"not_picked":["CutThroughFate+1","Crescendo","EmptyBody+1"],"picked":"FollowUp+1","floor":30.0},{"not_picked":["EmptyMind","Protect","ClearTheMind"],"picked":"Adaptation","floor":31.0},{"not_picked":["Blasphemy","MasterReality","Wish"],"picked":"DeusExMachina","floor":33.0},{"not_picked":["Protect","ThirdEye","EmptyBody"],"picked":"BowlingBash+1","floor":35.0},{"not_picked":["Halt+1","Perseverance+1","MasterReality"],"picked":"WreathOfFlame+1","floor":39.0},{"not_picked":["Nirvana+1","ClearTheMind+1","Prostrate+1"],"picked":"BattleHymn+1","floor":40.0},{"not_picked":["Worship+1","SpiritShield+1","Fasting2"],"picked":"Wish+1","floor":45.0},{"not_picked":["PathToVictory+1","ClearTheMind+1","CutThroughFate+1"],"picked":"Consecrate+1","floor":47.0}],"player_experience":426651,"relics_obtained":[{"floor":7.0,"key":"HornCleat"},{"floor":9.0,"key":"Orichalcum"},{"floor":10.0,"key":"Pantograph"},{"floor":13.0,"key":"Anchor"},{"floor":17.0,"key":"Potion Belt"},{"floor":17.0,"key":"Eternal Feather"},{"floor":17.0,"key":"GoldenEye"},{"floor":23.0,"key":"Question Card"},{"floor":25.0,"key":"Shuriken"},{"floor":26.0,"key":"Regal Pillow"},{"floor":28.0,"key":"Kunai"},{"floor":30.0,"key":"Ancient Tea Set"},{"floor":40.0,"key":"Ice Cream"},{"floor":43.0,"key":"Vajra"},{"floor":45.0,"key":"Mercury Hourglass"}],"event_choices":[{"damage_healed":0.0,"max_hp_gain":0.0,"max_hp_loss":0.0,"gold_gain":0.0,"event_name":"Scrap Ooze","player_choice":"Success","floor":3.0,"gold_loss":0.0,"damage_taken":42.0,"relics_obtained":["Molten Egg 2"]},{"damage_healed":0.0,"max_hp_gain":0.0,"max_hp_loss":0.0,"gold_gain":0.0,"event_name":"Match and Keep!","player_choice":"4 cards matched","floor":5.0,"gold_loss":0.0,"damage_taken":0.0,"cards_obtained":["Eruption","Vengeance","Jack Of All Trades","Judgement"]},{"damage_healed":0.0,"max_hp_gain":0.0,"max_hp_loss":0.0,"gold_gain":0.0,"event_name":"Dead Adventurer","player_choice":"Searched \u00271\u0027 times","floor":14.0,"gold_loss":0.0,"damage_taken":0.0,"relics_obtained":["InkBottle"]},{"damage_healed":0.0,"max_hp_gain":5.0,"max_hp_loss":0.0,"gold_gain":0.0,"event_name":"Forgotten Altar","player_choice":"Shed Blood","floor":19.0,"gold_loss":0.0,"damage_taken":18.0},{"damage_healed":0.0,"max_hp_gain":0.0,"max_hp_loss":0.0,"gold_gain":0.0,"event_name":"Designer","player_choice":"Upgrade","floor":20.0,"gold_loss":40.0,"damage_taken":0.0,"cards_upgraded":["Judgement"]},{"damage_healed":0.0,"max_hp_gain":0.0,"max_hp_loss":0.0,"gold_gain":0.0,"event_name":"Accursed Blacksmith","player_choice":"Rummage","floor":27.0,"gold_loss":0.0,"damage_taken":0.0,"relics_obtained":["WarpedTongs"],"cards_obtained":["Pain"]},{"damage_healed":0.0,"max_hp_gain":0.0,"max_hp_loss":0.0,"gold_gain":0.0,"event_name":"Winding Halls","player_choice":"Embrace Madness","floor":36.0,"gold_loss":0.0,"damage_taken":10.0,"cards_obtained":["Madness","Madness"]},{"damage_healed":0.0,"max_hp_gain":0.0,"max_hp_loss":0.0,"gold_gain":0.0,"event_name":"Mysterious Sphere","player_choice":"Ignored","floor":37.0,"gold_loss":0.0,"damage_taken":0.0},{"cards_removed":["BowlingBash"],"damage_healed":0.0,"max_hp_gain":0.0,"max_hp_loss":0.0,"gold_gain":0.0,"event_name":"Falling","player_choice":"Removed Attack","floor":42.0,"gold_loss":0.0,"damage_taken":0.0}],"is_beta":false,"boss_relics":[{"not_picked":["Runic Pyramid","Runic Dome"],"picked":"Calling Bell"},{"not_picked":["Coffee Dripper","Tiny House"],"picked":"SacredBark"}],"items_purged_floors":[29],"is_endless":false,"potions_floor_spawned":[10,12,16,22,23,30,39,47],"ascension_level":10}}