{"host":"hzyv8pm5uot6l4n9","time":1607625628,"event":{"mods":["BaseMod","StSLib","Aspiration","Replay The Spire","Minty Spire (QoL Compilation)","Dota2Spire","The Dragon Tamer","Act Like it!","Better Note","Better Third Choice","BetterRewards","Conspire","Energized Spire","GifTheSpireLib","Halation","Hallownest","QueenMod","Quick Restart","Stuff the Spire","vexMod","The Cursed","The Servant 0.9.4"],"gold_per_floor":[110,61,161,176,196,231,231,256,279,279,279,306,316,334,334,334,434,434,446,466,86,186,186,186,206,206,206,206],"floor_reached":27,"playtime":1394,"items_purged":["Regret"],"score":269,"play_id":"3449b5d6-e3df-4b5d-9f87-ebf19458c254","local_time":"20201210194028","is_ascension_mode":true,"campfire_choices":[{"data":"QueenMod:Infest","floor":7,"key":"SMITH"},{"data":"QueenMod:PopulateOrder","floor":11,"key":"SMITH"},{"floor":16,"key":"REST"},{"floor":26,"key":"REST"}],"circlet_count":0,"master_deck":["QueenMod:Strike","QueenMod:Strike","QueenMod:Strike","QueenMod:Strike","QueenMod:Defend","QueenMod:Defend","QueenMod:Defend","QueenMod:Defend","QueenMod:QuickJabs","QueenMod:Recruit","Replay:Bootleg Shield Generator","QueenMod:Infest+1","QueenMod:PopulateOrder+1","QueenMod:HoldPosition","QueenMod:Advisor","QueenMod:Feast+1","QueenMod:SplitStrike","QueenMod:Charge","QueenMod:MatingDance","QueenMod:IAmTheSwarm","QueenMod:Gather","QueenMod:Mark","QueenMod:Mark","QueenMod:GatheringSwarm"],"relics":["QueenMod:QueensBanner","Pantograph","halation:QuantumPhysicsTextbook","StuffTheSpire:RedRose","StuffTheSpire:OldFever","halation:PinkSoulGem","energizedSpire:NeverEndingSparkler","Replay:Bottled Eggs"],"acts_visited":["Exordium","TheCity"],"potions_floor_usage":[19,27,27],"damage_taken":[{"damage":0,"enemies":"Cultist","floor":1,"turns":4},{"damage":2,"enemies":"Small Slimes","floor":4,"turns":4},{"damage":0,"enemies":"Jaw Worm","floor":5,"turns":6},{"damage":0,"enemies":"Lagavulin","floor":6,"turns":10},{"damage":18,"enemies":"Gremlin Nob","floor":8,"turns":4},{"damage":22,"enemies":"3 Sentries","floor":12,"turns":8},{"damage":2,"enemies":"Exordium Wildlife","floor":13,"turns":3},{"damage":11,"enemies":"Exordium Thugs","floor":14,"turns":5},{"damage":19,"enemies":"The Guardian","floor":17,"turns":8},{"damage":10,"enemies":"2 Thieves","floor":19,"turns":4},{"damage":24,"enemies":"Spheric Guardian","floor":20,"turns":5},{"damage":27,"enemies":"Centurion and Healer","floor":25,"turns":5},{"damage":46,"enemies":"Slavers","floor":27,"turns":3}],"seed_played":"2772984768910304379","potions_obtained":[{"floor":4,"key":"Dota2Spire:Clarity"},{"floor":5,"key":"Milkshake"},{"floor":13,"key":"Swift Potion"},{"floor":20,"key":"Dota2Spire:HealingSalve"}],"is_trial":false,"path_per_floor":["M","$","?","M","M","E","R","E","T","?","R","E","M","M","R","R","B",null,"M","M","$","?","PTL","PTL","M","R","E"],"character_chosen":"THE_QUEEN","items_purchased":["QueenMod:PopulateOrder","QueenMod:Mark","Replay:Bottled Eggs"],"campfire_rested":2,"item_purchase_floors":[2,21,21],"current_hp_per_floor":[75,75,75,73,73,73,73,55,55,55,55,33,31,20,20,42,48,75,65,41,41,41,41,41,14,36,0,0],"gold":206,"neow_bonus":"RANDOM_COLORLESS","is_daily":false,"chose_seed":false,"campfire_upgraded":2,"win_rate":0,"timestamp":1607625628,"path_taken":["M","$","?","M","M","E","R","E","T","?","R","E","M","M","R","R","BOSS","M","M","$","?","PTL","PTL","M","R","E"],"build_version":"2020-11-30","purchased_purges":1,"victory":false,"max_hp_per_floor":[75,75,75,75,75,75,75,75,75,75,75,75,75,75,75,75,75,75,75,75,75,75,75,75,75,75,75,75],"card_choices":[{"not_picked":["Survey Options","Forethought"],"picked":"Replay:Bootleg Shield Generator","floor":0},{"not_picked":["QueenMod:Conscripts","QueenMod:Fleche"],"picked":"QueenMod:Infest","floor":1},{"not_picked":["QueenMod:HiveNetwork","QueenMod:Fleche"],"picked":"QueenMod:HoldPosition","floor":3},{"not_picked":["QueenMod:StrategicGenius","QueenMod:AttackOrder","QueenMod:Fortify"],"picked":"SKIP","floor":4},{"not_picked":["QueenMod:CrossGuard","QueenMod:Regroup"],"picked":"QueenMod:Advisor","floor":5},{"not_picked":["QueenMod:Gather","QueenMod:Mark"],"picked":"QueenMod:Feast","floor":6},{"not_picked":["QueenMod:CrossGuard","QueenMod:Parry"],"picked":"QueenMod:SplitStrike","floor":8},{"not_picked":["QueenMod:Rally","QueenMod:PerfectLanding"],"picked":"QueenMod:Charge","floor":12},{"not_picked":["QueenMod:Fleche","QueenMod:Knighting","QueenMod:CrossGuard"],"picked":"SKIP","floor":13},{"not_picked":["QueenMod:WarTrumpet","QueenMod:Parry"],"picked":"QueenMod:MatingDance","floor":14},{"not_picked":["QueenMod:HoneyShield","QueenMod:RoyalOrder"],"picked":"QueenMod:IAmTheSwarm","floor":17},{"not_picked":["QueenMod:Reinforcements","QueenMod:PollenBlast"],"picked":"QueenMod:Gather","floor":19},{"not_picked":["QueenMod:Rally","QueenMod:Flyby","QueenMod:MatingDance"],"picked":"SKIP","floor":20},{"not_picked":["QueenMod:CrossGuard","QueenMod:DefendOrder"],"picked":"QueenMod:Mark","floor":22},{"not_picked":["QueenMod:Feast","QueenMod:Ambush"],"picked":"QueenMod:GatheringSwarm","floor":25}],"player_experience":463567,"relics_obtained":[{"floor":6,"key":"Pantograph"},{"floor":8,"key":"halation:QuantumPhysicsTextbook"},{"floor":12,"key":"StuffTheSpire:OldFever"}],"event_choices":[],"is_beta":false,"boss_relics":[{"not_picked":["Ectoplasm","Replay:Drink Me"],"picked":"energizedSpire:NeverEndingSparkler"}],"items_purged_floors":[21],"is_endless":false,"potions_floor_spawned":[4,5,13,20],"killed_by":"Slavers","ascension_level":1}}