{"host":"r3islh0l1a1ykxfu","time":1607637787,"event":{"mods":["BaseMod","Highlight Path","Colored Map","Colored Powertips","Bestiary","Minty Spire (QoL Compilation)","Relic Stats","Slay-I"],"gold_per_floor":[109,284,140,155,1,1,32,44,44,44,75,75,103,103,103,205,205,216,216,216,227,290,329,329,379,379,22,92,92,38,62,62,167,194,213,263,274,324,344,388,388,415,415,441,509,523,541,10,10,10,10],"floor_reached":50,"playtime":15567,"items_purged":["Doubt","Defend_G","Defend_G","Defend_G"],"score":728,"play_id":"52168ed7-c472-4b0c-a70b-a33ef4d1231b","local_time":"20201210160307","is_ascension_mode":true,"campfire_choices":[{"data":"Dagger Throw","floor":6.0,"key":"SMITH"},{"floor":10.0,"key":"REST"},{"floor":12.0,"key":"REST"},{"floor":15.0,"key":"REST"},{"floor":24.0,"key":"RECALL"},{"floor":29.0,"key":"REST"},{"floor":32.0,"key":"REST"},{"floor":41.0,"key":"REST"},{"floor":49,"key":"REST"}],"circlet_count":0,"master_deck":["Survivor","Neutralize","Well Laid Plans","Deadly Poison","Dagger Throw+1","Bouncing Flask","Bane+1","Noxious Fumes","Adrenaline","Cloak And Dagger","Masterful Stab+1","Poisoned Stab+1","Catalyst+1","Dagger Throw+1","Bane+1","Noxious Fumes","Metallicize+1","Self Repair","Feed+1","Infinite Blades+1","Crippling Poison+1","Prepared+1","Deadly Poison+1","Envenom","Self Repair+1","Bane+1","Poisoned Stab+1"],"special_seed":0,"relics":["Ring of the Snake","Incense Burner","Molten Egg 2","Ornamental Fan","Du-Vu Doll","Ninja Scroll","Fusion Hammer","SsserpentHead","CeramicFish","PrismaticShard","Astrolabe","Gremlin Horn","Bottled Tornado","HornCleat","Blood Vial"],"acts_visited":[],"potions_floor_usage":[48],"damage_taken":[{"damage":2.0,"enemies":"2 Louse","floor":1.0,"turns":3.0},{"damage":2.0,"enemies":"Small Slimes","floor":4.0,"turns":5.0},{"damage":25.0,"enemies":"Gremlin Nob","floor":7.0,"turns":4.0},{"damage":0.0,"enemies":"Cultist","floor":8.0,"turns":3.0},{"damage":13.0,"enemies":"Lagavulin","floor":11.0,"turns":5.0},{"damage":37.0,"enemies":"3 Sentries","floor":13.0,"turns":8.0},{"damage":23.0,"enemies":"The Guardian","floor":16.0,"turns":7.0},{"damage":0.0,"enemies":"3 Byrds","floor":18.0,"turns":4.0},{"damage":0.0,"enemies":"2 Thieves","floor":21.0,"turns":2.0},{"damage":0.0,"enemies":"Chosen and Byrds","floor":22.0,"turns":4.0},{"damage":14.0,"enemies":"Slavers","floor":23.0,"turns":5.0},{"damage":14.0,"enemies":"Centurion and Healer","floor":28.0,"turns":3.0},{"damage":0.0,"enemies":"Snake Plant","floor":31.0,"turns":3.0},{"damage":47.0,"enemies":"Automaton","floor":33.0,"turns":7.0},{"damage":14.0,"enemies":"3 Darklings","floor":35.0,"turns":4.0},{"damage":5.0,"enemies":"Orb Walker","floor":37.0,"turns":3.0},{"damage":2.0,"enemies":"3 Darklings","floor":39.0,"turns":4.0},{"damage":15.0,"enemies":"Nemesis","floor":40.0,"turns":5.0},{"damage":47.0,"enemies":"Reptomancer","floor":42.0,"turns":5.0},{"damage":5.0,"enemies":"4 Shapes","floor":44.0,"turns":4.0},{"damage":0.0,"enemies":"Sphere and 2 Shapes","floor":45.0,"turns":3.0},{"damage":10,"enemies":"Spire Growth","floor":46,"turns":3},{"damage":12,"enemies":"Maw","floor":47,"turns":5},{"damage":70,"enemies":"Time Eater","floor":50,"turns":7}],"seed_played":"-641024958728391559","potions_obtained":[{"floor":4.0,"key":"AttackPotion"},{"floor":7.0,"key":"Dexterity Potion"},{"floor":13.0,"key":"Fire Potion"},{"floor":16.0,"key":"SpeedPotion"},{"floor":22.0,"key":"AttackPotion"},{"floor":23.0,"key":"PowerPotion"},{"floor":31.0,"key":"ColorlessPotion"},{"floor":33.0,"key":"Strength Potion"},{"floor":40.0,"key":"Regen Potion"},{"floor":45,"key":"Dexterity Potion"},{"floor":47,"key":"Energy Potion"}],"is_trial":false,"path_per_floor":["M","?","$","M","$","R","E","M","T","R","E","R","E","?","R","B",null,"M","?","?","M","M","E","R","?","T","$","M","R","$","M","R","B",null,"M","?","M","?","M","E","R","E","T","M","M","M","M","$","R","B"],"character_chosen":"THE_SILENT","items_purchased":["Well Laid Plans","Dagger Throw","Bane+1","Noxious Fumes","PrismaticShard","GhostInAJar","Blood Vial","Bane+1","Poisoned Stab+1","Fruit Juice","PowerPotion"],"campfire_rested":7,"item_purchase_floors":[3,5,27,27,27,30,48,48,48,48,48],"current_hp_per_floor":[61,61,61,59,59,59,34,34,34,52,39,57,20,20,38,15,63,63,63,63,63,63,49,49,73,73,73,59,73,73,73,73,33,73,66,66,68,68,73,65,73,33,33,39,43,33,31,36,61,0,0],"gold":10,"neow_bonus":"ONE_RARE_RELIC","is_daily":false,"chose_seed":false,"campfire_upgraded":1,"win_rate":0,"timestamp":1607637787,"path_taken":["M","?","$","M","$","R","E","M","T","R","E","R","E","?","R","BOSS","M","?","?","M","?","E","R","?","T","$","?","R","?","M","R","BOSS","M","?","M","?","M","E","R","E","T","M","?","M","M","$","R","BOSS"],"build_version":"2020-11-30","purchased_purges":4,"victory":false,"max_hp_per_floor":[63,63,63,63,63,63,63,63,63,63,63,63,63,63,63,63,63,63,63,63,63,63,63,63,73,73,73,73,73,73,73,73,73,73,73,73,73,73,73,73,73,73,73,77,81,81,81,86,86,86,86],"relic_stats":{"Blood Vial":2,"SsserpentHead":350,"Gremlin Horn":[9,9],"counters":[24,106],"Ornamental Fan":[184],"CeramicFish":126,"Astrolabe":["Infinite Blades","Crippling Poison","Prepared"],"obtain_stats":[{"Gremlin Horn":40,"CeramicFish":23,"Astrolabe":34,"Incense Burner":0,"Bottled Tornado":42,"PrismaticShard":27,"Du-Vu Doll":11,"Blood Vial":48,"SsserpentHead":20,"HornCleat":43,"Ornamental Fan":9,"Ninja Scroll":13,"Molten Egg 2":7,"Fusion Hammer":17,"Ring of the Snake":0},{"Gremlin Horn":18,"CeramicFish":11,"Astrolabe":14,"Incense Burner":0,"Bottled Tornado":19,"PrismaticShard":11,"Du-Vu Doll":5,"Blood Vial":23,"SsserpentHead":8,"HornCleat":19,"Ornamental Fan":4,"Ninja Scroll":6,"Molten Egg 2":3,"Fusion Hammer":7,"Ring of the Snake":0},{"Gremlin Horn":79,"CeramicFish":50,"Astrolabe":63,"Incense Burner":0,"Bottled Tornado":84,"PrismaticShard":50,"Du-Vu Doll":20,"Blood Vial":99,"SsserpentHead":39,"HornCleat":84,"Ornamental Fan":15,"Ninja Scroll":28,"Molten Egg 2":12,"Fusion Hammer":35,"Ring of the Snake":0}],"Ring of the Snake":[48]},"card_choices":[{"not_picked":["Acrobatics","Outmaneuver","Accuracy"],"picked":"SKIP","floor":1.0},{"not_picked":["Backflip","Blade Dance"],"picked":"Deadly Poison","floor":4.0},{"not_picked":["Infinite Blades","Finisher+1"],"picked":"Bouncing Flask","floor":7.0},{"not_picked":["Backflip","Underhanded Strike+1"],"picked":"Bane+1","floor":8.0},{"not_picked":["Reflex","Glass Knife+1"],"picked":"Noxious Fumes","floor":11.0},{"not_picked":["Slice+1","Phantasmal Killer","Endless Agony+1"],"picked":"SKIP","floor":13.0},{"not_picked":["A Thousand Cuts","Burst"],"picked":"Adrenaline","floor":16.0},{"not_picked":["Underhanded Strike+1","Deflect"],"picked":"Cloak And Dagger","floor":18.0},{"not_picked":["PiercingWail+1","Acrobatics+1"],"picked":"Catalyst","floor":21.0},{"not_picked":["Flying Knee+1","Reflex"],"picked":"Envenom","floor":22.0},{"not_picked":["Tools of the Trade","Burst"],"picked":"Dagger Throw+1","floor":23.0},{"not_picked":["Barrage+1","Coolheaded+1"],"picked":"Metallicize+1","floor":28.0},{"not_picked":["Consecrate+1","Shockwave"],"picked":"Self Repair","floor":31.0},{"not_picked":["Grand Finale+1","Omniscience"],"picked":"Feed+1","floor":33.0},{"not_picked":["Sweeping Beam+1","Deflect+1","EmptyBody"],"picked":"SKIP","floor":35.0},{"not_picked":["Expertise","Flex+1","Disarm+1"],"picked":"SKIP","floor":37.0},{"not_picked":["Havoc+1","Rip and Tear+1"],"picked":"Deadly Poison+1","floor":39.0},{"not_picked":["Aggregate","Sweeping Beam+1"],"picked":"Envenom","floor":40.0},{"not_picked":["Consecrate+1","Conserve Battery","FlyingSleeves+1"],"picked":"SKIP","floor":42.0},{"not_picked":["LikeWater","PathToVictory+1"],"picked":"Self Repair+1","floor":44.0},{"not_picked":["Quick Slash+1","Beam Cell+1","Footwork+1"],"picked":"SKIP","floor":45},{"not_picked":["Rip and Tear+1","Underhanded Strike+1","Blur"],"picked":"SKIP","floor":46},{"not_picked":["LikeWater+1","Consume+1","Reinforced Body"],"picked":"SKIP","floor":47}],"player_experience":1106510,"relics_obtained":[{"floor":7.0,"key":"Molten Egg 2"},{"floor":9.0,"key":"Ornamental Fan"},{"floor":11.0,"key":"Du-Vu Doll"},{"floor":13.0,"key":"Ninja Scroll"},{"floor":23.0,"key":"CeramicFish"},{"floor":40.0,"key":"Gremlin Horn"},{"floor":42.0,"key":"Bottled Tornado"},{"floor":43.0,"key":"HornCleat"}],"event_choices":[{"damage_healed":0.0,"max_hp_gain":0.0,"max_hp_loss":0.0,"gold_gain":175.0,"event_name":"Liars Game","player_choice":"AGREE","floor":2.0,"gold_loss":0.0,"damage_taken":0.0,"cards_obtained":["Doubt"]},{"cards_removed":["Strike_G"],"damage_healed":0.0,"max_hp_gain":0.0,"max_hp_loss":0.0,"gold_gain":0.0,"event_name":"Living Wall","player_choice":"Forget","floor":14.0,"gold_loss":0.0,"damage_taken":0.0},{"damage_healed":0.0,"max_hp_gain":0.0,"max_hp_loss":0.0,"gold_gain":0.0,"cards_transformed":["Strike_G","Strike_G"],"event_name":"Drug Dealer","player_choice":"Became Test Subject","floor":19.0,"gold_loss":0.0,"damage_taken":0.0,"cards_obtained":["Masterful Stab","Poisoned Stab"]},{"damage_healed":0.0,"max_hp_gain":0.0,"max_hp_loss":0.0,"gold_gain":0.0,"event_name":"FaceTrader","player_choice":"Trade","floor":20.0,"gold_loss":0.0,"damage_taken":0.0,"relics_obtained":["SsserpentHead"]},{"cards_removed":["Envenom"],"damage_healed":14.0,"max_hp_gain":10.0,"max_hp_loss":0.0,"gold_gain":0.0,"event_name":"Bonfire Elementals","player_choice":"Offered Rare","floor":25.0,"gold_loss":0.0,"damage_taken":0.0},{"cards_removed":["Defend_G"],"damage_healed":0.0,"max_hp_gain":0.0,"max_hp_loss":0.0,"gold_gain":0.0,"event_name":"Falling","player_choice":"Removed Skill","floor":36.0,"gold_loss":0.0,"damage_taken":0.0},{"damage_healed":0.0,"max_hp_gain":0.0,"max_hp_loss":0.0,"gold_gain":0.0,"event_name":"Upgrade Shrine","player_choice":"Upgraded","floor":38.0,"gold_loss":0.0,"damage_taken":0.0,"cards_upgraded":["Catalyst"]}],"is_beta":false,"boss_relics":[{"not_picked":["SlaversCollar","Sozu"],"picked":"Fusion Hammer"},{"not_picked":["Tiny House","Pandora\u0027s Box"],"picked":"Astrolabe"}],"items_purged_floors":[3,5,27,48],"is_endless":false,"potions_floor_spawned":[4,7,13,16,22,23,31,33,40,45,47],"killed_by":"Time Eater","ascension_level":4}}