{"host":"d8hh7rr4yzitjeuj","time":1607618473,"event":{"mods":["BaseMod","AchievementEnabler","StSLib","CapriCore","Colored Powertips","Highlight Path","Minty Spire (QoL Compilation)","Quick Restart","SuperFastMode","Keyboard Shortcuts","Permanent Neow","Colored Map","2.2 Compatiblity"],"gold_per_floor":[111,126,126,50,61,61,78,105,129,155,167,195,220,73,73,152,152,164,182,182,182,182,182],"floor_reached":22,"playtime":532,"items_purged":["Strike_B"],"score":376,"play_id":"81ac4c59-8636-4229-b193-89488ecb3594","local_time":"20201211014113","is_ascension_mode":true,"campfire_choices":[{"data":"White Noise","floor":6,"key":"SMITH"},{"data":"Zap","floor":11,"key":"SMITH"},{"floor":15,"key":"REST"}],"circlet_count":0,"master_deck":["AscendersBane","Strike_B","Strike_B","Defend_B","Defend_B","Defend_B","Zap+1","Dualcast","Sweeping Beam","Doom and Gloom","Electrodynamics","White Noise+1","Undo","Tempest","Double Energy","Glacier","Heatsinks","Echo Form","Fusion+1","Conserve Battery","Gash"],"special_seed":0,"relics":["Philosopher\u0027s Stone","Ancient Tea Set","MawBank","Velvet Choker"],"acts_visited":["Exordium","TheCity"],"potions_floor_usage":[8,10],"damage_taken":[{"damage":8,"enemies":"2 Louse","floor":1,"turns":3},{"damage":2,"enemies":"Cultist","floor":2,"turns":3},{"damage":8,"enemies":"Jaw Worm","floor":5,"turns":3},{"damage":2,"enemies":"2 Fungi Beasts","floor":7,"turns":2},{"damage":14,"enemies":"Lagavulin","floor":8,"turns":5},{"damage":0,"enemies":"3 Louse","floor":10,"turns":2},{"damage":8,"enemies":"Blue Slaver","floor":12,"turns":4},{"damage":0,"enemies":"2 Fungi Beasts","floor":13,"turns":2},{"damage":28,"enemies":"The Guardian","floor":16,"turns":14},{"damage":30,"enemies":"Shell Parasite","floor":18,"turns":6},{"damage":2,"enemies":"3 Byrds","floor":19,"turns":2},{"damage":44,"enemies":"Snecko","floor":22,"turns":4}],"seed_played":"5675976187896224488","potions_obtained":[{"floor":2,"key":"Fire Potion"},{"floor":5,"key":"Explosive Potion"},{"floor":12,"key":"Ancient Potion"}],"is_trial":false,"path_per_floor":["M","M","?","$","M","R","M","E","T","M","R","M","M","$","R","B",null,"M","M","?","?","M"],"character_chosen":"DEFECT","items_purchased":["White Noise","Heatsinks"],"campfire_rested":1,"item_purchase_floors":[4,14],"current_hp_per_floor":[56,54,54,54,46,46,44,30,30,30,30,22,22,22,43,15,57,27,25,25,25,0,0],"gold":182,"neow_bonus":"BOSS_RELIC","is_daily":false,"chose_seed":false,"campfire_upgraded":2,"win_rate":0,"timestamp":1607618473,"path_taken":["M","M","?","?","M","R","M","E","T","M","R","?","M","?","R","BOSS","M","M","?","?","M"],"build_version":"2020-11-30","purchased_purges":1,"victory":false,"max_hp_per_floor":[71,71,71,71,71,71,71,71,71,71,71,71,71,71,71,71,71,71,71,71,71,71,71],"card_choices":[{"not_picked":["Go for the Eyes","Rebound"],"picked":"Sweeping Beam","floor":1},{"not_picked":["Redo","Steam Power"],"picked":"Doom and Gloom","floor":2},{"not_picked":["Leap","Reprogram"],"picked":"Undo","floor":5},{"not_picked":["Tempest","Streamline","Cold Snap"],"picked":"SKIP","floor":7},{"not_picked":["Streamline","Cold Snap"],"picked":"Tempest","floor":7},{"not_picked":["Conserve Battery","Scrape","Coolheaded"],"picked":"SKIP","floor":8},{"not_picked":["Compile Driver","Coolheaded"],"picked":"Double Energy","floor":10},{"not_picked":["Sweeping Beam","Defragment"],"picked":"Glacier","floor":12},{"not_picked":["Streamline","Hyperbeam","Conserve Battery"],"picked":"SKIP","floor":13},{"not_picked":["Machine Learning","Thunder Strike"],"picked":"Echo Form","floor":16},{"not_picked":["Redo","Recycle"],"picked":"Fusion+1","floor":18},{"not_picked":["Streamline+1","Hologram","Rebound"],"picked":"SKIP","floor":19}],"player_experience":1318370,"relics_obtained":[{"floor":8,"key":"Ancient Tea Set"},{"floor":9,"key":"MawBank"}],"event_choices":[{"damage_healed":0,"gold_gain":0,"player_choice":"1 cards matched","damage_taken":0,"max_hp_gain":0,"max_hp_loss":0,"event_name":"Match and Keep!","floor":3,"gold_loss":0,"cards_obtained":["Electrodynamics"]},{"damage_healed":0,"gold_gain":0,"cards_transformed":["Strike_B","Defend_B"],"player_choice":"Became Test Subject","damage_taken":0,"max_hp_gain":0,"max_hp_loss":0,"event_name":"Drug Dealer","floor":20,"gold_loss":0,"cards_obtained":["Conserve Battery","Gash"]},{"damage_healed":0,"gold_gain":0,"player_choice":"Ignored","damage_taken":0,"max_hp_gain":0,"max_hp_loss":0,"event_name":"Vampires","floor":21,"gold_loss":0}],"is_beta":false,"boss_relics":[{"not_picked":["Coffee Dripper","Runic Dome"],"picked":"Velvet Choker"}],"items_purged_floors":[14],"is_endless":false,"potions_floor_spawned":[2,5,7,12],"killed_by":"Snecko","ascension_level":20}}