{"host":"xpk7f5wncxr280f7","time":1607595653,"event":{"gold_per_floor":[17,31,41,41,51,86,86,115,115,115,115,134,134,148,148,271,271,292,305,330,68,83,119,138,169,196,239,239,259,47,61,61,181,181,197,215,215,215,239,239,277,277,354,354,372,372,213,253,253,253,253,63,63,103,103],"floor_reached":56,"playtime":2574,"items_purged":["Decay"],"score":1714,"play_id":"7e153dc8-8d29-425f-b804-3a81e0f7c53e","local_time":"20201210022053","is_ascension_mode":true,"campfire_choices":[{"data":"Inflame","floor":7.0,"key":"SMITH"},{"data":"ICR:VitalStrike","floor":13,"key":"SMITH"},{"data":"Bash","floor":15,"key":"SMITH"},{"data":"Limit Break","floor":28,"key":"SMITH"},{"data":"Spot Weakness","floor":32,"key":"SMITH"},{"data":"Shockwave","floor":40,"key":"SMITH"},{"data":"Shockwave","floor":42,"key":"SMITH"},{"data":"Exhume","floor":44,"key":"SMITH"},{"data":"Iron Wave","floor":46,"key":"SMITH"},{"floor":49,"key":"RECALL"},{"data":"Thinking Ahead","floor":53,"key":"SMITH"}],"neow_cost":"CURSE","seed_source_timestamp":1651010974000,"circlet_count":0,"master_deck":["Bash+1","Twin Strike","Twin Strike","Twin Strike","Twin Strike","Twin Strike","Iron Wave+1","Iron Wave","Iron Wave","Iron Wave","Inflame+1","ICR:VitalStrike+1","Headbutt","Limit Break+1","Shockwave+1","Headbutt","Shrug It Off","Shrug It Off","Spot Weakness+1","Exhume+1","Shockwave+1","Iron Wave+1","Reaper","Warcry+1","Warcry+1","Thinking Ahead+1"],"special_seed":0,"relics":["Burning Blood","Singing Bowl","Kunai","hubris:SphereOfDissonance","Golden Idol","hubris:HollowSoul","hubris:IronBody","MealTicket","hubris:Zylophone","Potion Belt","Juzu Bracelet","hubris:TerracottaHorce","hubris:Reverence","White Beast Statue","Orrery","Blood Vial","StoneCalendar"],"potions_floor_usage":[20,22,23,27,33,41,55,55,55],"damage_taken":[{"damage":2.0,"enemies":"2 Louse","floor":1.0,"turns":2.0},{"damage":0.0,"enemies":"Small Slimes","floor":2.0,"turns":3.0},{"damage":1.0,"enemies":"Cultist","floor":3.0,"turns":3.0},{"damage":7.0,"enemies":"Lots of Slimes","floor":5.0,"turns":3.0},{"damage":4.0,"enemies":"3 Sentries","floor":6.0,"turns":5.0},{"damage":3,"enemies":"Lagavulin","floor":8,"turns":5},{"damage":1,"enemies":"Looter","floor":12,"turns":2},{"damage":1,"enemies":"2 Fungi Beasts","floor":14,"turns":2},{"damage":11,"enemies":"Hexaghost","floor":16,"turns":5},{"damage":13,"enemies":"3 Byrds","floor":18,"turns":4},{"damage":1,"enemies":"Spheric Guardian","floor":19,"turns":3},{"damage":2,"enemies":"Snake Plant","floor":20,"turns":2},{"damage":2,"enemies":"3 Cultists","floor":22,"turns":5},{"damage":8,"enemies":"Book of Stabbing","floor":23,"turns":3},{"damage":7,"enemies":"Centurion and Healer","floor":24,"turns":4},{"damage":29,"enemies":"Slavers","floor":25,"turns":5},{"damage":8,"enemies":"Book of Stabbing","floor":27,"turns":6},{"damage":14,"enemies":"Shelled Parasite and Fungi","floor":29,"turns":5},{"damage":0,"enemies":"Snecko","floor":31,"turns":3},{"damage":40,"enemies":"Collector","floor":33,"turns":8},{"damage":4,"enemies":"Orb Walker","floor":35,"turns":3},{"damage":10,"enemies":"3 Darklings","floor":36,"turns":5},{"damage":8,"enemies":"Spire Growth","floor":39,"turns":3},{"damage":27,"enemies":"Reptomancer","floor":41,"turns":6},{"damage":4,"enemies":"4 Shapes","floor":45,"turns":4},{"damage":0,"enemies":"Giant Head","floor":48,"turns":5},{"damage":9,"enemies":"Time Eater","floor":50,"turns":5},{"damage":0,"enemies":"Shield and Spear","floor":54,"turns":7},{"damage":35,"enemies":"The Heart","floor":55,"turns":9}],"seed_played":"7133521962518522126","potions_obtained":[{"floor":2.0,"key":"ColorlessPotion"},{"floor":6.0,"key":"SkillPotion"},{"floor":12,"key":"SpeedPotion"},{"floor":18,"key":"AttackPotion"},{"floor":19,"key":"Block Potion"},{"floor":20,"key":"Weak Potion"},{"floor":23,"key":"SteroidPotion"},{"floor":27,"key":"Fire Potion"},{"floor":31,"key":"Dexterity Potion"},{"floor":35,"key":"Dexterity Potion"},{"floor":45,"key":"Ancient Potion"},{"floor":48,"key":"ElixirPotion"},{"floor":54,"key":"Swift Potion"}],"is_trial":false,"path_per_floor":["M","M","M","?","M","E","R","E","T","?","?","M","R","M","R","B",null,"M","M","M","$","M","E","M","E","T","E","R","M","$","M","R","B",null,"M","M","?","?","M","R","E","R","T","R","M","R","$","E","R","B",null,"$","R","E","B",null],"character_chosen":"IRONCLAD","items_purchased":["hubris:IronBody","Juzu Bracelet","Spot Weakness","Orrery","Thinking Ahead"],"campfire_rested":0,"item_purchase_floors":[21,30,30,47,52],"current_hp_per_floor":[55,61,66,59,58,62,62,65,65,47,47,54,54,59,59,54,76,71,76,80,80,80,80,79,56,56,56,56,50,65,73,73,39,76,80,78,81,84,84,84,65,65,65,65,69,69,86,102,102,102,102,102,102,104,104],"gold":103,"neow_bonus":"IRONCLAD_BERSERKER","is_prod":false,"is_daily":false,"chose_seed":false,"campfire_upgraded":10,"win_rate":0,"timestamp":1607595653,"path_taken":["M","M","M","?","M","E","R","E","T","?","?","M","R","M","R","BOSS","M","?","M","?","M","E","M","E","T","E","R","M","$","M","R","BOSS","M","M","?","?","M","R","E","R","T","R","M","R","$","E","R","BOSS","$","R","E","BOSS"],"build_version":"2020-11-30","purchased_purges":1,"victory":true,"max_hp_per_floor":[72,72,72,72,72,74,74,74,74,74,74,76,76,76,76,76,76,78,78,80,80,80,82,82,82,82,84,84,86,86,88,88,88,88,90,92,92,92,94,94,96,96,96,96,98,98,100,102,102,102,102,102,102,104,104],"relic_stats":{"Blood Vial":0,"Singing Bowl":32,"counters":[29,125],"Golden Idol":194,"MealTicket":30,"StoneCalendar":[0],"Juzu Bracelet":1,"Kunai":[28],"obtain_stats":[{"Potion Belt":27,"Singing Bowl":6,"Golden Idol":10,"hubris:SphereOfDissonance":9,"StoneCalendar":54,"hubris:HollowSoul":17,"Juzu Bracelet":30,"Burning Blood":0,"White Beast Statue":43,"hubris:TerracottaHorce":34,"hubris:Zylophone":25,"Blood Vial":48,"Orrery":47,"MealTicket":23,"hubris:IronBody":21,"Kunai":8,"hubris:Reverence":41},{"Potion Belt":17,"Singing Bowl":5,"Golden Idol":6,"hubris:SphereOfDissonance":6,"StoneCalendar":28,"hubris:HollowSoul":9,"Juzu Bracelet":18,"Burning Blood":0,"White Beast Statue":24,"hubris:TerracottaHorce":20,"hubris:Zylophone":16,"Blood Vial":26,"Orrery":25,"MealTicket":14,"hubris:IronBody":12,"Kunai":6,"hubris:Reverence":24},{"Potion Belt":62,"Singing Bowl":16,"Golden Idol":21,"hubris:SphereOfDissonance":21,"StoneCalendar":116,"hubris:HollowSoul":30,"Juzu Bracelet":67,"Burning Blood":0,"White Beast Statue":95,"hubris:TerracottaHorce":78,"hubris:Zylophone":56,"Blood Vial":104,"Orrery":99,"MealTicket":47,"hubris:IronBody":39,"Kunai":21,"hubris:Reverence":95}],"Burning Blood":144},"card_choices":[{"not_picked":["Evolve","Cleave"],"picked":"Rage","floor":1.0},{"not_picked":["Blood for Blood","Reckless Charge","Body Slam"],"picked":"SKIP","floor":2.0},{"not_picked":["Dark Embrace","Clash"],"picked":"Iron Wave","floor":3.0},{"not_picked":["Clash","hubris:ReadiedAction"],"picked":"Inflame","floor":5.0},{"not_picked":["Wild Strike","Clothesline","Havoc"],"picked":"Singing Bowl","floor":6.0},{"not_picked":["Disarm","Rage"],"picked":"ICR:VitalStrike","floor":8},{"not_picked":["Second Wind","Anger","Dark Embrace"],"picked":"Singing Bowl","floor":12},{"not_picked":["Thunderclap","Dual Wield"],"picked":"Headbutt","floor":14},{"not_picked":["Barricade","Fiend Fire"],"picked":"Limit Break","floor":16},{"not_picked":["Warcry","Dropkick","Wild Strike"],"picked":"Singing Bowl","floor":18},{"not_picked":["Fire Breathing+1","Burning Pact"],"picked":"Shockwave","floor":19},{"not_picked":["Perfected Strike","Burning Pact","Rampage"],"picked":"Singing Bowl","floor":20},{"not_picked":["Perfected Strike+1","Anger"],"picked":"Headbutt","floor":22},{"not_picked":["Twin Strike","Combust","Cleave"],"picked":"Singing Bowl","floor":23},{"not_picked":["Armaments","Infernal Blade+1"],"picked":"Shrug It Off","floor":24},{"not_picked":["Heavy Blade","Intimidate"],"picked":"Shrug It Off","floor":25},{"not_picked":["Heavy Blade","Seeing Red","Bludgeon"],"picked":"Singing Bowl","floor":27},{"not_picked":["Intimidate","Infernal Blade","Flex"],"picked":"Singing Bowl","floor":29},{"not_picked":["Heavy Blade","Anger+1","Ghostly Armor"],"picked":"Singing Bowl","floor":31},{"not_picked":["Immolate","Berserk"],"picked":"Exhume","floor":33},{"not_picked":["Entrench+1","Sentinel","ICR:Frenzy+1"],"picked":"Singing Bowl","floor":35},{"not_picked":["Twin Strike","Bloodletting+1","Rampage+1"],"picked":"Singing Bowl","floor":36},{"not_picked":["Wild Strike+1","Armaments","Power Through+1"],"picked":"Singing Bowl","floor":39},{"not_picked":["Combust","Anger+1","Shockwave"],"picked":"Singing Bowl","floor":41},{"not_picked":["Wild Strike+1","Flex","Rampage"],"picked":"Singing Bowl","floor":45},{"not_picked":["Clash","Body Slam"],"picked":"Iron Wave+1","floor":47},{"not_picked":["Wild Strike+1","Headbutt","Pommel Strike"],"picked":"Singing Bowl","floor":47},{"not_picked":["Second Wind+1","Sever Soul+1"],"picked":"Reaper","floor":47},{"not_picked":["Dual Wield","Rage+1"],"picked":"Warcry+1","floor":47},{"not_picked":["Anger+1","Armaments"],"picked":"Warcry+1","floor":47},{"not_picked":["Twin Strike","Anger+1","Demon Form"],"picked":"Singing Bowl","floor":48},{"not_picked":["Second Wind","Feed","Ghostly Armor+1"],"picked":"Singing Bowl","floor":54}],"player_experience":355169,"relics_obtained":[{"floor":6.0,"key":"Singing Bowl"},{"floor":8,"key":"Kunai"},{"floor":9,"key":"hubris:SphereOfDissonance"},{"floor":23,"key":"MealTicket"},{"floor":25,"key":"hubris:Zylophone"},{"floor":27,"key":"Potion Belt"},{"floor":41,"key":"hubris:Reverence"},{"floor":43,"key":"White Beast Statue"},{"floor":48,"key":"Blood Vial"},{"floor":54,"key":"StoneCalendar"}],"event_choices":[{"cards_removed":["animator:Curse_Greed"],"damage_healed":0.0,"max_hp_gain":0.0,"max_hp_loss":0.0,"gold_gain":0.0,"event_name":"Golden Wing","player_choice":"Card Removal","floor":4.0,"gold_loss":0.0,"damage_taken":7.0},{"damage_healed":0,"gold_gain":0,"player_choice":"Take Damage","damage_taken":18,"relics_obtained":["Golden Idol"],"max_hp_gain":0,"max_hp_loss":0,"event_name":"Golden Idol","floor":10,"gold_loss":0},{"cards_removed":["Iron Wave"],"damage_healed":0,"gold_gain":0,"player_choice":"Offered Basic","damage_taken":0,"max_hp_gain":0,"max_hp_loss":0,"event_name":"Bonfire Elementals","floor":11,"gold_loss":0},{"damage_healed":0,"gold_gain":0,"cards_transformed":["Rage"],"player_choice":"Transformed","damage_taken":0,"max_hp_gain":0,"max_hp_loss":0,"event_name":"Transmorgrifier","floor":37,"gold_loss":0,"cards_obtained":["Shockwave"]},{"damage_healed":0,"gold_gain":0,"player_choice":"Cursed","damage_taken":0,"max_hp_gain":0,"max_hp_loss":0,"event_name":"Wheel of Change","floor":38,"gold_loss":0,"cards_obtained":["Decay"]}],"is_beta":false,"boss_relics":[{"not_picked":["hubris:Stopwatch","Philosopher\u0027s Stone"],"picked":"hubris:HollowSoul"},{"not_picked":["Calling Bell","hubris:BlackHole"],"picked":"hubris:TerracottaHorce"}],"items_purged_floors":[47],"is_endless":false,"potions_floor_spawned":[2,6,12,18,19,20,23,27,31,35,45,48,54],"ascension_level":7}}