{"host":"046f94hp0svsg0ce","time":1607567078,"event":{"gold_per_floor":[110,124,144,144,4,4,36,47,47,75,100,113,14,31,31,128,128,146,163,45,56,68,99,99,99,99],"floor_reached":25,"playtime":2738,"items_purged":["MadScienceMod:Strike_MadScience"],"score":235,"play_id":"73e18c9a-9222-4597-9ac7-2a4d1c469843","local_time":"20201210032438","is_ascension_mode":false,"campfire_choices":[{"data":"MadScienceMod:HideBehindJunk","floor":6.0,"key":"SMITH"},{"data":"MadScienceMod:Probe","floor":15.0,"key":"SMITH"},{"floor":24.0,"key":"REST"}],"neow_cost":"NONE","seed_source_timestamp":0,"circlet_count":0,"master_deck":["MadScienceMod:Strike_MadScience","MadScienceMod:Strike_MadScience","MadScienceMod:Strike_MadScience","MadScienceMod:Defend_MadScience","MadScienceMod:Defend_MadScience","MadScienceMod:Defend_MadScience","MadScienceMod:Defend_MadScience","MadScienceMod:PoweredStrike","MadScienceMod:HideBehindJunk+1","MadScienceMod:Bayonet","MadScienceMod:OilDrum","MadScienceMod:GlassCannon","MadScienceMod:Strafe","MadScienceMod:AutoStrike","MadScienceMod:Booster","MadScienceMod:ShrinkRay","MadScienceMod:AutoStrike","MadScienceMod:Probe+1","MadScienceMod:Refine","MadScienceMod:FragmentationGrenade","MadScienceMod:FlameCannon+1","MadScienceMod:BandageBot","MadScienceMod:Sprocket","MadScienceMod:LightOnFire+1","MadScienceMod:Retarget","MadScienceMod:ShrinkRay"],"special_seed":0,"relics":["MadScienceMod:FuelTank","Matryoshka","halation:PrussianBluePaint","MadScienceMod:ExhaustVents","Art of War","Centennial Puzzle","Potion Belt","SacredBark","DemoMod:GlassGuonStoneRelic","DemoMod:BlueGuonStone"],"potions_floor_usage":[],"damage_taken":[{"damage":2.0,"enemies":"Jaw Worm","floor":1.0,"turns":5.0},{"damage":0.0,"enemies":"Cultist","floor":2.0,"turns":4.0},{"damage":0.0,"enemies":"2 Louse","floor":3.0,"turns":3.0},{"damage":8.0,"enemies":"3 Sentries","floor":7.0,"turns":10.0},{"damage":5.0,"enemies":"Lots of Slimes","floor":8.0,"turns":5.0},{"damage":9.0,"enemies":"Gremlin Nob","floor":10.0,"turns":4.0},{"damage":5.0,"enemies":"3 Louse","floor":12.0,"turns":3.0},{"damage":0.0,"enemies":"Large Slime","floor":14.0,"turns":3.0},{"damage":31.0,"enemies":"Hexaghost","floor":16.0,"turns":11.0},{"damage":7.0,"enemies":"Chosen","floor":18.0,"turns":5.0},{"damage":0.0,"enemies":"Spheric Guardian","floor":19.0,"turns":3.0},{"damage":18.0,"enemies":"Snake Plant","floor":21.0,"turns":5.0},{"damage":38.0,"enemies":"Cultist and Chosen","floor":22.0,"turns":7.0},{"damage":37.0,"enemies":"Slavers","floor":23.0,"turns":4.0},{"damage":0,"enemies":"Sentry and Sphere","floor":25,"turns":1}],"seed_played":"-5916863462448426580","potions_obtained":[{"floor":1.0,"key":"SneckoOil"},{"floor":7.0,"key":"SkillPotion"},{"floor":8.0,"key":"BlessingOfTheForge"},{"floor":14.0,"key":"construct:ShiftPotion"},{"floor":16.0,"key":"SteroidPotion"},{"floor":22.0,"key":"Energy Potion"}],"is_trial":false,"path_per_floor":["M","M","M","?","$","R","E","M","T","E","T","M","$","M","R","B",null,"M","M","$","M","M","E","R","M"],"character_chosen":"MAD_SCIENTIST","items_purchased":["MadScienceMod:GlassCannon","MadScienceMod:AutoStrike","MadScienceMod:BandageBot","MadScienceMod:Sprocket"],"campfire_rested":1,"item_purchase_floors":[5,13,20,20],"current_hp_per_floor":[80,80,80,80,80,80,72,67,67,58,58,53,53,53,53,22,82,75,75,75,66,46,9,33,33,33],"gold":99,"neow_bonus":"TEN_PERCENT_HP_BONUS","is_prod":false,"is_daily":false,"chose_seed":false,"campfire_upgraded":2,"win_rate":0.0,"timestamp":1607567078,"path_taken":["M","M","M","?","$","R","E","?","T","E","?","M","$","M","R","BOSS","M","M","$","M","M","E","R","M"],"build_version":"2020-11-30","purchased_purges":1,"victory":false,"max_hp_per_floor":[82,82,82,82,82,82,82,82,82,82,82,82,82,82,82,82,82,82,82,82,82,82,82,82,82,82],"card_choices":[{"not_picked":["MadScienceMod:Poke","MadScienceMod:FumeBlast","MadScienceMod:Browse"],"picked":"SKIP","floor":1.0},{"not_picked":["MadScienceMod:FumeBlast","MadScienceMod:EnergyBarrier"],"picked":"MadScienceMod:Bayonet","floor":2.0},{"not_picked":["MadScienceMod:MakeOrBreak","MadScienceMod:LightOnFire"],"picked":"MadScienceMod:OilDrum","floor":3.0},{"not_picked":["MadScienceMod:Inflate","MadScienceMod:Virus"],"picked":"MadScienceMod:Strafe","floor":7.0},{"not_picked":["MadScienceMod:Sprocket","MadScienceMod:MakeOrBreak"],"picked":"MadScienceMod:AutoStrike","floor":8.0},{"not_picked":["MadScienceMod:MakeOrBreak","MadScienceMod:FlameThrower"],"picked":"MadScienceMod:Booster","floor":10.0},{"not_picked":["MadScienceMod:Poke","MadScienceMod:Refuel"],"picked":"MadScienceMod:ShrinkRay","floor":12.0},{"not_picked":["MadScienceMod:AcidSpray","MadScienceMod:EnergyBarrier"],"picked":"MadScienceMod:Probe","floor":14.0},{"not_picked":["MadScienceMod:Reconstitute","MadScienceMod:MechanicalSnecko"],"picked":"MadScienceMod:Refine","floor":16.0},{"not_picked":["MadScienceMod:OilDrum+1","MadScienceMod:AntimatterBomb"],"picked":"MadScienceMod:FragmentationGrenade","floor":18.0},{"not_picked":["MadScienceMod:FlexibleSpear","MadScienceMod:LightOnFire"],"picked":"MadScienceMod:FlameCannon+1","floor":19.0},{"not_picked":["MadScienceMod:Strafe","MadScienceMod:Lightbulb+1"],"picked":"MadScienceMod:LightOnFire+1","floor":21.0},{"not_picked":["MadScienceMod:FumeBlast","MadScienceMod:ParticleBeam"],"picked":"MadScienceMod:Retarget","floor":22.0},{"not_picked":["MadScienceMod:Inflate","MadScienceMod:Reconstitute"],"picked":"MadScienceMod:ShrinkRay","floor":23.0}],"player_experience":1496203,"relics_obtained":[{"floor":7.0,"key":"halation:PrussianBluePaint"},{"floor":9.0,"key":"MadScienceMod:ExhaustVents"},{"floor":10.0,"key":"Art of War"},{"floor":11.0,"key":"Centennial Puzzle"},{"floor":11.0,"key":"Potion Belt"},{"floor":23.0,"key":"DemoMod:BlueGuonStone"}],"event_choices":[{"damage_healed":0.0,"max_hp_gain":0.0,"max_hp_loss":0.0,"gold_gain":0.0,"event_name":"WeMeetAgain","player_choice":"Gave Potion","floor":4.0,"gold_loss":0.0,"damage_taken":0.0,"relics_obtained":["Matryoshka"]}],"is_beta":false,"boss_relics":[{"not_picked":["halation:Prosthetics","halation:MonkeysPaw"],"picked":"SacredBark"}],"items_purged_floors":[13],"is_endless":false,"potions_floor_spawned":[1,7,8,14,16,22],"killed_by":"Sentry and Sphere","ascension_level":0}}