{"host":"p7j7o00jacnw7qzt","time":1607611910,"event":{"mods":["BaseMod","Minty Spire (QoL Compilation)","Relic Stats","Colored Map","Colored Powertips","DeckTracker","Highlight Path"],"gold_per_floor":[13,29,29,42,42,42,67,106,106,106,128,128,153,153,153,244,244,263,263,118,146,168,192,192,192],"floor_reached":24,"playtime":1381,"items_purged":["Strike_R"],"score":400,"play_id":"3f722ecb-d18c-47cb-ac8e-dffe16a783a1","local_time":"20201210095150","is_ascension_mode":true,"campfire_choices":[{"data":"Apotheosis","floor":6.0,"key":"SMITH"},{"floor":12.0,"key":"REST"},{"floor":15,"key":"RECALL"}],"circlet_count":0,"master_deck":["AscendersBane","Strike_R","Strike_R","Defend_R","Defend_R","Defend_R","Defend_R","Bash","Apotheosis+1","Shrug It Off","Shrug It Off","Dark Embrace+1","Bloodletting","Body Slam","True Grit","Second Wind","Warcry","Warcry"],"special_seed":0,"relics":["Burning Blood","Golden Idol","CeramicFish","HornCleat","Blood Vial","Bottled Lightning","Empty Cage"],"acts_visited":["Exordium","TheCity"],"potions_floor_usage":[16,18,22,24],"damage_taken":[{"damage":8.0,"enemies":"2 Louse","floor":1.0,"turns":4.0},{"damage":1.0,"enemies":"Jaw Worm","floor":2.0,"turns":5.0},{"damage":0.0,"enemies":"Small Slimes","floor":4.0,"turns":4.0},{"damage":26.0,"enemies":"Exordium Thugs","floor":7.0,"turns":8.0},{"damage":16.0,"enemies":"3 Sentries","floor":8.0,"turns":9.0},{"damage":3.0,"enemies":"Red Slaver","floor":11.0,"turns":6.0},{"damage":8.0,"enemies":"Lots of Slimes","floor":13.0,"turns":5.0},{"damage":10,"enemies":"The Guardian","floor":16,"turns":11},{"damage":7,"enemies":"3 Byrds","floor":18,"turns":9},{"damage":17,"enemies":"2 Thieves","floor":21,"turns":5},{"damage":11,"enemies":"Snecko","floor":22,"turns":8},{"damage":10,"enemies":"Snake Plant","floor":23,"turns":4},{"damage":16,"enemies":"Centurion and Healer","floor":24,"turns":10}],"seed_played":"-5835288124536546241","potions_obtained":[{"floor":1.0,"key":"Fruit Juice"},{"floor":11.0,"key":"Energy Potion"},{"floor":16,"key":"DistilledChaos"},{"floor":18,"key":"AttackPotion"},{"floor":19,"key":"SpeedPotion"},{"floor":23,"key":"Swift Potion"}],"is_trial":false,"path_per_floor":["M","M","?","M","?","R","M","E","T","T","M","R","M","?","R","B",null,"M","?","$","M","M","M","M"],"character_chosen":"IRONCLAD","items_purchased":["Second Wind"],"campfire_rested":1,"item_purchase_floors":[20],"current_hp_per_floor":[66,71,45,51,40,40,20,10,10,10,15,37,37,37,37,40,70,71,71,71,62,59,57,43,43],"gold":192,"neow_bonus":"RANDOM_COLORLESS_2","is_daily":false,"chose_seed":false,"campfire_upgraded":1,"win_rate":0,"timestamp":1607611910,"path_taken":["M","M","?","M","?","R","M","E","T","?","M","R","?","?","R","BOSS","M","?","$","M","?","?","M"],"build_version":"2020-11-30","purchased_purges":1,"victory":false,"max_hp_per_floor":[75,75,75,75,75,75,75,75,75,75,75,75,75,75,75,80,80,80,80,80,80,80,80,80,80],"relic_stats":{"Blood Vial":16,"counters":[13,88],"Golden Idol":54,"CeramicFish":54,"obtain_stats":[{"Blood Vial":9,"HornCleat":8,"Golden Idol":3,"CeramicFish":5,"Bottled Lightning":10,"Empty Cage":17,"Burning Blood":0},{"Blood Vial":5,"HornCleat":5,"Golden Idol":2,"CeramicFish":3,"Bottled Lightning":5,"Empty Cage":8,"Burning Blood":0},{"Blood Vial":30,"HornCleat":30,"Golden Idol":9,"CeramicFish":13,"Bottled Lightning":30,"Empty Cage":52,"Burning Blood":0}],"Burning Blood":72},"card_choices":[{"not_picked":["Metamorphosis","HandOfGreed"],"picked":"Apotheosis","floor":0.0},{"not_picked":["Iron Wave","Anger"],"picked":"Shrug It Off","floor":1.0},{"not_picked":["Thunderclap","Dual Wield"],"picked":"Shrug It Off","floor":2.0},{"not_picked":["Twin Strike","Heavy Blade"],"picked":"Dark Embrace","floor":4.0},{"not_picked":["Thunderclap","Pummel"],"picked":"Bloodletting","floor":7.0},{"not_picked":["Havoc","Shrug It Off","Infernal Blade"],"picked":"SKIP","floor":8.0},{"not_picked":["Uppercut","Pummel"],"picked":"Body Slam","floor":11.0},{"not_picked":["Clash","Perfected Strike"],"picked":"True Grit","floor":13.0},{"not_picked":["Clothesline","Twin Strike","Metallicize"],"picked":"SKIP","floor":18},{"not_picked":["Cleave","Blood for Blood"],"picked":"Warcry","floor":21},{"not_picked":["Armaments","Cleave"],"picked":"Warcry","floor":22},{"not_picked":["Bloodletting+1","Clash","Uppercut+1"],"picked":"SKIP","floor":23}],"player_experience":738125,"relics_obtained":[{"floor":8.0,"key":"HornCleat"},{"floor":9.0,"key":"Blood Vial"},{"floor":10.0,"key":"Bottled Lightning"}],"event_choices":[{"damage_healed":0.0,"max_hp_gain":0.0,"max_hp_loss":0.0,"gold_gain":0.0,"event_name":"Golden Idol","player_choice":"Take Damage","floor":3.0,"gold_loss":0.0,"damage_taken":26.0,"relics_obtained":["Golden Idol"]},{"damage_healed":0.0,"max_hp_gain":0.0,"max_hp_loss":0.0,"gold_gain":0.0,"event_name":"Scrap Ooze","player_choice":"Success","floor":5.0,"gold_loss":0.0,"damage_taken":11.0,"relics_obtained":["CeramicFish"]},{"damage_healed":0,"gold_gain":0,"player_choice":"Upgraded","damage_taken":0,"max_hp_gain":0,"max_hp_loss":0,"event_name":"Upgrade Shrine","floor":14,"gold_loss":0,"cards_upgraded":["Dark Embrace"]},{"damage_healed":0,"gold_gain":0,"player_choice":"Got Potions","damage_taken":0,"max_hp_gain":0,"max_hp_loss":0,"event_name":"Lab","floor":19,"gold_loss":0}],"is_beta":false,"boss_relics":[{"not_picked":["Cursed Key","Runic Cube"],"picked":"Empty Cage"}],"items_purged_floors":[20],"is_endless":false,"potions_floor_spawned":[1,11,16,18,23],"killed_by":"Centurion and Healer","ascension_level":20}}