{"host":"u0m9wcerzdqt9t83","time":1607641821,"event":{"mods":["BaseMod","AchievementEnabler","BetterRewards","Minty Spire (QoL Compilation)","Colored Map","DeckTracker","Rare Cards Sparkle","StSLib","Hermit","Shade Mod"],"gold_per_floor":[115,130,130,130,145,145,177,177,204,234,249,274,291,305,305,407,407,419,429,444,444,456,456,456],"floor_reached":23,"playtime":1709,"items_purged":[],"score":226,"play_id":"67da4a86-0e6c-4d9d-a6d4-dad547ddf1df","local_time":"20201210181021","is_ascension_mode":true,"campfire_choices":[{"data":"After Image","floor":6,"key":"SMITH"},{"floor":8,"key":"REST"},{"floor":15,"key":"REST"}],"circlet_count":0,"master_deck":["Strike_G","Strike_G","Strike_G","Strike_G","Strike_G","Defend_G","Defend_G","Defend_G","Defend_G","Defend_G","Survivor","Neutralize","Terror","Flying Knee","Decay","After Image+1","Well Laid Plans","Noxious Fumes","Blade Dance","Poisoned Stab","Flying Knee","Finisher","Backflip","Venomology","A Thousand Cuts","Outmaneuver+1","Crippling Poison+1","Poisoned Stab+1","Blade Dance"],"relics":["Ring of the Snake","Du-Vu Doll","Ice Cream","Tiny Chest","Potion Belt","Omamori","Eternal Feather","Snake Skull","SacredBark","Dream Catcher"],"acts_visited":["Exordium","TheCity"],"potions_floor_usage":[7,7,7,7,7,16,16,18,18,18,18,19,19,20,20,22,22,23],"damage_taken":[{"damage":0,"enemies":"Jaw Worm","floor":1,"turns":4},{"damage":0,"enemies":"2 Louse","floor":2,"turns":2},{"damage":2,"enemies":"Cultist","floor":5,"turns":4},{"damage":18,"enemies":"3 Sentries","floor":7,"turns":6},{"damage":16,"enemies":"Gremlin Nob","floor":10,"turns":5},{"damage":4,"enemies":"3 Louse","floor":11,"turns":3},{"damage":9,"enemies":"Lagavulin","floor":12,"turns":5},{"damage":0,"enemies":"Large Slime","floor":13,"turns":4},{"damage":0,"enemies":"2 Fungi Beasts","floor":14,"turns":3},{"damage":18,"enemies":"The Guardian","floor":16,"turns":7},{"damage":22,"enemies":"2 Thieves","floor":18,"turns":3},{"damage":0,"enemies":"3 Byrds","floor":19,"turns":3},{"damage":30,"enemies":"Snake Plant","floor":20,"turns":4},{"damage":4,"enemies":"Centurion and Healer","floor":22,"turns":5},{"damage":0,"enemies":"Gremlin Leader","floor":23,"turns":2}],"seed_played":"3364548097456230236","potions_obtained":[{"floor":1,"key":"EntropicBrew"},{"floor":2,"key":"SneckoOil"},{"floor":12,"key":"GamblersBrew"},{"floor":13,"key":"Swift Potion"},{"floor":14,"key":"Strength Potion"},{"floor":18,"key":"DistilledChaos"},{"floor":20,"key":"PowerPotion"}],"is_trial":false,"path_per_floor":["M","M","?","?","M","R","E","R","T","E","M","E","M","M","R","B",null,"M","M","M","T","M","E"],"character_chosen":"THE_SILENT","items_purchased":["Ice Cream","Tiny Chest","Terror"],"campfire_rested":2,"item_purchase_floors":[0,0,0],"current_hp_per_floor":[49,49,49,49,47,47,29,50,50,34,30,21,21,21,54,36,70,48,48,18,18,14,14,14],"gold":456,"neow_bonus":"","is_daily":false,"chose_seed":false,"campfire_upgraded":1,"win_rate":0,"timestamp":1607641821,"path_taken":["M","M","?","?","M","R","E","R","T","E","M","E","M","M","R","BOSS","M","?","M","?","M","E"],"build_version":"2020-11-30","purchased_purges":0,"victory":false,"max_hp_per_floor":[70,70,70,70,70,70,70,70,70,70,70,70,70,70,70,70,70,70,70,70,70,70,70,70],"card_choices":[{"not_picked":["Calculated Gamble","Acrobatics","Sucker Punch"],"picked":"SKIP","floor":1},{"not_picked":["Finisher","Quick Slash"],"picked":"Flying Knee","floor":2},{"not_picked":["Slice","Sucker Punch"],"picked":"Noxious Fumes","floor":5},{"not_picked":["Sucker Punch","Dagger Spray"],"picked":"Blade Dance","floor":7},{"not_picked":["Unload","Prepared"],"picked":"Poisoned Stab","floor":10},{"not_picked":["Leg Sweep","Acrobatics"],"picked":"Flying Knee","floor":11},{"not_picked":["Leg Sweep","Burst"],"picked":"Finisher","floor":12},{"not_picked":["Dodge and Roll","Dagger Spray"],"picked":"Backflip","floor":13},{"not_picked":["Terror","Setup"],"picked":"Venomology","floor":14},{"not_picked":["Night Terror","Unload"],"picked":"A Thousand Cuts","floor":16},{"not_picked":["Predator","Prepared"],"picked":"Outmaneuver+1","floor":18},{"not_picked":["Bane","Backflip"],"picked":"Crippling Poison+1","floor":19},{"not_picked":["Escape Plan","Dagger Throw"],"picked":"Poisoned Stab+1","floor":20},{"not_picked":["Cloak And Dagger","Quick Slash"],"picked":"Blade Dance","floor":22}],"player_experience":346214,"relics_obtained":[{"floor":7,"key":"Potion Belt"},{"floor":9,"key":"Omamori"},{"floor":10,"key":"Eternal Feather"},{"floor":12,"key":"Snake Skull"},{"floor":21,"key":"Dream Catcher"}],"event_choices":[{"damage_healed":0,"gold_gain":0,"player_choice":"Ignored","damage_taken":0,"max_hp_gain":0,"max_hp_loss":0,"event_name":"Golden Wing","floor":3,"gold_loss":0},{"damage_healed":0,"gold_gain":0,"player_choice":"3 cards matched","damage_taken":0,"max_hp_gain":0,"max_hp_loss":0,"event_name":"Match and Keep!","floor":4,"gold_loss":0,"cards_obtained":["Decay","After Image","Well Laid Plans"]}],"is_beta":false,"boss_relics":[{"not_picked":["Coffee Dripper","Sozu"],"picked":"SacredBark"}],"items_purged_floors":[],"is_endless":false,"potions_floor_spawned":[1,2,12,13,14,18,20],"killed_by":"Gremlin Leader","ascension_level":1}}