{"host":"q3i87yx2dgqr54co","time":1607636850,"event":{"mods":["BaseMod","Minty Spire (QoL Compilation)","DeckTracker","Quick Restart","Colored Map","Highlight Path","Block Reminder","Colored Powertips","Relic Sorter","Relic Stats","Permanent Neow"],"gold_per_floor":[109,284,294,310,260,260,287,287,287,287,287,287],"floor_reached":11,"playtime":618,"items_purged":[],"score":71,"play_id":"e59836a2-3b63-4542-bdac-5cd8a3b026ff","local_time":"20201210164730","is_ascension_mode":false,"campfire_choices":[{"floor":6,"key":"RECALL"},{"floor":8,"key":"REST"}],"circlet_count":0,"master_deck":["Strike_R","Strike_R","Strike_R","Strike_R","Strike_R","Defend_R+1","Defend_R","Defend_R","Defend_R","Bash","Fire Breathing+1","Iron Wave","Demon Form","Combust"],"relics":["Burning Blood","Lantern","Charon\u0027s Ashes"],"acts_visited":["Exordium"],"potions_floor_usage":[7],"damage_taken":[{"damage":2,"enemies":"Small Slimes","floor":1,"turns":4},{"damage":5,"enemies":"2 Louse","floor":3,"turns":3},{"damage":5,"enemies":"Cultist","floor":4,"turns":5},{"damage":47,"enemies":"Gremlin Nob","floor":7,"turns":6},{"damage":48,"enemies":"Lagavulin","floor":11,"turns":7}],"seed_played":"6436751559578597367","potions_obtained":[{"floor":1,"key":"SpeedPotion"}],"is_trial":false,"path_per_floor":["M","?","M","M","?","R","E","R","T","?","E"],"character_chosen":"IRONCLAD","items_purchased":[],"campfire_rested":1,"item_purchase_floors":[],"current_hp_per_floor":[80,80,80,80,80,80,39,63,63,47,0,0],"gold":287,"neow_bonus":"RANDOM_COMMON_RELIC","is_daily":false,"chose_seed":false,"campfire_upgraded":0,"win_rate":0,"timestamp":1607636850,"path_taken":["M","?","M","M","?","R","E","R","T","?","E"],"build_version":"2020-11-30","purchased_purges":0,"victory":false,"max_hp_per_floor":[80,80,80,80,80,80,80,80,80,80,80,80],"relic_stats":{"counters":[5,25],"Charon\u0027s Ashes":[0],"obtain_stats":[{"Lantern":0,"Charon\u0027s Ashes":7,"Burning Blood":0},{"Lantern":0,"Charon\u0027s Ashes":4,"Burning Blood":0},{"Lantern":0,"Charon\u0027s Ashes":18,"Burning Blood":0}],"Burning Blood":18},"card_choices":[{"not_picked":["Clothesline","Body Slam"],"picked":"Fire Breathing","floor":1},{"not_picked":["Infernal Blade","Perfected Strike"],"picked":"Iron Wave","floor":3},{"not_picked":["Perfected Strike","Dropkick"],"picked":"Demon Form","floor":4},{"not_picked":["Headbutt","Dropkick"],"picked":"Combust","floor":7}],"player_experience":78471,"relics_obtained":[{"floor":7,"key":"Charon\u0027s Ashes"}],"event_choices":[{"damage_healed":0,"gold_gain":175,"player_choice":"AGREE","damage_taken":0,"max_hp_gain":0,"max_hp_loss":0,"event_name":"Liars Game","floor":2,"gold_loss":0,"cards_obtained":["Doubt"]},{"cards_removed":["Doubt"],"damage_healed":0,"gold_gain":0,"player_choice":"Card Removal","damage_taken":0,"max_hp_gain":0,"max_hp_loss":0,"event_name":"The Cleric","floor":5,"gold_loss":50},{"damage_healed":0,"gold_gain":0,"player_choice":"Entered Light","damage_taken":16,"max_hp_gain":0,"max_hp_loss":0,"event_name":"Shining Light","floor":10,"gold_loss":0,"cards_upgraded":["Defend_R","Fire Breathing"]}],"is_beta":false,"boss_relics":[],"items_purged_floors":[],"is_endless":false,"potions_floor_spawned":[1],"killed_by":"Lagavulin","ascension_level":0}}