{"host":"bkgq0ervi6kzuc3n","time":1607577771,"event":{"gold_per_floor":[219,219,232,232,7,50,69,69,69,83,104,104,142,165,165,165,165],"floor_reached":16,"playtime":1120,"items_purged":["Injury"],"score":118,"play_id":"cd8d8252-e497-4784-81e2-52c1ee46bdd9","local_time":"20201209232251","is_ascension_mode":true,"campfire_choices":[{"data":"Footwork","floor":8,"key":"SMITH"},{"data":"Calculated Gamble","floor":15,"key":"SMITH"}],"neow_cost":"NONE","seed_source_timestamp":192710555259900,"circlet_count":0,"master_deck":["Strike_G","Strike_G","Strike_G","Strike_G","Strike_G","Defend_G","Defend_G","Defend_G","Defend_G","Defend_G","Survivor","Neutralize","Dagger Spray","Noxious Fumes","Footwork","Footwork+1","Noxious Fumes","Dodge and Roll","Leg Sweep","Footwork","Sucker Punch","Acrobatics","Blur","Dodge and Roll","Calculated Gamble+1","Calculated Gamble"],"relics":["Ring of the Snake","Golden Idol","DollysMirror","Prayer Wheel","Tingsha","Ornamental Fan"],"potions_floor_usage":[6,14],"damage_taken":[{"damage":5,"enemies":"2 Louse","floor":1,"turns":4},{"damage":7,"enemies":"Cultist","floor":3,"turns":4},{"damage":27,"enemies":"Gremlin Nob","floor":6,"turns":5},{"damage":2,"enemies":"Small Slimes","floor":7,"turns":4},{"damage":2,"enemies":"2 Fungi Beasts","floor":10,"turns":5},{"damage":8,"enemies":"Large Slime","floor":11,"turns":8},{"damage":2,"enemies":"3 Sentries","floor":13,"turns":6},{"damage":0,"enemies":"Gremlin Gang","floor":14,"turns":5},{"damage":42,"enemies":"Slime Boss","floor":16,"turns":7}],"seed_played":"-677244807149567545","potions_obtained":[{"floor":1,"key":"BlessingOfTheForge"},{"floor":10,"key":"Fire Potion"}],"is_trial":false,"path_per_floor":["M","?","M","?","$","E","M","R","T","M","M","?","E","M","R","B"],"character_chosen":"THE_SILENT","items_purchased":["DollysMirror"],"campfire_rested":0,"item_purchase_floors":[5],"current_hp_per_floor":[65,65,58,58,58,31,29,29,29,27,19,42,40,40,40,0,0],"gold":165,"neow_bonus":"HUNDRED_GOLD","is_prod":false,"is_daily":false,"chose_seed":false,"campfire_upgraded":2,"win_rate":0,"timestamp":1607577771,"path_taken":["M","?","M","?","$","E","?","R","T","M","M","?","E","M","R","BOSS"],"build_version":"2020-11-30","purchased_purges":1,"victory":false,"max_hp_per_floor":[70,70,70,70,70,70,70,70,70,70,70,70,70,70,70,70,70],"card_choices":[{"not_picked":["Crippling Poison","Deadly Poison"],"picked":"Dagger Spray","floor":1},{"not_picked":["Sucker Punch","Dodge and Roll"],"picked":"Noxious Fumes","floor":3},{"not_picked":["Blade Dance","Masterful Stab"],"picked":"Noxious Fumes","floor":6},{"not_picked":["Slice","Riddle With Holes"],"picked":"Dodge and Roll","floor":7},{"not_picked":["Setup","Blade Dance"],"picked":"Leg Sweep","floor":7},{"not_picked":["Blade Dance","Quick Slash"],"picked":"Footwork","floor":10},{"not_picked":["Grand Finale","Bane"],"picked":"Sucker Punch","floor":10},{"not_picked":["Bane","Bouncing Flask"],"picked":"Acrobatics","floor":11},{"not_picked":["Dodge and Roll","Flying Knee"],"picked":"Blur","floor":11},{"not_picked":["Bane","Skewer"],"picked":"Dodge and Roll","floor":13},{"not_picked":["Reflex","Underhanded Strike"],"picked":"Calculated Gamble","floor":14},{"not_picked":["Backflip","Crippling Poison"],"picked":"Calculated Gamble","floor":14}],"player_experience":391119,"relics_obtained":[{"floor":6,"key":"Prayer Wheel"},{"floor":9,"key":"Tingsha"},{"floor":13,"key":"Ornamental Fan"}],"event_choices":[{"damage_healed":0,"gold_gain":0,"player_choice":"Take Wound","damage_taken":0,"relics_obtained":["Golden Idol"],"max_hp_gain":0,"max_hp_loss":0,"event_name":"Golden Idol","floor":2,"gold_loss":0,"cards_obtained":["Injury"]},{"damage_healed":0,"gold_gain":0,"player_choice":"1 cards matched","damage_taken":0,"max_hp_gain":0,"max_hp_loss":0,"event_name":"Match and Keep!","floor":4,"gold_loss":0,"cards_obtained":["Footwork"]},{"damage_healed":23,"gold_gain":0,"player_choice":"Banana","damage_taken":0,"max_hp_gain":0,"max_hp_loss":0,"event_name":"Big Fish","floor":12,"gold_loss":0}],"is_beta":false,"boss_relics":[],"items_purged_floors":[5],"is_endless":false,"potions_floor_spawned":[1,10],"killed_by":"Slime Boss","ascension_level":1}}