{"host":"m2mhqdo8f4p5auhk","time":1607627206,"event":{"mods":["2.2 Compatiblity","BaseMod","Clawfect","Decade(???)","StSLib","Hermit","HololiveMod","Marisa????????","Minty Spire (QoL Compilation)","Reimu??????","Replay The Spire","The Bug Knight","The Servant 0.9.4","The Wild Card","TheSwordswoman"],"gold_per_floor":[219,234,234,251,263,298,318,334,334,334,345,355,427,446,446,542,542,558,573,239,239,249,283,283,309,309,324,342,354,389,401,401,497,497,517,517,533,548,562,562,597,597,620,652,652,652,663,680,696,741,741,741],"floor_reached":53,"playtime":2549,"items_purged":[],"score":1113,"play_id":"64b5e64c-eeb3-4604-9ffa-0654c0da3e5a","local_time":"20201210110646","is_ascension_mode":true,"campfire_choices":[{"floor":10,"key":"REST"},{"floor":15,"key":"REST"},{"data":"Coolheaded","floor":24,"key":"SMITH"},{"data":"Clawfect:Clawline","floor":32,"key":"SMITH"},{"data":"Rainbow","floor":40,"key":"SMITH"},{"data":"Clawfect:ClawAndGloom","floor":42,"key":"SMITH"},{"floor":51,"key":"REST"}],"circlet_count":0,"master_deck":["Gash","Gash","Gash","Gash","Gash","Defend_B","Defend_B","Defend_B","Defend_B","Defend_B+1","Coolheaded+1","Clawfect:ClawCell+1","Clawfect:ClawAndGloom+1","Clawfect:ClawAndTear","Clawfect:Clawline+1","Clawfect:ClawCell","Clawfect:ScrapingClaw+1","Clawfect:ClawCell","Clawfect:ClawCell","Echo Form","Clawfect:ClawCell+1","Clawfect:ClawCell","Clawfect:ClawSnap+1","Conserve Battery+1","Clawfect:ClawpileDriver","Stack+1","Clawfect:ClawSnap+1","Clawfect:ClawpileDriver","Clawfect:ClawLightning","Clawfect:ClawAndTear+1","Rainbow+1","FTL","Clawfect:ClawForTheEyes+1","Reinforced Body","Clawfect:ClawingBeam","Clawfect:ClawingBeam+1","Clawfect:ClawSnap+1","Clawfect:ClawingBeam+1","FTL+1","Clawfect:ClawCell+1","Auto Shields+1","Clawfect:Clawline+1"],"relics":["Replay:Wanted Poster","Iron Hammer","Replay:WaspNest","Replay:Grab Bag","Hololive_Finger","Painkiller Herb","Ring of Chaos","SacredBark","Unceasing Top","Replay:PocketPolymizer","Meat on the Bone","Dream Catcher","Bottled Lightning","Honey Jar","Torii","Gremlin Food","Calipers","Incense Burner"],"acts_visited":["Exordium","TheCity","TheBeyond"],"potions_floor_usage":[16,18,25,48,52,52],"damage_taken":[{"damage":0,"enemies":"2 Louse","floor":1,"turns":4},{"damage":0,"enemies":"Cultist","floor":2,"turns":4},{"damage":0,"enemies":"Jaw Worm","floor":4,"turns":3},{"damage":25,"enemies":"Lots of Slimes","floor":5,"turns":5},{"damage":0,"enemies":"HollowMod:MossKnight","floor":6,"turns":5},{"damage":12,"enemies":"Exordium Wildlife","floor":7,"turns":4},{"damage":35,"enemies":"Gremlin Gang","floor":8,"turns":4},{"damage":4,"enemies":"3 Louse","floor":11,"turns":4},{"damage":10,"enemies":"Blue Slaver","floor":12,"turns":3},{"damage":8,"enemies":"2 Fungi Beasts","floor":14,"turns":3},{"damage":12,"enemies":"Slime Boss","floor":16,"turns":4},{"damage":0,"enemies":"Shell Parasite","floor":18,"turns":3},{"damage":6,"enemies":"Chosen and Byrds","floor":19,"turns":5},{"damage":13,"enemies":"Sentry and Sphere","floor":22,"turns":3},{"damage":32,"enemies":"Book of Stabbing","floor":23,"turns":4},{"damage":15,"enemies":"Slavers","floor":25,"turns":2},{"damage":18,"enemies":"Shelled Parasite and Fungi","floor":27,"turns":3},{"damage":0,"enemies":"Cultist and Chosen","floor":28,"turns":3},{"damage":0,"enemies":"Snake Plant","floor":29,"turns":1},{"damage":0,"enemies":"HollowMod:Nosk","floor":30,"turns":2},{"damage":6,"enemies":"Centurion and Healer","floor":31,"turns":3},{"damage":0,"enemies":"Pondfish","floor":33,"turns":2},{"damage":0,"enemies":"3 Darklings","floor":35,"turns":3},{"damage":8,"enemies":"Orb Walker","floor":37,"turns":2},{"damage":4,"enemies":"3 Darklings","floor":38,"turns":3},{"damage":10,"enemies":"Jaw Worm Horde","floor":39,"turns":2},{"damage":0,"enemies":"HollowMod:StalkingDevout","floor":41,"turns":2},{"damage":0,"enemies":"R_Hoarder","floor":44,"turns":3},{"damage":0,"enemies":"Maw","floor":47,"turns":3},{"damage":0,"enemies":"HollowMod:SlobberingHusk","floor":48,"turns":4},{"damage":0,"enemies":"Jaw Worm Horde","floor":49,"turns":3},{"damage":0,"enemies":"2 Orb Walkers","floor":50,"turns":1},{"damage":1,"enemies":"Awakened One","floor":52,"turns":3}],"seed_played":"5859283605785535664","potions_obtained":[{"floor":1,"key":"Milkshake"},{"floor":7,"key":"Death Potion"},{"floor":11,"key":"FairyPotion"},{"floor":14,"key":"Block Potion"},{"floor":16,"key":"SpeedPotion"},{"floor":19,"key":"FocusPotion"},{"floor":22,"key":"Explosive Potion"},{"floor":27,"key":"ZuzhouPotion:ReiMu"},{"floor":31,"key":"PotionOfCapacity"},{"floor":33,"key":"Explosive Potion"},{"floor":38,"key":"Weak Potion"},{"floor":41,"key":"Ancient Potion"},{"floor":44,"key":"Block Potion"},{"floor":47,"key":"Swift Potion"},{"floor":48,"key":"Weak Potion"}],"is_trial":false,"path_per_floor":["M","M","?","M","M","E","M","M","T","R","M","M","T","M","R","B",null,"?","?","T","?","?","E","T","E","T","?","?","?","E","?","T","B",null,"?","?","?","?","?","T","E","T","T","E","PTL","PTL","?","?","?","?","T","B",null],"character_chosen":"DEFECT","items_purchased":["Clawfect:ClawCell","Unceasing Top"],"campfire_rested":3,"item_purchase_floors":[20,20],"current_hp_per_floor":[75,75,75,75,50,50,38,3,3,25,21,11,11,3,25,13,75,75,69,69,69,56,24,24,9,9,43,43,43,43,49,49,49,75,75,75,67,63,53,53,53,53,53,53,53,53,53,53,53,53,75,74],"gold":741,"neow_bonus":"BOSS_RELIC","is_daily":false,"chose_seed":false,"campfire_upgraded":4,"win_rate":0,"timestamp":1607627206,"path_taken":["M","M","?","M","?","E","M","M","T","R","M","M","?","M","R","BOSS","?","?","T","?","?","E","T","E","T","?","?","?","E","?","T","BOSS","?","?","?","?","?","T","E","T","T","E","PTL","PTL","?","?","?","?","T","BOSS"],"build_version":"2020-11-30","purchased_purges":0,"victory":true,"max_hp_per_floor":[75,75,75,75,75,75,75,75,75,75,75,75,75,75,75,75,75,75,75,75,75,75,75,75,75,75,75,75,75,75,75,75,75,75,75,75,75,75,75,75,75,75,75,75,75,75,75,75,75,75,75,75],"card_choices":[{"not_picked":["Static Discharge","Fusion"],"picked":"Coolheaded","floor":1},{"not_picked":["Clawfect:ClawSnap","Stack"],"picked":"Clawfect:ClawCell","floor":2},{"not_picked":["Redo","Clawfect:ClawCell"],"picked":"Clawfect:ClawAndGloom","floor":4},{"not_picked":["Reinforced Body","Clawfect:Clawrage"],"picked":"Clawfect:ClawAndTear","floor":5},{"not_picked":["BootSequence","FTL"],"picked":"Creative AI","floor":6},{"not_picked":["Clawfect:ClawingBeam","Stack"],"picked":"Clawfect:Clawline","floor":7},{"not_picked":["Coolheaded","White Noise"],"picked":"Clawfect:ClawCell","floor":8},{"not_picked":["Leap","Clawfect:ClawSnap"],"picked":"Clawfect:ScrapingClaw","floor":11},{"not_picked":["Reinforced Body","Heatsinks"],"picked":"Clawfect:ClawCell","floor":12},{"not_picked":["Stack","Steam"],"picked":"Clawfect:ClawCell","floor":14},{"not_picked":["Electrodynamics","Biased Cognition"],"picked":"Echo Form","floor":16},{"not_picked":["Redo","Clawfect:Clawrage","Clawfect:ClawpileDriver"],"picked":"SKIP","floor":18},{"not_picked":["Clawfect:ClawAndGloom","Reinforced Body+1"],"picked":"Clawfect:ClawCell+1","floor":19},{"not_picked":["Clawfect:ClawLightning","Undo"],"picked":"Clawfect:ClawSnap+1","floor":22},{"not_picked":["Recycle","Gash"],"picked":"Conserve Battery+1","floor":23},{"not_picked":["Force Field+1","Redo"],"picked":"Stack+1","floor":25},{"not_picked":["Rebound","Clawfect:ClawLightning+1"],"picked":"Clawfect:ClawSnap+1","floor":27},{"not_picked":["Reinforced Body","Blizzard"],"picked":"Clawfect:ClawpileDriver","floor":28},{"not_picked":["Thunder Strike","Chaos+1"],"picked":"Darkness+1","floor":29},{"not_picked":["Clawfect:ScrapingClaw","Redo"],"picked":"Clawfect:ClawLightning","floor":30},{"not_picked":["Clawfect:Clawter","Static Discharge+1"],"picked":"Clawfect:ClawAndTear+1","floor":31},{"not_picked":["Fission","Creative AI"],"picked":"Rainbow","floor":33},{"not_picked":["Hologram","Force Field","Darkness"],"picked":"FTL","floor":35},{"not_picked":["Reinforced Body+1","Reprogram+1","Stack+1"],"picked":"Clawfect:ClawForTheEyes+1","floor":37},{"not_picked":["Clawfect:Clawline","Steam","Loop"],"picked":"Reinforced Body","floor":38},{"not_picked":["Coolheaded","Loop","Fusion+1"],"picked":"Clawfect:ClawingBeam","floor":39},{"not_picked":["Core Surge","FTL","Static Discharge+1"],"picked":"Clawfect:ClawingBeam+1","floor":41},{"not_picked":["Conserve Battery+1","Steam+1","White Noise+1"],"picked":"Clawfect:ClawSnap+1","floor":44},{"not_picked":["Stack+1","Double Energy+1","Clawfect:Clawrage"],"picked":"Clawfect:ClawingBeam+1","floor":47},{"not_picked":["Conserve Battery+1","Redo","Biased Cognition"],"picked":"FTL+1","floor":48},{"not_picked":["Recycle+1","Clawfect:Clawrage+1","Conserve Battery+1"],"picked":"Clawfect:ClawCell+1","floor":49},{"not_picked":["Blizzard+1","Steam Power+1","Defragment+1"],"picked":"Auto Shields+1","floor":50},{"not_picked":["Darkness+1","Conserve Battery","FTL+1"],"picked":"Clawfect:Clawline+1","floor":51}],"player_experience":159742,"relics_obtained":[{"floor":6,"key":"Iron Hammer"},{"floor":9,"key":"Replay:WaspNest"},{"floor":23,"key":"Replay:PocketPolymizer"},{"floor":25,"key":"Meat on the Bone"},{"floor":26,"key":"Dream Catcher"},{"floor":30,"key":"Bottled Lightning"},{"floor":41,"key":"Torii"},{"floor":43,"key":"Gremlin Food"},{"floor":44,"key":"Calipers"},{"floor":50,"key":"Incense Burner"}],"event_choices":[{"damage_healed":0,"gold_gain":0,"player_choice":"Upgraded","damage_taken":0,"max_hp_gain":0,"max_hp_loss":0,"event_name":"Upgrade Shrine","floor":3,"gold_loss":0,"cards_upgraded":["Clawfect:ClawCell"]},{"damage_healed":0,"gold_gain":0,"player_choice":"Upgraded","damage_taken":0,"max_hp_gain":0,"max_hp_loss":0,"event_name":"Upgrade Shrine","floor":21,"gold_loss":0,"cards_upgraded":["Clawfect:ScrapingClaw"]},{"cards_removed":["Genetic Algorithm"],"damage_healed":0,"gold_gain":0,"player_choice":"Offered Uncommon","damage_taken":0,"max_hp_gain":0,"max_hp_loss":0,"event_name":"Bonfire Elementals","floor":36,"gold_loss":0},{"damage_healed":0,"gold_gain":0,"player_choice":"Fight","damage_taken":0,"max_hp_gain":0,"max_hp_loss":0,"event_name":"Mysterious Sphere","floor":50,"gold_loss":0}],"is_beta":false,"boss_relics":[{"not_picked":["Busted Crown","ChewingGum"],"picked":"Replay:Grab Bag"},{"not_picked":["Fusion Hammer","Runic Dome"],"picked":"Hololive_Finger"},{"not_picked":["ReplayTheSpireMod:Onyx Gauntlets","Ectoplasm"],"picked":"Painkiller Herb"},{"not_picked":["Astrolabe","Pandora\u0027s Box"],"picked":"Ring of Chaos"},{"not_picked":["Nuclear Battery","Black Star"],"picked":"SacredBark"},{"not_picked":["Hololive_ChaosS","Snecko Eye"],"picked":"Honey Jar"}],"items_purged_floors":[],"is_endless":false,"potions_floor_spawned":[1,7,11,14,16,19,22,23,27,31,33,38,41,44,47,48],"ascension_level":1}}