{"host":"ktoxvvst1mwxww91","time":1607619752,"event":{"mods":["BaseMod","Minty Spire (QoL Compilation)","StSLib","Downfall","Hermit","The Blackbeard","The Hierophant","The Mystic","The Necromancer"],"gold_per_floor":[118,129,147,3,21,55,55,65,65,93,93,43,43,59,59,156,156,167,181,191,210,228,228,228],"floor_reached":23,"playtime":1135,"items_purged":["Strike_G"],"score":305,"play_id":"e8386681-bec8-4403-8da5-050e588dc615","local_time":"20201210180232","is_ascension_mode":true,"campfire_choices":[{"data":"Deadly Poison","floor":7.0,"key":"SMITH"},{"data":"Footwork","floor":13.0,"key":"SMITH"},{"data":"Poisoned Stab","floor":15.0,"key":"SMITH"}],"circlet_count":0,"master_deck":["AscendersBane","Strike_G","Strike_G","Strike_G","Defend_G","Defend_G+1","Defend_G","Defend_G","Defend_G","Survivor+1","Neutralize","Flechettes","Deadly Poison+1","Poisoned Stab+1","Caltrops","Backflip","Escape Plan","Footwork+1","Backflip","Wraith Form v2","Deadly Poison","Backflip","Bouncing Flask","Sucker Punch"],"special_seed":0,"relics":["Ring of the Snake","War Paint","Boot","White Beast Statue","Odd Mushroom","Snecko Eye"],"acts_visited":["Exordium","TheCity"],"potions_floor_usage":[21,23,23],"damage_taken":[{"damage":1.0,"enemies":"Cultist","floor":1.0,"turns":5.0},{"damage":0.0,"enemies":"2 Louse","floor":2.0,"turns":2.0},{"damage":0.0,"enemies":"Small Slimes","floor":3.0,"turns":4.0},{"damage":4.0,"enemies":"Red Slaver","floor":5.0,"turns":5.0},{"damage":5.0,"enemies":"Lagavulin","floor":6.0,"turns":8.0},{"damage":7.0,"enemies":"Exordium Thugs","floor":8.0,"turns":6.0},{"damage":4.0,"enemies":"The Mushroom Lair","floor":10.0,"turns":4.0},{"damage":1.0,"enemies":"2 Fungi Beasts","floor":14.0,"turns":5.0},{"damage":2.0,"enemies":"The Guardian","floor":16.0,"turns":10.0},{"damage":2.0,"enemies":"Spheric Guardian","floor":18.0,"turns":6.0},{"damage":0.0,"enemies":"2 Thieves","floor":19.0,"turns":3.0},{"damage":15.0,"enemies":"Centurion and Healer","floor":20.0,"turns":7.0},{"damage":25,"enemies":"Shelled Parasite and Fungi","floor":21,"turns":5},{"damage":10,"enemies":"Chosen and Byrds","floor":22,"turns":6},{"damage":9,"enemies":"Gremlin Leader","floor":23,"turns":4}],"seed_played":"-5569366920340235107","potions_obtained":[{"floor":1.0,"key":"Slimebound:ThreeZeroPotion"},{"floor":3.0,"key":"CultistPotion"},{"floor":5.0,"key":"Energy Potion"},{"floor":8.0,"key":"PowerPotion"},{"floor":10.0,"key":"Dexterity Potion"},{"floor":14.0,"key":"SteroidPotion"},{"floor":16.0,"key":"CunningPotion"},{"floor":18.0,"key":"PowerPotion"},{"floor":19.0,"key":"CultistPotion"},{"floor":21,"key":"GamblersBrew"}],"is_trial":false,"path_per_floor":["M","M","M","$","M","E","R","M","T","?","$","?","R","M","R","B",null,"M","M","M","M","M","E"],"character_chosen":"THE_SILENT","items_purchased":["Caltrops"],"campfire_rested":0,"item_purchase_floors":[4],"current_hp_per_floor":[62,62,62,62,58,53,53,46,46,42,42,42,42,41,41,39,62,60,60,45,20,10,1,1],"gold":228,"neow_bonus":"RANDOM_COMMON_RELIC","is_daily":false,"chose_seed":false,"campfire_upgraded":3,"win_rate":0,"timestamp":1607619752,"path_taken":["M","M","M","$","M","E","R","M","T","?","$","?","R","M","R","BOSS","M","M","M","M","M","E"],"build_version":"2020-11-30","purchased_purges":1,"victory":false,"max_hp_per_floor":[70,70,70,70,70,70,70,70,70,70,70,70,70,70,70,70,70,70,70,70,70,70,70,70],"card_choices":[{"not_picked":["Predator","All Out Attack"],"picked":"Flechettes","floor":1.0},{"not_picked":["PiercingWail","Dodge and Roll"],"picked":"Deadly Poison","floor":2.0},{"not_picked":["Dodge and Roll","Flechettes"],"picked":"Poisoned Stab","floor":3.0},{"not_picked":["All Out Attack","Heel Hook"],"picked":"Backflip","floor":5.0},{"not_picked":["Outmaneuver","Dodge and Roll","Finisher"],"picked":"SKIP","floor":6.0},{"not_picked":["Choke","Bane"],"picked":"Escape Plan","floor":8.0},{"not_picked":["Acrobatics","Caltrops"],"picked":"Footwork","floor":10.0},{"not_picked":["Dagger Spray","Dodge and Roll"],"picked":"Backflip","floor":14.0},{"not_picked":["After Image","Tools of the Trade"],"picked":"Wraith Form v2","floor":16.0},{"not_picked":["Quick Slash","Dagger Spray"],"picked":"Deadly Poison","floor":18.0},{"not_picked":["Concentrate+1","Heel Hook+1"],"picked":"Backflip","floor":19.0},{"not_picked":["Outmaneuver+1","Cloak And Dagger+1","PiercingWail"],"picked":"SKIP","floor":20.0},{"not_picked":["Flechettes","Slice"],"picked":"Bouncing Flask","floor":21},{"not_picked":["Blade Dance","Envenom"],"picked":"Sucker Punch","floor":22}],"player_experience":1005759,"relics_obtained":[{"floor":6.0,"key":"Boot"},{"floor":9.0,"key":"White Beast Statue"},{"floor":10.0,"key":"Odd Mushroom"}],"event_choices":[{"damage_healed":0.0,"max_hp_gain":0.0,"max_hp_loss":0.0,"gold_gain":0.0,"event_name":"Mushrooms","player_choice":"Fought Mushrooms","floor":10.0,"gold_loss":0.0,"damage_taken":0.0},{"cards_removed":["Strike_G"],"damage_healed":0.0,"max_hp_gain":0.0,"max_hp_loss":0.0,"gold_gain":0.0,"event_name":"The Cleric","player_choice":"Card Removal","floor":12.0,"gold_loss":50.0,"damage_taken":0.0}],"is_beta":false,"boss_relics":[{"not_picked":["Pandora\u0027s Box","Coffee Dripper"],"picked":"Snecko Eye"}],"items_purged_floors":[4],"is_endless":false,"potions_floor_spawned":[1,3,5,8,10,14,16,18,19,20,21,22],"killed_by":"Gremlin Leader","ascension_level":11}}