{"host":"jm9833yuloeli2yd","time":1607560959,"event":{"gold_per_floor":[117,131,131,143,143,143,153,153,153,176,207,227,277,292,292,292,292],"floor_reached":16,"playtime":532,"items_purged":[],"score":204,"play_id":"3cbff59e-0aef-4d16-ab65-397fb5d6876a","local_time":"20201209194239","is_ascension_mode":true,"campfire_choices":[{"floor":6,"key":"DIG"},{"floor":8,"key":"DIG"},{"floor":15,"key":"REST"}],"neow_cost":"TEN_PERCENT_HP_LOSS","seed_source_timestamp":786934981322900,"circlet_count":0,"master_deck":["AscendersBane","Strike_B","Strike_B+1","Strike_B","Strike_B+1","Defend_B","Defend_B+1","Defend_B","Defend_B","Zap","Dualcast","Beam Cell","Rip and Tear+1","Cold Snap","Chill","Gash","Biased Cognition","BootSequence","Turbo"],"special_seed":0,"relics":["Cracked Core","Shovel","Question Card","InkBottle","Whetstone","Odd Mushroom","Lantern","Bag of Marbles"],"potions_floor_usage":[11,16],"damage_taken":[{"damage":4,"enemies":"Small Slimes","floor":1,"turns":3},{"damage":9,"enemies":"2 Louse","floor":2,"turns":3},{"damage":0,"enemies":"Jaw Worm","floor":4,"turns":3},{"damage":12,"enemies":"Large Slime","floor":7,"turns":3},{"damage":7,"enemies":"The Mushroom Lair","floor":10,"turns":5},{"damage":3,"enemies":"Gremlin Nob","floor":11,"turns":3},{"damage":5,"enemies":"Looter","floor":12,"turns":2},{"damage":0,"enemies":"3 Louse","floor":14,"turns":2},{"damage":24,"enemies":"The Guardian","floor":16,"turns":12}],"seed_played":"-3765422432784744993","potions_obtained":[{"floor":1,"key":"PowerPotion"},{"floor":4,"key":"EssenceOfSteel"},{"floor":10,"key":"EssenceOfDarkness"},{"floor":14,"key":"SpeedPotion"}],"is_trial":false,"path_per_floor":["M","M","?","M","?","R","M","R","T","?","E","M","T","M","R","B"],"character_chosen":"DEFECT","items_purchased":[],"campfire_rested":1,"item_purchase_floors":[],"current_hp_per_floor":[60,51,32,32,32,32,20,20,20,13,10,5,5,5,24,0,0],"gold":292,"neow_bonus":"ONE_RARE_RELIC","is_prod":false,"is_daily":false,"chose_seed":false,"campfire_upgraded":0,"win_rate":0,"timestamp":1607560959,"path_taken":["M","M","?","M","?","R","M","R","T","?","E","M","?","M","R","BOSS"],"build_version":"2020-11-30","purchased_purges":0,"victory":false,"max_hp_per_floor":[64,64,64,64,64,64,64,64,64,64,64,64,64,64,64,64,64],"card_choices":[{"not_picked":["Tempest","Fusion"],"picked":"Beam Cell","floor":1},{"not_picked":["Rip and Tear","Redo","Stack"],"picked":"SKIP","floor":2},{"not_picked":["Redo","Stack"],"picked":"Rip and Tear","floor":2},{"not_picked":["Stack","Ball Lightning"],"picked":"Cold Snap","floor":4},{"not_picked":["Barrage","Coolheaded","Conserve Battery"],"picked":"Chill","floor":7},{"not_picked":["Sunder","Ball Lightning","Streamline"],"picked":"Gash","floor":10},{"not_picked":["Consume","Recycle","Conserve Battery"],"picked":"Biased Cognition","floor":11},{"not_picked":["Double Energy","Turbo","Consume"],"picked":"BootSequence","floor":12},{"not_picked":["Conserve Battery","Rebound","Storm"],"picked":"Turbo","floor":14}],"player_experience":982883,"relics_obtained":[{"floor":6,"key":"Question Card"},{"floor":8,"key":"InkBottle"},{"floor":9,"key":"Whetstone"},{"floor":10,"key":"Odd Mushroom"},{"floor":11,"key":"Lantern"},{"floor":13,"key":"Bag of Marbles"}],"event_choices":[{"damage_healed":0,"gold_gain":0,"player_choice":"Entered Light","damage_taken":19,"max_hp_gain":0,"max_hp_loss":0,"event_name":"Shining Light","floor":3,"gold_loss":0,"cards_upgraded":["Defend_B","Rip and Tear"]},{"damage_healed":0,"gold_gain":0,"player_choice":"Ignored","damage_taken":0,"max_hp_gain":0,"max_hp_loss":0,"event_name":"Liars Game","floor":5,"gold_loss":0},{"damage_healed":0,"gold_gain":0,"player_choice":"Fought Mushrooms","damage_taken":0,"max_hp_gain":0,"max_hp_loss":0,"event_name":"Mushrooms","floor":10,"gold_loss":0}],"is_beta":false,"boss_relics":[],"items_purged_floors":[],"is_endless":false,"potions_floor_spawned":[1,4,10,14],"killed_by":"The Guardian","ascension_level":20}}