{"host":"p4yrwepmrl4g8pul","time":1607571005,"event":{"gold_per_floor":[134,153,153,108,123,123,149,149,149,149,166,166,196,213,213,288,288,307,307,325,170,185,219,219,231,231,241,267,279,279,291,291,365,365,380,378,396,147,161,195,205,231,231,231,231,260,13,40,40,40,40,40,40,65,94,94],"floor_reached":57,"playtime":2294,"items_purged":["AT_purpleEX","Defend_purpleEX","Defend_purpleEX","Defend_purpleEX","Defend_purpleEX","AT_purpleEX","AT_purpleEX","AT_purpleEX","Flash of Steel","Observe_purple_1","Fantasy_PerpetualMotionMachine_purple","Gensokyo:ImpossibleRequest","Poor:ReiMu"],"score":4334,"play_id":"e0215d5f-a03e-45e6-8143-8bcaf3bc55f6","local_time":"20201210113005","is_ascension_mode":true,"campfire_choices":[{"data":"Madness","floor":6.0,"key":"SMITH"},{"data":"Deep Breath","floor":8.0,"key":"SMITH"},{"data":"MeetDecomposer_purple","floor":15.0,"key":"SMITH"},{"data":"Bait_HighSpeedFlying_purple","floor":24.0,"key":"SMITH"},{"floor":32.0,"key":"RECALL"},{"data":"Observe_purple_2","floor":45.0,"key":"SMITH"},{"data":"Fancifulhole_purple","floor":49.0,"key":"SMITH"},{"data":"FragmentationRealm_purple","floor":53.0,"key":"SMITH"}],"neow_cost":"","seed_source_timestamp":7042090786000,"circlet_count":0,"master_deck":["AscendersBane","Observe_purple_2+1","Bait_HighSpeedFlying_purple+1","FragmentationRealm_purple+1","Madness+1","Deep Breath+1","MeetDecomposer_purple+1","Mirror_FourBoundary_purple","Fancifulhole_purple+1","DimensionStaggered_purple+1","Mirror_FourBoundary_purple+1"],"special_seed":0,"relics":["Boundary_crack","Memoryfragments_purpleEX","Girya","RuthlessExorcism:ReiMu","Ice Cream","Membership Card","Incense Burner","ClockworkSouvenir","Unceasing Top","TheEssenceOfRealm","Kunai","Bag of Preparation","MerchantsRug","Lizard Tail","CaptainsWheel","Singing Bowl","InkBottle","Blue Candle","Gensokyo:NagashiBinaDoll","Frozen Egg 2","Cursed Key","Lantern","Turnip","Shuriken","Gensokyo:DirgeOfMelancholy","Philosopher\u0027s Stone","HandDrill","Happy Flower","Boot","Ornamental Fan","Blood Vial","Calipers","TentaclePot:ReiMu","Mastiff:ReiMu","OrangePellets","Bag of Marbles"],"potions_floor_usage":[56,56],"damage_taken":[{"damage":0.0,"enemies":"Gensokyo:3_Fairies","floor":1.0,"turns":2.0},{"damage":0.0,"enemies":"Gensokyo:Python","floor":2.0,"turns":2.0},{"damage":0.0,"enemies":"Gensokyo:Gryphon","floor":5.0,"turns":2.0},{"damage":23.0,"enemies":"Gensokyo:Cirno","floor":7.0,"turns":4.0},{"damage":0.0,"enemies":"Gensokyo:5_Fairies","floor":11.0,"turns":2.0},{"damage":20.0,"enemies":"Gensokyo:Aya","floor":13.0,"turns":3.0},{"damage":0.0,"enemies":"Gensokyo:3_Kodama","floor":14.0,"turns":1.0},{"damage":0.0,"enemies":"Gensokyo:Kokoro","floor":16.0,"turns":7.0},{"damage":0.0,"enemies":"Gensokyo:Chomper","floor":18.0,"turns":2.0},{"damage":0.0,"enemies":"Gensokyo:2_Gloops","floor":20.0,"turns":1.0},{"damage":0.0,"enemies":"Gensokyo:Slime_Group","floor":22.0,"turns":2.0},{"damage":28.0,"enemies":"Gensokyo:Koishi","floor":23.0,"turns":4.0},{"damage":0.0,"enemies":"Gensokyo:Wraith","floor":25.0,"turns":3.0},{"damage":0.0,"enemies":"Gensokyo:3_Gloops","floor":27.0,"turns":1.0},{"damage":24.0,"enemies":"Gensokyo:Reisen","floor":28.0,"turns":2.0},{"damage":0.0,"enemies":"Gensokyo:Chomper_and_Gloop","floor":29.0,"turns":2.0},{"damage":0.0,"enemies":"Gensokyo:Wraith","floor":31.0,"turns":2.0},{"damage":0.0,"enemies":"Gensokyo:Eiki","floor":33.0,"turns":3.0},{"damage":0.0,"enemies":"3 Shapes","floor":35.0,"turns":1.0},{"damage":0.0,"enemies":"Orb Walker","floor":37.0,"turns":1.0},{"damage":0.0,"enemies":"Maw","floor":39.0,"turns":2.0},{"damage":0.0,"enemies":"Reptomancer","floor":40.0,"turns":2.0},{"damage":0.0,"enemies":"Spire Growth","floor":41.0,"turns":2.0},{"damage":0.0,"enemies":"Nemesis","floor":42.0,"turns":3.0},{"damage":1.0,"enemies":"Giant Head","floor":46.0,"turns":3.0},{"damage":0.0,"enemies":"Reptomancer","floor":48.0,"turns":2.0},{"damage":0.0,"enemies":"Donu and Deca","floor":50.0,"turns":1.0},{"damage":0.0,"enemies":"Time Eater","floor":51.0,"turns":4.0},{"damage":0.0,"enemies":"Shield and Spear","floor":55.0,"turns":2.0},{"damage":0,"enemies":"The Heart","floor":56,"turns":4}],"seed_played":"6185066349569409472","potions_obtained":[{"floor":1.0,"key":"SkillPotion"},{"floor":5.0,"key":"FairyPotion"},{"floor":20.0,"key":"LiquidMemories"},{"floor":31.0,"key":"DistilledChaos"},{"floor":33.0,"key":"Fire Potion"},{"floor":37.0,"key":"Fruit Juice"},{"floor":40.0,"key":"ColorlessPotion"},{"floor":55.0,"key":"Explosive Potion"}],"is_trial":false,"path_per_floor":["M","M","?","$","M","R","E","R","T","?","M","T","E","M","R","B",null,"M","?","M","$","M","E","R","M","T","M","E","M","?","M","R","B",null,"M","$","M","$","M","E","M","E","T","?","R","E","$","E","R","B","B",null,"R","$","E","B",null],"character_chosen":"Youkari","items_purchased":["Bait_HighSpeedFlying_purple","Flash of Steel","Girya","Lee\u0027s Waffle","FragmentationRealm_purple","Madness","RuthlessExorcism:ReiMu","Ice Cream","Fantasy_PerpetualMotionMachine_purple","Membership Card","DimensionStaggered_purple","Deep Breath","Incense Burner","ClockworkSouvenir","Unceasing Top","TheEssenceOfRealm","Kunai","Bag of Preparation","MeetDecomposer_purple","MerchantsRug","Lizard Tail","Singing Bowl","Mirror_FourBoundary_purple","Lantern","Potion Belt","HandDrill","Happy Flower","Juzu Bracelet","Calipers","TentaclePot:ReiMu","Mastiff:ReiMu","Mirror_FourBoundary_purple+1","OrangePellets"],"campfire_rested":0,"item_purchase_floors":[0,0,0,0,0,0,0,0,0,0,0,0,0,0,0,0,0,0,0,0,0,0,4,21,21,38,38,38,47,47,54,54,54],"current_hp_per_floor":[74,76,76,76,78,78,61,61,61,61,64,64,48,54,54,60,81,87,87,91,91,94,72,72,76,76,79,57,62,62,67,67,71,97,101,101,108,108,110,110,115,120,120,120,120,125,125,134,134,134,134,134,134,134,136,136],"gold":94,"neow_bonus":"","is_prod":false,"is_daily":false,"chose_seed":false,"campfire_upgraded":7,"win_rate":0,"timestamp":1607571005,"path_taken":["M","?","?","$","?","R","E","R","T","?","M","?","E","M","R","BOSS","M","?","M","$","M","E","R","?","T","M","E","?","?","M","R","BOSS","M","$","M","$","M","E","M","E","T","?","R","E","$","E","R","BOSS","BOSS","R","$","E","BOSS"],"build_version":"2020-11-30","purchased_purges":13,"victory":true,"max_hp_per_floor":[74,76,76,76,78,78,80,80,80,80,82,82,84,86,86,88,88,90,90,92,92,94,96,96,98,98,100,102,104,104,106,106,106,106,108,108,115,115,117,117,121,123,123,123,123,125,125,134,134,134,134,134,134,134,136,136],"card_choices":[{"not_picked":["MetroBOOM_purple","Realm_recovery_purpleEX","StateDuplicate_purple"],"picked":"Singing Bowl","floor":1.0},{"not_picked":["StretchesForeverDream_purple","AdvanceAttack_purple","Charmbait_purple"],"picked":"Singing Bowl","floor":2.0},{"not_picked":["MetroBOOM_purple","StateDuplicate_purple","Bait_HighSpeedFlying_purple"],"picked":"Singing Bowl","floor":5.0},{"not_picked":["Extrememeaning_purpleEX","DarkRealmRedLine_purple","Shallow_ocean_purpleEX"],"picked":"Singing Bowl","floor":7.0},{"not_picked":["RealityDreamConfluencek_purple","Realm_recovery_purpleEX","Boundary_of_Extermination_purpleEX"],"picked":"Singing Bowl","floor":11.0},{"not_picked":["Charmbait_purple","DimensionStaggered_purple","SfantasyHide_purple"],"picked":"Singing Bowl","floor":13.0},{"not_picked":["WatchEChange_purple","Anti_communist_purple","Mirror_FormAndEmptin_purple"],"picked":"Singing Bowl","floor":14.0},{"not_picked":["MagicEyes_LaplaceDemon_purple","Monsters_DoubleDeathButterfly_purple+1","Boundary_LifeAndDeath_purple"],"picked":"Singing Bowl","floor":16.0},{"not_picked":["Mirror_FormAndEmptin_purple","StateErode_purple","StateDuplicate_purple"],"picked":"Singing Bowl","floor":18.0},{"not_picked":["RuptureOfTimeAndSpace_purple+1","Extrememeaning_purpleEX","AdvanceAttack_purple"],"picked":"Singing Bowl","floor":20.0},{"not_picked":["OmniscientAndOmnipotent_Monster_purple","Charmbait_purple","Boundary_ObjectiveBoundary_purple"],"picked":"Singing Bowl","floor":22.0},{"not_picked":["Theboundaryofcreation_purpleEX","WeekHit_purple","MeetDecomposer_purple"],"picked":"Singing Bowl","floor":23.0},{"not_picked":["DimensionStaggered_purple","Worldmountain_purple","OmniscientAndOmnipotent_Monster_purple"],"picked":"Singing Bowl","floor":25.0},{"not_picked":["WatchEyeChange_purple+1","Line_surface_state_purple","ButterflyHabitatTemple_purple+1"],"picked":"Singing Bowl","floor":27.0},{"not_picked":["Charmbait_purple","Umbrella_purple","OmniscientAndOmnipotent_Monster_purple"],"picked":"Singing Bowl","floor":28.0},{"not_picked":["AdvanceAttack_purple","WatchEyeChange_purple+1","Worldmountain_purple"],"picked":"Singing Bowl","floor":29.0},{"not_picked":["WasteWire_Metro_purple","Umbrella_purple","ExistenceContinue_purple"],"picked":"Singing Bowl","floor":31.0},{"not_picked":["KnowledgeAbilityRealm_purple","Monsters_DoubleDeathButterfly_purple+1"],"picked":"Fancifulhole_purple","floor":33.0},{"not_picked":["DimensionStaggered_purple","StretchesForeverDream_purple+1","Line_surface_state_purple"],"picked":"Singing Bowl","floor":35.0},{"not_picked":["MeetDecomposer_purple","ExistenceContinue_purple","Shallow_ocean_purpleEX"],"picked":"Singing Bowl","floor":37.0},{"not_picked":["Umbrella_purple","Erosivefilter_purple","Shallow_ocean_purpleEX"],"picked":"Singing Bowl","floor":39.0},{"not_picked":["SharpContractionReality_purple","Mirror_FormAndEmptin_purple"],"picked":"DimensionStaggered_purple+1","floor":40.0},{"not_picked":["WingOfChimera_purple","DimensionStaggered_purple","OpenedBox_purple"],"picked":"Singing Bowl","floor":41.0},{"not_picked":["MeetDecomposer_purple+1","RuptureOfTimeAndSpace_purple","DimensionStaggered_purple"],"picked":"Singing Bowl","floor":41.0},{"not_picked":["MonsterNeedle_purple","Nest_LightFlightworm_purple","Yakumo_Ran_purple"],"picked":"Singing Bowl","floor":42.0},{"not_picked":["ExistenceContinue_purple","MeetDecomposer_purple","Yakumo_Ran_purple+1"],"picked":"Singing Bowl","floor":46.0},{"not_picked":["Theboundaryofcreation_purpleEX","Bait_Toxicbait_purple","RealityDreamConfluencek_purple"],"picked":"Singing Bowl","floor":48.0},{"not_picked":["StateErode_purple","MeetDecomposer_purple+1","StretchesForeverDream_purple"],"picked":"Singing Bowl","floor":55.0}],"player_experience":749587,"relics_obtained":[{"floor":7.0,"key":"InkBottle"},{"floor":9.0,"key":"Blue Candle"},{"floor":13.0,"key":"Frozen Egg 2"},{"floor":23.0,"key":"Turnip"},{"floor":26.0,"key":"Shuriken"},{"floor":28.0,"key":"Peace Pipe"},{"floor":40.0,"key":"Prayer Wheel"},{"floor":42.0,"key":"Boot"},{"floor":43.0,"key":"Ornamental Fan"},{"floor":46.0,"key":"Blood Vial"},{"floor":48.0,"key":"Strawberry"},{"floor":55.0,"key":"Bag of Marbles"}],"event_choices":[{"cards_removed":["DimensionStaggered_purple"],"damage_healed":0.0,"max_hp_gain":0.0,"max_hp_loss":0.0,"gold_gain":0.0,"event_name":"Falling","player_choice":"Removed Skill","floor":44.0,"gold_loss":0.0,"damage_taken":0.0}],"is_beta":false,"boss_relics":[{"not_picked":["Calling Bell","Velvet Choker"],"picked":"Cursed Key"},{"not_picked":["Runic Dome","SacredBark"],"picked":"Philosopher\u0027s Stone"}],"items_purged_floors":[0,0,0,0,0,0,0,0,0,0,4,36,47],"is_endless":false,"potions_floor_spawned":[1,5,7,11,20,31,33,37,40,41,48,55],"ascension_level":20}}