{"host":"igj4vwc42ivwqexo","time":1607625092,"event":{"mods":["BaseMod","StSLib","Infinite Spire","Koishi","Marisa????????","Minty Spire (QoL Compilation)","Shop Mod","The Disciple","The Hierophant","The Servant 0.9.4"],"gold_per_floor":[112,112,127,146,156,156,156,156,180,214,225,225,237,265,265,364,364,379,405,417,417,432,432,465,480,480,480,496,169,184,184,184],"floor_reached":31,"playtime":3469,"items_purged":["Defend_B"],"score":259,"play_id":"a50f85a6-76c1-4b63-bac8-9e1dd6d04816","local_time":"20201210193132","is_ascension_mode":false,"campfire_choices":[{"data":"Aggregate","floor":6,"key":"SMITH"},{"data":"Zap","floor":8,"key":"SMITH"},{"data":"Genetic Algorithm","floor":12,"key":"SMITH"},{"data":"Genetic Algorithm","floor":15,"key":"SMITH"},{"data":"Buffer","floor":23,"key":"SMITH"},{"data":"Storm","floor":27,"key":"SMITH"}],"circlet_count":0,"master_deck":["Strike_B","Strike_B+1","Strike_B","Defend_B","Defend_B","Defend_B","Zap+1","Dualcast","Secret Weapon","Aggregate+1","Conserve Battery","Skim","Ball Lightning","Genetic Algorithm+1","Capacitor","Genetic Algorithm+1","Glacier","Buffer+1","White Noise","Fusion+1","Doom and Gloom+1","Storm+1","Defragment","Cold Snap+1","Leap","Leap+1","Sunder+1","Lockon+1","Turbo+1"],"relics":["Cracked Core","Art of War","Centennial Puzzle","infinitespire:PuzzleCube","Odd Mushroom","infinitespire:Cupcake","Red Mask","Bag of Preparation","Molten Egg 2","Whetstone"],"acts_visited":["Exordium","TheCity"],"potions_floor_usage":[5,16,18,18,24,25],"damage_taken":[{"damage":10,"enemies":"Small Slimes","floor":1,"turns":3},{"damage":0,"enemies":"Cultist","floor":3,"turns":4},{"damage":3,"enemies":"Jaw Worm","floor":4,"turns":5},{"damage":5,"enemies":"Looter","floor":5,"turns":4},{"damage":9,"enemies":"Lagavulin","floor":10,"turns":5},{"damage":6,"enemies":"Blue Slaver","floor":11,"turns":3},{"damage":15,"enemies":"Exordium Wildlife","floor":13,"turns":4},{"damage":9,"enemies":"The Mushroom Lair","floor":14,"turns":4},{"damage":4,"enemies":"Hexaghost","floor":16,"turns":14},{"damage":10,"enemies":"2 Thieves","floor":18,"turns":4},{"damage":31,"enemies":"Masked Bandits","floor":19,"turns":8},{"damage":3,"enemies":"Chosen","floor":20,"turns":8},{"damage":0,"enemies":"3 Cultists","floor":22,"turns":4},{"damage":7,"enemies":"Book of Stabbing","floor":24,"turns":7},{"damage":4,"enemies":"Snake Plant","floor":25,"turns":3},{"damage":0,"enemies":"Centurion and Healer","floor":28,"turns":10},{"damage":0,"enemies":"Snecko","floor":30,"turns":3},{"damage":14,"enemies":"Gremlin Leader","floor":31,"turns":2}],"seed_played":"856122286587904260","potions_obtained":[{"floor":4,"key":"AttackPotion"},{"floor":5,"key":"SteroidPotion"},{"floor":11,"key":"BlessingOfTheForge"},{"floor":14,"key":"EssenceOfSteel"},{"floor":19,"key":"GamblersBrew"},{"floor":22,"key":"SkillPotion"},{"floor":25,"key":"Energy Potion"}],"is_trial":false,"path_per_floor":["M","?","M","M","M","R","?","R","T","E","M","R","M","?","R","B",null,"M","?","M","?","M","R","E","M","T","R","M","$","M","E"],"character_chosen":"DEFECT","items_purchased":["Sunder+1","Whetstone","Lockon+1"],"campfire_rested":0,"item_purchase_floors":[29,29,29],"current_hp_per_floor":[58,58,58,55,50,50,50,50,50,41,35,35,20,11,11,7,68,58,27,24,24,24,24,17,13,13,13,13,13,13,0,0],"gold":184,"neow_bonus":"RANDOM_COLORLESS_2","is_daily":false,"chose_seed":false,"campfire_upgraded":6,"win_rate":0,"timestamp":1607625092,"path_taken":["M","?","M","?","M","R","?","R","T","E","M","R","M","?","R","BOSS","M","?","M","?","?","R","E","M","T","R","M","$","M","E"],"build_version":"2020-11-30","purchased_purges":1,"victory":false,"max_hp_per_floor":[68,68,68,68,68,68,68,68,68,68,68,68,68,68,68,68,68,68,68,68,68,68,68,68,68,68,68,68,68,68,68,68],"card_choices":[{"not_picked":["Magnetism","Metamorphosis"],"picked":"Secret Weapon","floor":0},{"not_picked":["Gash","Leap"],"picked":"Aggregate","floor":1},{"not_picked":["Sunder","Compile Driver"],"picked":"Conserve Battery","floor":3},{"not_picked":["Barrage","Redo"],"picked":"Skim","floor":4},{"not_picked":["Coolheaded","Sweeping Beam"],"picked":"Ball Lightning","floor":5},{"not_picked":["Meteor Strike","Stack"],"picked":"Genetic Algorithm","floor":10},{"not_picked":["Redo","Beam Cell"],"picked":"Capacitor","floor":11},{"not_picked":["Hologram","Rebound"],"picked":"Genetic Algorithm","floor":13},{"not_picked":["Cold Snap","Turbo"],"picked":"Glacier","floor":14},{"not_picked":["All For One","Reboot"],"picked":"Buffer","floor":16},{"not_picked":["Reinforced Body","Steam"],"picked":"White Noise","floor":18},{"not_picked":["Ball Lightning","Hologram+1"],"picked":"Fusion+1","floor":19},{"not_picked":["Hologram","Fusion"],"picked":"Doom and Gloom+1","floor":20},{"not_picked":["White Noise","Sunder+1"],"picked":"Defragment","floor":22},{"not_picked":["Gash","Beam Cell+1"],"picked":"Cold Snap","floor":24},{"not_picked":["Streamline","Gash"],"picked":"Leap","floor":25},{"not_picked":["Melter+1","Gash+1"],"picked":"Leap+1","floor":28},{"not_picked":["Rip and Tear+1","Leap+1"],"picked":"Turbo+1","floor":30}],"player_experience":213187,"relics_obtained":[{"floor":7,"key":"Art of War"},{"floor":9,"key":"Centennial Puzzle"},{"floor":10,"key":"infinitespire:PuzzleCube"},{"floor":14,"key":"Odd Mushroom"},{"floor":19,"key":"Red Mask"},{"floor":24,"key":"Bag of Preparation"},{"floor":26,"key":"Molten Egg 2"}],"event_choices":[{"cards_removed":["Strike_B"],"damage_healed":0,"gold_gain":0,"player_choice":"Offered Basic","damage_taken":0,"max_hp_gain":0,"max_hp_loss":0,"event_name":"Bonfire Elementals","floor":2,"gold_loss":0},{"damage_healed":0,"gold_gain":0,"player_choice":"Fought Mushrooms","damage_taken":0,"max_hp_gain":0,"max_hp_loss":0,"event_name":"Mushrooms","floor":14,"gold_loss":0},{"damage_healed":0,"gold_gain":0,"player_choice":"Fought Bandits","damage_taken":0,"max_hp_gain":0,"max_hp_loss":0,"event_name":"Masked Bandits","floor":19,"gold_loss":0},{"damage_healed":0,"gold_gain":0,"player_choice":"Read","damage_taken":0,"max_hp_gain":0,"max_hp_loss":0,"event_name":"The Library","floor":21,"gold_loss":0,"cards_obtained":["Storm"]}],"is_beta":false,"boss_relics":[{"not_picked":["Fusion Hammer","SacredBark"],"picked":"infinitespire:Cupcake"}],"items_purged_floors":[29],"is_endless":false,"potions_floor_spawned":[4,5,11,14,19,22,25],"killed_by":"Gremlin Leader","ascension_level":0}}