{"host":"1krvlh4vk1vybq4t","time":1607618700,"event":{"mods":["BaseMod","StSLib","Googly Eyes","everything is the same but u backflip on backflip","2.2 Compatiblity","Better Synergies","Block Reminder","SuperFastMode","Custom Start","slay the spire mod where everything is the same but ironclad has a cowboy hat","Act Like it!","Waifu the Spire","Relic Stats","Ironclad Rager","Virulent Crown","Better Altar","Better Match","Better Note","Better Sensory Stone","Better Skull","Better Third Choice","BetterRewards","Booster Modes","Challenge The Spire","Minty Spire (QoL Compilation)","Quick Restart","Swap Starting Deck Mod","Transform Curses","Defective Defect","GifTheSpireLib","Better-Laid Plans","Alarm Clock","Filter the Spire","Shop Mod","Colored Map"],"gold_per_floor":[112,122,43,54,54,54,54],"floor_reached":6,"playtime":100,"items_purged":[],"score":95,"play_id":"34de82da-a021-4f60-8dab-f2ab36fedbc9","local_time":"20201210174500","is_ascension_mode":true,"campfire_choices":[],"circlet_count":0,"master_deck":["Ball Lightning","Ball Lightning","Ball Lightning","Ball Lightning","Thunder Strike","Stack","Stack","Stack","Stack","Zap","Conserve Battery","Aggregate","Loop+1"],"relics":["Cracked Core"],"acts_visited":["Exordium"],"potions_floor_usage":[],"damage_taken":[{"damage":12,"enemies":"Jaw Worm","floor":1,"turns":2},{"damage":9,"enemies":"Small Slimes","floor":2,"turns":2},{"damage":6,"enemies":"2 Louse","floor":4,"turns":2},{"damage":27,"enemies":"Lagavulin","floor":6,"turns":3}],"seed_played":"-2878953065241202775","potions_obtained":[{"floor":4,"key":"SpeedPotion"}],"is_trial":false,"path_per_floor":["M","M","$","M","?","E"],"character_chosen":"DEFECT","items_purchased":["Loop"],"campfire_rested":0,"item_purchase_floors":[3],"current_hp_per_floor":[26,17,17,11,11,0,0],"gold":54,"neow_bonus":"","is_daily":false,"chose_seed":false,"campfire_upgraded":0,"win_rate":0,"timestamp":1607618700,"path_taken":["M","M","$","M","?","E"],"build_version":"2020-11-30","purchased_purges":0,"victory":false,"max_hp_per_floor":[75,75,75,75,75,75,75],"relic_stats":{"counters":[4,9],"obtain_stats":[{"Cracked Core":0},{"Cracked Core":0},{"Cracked Core":0}]},"card_choices":[{"not_picked":["Beam Cell","Aggregate"],"picked":"Conserve Battery","floor":1},{"not_picked":["Stack","Scrape"],"picked":"Aggregate","floor":2},{"not_picked":["Ball Lightning","Compile Driver","Streamline"],"picked":"SKIP","floor":4}],"player_experience":428216,"relics_obtained":[],"event_choices":[{"damage_healed":0,"gold_gain":0,"player_choice":"Grow","damage_taken":0,"max_hp_gain":0,"max_hp_loss":0,"event_name":"Living Wall","floor":5,"gold_loss":0,"cards_upgraded":["Loop"]}],"is_beta":false,"boss_relics":[],"items_purged_floors":[],"is_endless":false,"potions_floor_spawned":[4],"killed_by":"Lagavulin","ascension_level":5}}