{"host":"e87rn453naquue3h","time":1607642554,"event":{"mods":["BaseMod","StSLib","Minty Spire (QoL Compilation)","AchievementEnabler","Relic Stats"],"gold_per_floor":[117,128,128,128,141,176,176,201,201,234,234,254,292,312,312,440,440,463,22,22,22,43,103,103,136,136,192,230,405,440,478,478,628,628,692,217,439,69,88,156,156,179,179,512,571,609,609,684,684,684],"floor_reached":51,"playtime":3833,"items_purged":["Defend_P","Defend_P"],"score":1548,"play_id":"00ed9edf-bbf3-41c2-92fe-cefcec45a17b","local_time":"20201210182234","is_ascension_mode":true,"campfire_choices":[{"data":"FlurryOfBlows","floor":7,"key":"SMITH"},{"floor":11,"key":"REST"},{"floor":15,"key":"REST"},{"data":"HandOfGreed","floor":24,"key":"SMITH"},{"data":"WheelKick","floor":32,"key":"SMITH"},{"data":"Defend_P","floor":41,"key":"PURGE"},{"data":"Strike_P","floor":47,"key":"PURGE"},{"data":"Strike_P","floor":49,"key":"PURGE"}],"circlet_count":0,"master_deck":["Strike_P","Strike_P","Defend_P","Eruption+1","Vigilance","FearNoEvil","FlurryOfBlows+1","Halt","Meditate","Consecrate","Vengeance","Vengeance","ClearTheMind","DevaForm","CutThroughFate","HandOfGreed+1","Ghostly","Ghostly","Ghostly","Ghostly","Ghostly","EmptyFist+1","InnerPeace","Adaptation+1","WheelKick+1","Fasting2+1","Scrawl","Vengeance+1","Apotheosis","Fasting2","Wireheading","EmptyMind+1"],"relics":["SacredBark","Calipers","Peace Pipe","Lizard Tail","Bird Faced Urn","Runic Dome","Eternal Feather","Orichalcum","Red Mask","Smiling Mask","Regal Pillow","Incense Burner","Bottled Tornado","Mummified Hand","VioletLotus","Lee\u0027s Waffle","TeardropLocket","Oddly Smooth Stone","CaptainsWheel","Prayer Wheel","Mango"],"acts_visited":["Exordium","TheCity","TheBeyond"],"potions_floor_usage":[10,14,23,27,29,29,33,40,50,50],"damage_taken":[{"damage":1,"enemies":"Cultist","floor":1,"turns":4},{"damage":4,"enemies":"2 Louse","floor":2,"turns":3},{"damage":6,"enemies":"Jaw Worm","floor":5,"turns":3},{"damage":18,"enemies":"3 Sentries","floor":6,"turns":8},{"damage":21,"enemies":"Lots of Slimes","floor":8,"turns":5},{"damage":10,"enemies":"Lagavulin","floor":10,"turns":4},{"damage":0,"enemies":"Large Slime","floor":12,"turns":4},{"damage":18,"enemies":"Gremlin Nob","floor":13,"turns":3},{"damage":0,"enemies":"3 Louse","floor":14,"turns":1},{"damage":0,"enemies":"Slime Boss","floor":16,"turns":5},{"damage":20,"enemies":"Spheric Guardian","floor":18,"turns":5},{"damage":2,"enemies":"Chosen","floor":22,"turns":3},{"damage":4,"enemies":"Gremlin Leader","floor":23,"turns":7},{"damage":1,"enemies":"Masked Bandits","floor":25,"turns":3},{"damage":13,"enemies":"Slavers","floor":27,"turns":6},{"damage":0,"enemies":"Snake Plant","floor":28,"turns":5},{"damage":0,"enemies":"Colosseum Slavers","floor":29,"turns":4},{"damage":0,"enemies":"Colosseum Nobs","floor":29,"turns":7},{"damage":0,"enemies":"Book of Stabbing","floor":30,"turns":4},{"damage":0,"enemies":"Sentry and Sphere","floor":31,"turns":3},{"damage":0,"enemies":"Collector","floor":33,"turns":9},{"damage":6,"enemies":"3 Shapes","floor":35,"turns":4},{"damage":0,"enemies":"Orb Walker","floor":39,"turns":2},{"damage":0,"enemies":"Giant Head","floor":40,"turns":5},{"damage":0,"enemies":"3 Darklings","floor":42,"turns":4},{"damage":0,"enemies":"Nemesis","floor":45,"turns":5},{"damage":17,"enemies":"4 Shapes","floor":46,"turns":4},{"damage":0,"enemies":"Mind Bloom Boss Battle","floor":48,"turns":4},{"damage":0,"enemies":"Awakened One","floor":50,"turns":6}],"seed_played":"-6610869783257398108","potions_obtained":[{"floor":5,"key":"Weak Potion"},{"floor":12,"key":"Explosive Potion"},{"floor":13,"key":"SneckoOil"},{"floor":14,"key":"StancePotion"},{"floor":23,"key":"Swift Potion"},{"floor":27,"key":"BlessingOfTheForge"},{"floor":28,"key":"SkillPotion"},{"floor":30,"key":"SkillPotion"},{"floor":31,"key":"EssenceOfSteel"},{"floor":40,"key":"EssenceOfSteel"}],"is_trial":false,"path_per_floor":["M","M","?","?","M","E","R","M","T","E","R","M","E","M","R","B",null,"M","$","?","?","M","E","R","?","T","E","M","?","E","M","R","B",null,"M","$","?","$","M","E","R","M","T","?","E","M","R","?","R","B",null],"character_chosen":"WATCHER","items_purchased":["Eternal Feather","HandOfGreed","Fruit Juice","Lee\u0027s Waffle","Apotheosis","TeardropLocket","Fasting2"],"campfire_rested":2,"item_purchase_floors":[19,19,36,36,36,38,38],"current_hp_per_floor":[64,60,60,60,54,36,36,15,15,5,25,25,7,7,27,27,57,39,39,33,33,31,29,33,32,32,21,25,29,33,33,33,33,33,29,40,40,40,40,50,50,50,50,50,50,35,50,64,64,64],"gold":684,"neow_bonus":"BOSS_RELIC","is_daily":false,"chose_seed":false,"campfire_upgraded":3,"win_rate":0,"timestamp":1607642554,"path_taken":["M","?","?","?","M","E","R","M","T","E","R","M","E","M","R","BOSS","M","?","?","?","M","E","R","?","T","E","M","?","E","M","R","BOSS","M","$","?","$","M","E","R","M","T","?","E","M","R","?","R","BOSS"],"build_version":"2020-11-30","purchased_purges":2,"victory":true,"max_hp_per_floor":[72,72,67,67,67,67,67,67,67,67,67,67,67,67,67,67,67,67,67,33,33,33,33,33,33,33,33,33,33,33,33,33,33,33,33,40,40,40,40,50,50,50,50,50,50,50,50,64,64,64],"relic_stats":{"Regal Pillow":0,"Lee\u0027s Waffle":11,"counters":[29,130],"Eternal Feather":19,"Orichalcum":[180],"Smiling Mask":75,"Peace Pipe":3,"Lizard Tail":0,"Mummified Hand":[41],"Bird Faced Urn":[22],"Prayer Wheel":1,"VioletLotus":[11],"obtain_stats":[{"Regal Pillow":27,"Lee\u0027s Waffle":36,"Calipers":6,"Golden Idol":3,"SacredBark":0,"Oddly Smooth Stone":40,"Eternal Feather":19,"Mango":48,"Incense Burner":29,"TeardropLocket":38,"Orichalcum":23,"Bottled Tornado":29,"Smiling Mask":26,"Peace Pipe":9,"Runic Dome":17,"Lizard Tail":10,"CaptainsWheel":43,"Mummified Hand":30,"Bird Faced Urn":13,"Prayer Wheel":45,"VioletLotus":34,"Red Mask":25,"PureWater":0},{"Regal Pillow":15,"Lee\u0027s Waffle":22,"Calipers":4,"Golden Idol":2,"SacredBark":0,"Oddly Smooth Stone":24,"Eternal Feather":11,"Mango":28,"Incense Burner":18,"TeardropLocket":22,"Orichalcum":13,"Bottled Tornado":18,"Smiling Mask":14,"Peace Pipe":5,"Runic Dome":10,"Lizard Tail":6,"CaptainsWheel":25,"Mummified Hand":19,"Bird Faced Urn":8,"Prayer Wheel":26,"VioletLotus":21,"Red Mask":14,"PureWater":0},{"Regal Pillow":64,"Lee\u0027s Waffle":100,"Calipers":18,"Golden Idol":7,"SacredBark":0,"Oddly Smooth Stone":107,"Eternal Feather":45,"Mango":124,"Incense Burner":80,"TeardropLocket":100,"Orichalcum":55,"Bottled Tornado":80,"Smiling Mask":58,"Peace Pipe":23,"Runic Dome":40,"Lizard Tail":27,"CaptainsWheel":111,"Mummified Hand":84,"Bird Faced Urn":34,"Prayer Wheel":116,"VioletLotus":96,"Red Mask":58,"PureWater":0}]},"card_choices":[{"not_picked":["Consecrate","WreathOfFlame"],"picked":"FearNoEvil","floor":1},{"not_picked":["SashWhip","Pray"],"picked":"FlurryOfBlows","floor":2},{"not_picked":["ClearTheMind","FearNoEvil"],"picked":"Halt","floor":5},{"not_picked":["Worship","Judgement"],"picked":"Meditate","floor":6},{"not_picked":["CrushJoints","Prostrate","SandsOfTime"],"picked":"SKIP","floor":8},{"not_picked":["Study","FlyingSleeves"],"picked":"Consecrate","floor":10},{"not_picked":["InnerPeace","CarveReality"],"picked":"Vengeance","floor":12},{"not_picked":["Crescendo","MentalFortress"],"picked":"Vengeance","floor":13},{"not_picked":["Crescendo","Prostrate"],"picked":"ClearTheMind","floor":14},{"not_picked":["Devotion","Wish"],"picked":"DevaForm","floor":16},{"not_picked":["Prostrate","WaveOfTheHand"],"picked":"CutThroughFate","floor":18},{"not_picked":["EmptyBody","ThirdEye+1"],"picked":"EmptyFist+1","floor":22},{"not_picked":["Prostrate","Halt","ThirdEye"],"picked":"SKIP","floor":23},{"not_picked":["Study","Consecrate"],"picked":"InnerPeace","floor":25},{"not_picked":["EmptyBody","CutThroughFate"],"picked":"Adaptation+1","floor":27},{"not_picked":["Devotion","ThirdEye"],"picked":"WheelKick","floor":28},{"not_picked":["EmptyFist","Evaluate"],"picked":"Fasting2+1","floor":29},{"not_picked":["CrushJoints","Worship+1","Protect+1"],"picked":"SKIP","floor":30},{"not_picked":["Consecrate","WaveOfTheHand","CrushJoints"],"picked":"SKIP","floor":31},{"not_picked":["Devotion","Judgement"],"picked":"Scrawl","floor":33},{"not_picked":["ClearTheMind+1","FollowUp+1"],"picked":"Vengeance+1","floor":35},{"not_picked":["Halt+1","BowlingBash+1","EmptyBody+1"],"picked":"SKIP","floor":39},{"not_picked":["ThirdEye","Protect"],"picked":"Wireheading","floor":40},{"not_picked":["SandsOfTime","Halt+1","FlurryOfBlows"],"picked":"SKIP","floor":42},{"not_picked":["PathToVictory+1","Crescendo","LikeWater+1"],"picked":"SKIP","floor":45},{"not_picked":["PathToVictory","Halt+1","SashWhip+1"],"picked":"SKIP","floor":46},{"not_picked":["FlyingSleeves+1","Alpha","Worship+1"],"picked":"SKIP","floor":46},{"not_picked":["Prostrate+1","Collect"],"picked":"EmptyMind+1","floor":48}],"player_experience":2235669,"relics_obtained":[{"floor":6,"key":"Calipers"},{"floor":9,"key":"Peace Pipe"},{"floor":10,"key":"Lizard Tail"},{"floor":13,"key":"Bird Faced Urn"},{"floor":23,"key":"Orichalcum"},{"floor":25,"key":"Red Mask"},{"floor":26,"key":"Smiling Mask"},{"floor":27,"key":"Regal Pillow"},{"floor":29,"key":"Incense Burner"},{"floor":29,"key":"Bottled Tornado"},{"floor":30,"key":"Mummified Hand"},{"floor":40,"key":"Oddly Smooth Stone"},{"floor":43,"key":"CaptainsWheel"},{"floor":45,"key":"Prayer Wheel"},{"floor":48,"key":"Mango"}],"event_choices":[{"damage_healed":0,"gold_gain":0,"player_choice":"Lose Max HP","damage_taken":0,"relics_obtained":["Golden Idol"],"max_hp_gain":0,"max_hp_loss":5,"event_name":"Golden Idol","floor":3,"gold_loss":0},{"damage_healed":0,"gold_gain":0,"player_choice":"Upgraded","damage_taken":0,"max_hp_gain":0,"max_hp_loss":0,"event_name":"Upgrade Shrine","floor":4,"gold_loss":0,"cards_upgraded":["Eruption"]},{"damage_healed":0,"gold_gain":0,"player_choice":"Became a Ghost","damage_taken":0,"max_hp_gain":0,"max_hp_loss":34,"event_name":"Ghosts","floor":20,"gold_loss":0,"cards_obtained":["Ghostly","Ghostly","Ghostly","Ghostly","Ghostly"]},{"damage_healed":0,"gold_gain":0,"player_choice":"Ignored","damage_taken":0,"max_hp_gain":0,"max_hp_loss":0,"event_name":"Vampires","floor":21,"gold_loss":0},{"damage_healed":0,"gold_gain":0,"player_choice":"Fought Bandits","damage_taken":0,"max_hp_gain":0,"max_hp_loss":0,"event_name":"Masked Bandits","floor":25,"gold_loss":0},{"damage_healed":0,"gold_gain":0,"player_choice":"Fight","damage_taken":0,"max_hp_gain":0,"max_hp_loss":0,"event_name":"Colosseum","floor":29,"gold_loss":0},{"damage_healed":0,"gold_gain":0,"player_choice":"Fought Nobs","damage_taken":0,"max_hp_gain":0,"max_hp_loss":0,"event_name":"Colosseum","floor":29,"gold_loss":0},{"damage_healed":0,"gold_gain":222,"player_choice":"Wore Mask","damage_taken":0,"max_hp_gain":0,"max_hp_loss":0,"event_name":"Tomb of Lord Red Mask","floor":37,"gold_loss":0},{"damage_healed":0,"gold_gain":333,"player_choice":"Gave Idol","damage_taken":0,"max_hp_gain":0,"max_hp_loss":0,"event_name":"The Moai Head","floor":44,"relics_lost":["Golden Idol"],"gold_loss":0},{"damage_healed":0,"gold_gain":0,"player_choice":"Fight","damage_taken":0,"max_hp_gain":0,"max_hp_loss":0,"event_name":"MindBloom","floor":48,"gold_loss":0}],"is_beta":false,"boss_relics":[{"not_picked":["Black Star","Velvet Choker"],"picked":"Runic Dome"},{"not_picked":["Sozu","Empty Cage"],"picked":"VioletLotus"}],"items_purged_floors":[36,38],"is_endless":false,"potions_floor_spawned":[5,12,13,14,23,27,28,30,31,40,45],"ascension_level":9}}