{"host":"cglr1m0d8tytrlaz","time":1607564991,"event":{"gold_per_floor":[218,233,233,89,107,107,140,140,140,167,177,187,214,226,226,329,329,345,525,543,562,74,74,107,125,173,208,208,208,234,259,259,371,371,394,417,417,1416,289,289,291,291],"floor_reached":41,"playtime":6568,"items_purged":["Pain","Strike_R","Normality"],"score":754,"play_id":"98b1a4f6-4924-4028-b19c-893994b3e87e","local_time":"20201209194951","is_ascension_mode":true,"campfire_choices":[{"data":"Bash","floor":6,"key":"SMITH"},{"data":"Hemokinesis","floor":8,"key":"SMITH"},{"data":"ReplayTheSpireMod:Necrogeddon","floor":23,"key":"SMITH"},{"data":"Feel No Pain","floor":28,"key":"SMITH"},{"floor":32,"key":"REST"},{"floor":40,"key":"REST"}],"neow_cost":"NONE","seed_source_timestamp":349280064385400,"circlet_count":0,"master_deck":["Bash+1","Clothesline","Battle Trance","Feel No Pain+1","Hemokinesis+1","Power Through","ReplayTheSpireMod:Strike From Hell","Sword Boomerang","True Grit","Pommel Strike","Power Through+1","Hemogenesis","Shrug It Off","Fire Breathing","Body Slam","ReplayTheSpireMod:Necrogeddon+1","Warcry","Warcry","Seeing Red","Dark Embrace","Defy Death","Spot Weakness","Burning Pact","Delirium","Juggernaut","Defy Death","Run Through","Clash","Demon Form","Bloodletting","Carnage","Juggernaut","Headbutt","Intimidate","Entrench+1","Normality","Reaper","Disarm","Replay:BasicMightCard","Transmutation","Evolve+1"],"relics":["Burning Blood","Replay:Accelerometer","WarpedTongs","Pear","Strawberry","CaptainsWheel","Replay:Bronze Core","Gremlin Horn","Replay:Bandana","Nunchaku","Mirror","Pandora\u0027s Box","Chemical X","Dream Catcher","Centennial Puzzle"],"potions_floor_usage":[13,20,21,24,27,33,41],"damage_taken":[{"damage":0,"enemies":"Small Slimes","floor":1,"turns":3},{"damage":0,"enemies":"Cultist","floor":2,"turns":3},{"damage":4,"enemies":"Jaw Worm","floor":5,"turns":3},{"damage":27,"enemies":"Lagavulin","floor":7,"turns":7},{"damage":18,"enemies":"3 Sentries","floor":10,"turns":8},{"damage":6,"enemies":"Red Slaver","floor":11,"turns":3},{"damage":9,"enemies":"2 Fungi Beasts","floor":12,"turns":3},{"damage":12,"enemies":"Gremlin Nob","floor":13,"turns":2},{"damage":2,"enemies":"Large Slime","floor":14,"turns":6},{"damage":11,"enemies":"The Guardian","floor":16,"turns":15},{"damage":23,"enemies":"2 Thieves","floor":18,"turns":5},{"damage":14,"enemies":"Spheric Guardian","floor":20,"turns":7},{"damage":27,"enemies":"Centurion and Healer","floor":21,"turns":9},{"damage":38,"enemies":"Gremlin Leader","floor":24,"turns":7},{"damage":4,"enemies":"Shelled Parasite and Fungi","floor":25,"turns":15},{"damage":2,"enemies":"Book of Stabbing","floor":27,"turns":4},{"damage":14,"enemies":"Snecko","floor":30,"turns":8},{"damage":9,"enemies":"Cultist and Chosen","floor":31,"turns":6},{"damage":37,"enemies":"Collector","floor":33,"turns":18},{"damage":56,"enemies":"3 Darklings","floor":35,"turns":6},{"damage":16,"enemies":"3 Shapes","floor":36,"turns":4},{"damage":58,"enemies":"Jaw Worm Horde","floor":41,"turns":5}],"seed_played":"-7756045608024253435","potions_obtained":[{"floor":2,"key":"Block Potion"},{"floor":5,"key":"PowerPotion"},{"floor":11,"key":"LiquidBronze"},{"floor":12,"key":"Death Potion"},{"floor":13,"key":"Elixir"},{"floor":14,"key":"Fire Potion"},{"floor":20,"key":"Reflective Coating"},{"floor":25,"key":"CultistPotion"},{"floor":31,"key":"Elixir"},{"floor":33,"key":"Energy Potion"}],"is_trial":false,"path_per_floor":["M","M","?","$","M","R","E","R","T","E","M","M","E","M","R","B",null,"M","?","M","M","$","R","E","M","T","E","R","?","M","M","R","B",null,"M","M","?","?","$","R","M"],"character_chosen":"IRONCLAD","items_purchased":["Feel No Pain","ReplayTheSpireMod:Necrogeddon","Warcry","Seeing Red","Dark Embrace","Reaper","Disarm","Chemical X","Replay:BasicMightCard","Dream Catcher","Centennial Puzzle","Dexterity Potion","Transmutation"],"campfire_rested":2,"item_purchase_floors":[4,22,22,22,22,39,39,39,39,39,39,39,39],"current_hp_per_floor":[78,80,80,80,80,80,69,69,69,64,64,61,55,59,88,83,94,84,65,64,52,52,52,20,22,22,26,26,26,18,20,49,18,77,32,22,22,22,22,51,0,0],"gold":291,"neow_bonus":"HUNDRED_GOLD","is_prod":false,"is_daily":false,"chose_seed":false,"campfire_upgraded":4,"win_rate":0,"timestamp":1607564991,"path_taken":["M","M","?","$","M","R","E","R","T","E","M","?","E","M","R","BOSS","M","?","M","?","?","R","E","M","T","E","R","?","?","M","R","BOSS","M","M","?","?","$","R","M"],"build_version":"2020-11-30","purchased_purges":3,"victory":false,"max_hp_per_floor":[80,80,80,80,80,80,90,90,90,97,97,97,97,97,97,97,97,97,97,97,97,97,97,97,97,97,97,97,97,97,97,97,97,97,97,97,97,97,97,97,97,97],"relic_stats":{"Nunchaku":[5],"Dream Catcher":1,"Centennial Puzzle":[3],"Gremlin Horn":[16,18],"counters":[22,147],"Pandora\u0027s Box":["Defy Death","Run Through","Clash","Demon Form","Bloodletting","Carnage","Juggernaut","Headbutt"],"Chemical X":[2],"obtain_stats":[{"Replay:Accelerometer":9,"Pear":7,"Gremlin Horn":24,"Burning Blood":0,"WarpedTongs":3,"CaptainsWheel":13,"Replay:Bandana":26,"Nunchaku":27,"Dream Catcher":39,"Centennial Puzzle":39,"Strawberry":10,"Replay:Bronze Core":17,"Pandora\u0027s Box":34,"Chemical X":39,"Mirror":29},{"Replay:Accelerometer":4,"Pear":4,"Gremlin Horn":14,"Burning Blood":0,"WarpedTongs":2,"CaptainsWheel":8,"Replay:Bandana":15,"Nunchaku":16,"Dream Catcher":21,"Centennial Puzzle":21,"Strawberry":5,"Replay:Bronze Core":10,"Pandora\u0027s Box":19,"Chemical X":21,"Mirror":16},{"Replay:Accelerometer":16,"Pear":16,"Gremlin Horn":81,"Burning Blood":0,"WarpedTongs":6,"CaptainsWheel":32,"Replay:Bandana":96,"Nunchaku":100,"Dream Catcher":142,"Centennial Puzzle":142,"Strawberry":24,"Replay:Bronze Core":53,"Pandora\u0027s Box":132,"Chemical X":142,"Mirror":100}],"Burning Blood":120,"WarpedTongs":[138]},"card_choices":[{"not_picked":["Iron Wave","Replay:Undeath\u0027s Touch"],"picked":"Clothesline","floor":1},{"not_picked":["Dropkick","Twin Strike"],"picked":"Battle Trance","floor":2},{"not_picked":["Warcry","Armaments"],"picked":"Hemokinesis","floor":5},{"not_picked":["Dark Embrace","Brutality"],"picked":"Power Through","floor":7},{"not_picked":["Replay:Undeath\u0027s Touch","Demonic Infusion"],"picked":"ReplayTheSpireMod:Strike From Hell","floor":10},{"not_picked":["Clothesline","Havoc"],"picked":"Sword Boomerang","floor":11},{"not_picked":["Clothesline","Searing Blow"],"picked":"True Grit","floor":12},{"not_picked":["Armaments","Flex"],"picked":"Pommel Strike","floor":13},{"not_picked":["Heavy Blade","Havoc"],"picked":"Power Through","floor":14},{"not_picked":["Corruption","Impervious"],"picked":"Hemogenesis","floor":16},{"not_picked":["Massacre+1","Dual Wield"],"picked":"Shrug It Off","floor":18},{"not_picked":["Rupture","Shrug It Off+1"],"picked":"Fire Breathing","floor":20},{"not_picked":["Twin Strike+1","Bloodletting"],"picked":"Body Slam","floor":21},{"not_picked":["Replay:Undeath\u0027s Touch","Sword Boomerang"],"picked":"Defy Death","floor":24},{"not_picked":["Body Slam","Dropkick+1"],"picked":"Spot Weakness","floor":25},{"not_picked":["Dark Embrace","ReplayReversal"],"picked":"Burning Pact","floor":27},{"not_picked":["Clash+1","Perfected Strike","Sword Boomerang"],"picked":"SKIP","floor":30},{"not_picked":["Twin Strike+1","Cleave","Clothesline"],"picked":"SKIP","floor":31},{"not_picked":["Fiend Fire","Bludgeon"],"picked":"Juggernaut","floor":33},{"not_picked":["Infernal Blade","Clothesline+1"],"picked":"Intimidate","floor":35},{"not_picked":["Clash+1","Body Slam+1"],"picked":"Entrench+1","floor":36},{"not_picked":["Rage","Thunderclap+1"],"picked":"Evolve+1","floor":40}],"player_experience":1093722,"relics_obtained":[{"floor":7,"key":"Pear"},{"floor":9,"key":"Replay:Accelerometer"},{"floor":10,"key":"Strawberry"},{"floor":13,"key":"CaptainsWheel"},{"floor":24,"key":"Gremlin Horn"},{"floor":26,"key":"Replay:Bandana"},{"floor":27,"key":"Nunchaku"}],"event_choices":[{"damage_healed":0,"gold_gain":0,"player_choice":"Rummage","damage_taken":0,"relics_obtained":["WarpedTongs"],"max_hp_gain":0,"max_hp_loss":0,"event_name":"Accursed Blacksmith","floor":3,"gold_loss":0,"cards_obtained":["Pain"]},{"damage_healed":0,"gold_gain":180,"player_choice":"GOLD GOLD ","damage_taken":19,"max_hp_gain":0,"max_hp_loss":0,"event_name":"Knowing Skull","floor":19,"potions_obtained":[],"gold_loss":0,"cards_obtained":[]},{"damage_healed":0,"gold_gain":0,"player_choice":"Ignored","damage_taken":0,"max_hp_gain":0,"max_hp_loss":0,"event_name":"Mysterious Sphere","floor":37,"gold_loss":0},{"damage_healed":0,"gold_gain":999,"player_choice":"Gold","damage_taken":0,"max_hp_gain":0,"max_hp_loss":0,"event_name":"MindBloom","floor":38,"gold_loss":0,"cards_obtained":["Normality","Normality"]}],"is_beta":false,"boss_relics":[{"not_picked":["Ring of Chaos","Philosopher\u0027s Stone"],"picked":"Replay:Bronze Core"},{"not_picked":["Abe\u0027s Treasure","Sozu"],"picked":"Pandora\u0027s Box"}],"items_purged_floors":[4,22,39],"is_endless":false,"potions_floor_spawned":[2,5,11,12,13,14,20,25,31,33],"killed_by":"Jaw Worm Horde","ascension_level":6}}