{"host":"5gc11emcm5chfr5t","time":1607643355,"event":{"mods":["BaseMod","StSLib","Better Note","Colored Map","Colored Powertips","Googly Eyes","Minty Spire (QoL Compilation)","2.2 Compatiblity","AchievementEnabler","Rare Cards Sparkle","Bestiary"],"gold_per_floor":[117,133,143,153,153,153,171,203,227,227,227],"floor_reached":10,"playtime":335,"items_purged":[],"score":81,"play_id":"48cfe4b7-b9ea-4d0e-b9e0-3eb40c10c9a7","local_time":"20201210183555","is_ascension_mode":true,"campfire_choices":[{"data":"Transmutation","floor":6,"key":"SMITH"}],"circlet_count":0,"master_deck":["Strike_R","Strike_R","Strike_R","Strike_R","Strike_R","Defend_R","Defend_R","Defend_R","Defend_R","Bash","Transmutation+1","Thunderclap","Perfected Strike","Rupture","Regret","Dual Wield","Metallicize"],"relics":["Burning Blood","White Beast Statue","Regal Pillow","Art of War"],"acts_visited":["Exordium"],"potions_floor_usage":[4,8,10],"damage_taken":[{"damage":9,"enemies":"Small Slimes","floor":1,"turns":5},{"damage":10,"enemies":"2 Louse","floor":2,"turns":3},{"damage":3,"enemies":"Cultist","floor":3,"turns":3},{"damage":11,"enemies":"Red Slaver","floor":4,"turns":3},{"damage":45,"enemies":"3 Louse","floor":7,"turns":5},{"damage":18,"enemies":"Gremlin Nob","floor":8,"turns":4},{"damage":16,"enemies":"3 Sentries","floor":10,"turns":3}],"seed_played":"6786076490688886077","potions_obtained":[{"floor":3,"key":"HeartOfIron"},{"floor":7,"key":"SpeedPotion"},{"floor":8,"key":"SkillPotion"}],"is_trial":false,"path_per_floor":["M","M","M","M","?","R","M","E","T","E"],"character_chosen":"IRONCLAD","items_purchased":[],"campfire_rested":0,"item_purchase_floors":[],"current_hp_per_floor":[69,65,68,63,63,63,24,12,12,0,0],"gold":227,"neow_bonus":"RANDOM_COLORLESS_2","is_daily":false,"chose_seed":false,"campfire_upgraded":1,"win_rate":0,"timestamp":1607643355,"path_taken":["M","M","M","M","?","R","M","E","T","E"],"build_version":"2020-11-30","purchased_purges":0,"victory":false,"max_hp_per_floor":[72,72,72,72,72,72,72,72,72,72,72],"card_choices":[{"not_picked":["Master of Strategy","Thinking Ahead"],"picked":"Transmutation","floor":0},{"not_picked":["Twin Strike","Combust"],"picked":"Thunderclap","floor":1},{"not_picked":["Flex","Disarm"],"picked":"Perfected Strike","floor":2},{"not_picked":["Uppercut","Warcry"],"picked":"Rupture","floor":3},{"not_picked":["Warcry","Cleave","Reckless Charge"],"picked":"SKIP","floor":4},{"not_picked":["Thunderclap","Carnage"],"picked":"Dual Wield","floor":7},{"not_picked":["Dual Wield","Uppercut"],"picked":"Metallicize","floor":8}],"player_experience":311225,"relics_obtained":[{"floor":8,"key":"Regal Pillow"},{"floor":9,"key":"Art of War"}],"event_choices":[{"damage_healed":0,"gold_gain":0,"player_choice":"Box","damage_taken":0,"relics_obtained":["White Beast Statue"],"max_hp_gain":0,"max_hp_loss":0,"event_name":"Big Fish","floor":5,"gold_loss":0,"cards_obtained":["Regret"]}],"is_beta":false,"boss_relics":[],"items_purged_floors":[],"is_endless":false,"potions_floor_spawned":[3,7,8],"killed_by":"3 Sentries","ascension_level":3}}