{"host":"9v3x998ddbx8o276","time":1607642843,"event":{"mods":["AchievementEnabler","BaseMod","Colored Map","Highlight Path","Minty Spire (QoL Compilation)","Quick Restart","Rare Cards Sparkle"],"gold_per_floor":[213,232,13,13,13,39,39,10,10,42,53,53,67,77,77,77,77],"floor_reached":16,"playtime":327,"items_purged":[],"score":220,"play_id":"daa6a711-2c7b-4d79-8157-4a4686bf4ff6","local_time":"20201211095723","is_ascension_mode":true,"campfire_choices":[{"floor":15,"key":"REST"}],"circlet_count":0,"master_deck":["AscendersBane","Strike_B","Strike_B","Strike_B","Strike_B","Defend_B","Defend_B","Defend_B","Defend_B","Zap","Dualcast","Ball Lightning","Doom and Gloom+1","Cold Snap","Genetic Algorithm+1","Leap","Rip and Tear+1","Sweeping Beam+1","Beam Cell+1","Steam"],"relics":["Cracked Core","ClockworkSouvenir","Pen Nib","Bronze Scales","Molten Egg 2","Oddly Smooth Stone"],"acts_visited":["Exordium"],"potions_floor_usage":[10,16],"damage_taken":[{"damage":4,"enemies":"Small Slimes","floor":1,"turns":3},{"damage":7,"enemies":"2 Louse","floor":2,"turns":3},{"damage":31,"enemies":"Lagavulin","floor":6,"turns":7},{"damage":6,"enemies":"Gremlin Nob","floor":10,"turns":3},{"damage":0,"enemies":"Cultist","floor":11,"turns":2},{"damage":2,"enemies":"Red Slaver","floor":13,"turns":3},{"damage":0,"enemies":"Large Slime","floor":14,"turns":3},{"damage":36,"enemies":"The Guardian","floor":16,"turns":9}],"seed_played":"3200462068415367166","potions_obtained":[{"floor":1,"key":"Fire Potion"},{"floor":13,"key":"GamblersBrew"}],"is_trial":false,"path_per_floor":["M","M","$","?","?","E","?","$","T","E","M","$","M","M","R","B"],"character_chosen":"DEFECT","items_purchased":["ClockworkSouvenir","Cold Snap","Leap"],"campfire_rested":1,"item_purchase_floors":[3,3,8],"current_hp_per_floor":[60,53,53,48,48,17,17,17,17,11,11,11,9,9,30,0,0],"gold":77,"neow_bonus":"HUNDRED_GOLD","is_daily":false,"chose_seed":false,"campfire_upgraded":0,"win_rate":0.0,"timestamp":1607642843,"path_taken":["M","M","$","?","?","E","?","$","T","E","M","$","?","M","R","BOSS"],"items_purchased_type":["Relic","Card","Card"],"build_version":"2020-11-30","purchased_purges":0,"victory":false,"max_hp_per_floor":[71,71,71,71,71,71,71,71,71,71,71,71,71,71,71,71,71],"card_choices":[{"not_picked":["Storm","Cold Snap"],"picked":"Ball Lightning","floor":1},{"not_picked":["Melter","Rebound"],"picked":"Doom and Gloom","floor":2},{"not_picked":["Scrape","All For One"],"picked":"Genetic Algorithm","floor":6},{"not_picked":["Sweeping Beam+1","Reinforced Body"],"picked":"Rip and Tear+1","floor":10},{"not_picked":["Streamline+1","Chill"],"picked":"Sweeping Beam+1","floor":11},{"not_picked":["Streamline+1","Stack"],"picked":"Beam Cell+1","floor":13},{"not_picked":["Beam Cell+1","Streamline+1"],"picked":"Steam","floor":14}],"player_experience":2017081,"relics_obtained":[{"floor":6,"key":"Bronze Scales"},{"floor":9,"key":"Molten Egg 2"},{"floor":10,"key":"Oddly Smooth Stone"}],"event_choices":[{"damage_healed":0,"gold_gain":0,"player_choice":"Success","damage_taken":5,"relics_obtained":["Pen Nib"],"max_hp_gain":0,"max_hp_loss":0,"event_name":"Scrap Ooze","floor":4,"gold_loss":0},{"damage_healed":0,"gold_gain":0,"player_choice":"Grow","damage_taken":0,"max_hp_gain":0,"max_hp_loss":0,"event_name":"Living Wall","floor":5,"gold_loss":0,"cards_upgraded":["Doom and Gloom"]},{"damage_healed":0,"gold_gain":0,"player_choice":"Upgraded","damage_taken":0,"max_hp_gain":0,"max_hp_loss":0,"event_name":"Upgrade Shrine","floor":7,"gold_loss":0,"cards_upgraded":["Genetic Algorithm"]}],"is_beta":false,"boss_relics":[],"items_purged_floors":[],"is_endless":false,"potions_floor_spawned":[1,13],"killed_by":"The Guardian","ascension_level":20}}