{"host":"hemshb5b6cie9gjx","time":1607580727,"event":{"gold_per_floor":[117,71,71,71,37,37,37,48,48,67,67,85,80,105,105,201,201,219,76,22,22,102,102,130,130,130,150,150,150,170,184,184,296,296,312,350,350,278,312,366,366,423,423,423,423,358,179,205,205,205,205],"floor_reached":50,"playtime":2016,"items_purged":["Normality","Doubt","Amnesia"],"score":741,"play_id":"79a60dcb-7981-48d9-aab1-cea1b37fe1a2","local_time":"20201210171207","is_ascension_mode":false,"campfire_choices":[{"data":"Clash","floor":6.0,"key":"SMITH"},{"floor":15.0,"key":"REST"},{"data":"infinitespire:OneForAll","floor":23.0,"key":"SMITH"},{"floor":25.0,"key":"REST"},{"floor":29.0,"key":"REST"},{"data":"ReplayTheSpireMod:Chaos Vortex","floor":32.0,"key":"SMITH"},{"floor":49,"key":"REST"}],"neow_cost":"","seed_source_timestamp":24173899350636,"circlet_count":0,"master_deck":["Strike_R","Strike_R","Strike_R+1","Strike_R","Strike_R+1","Defend_R","Defend_R","Defend_R+1","Bash+1","Shrug It Off+1","Sword Boomerang+1","Clash+1","Headbutt","Shrug It Off","Shrug It Off","infinitespire:OneForAll+1","Replay:Undeath\u0027s Touch","Wild Strike","Inflame","Replay:Sssssssssshield","Feed","ReplayTheSpireMod:Chaos Vortex+1","Run Through","Hemogenesis","Pummel+1","Sentinel+1","ReplayUltimateDefense","Panacea","Burning Pact","Sword Boomerang","Infernal Blade","Dual Wield","Replay:Undeath\u0027s Touch+1","ReplayTheSpireMod:Strike From Hell","ReplayTheSpireMod:Strike From Hell","ReplayTheSpireMod:Chaos Vortex+1","ReplayTheSpireMod:Strike From Hell+1"],"special_seed":0,"relics":["Burning Blood","CaptainsWheel","Chameleon Ring","ReplayTheSpireMod:CursedCoin","Tiny Chest","Cursed Key","Simple Rune","Red Skull","infinitespire:Eraser","Akabeko","Whetstone","ReplayTheSpireMod:Spearhead","infinitespire:EvilPickle","Empty Cage","Lantern","Replay:Rubber Ducky","Bronze Scales","Replay:Mystery Machine","Replay:Bottled Steam","DollysMirror"],"potions_floor_usage":[40,40,42,42,42,42,42,42,42,42,50,50,50],"damage_taken":[{"damage":6.0,"enemies":"Cultist","floor":1.0,"turns":3.0},{"damage":3.0,"enemies":"Jaw Worm","floor":8.0,"turns":3.0},{"damage":0.0,"enemies":"2 Louse","floor":10.0,"turns":3.0},{"damage":21.0,"enemies":"Exordium Thugs","floor":12.0,"turns":6.0},{"damage":19.0,"enemies":"3 Sentries","floor":14.0,"turns":11.0},{"damage":14.0,"enemies":"Fading Forest","floor":16.0,"turns":11.0},{"damage":10.0,"enemies":"3 Byrds","floor":18.0,"turns":6.0},{"damage":47.0,"enemies":"Slavers","floor":24.0,"turns":5.0},{"damage":15.0,"enemies":"2 Thieves","floor":27.0,"turns":4.0},{"damage":0.0,"enemies":"Cultist and Chosen","floor":30.0,"turns":5.0},{"damage":0.0,"enemies":"Centurion and Healer","floor":31.0,"turns":5.0},{"damage":50.0,"enemies":"Pondfish","floor":33.0,"turns":11.0},{"damage":9.0,"enemies":"Orb Walker","floor":35.0,"turns":5.0},{"damage":11.0,"enemies":"3 Shapes","floor":36.0,"turns":6.0},{"damage":17.0,"enemies":"Sphere and 2 Shapes","floor":39.0,"turns":8.0},{"damage":57,"enemies":"Giant Head","floor":40,"turns":8},{"damage":0,"enemies":"Reptomancer","floor":42,"turns":6},{"damage":0,"enemies":"3 Darklings","floor":46,"turns":5},{"damage":18,"enemies":"Maw","floor":48,"turns":8},{"damage":78,"enemies":"Awakened One","floor":50,"turns":14}],"seed_played":"6000521282732862644","potions_obtained":[{"floor":8.0,"key":"SpeedPotion"},{"floor":11.0,"key":"EssenceOfSteel"},{"floor":11.0,"key":"Block Potion"},{"floor":14.0,"key":"BlessingOfTheForge"},{"floor":33.0,"key":"Block Potion"},{"floor":35.0,"key":"Venom Potion"},{"floor":36.0,"key":"ColorlessPotion"},{"floor":41,"key":"EntropicBrew"},{"floor":41,"key":"ColorlessPotion"},{"floor":48,"key":"Adrenaline Potion"}],"is_trial":false,"path_per_floor":["M","$","?","?","$","R","?","M","T","M","R","M","$","E","R_BF","B",null,"M","$","?","?","T","R","E","R","T","M","AVR","R","M","M","R","B",null,"M","M","?","$","M","E","R","E","T","AVR","T","M","$","M","R","B"],"character_chosen":"IRONCLAD","items_purchased":["Shrug It Off","Sword Boomerang","Headbutt","Shrug It Off","ReplayTheSpireMod:CursedCoin","Inflame","Replay:Sssssssssshield","Simple Rune","Burning Pact","ReplayTheSpireMod:Strike From Hell","DollysMirror"],"campfire_rested":4,"item_purchase_floors":[0,0,2,5,13,13,13,19,38,47,47],"current_hp_per_floor":[54,54,54,54,54,54,54,57,57,63,63,48,48,35,59,69,80,79,79,79,79,79,79,38,62,62,53,53,77,83,83,83,42,86,86,84,79,79,68,22,22,28,28,28,28,42,42,39,68,0,0],"gold":205,"neow_bonus":"","is_prod":false,"is_daily":false,"chose_seed":false,"campfire_upgraded":3,"win_rate":0,"timestamp":1607580727,"path_taken":["M","$","?","?","$","R","?","M","T","?","R","M","?","E","R_BF","BOSS","M","?","?","?","?","R","E","R","T","M","AVR","R","?","?","R","BOSS","M","M","?","$","M","E","R","E","T","AVR","?","M","$","?","R","BOSS"],"build_version":"2020-11-30","purchased_purges":3,"victory":false,"max_hp_per_floor":[80,80,80,80,80,80,80,80,80,80,80,80,80,80,80,80,80,83,83,83,83,83,83,83,83,83,83,83,83,83,83,83,86,86,89,92,92,92,92,92,92,92,92,92,92,95,95,99,99,99,99],"relic_stats":{"counters":[41,253],"Bronze Scales":[224],"Tiny Chest":2,"Whetstone":["Sword Boomerang","Strike_R"],"Cursed Key":4,"obtain_stats":[{"Lantern":40,"Magic Flower":23,"Mango":2,"infinitespire:Cubic Diamond":12,"Whetstone":26,"Replay:Mystery Machine":44,"Ancient Tea Set":7,"Empty Cage":34,"Cursed Key":17,"Burning Blood":0,"Replay:Rubber Ducky":42,"Blood Vial":47,"HornCleat":37,"Chameleon Ring":9,"DollysMirror":47,"Tiny Chest":14,"Red Mask":38,"infinitespire:Eraser":22,"Cracked Core":12,"Red Skull":20,"Replay:Bottled Steam":45,"Potion Belt":31,"Self Forming Clay":26,"ReplayTheSpireMod:CursedCoin":13,"infinitespire:FocusingShard":23,"infinitespire:CheckeredPen":10,"Orichalcum":21,"White Beast Statue":9,"Akabeko":24,"infinitespire:EvilPickle":33,"CaptainsWheel":0,"ReplayTheSpireMod:Spearhead":28,"Bronze Scales":43,"Simple Rune":19,"Black Star":17},{"Lantern":37,"Magic Flower":10,"Mango":1,"infinitespire:Cubic Diamond":6,"Whetstone":29,"Replay:Mystery Machine":38,"Ancient Tea Set":4,"Empty Cage":15,"Cursed Key":27,"Burning Blood":0,"Replay:Rubber Ducky":38,"Blood Vial":19,"HornCleat":16,"Chameleon Ring":23,"DollysMirror":39,"Tiny Chest":26,"Red Mask":16,"infinitespire:Eraser":28,"Cracked Core":6,"Red Skull":28,"Replay:Bottled Steam":38,"Potion Belt":14,"Self Forming Clay":12,"ReplayTheSpireMod:CursedCoin":25,"infinitespire:FocusingShard":10,"infinitespire:CheckeredPen":5,"Orichalcum":9,"White Beast Statue":4,"Akabeko":29,"infinitespire:EvilPickle":33,"CaptainsWheel":21,"ReplayTheSpireMod:Spearhead":30,"Bronze Scales":16,"Simple Rune":28,"Black Star":8},{"Lantern":220,"Magic Flower":44,"Mango":4,"infinitespire:Cubic Diamond":22,"Whetstone":168,"Replay:Mystery Machine":226,"Ancient Tea Set":14,"Empty Cage":73,"Cursed Key":157,"Burning Blood":0,"Replay:Rubber Ducky":226,"Blood Vial":94,"HornCleat":77,"Chameleon Ring":126,"DollysMirror":231,"Tiny Chest":146,"Red Mask":77,"infinitespire:Eraser":163,"Cracked Core":22,"Red Skull":163,"Replay:Bottled Steam":226,"Potion Belt":62,"Self Forming Clay":52,"ReplayTheSpireMod:CursedCoin":135,"infinitespire:FocusingShard":44,"infinitespire:CheckeredPen":18,"Orichalcum":38,"White Beast Statue":14,"Akabeko":168,"infinitespire:EvilPickle":193,"CaptainsWheel":120,"ReplayTheSpireMod:Spearhead":172,"Bronze Scales":77,"Simple Rune":163,"Black Star":34}],"Burning Blood":108},"card_choices":[{"not_picked":["Flex","Pummel"],"picked":"Clash","floor":1.0},{"not_picked":["Wild Strike","Life Link"],"picked":"infinitespire:OneForAll","floor":8.0},{"not_picked":["Searing Blow","Sever Soul"],"picked":"Replay:Undeath\u0027s Touch","floor":10.0},{"not_picked":["Pommel Strike","Cleave"],"picked":"Wild Strike","floor":12.0},{"not_picked":["Immolate","Demonic Infusion","ReplayTheSpireMod:Limb From Limb"],"picked":"SKIP","floor":14.0},{"not_picked":["Impervious","Offering"],"picked":"Feed","floor":16.0},{"not_picked":["Flex","Sever Soul","Body Slam"],"picked":"SKIP","floor":18.0},{"not_picked":["Intimidate+1","Sever Soul","Iron Wave"],"picked":"SKIP","floor":24.0},{"not_picked":["Second Wind+1","Iron Wave+1","ReplayTheSpireMod:Corrosion Curse+1"],"picked":"SKIP","floor":27.0},{"not_picked":["Armaments","True Grit"],"picked":"Run Through","floor":30.0},{"not_picked":["infinitespire:OneForAll","Perfected Strike","Havoc+1"],"picked":"SKIP","floor":31.0},{"not_picked":["Bludgeon","Limit Break"],"picked":"Hemogenesis","floor":33.0},{"not_picked":["Dual Wield","Run Through"],"picked":"Pummel+1","floor":35.0},{"not_picked":["Warcry+1","Bloodletting+1"],"picked":"Sentinel+1","floor":36.0},{"not_picked":["Replay:Sssssssssstrike","Madness"],"picked":"ReplayUltimateDefense","floor":37.0},{"not_picked":["Jack Of All Trades","PanicButton"],"picked":"Panacea","floor":37.0},{"not_picked":["ReplayTheSpireMod:Stacked","Clothesline"],"picked":"Sword Boomerang","floor":39.0},{"not_picked":["Fiend Fire","Demon Form"],"picked":"Infernal Blade","floor":40},{"not_picked":["Perfected Strike","Shrug It Off"],"picked":"Dual Wield","floor":42},{"not_picked":["Juggernaut","Burning Pact"],"picked":"Replay:Undeath\u0027s Touch+1","floor":46},{"not_picked":["ReplayTheSpireMod:Stacked","Disarm+1"],"picked":"ReplayTheSpireMod:Strike From Hell+1","floor":48}],"player_experience":441118,"relics_obtained":[{"floor":9.0,"key":"Chameleon Ring"},{"floor":14.0,"key":"Tiny Chest"},{"floor":22.0,"key":"infinitespire:Eraser"},{"floor":24.0,"key":"Akabeko"},{"floor":26.0,"key":"Whetstone"},{"floor":40,"key":"Lantern"},{"floor":42,"key":"Replay:Rubber Ducky"},{"floor":43,"key":"Bronze Scales"},{"floor":45,"key":"Replay:Bottled Steam"}],"event_choices":[{"damage_healed":0.0,"max_hp_gain":0.0,"max_hp_loss":0.0,"gold_gain":0.0,"event_name":"Accursed Blacksmith","player_choice":"Forge","floor":7.0,"gold_loss":0.0,"damage_taken":0.0,"cards_upgraded":["Bash"]},{"damage_healed":0.0,"max_hp_gain":0.0,"max_hp_loss":0.0,"gold_gain":0.0,"event_name":"WeMeetAgain","player_choice":"Paid Gold","floor":20.0,"gold_loss":54.0,"damage_taken":0.0,"relics_obtained":["Red Skull"]},{"cards_removed":["infinitespire:OneForAll"],"damage_healed":0.0,"max_hp_gain":0.0,"max_hp_loss":0.0,"gold_gain":0.0,"event_name":"betterNote:BetterNote","player_choice":"Give","floor":21.0,"gold_loss":0.0,"damage_taken":0.0,"cards_obtained":["Uppercut"]},{"damage_healed":0.0,"max_hp_gain":0.0,"max_hp_loss":0.0,"gold_gain":0.0,"event_name":"SensoryStone","player_choice":"Memory 2","floor":37.0,"gold_loss":0.0,"damage_taken":5.0}],"is_beta":false,"boss_relics":[{"not_picked":["Black Star","Astrolabe"],"picked":"Cursed Key"},{"not_picked":["Fusion Hammer","Painkiller Herb"],"picked":"Empty Cage"}],"items_purged_floors":[0,28,44],"is_endless":false,"potions_floor_spawned":[8,14,18,33,35,36,48],"killed_by":"Awakened One","ascension_level":0}}