{"host":"4kqw88srlhl37mck","time":1607581551,"event":{"gold_per_floor":[112,168,168,183,196,228,243,243,243],"floor_reached":8,"playtime":461,"items_purged":[],"score":58,"play_id":"fcfd63cb-a449-413a-9985-299c35a442c6","local_time":"20201209222551","is_ascension_mode":false,"campfire_choices":[],"neow_cost":"NONE","seed_source_timestamp":0,"circlet_count":0,"master_deck":["theForsaken:TheForsaken_Strike","theForsaken:TheForsaken_Strike","theForsaken:TheForsaken_Strike","theForsaken:TheForsaken_Strike","theForsaken:TheForsaken_Defend","theForsaken:TheForsaken_Defend","theForsaken:TheForsaken_Defend","theForsaken:TheForsaken_Defend","theForsaken:Smite","theForsaken:Penitence+1","theForsaken:QuickAttack","theForsaken:QuickAttack","theForsaken:RainingSunlight","theForsaken:Terrorize","theForsaken:DefensiveStance"],"special_seed":0,"relics":["theForsaken:JudgementScales","NeowsBlessing","Letter Opener"],"potions_floor_usage":[],"damage_taken":[{"damage":0.0,"enemies":"Cultist","floor":1.0,"turns":1.0},{"damage":0.0,"enemies":"Jaw Worm","floor":4.0,"turns":1.0},{"damage":0.0,"enemies":"Small Slimes","floor":5.0,"turns":1.0},{"damage":24,"enemies":"Lagavulin","floor":6,"turns":9},{"damage":9,"enemies":"2 Fungi Beasts","floor":7,"turns":4},{"damage":0,"enemies":"3 Sentries","floor":8,"turns":1}],"seed_played":"-1426331364122674892","potions_obtained":[{"floor":1.0,"key":"theForsaken:FearPotion"},{"floor":4.0,"key":"DistilledChaos"},{"floor":5.0,"key":"Energy Potion"}],"is_trial":false,"path_per_floor":["M","?","?","M","M","E","M","E"],"character_chosen":"THE_FORSAKEN","items_purchased":[],"campfire_rested":0,"item_purchase_floors":[],"current_hp_per_floor":[65,65,65,65,65,42,33,33,33],"gold":243,"neow_bonus":"THREE_ENEMY_KILL","is_prod":false,"is_daily":false,"chose_seed":false,"campfire_upgraded":0,"win_rate":0.0,"timestamp":1607581551,"path_taken":["M","?","?","?","M","E","M","E"],"build_version":"2020-11-30","purchased_purges":0,"victory":false,"max_hp_per_floor":[65,65,65,65,65,65,65,65,65],"card_choices":[{"not_picked":["theForsaken:Bolster","theForsaken:Eulogy"],"picked":"theForsaken:QuickAttack","floor":1.0},{"not_picked":["theForsaken:BlindFaith","theForsaken:SpinAttack"],"picked":"theForsaken:QuickAttack","floor":4.0},{"not_picked":["theForsaken:CleansingLight","theForsaken:MagicWeapon"],"picked":"theForsaken:RainingSunlight","floor":5.0},{"not_picked":["theForsaken:Parry","theForsaken:Bolster"],"picked":"theForsaken:Terrorize","floor":6},{"not_picked":["theForsaken:HymnOfRest","theForsaken:Thunderbolt"],"picked":"theForsaken:DefensiveStance","floor":7}],"player_experience":181857,"relics_obtained":[{"floor":6,"key":"Letter Opener"}],"event_choices":[{"damage_healed":0.0,"max_hp_gain":0.0,"max_hp_loss":0.0,"gold_gain":56.0,"event_name":"Golden Wing","player_choice":"Gained Gold","floor":2.0,"gold_loss":0.0,"damage_taken":0.0},{"damage_healed":0.0,"max_hp_gain":0.0,"max_hp_loss":0.0,"gold_gain":0.0,"event_name":"Upgrade Shrine","player_choice":"Upgraded","floor":3.0,"gold_loss":0.0,"damage_taken":0.0,"cards_upgraded":["theForsaken:Penitence"]}],"is_beta":false,"boss_relics":[],"items_purged_floors":[],"is_endless":false,"potions_floor_spawned":[1,4,5],"killed_by":"3 Sentries","ascension_level":0}}