{"host":"q188imdhklivpe51","time":1607621022,"event":{"mods":["BaseMod","AchievementEnabler","Minty Spire (QoL Compilation)","Rare Cards Sparkle","Shop Mod","StSLib"],"gold_per_floor":[112,126,145,50,61,61,80,80,80,94,113,123,134,164,164,265,265,275,292,96,115,131,131,131,401,448,458,458,257,273,289,289,289,289],"floor_reached":33,"playtime":1139,"items_purged":["Strike_B","Normality"],"score":257,"play_id":"7c4905a6-95d7-449a-aec0-c02311bc5256","local_time":"20201210182342","is_ascension_mode":false,"campfire_choices":[{"floor":6.0,"key":"REST"},{"data":"Sunder","floor":8.0,"key":"SMITH"},{"data":"Scrape","floor":15.0,"key":"SMITH"},{"floor":23.0,"key":"REST"},{"floor":28.0,"key":"REST"},{"data":"Electrodynamics","floor":32.0,"key":"SMITH"}],"circlet_count":0,"master_deck":["Strike_B","Strike_B","Strike_B","Defend_B","Defend_B","Defend_B","Defend_B","Zap","Dualcast","Scrape+1","Gash","Sunder+1","Gash","Gash","Go for the Eyes","Steam","Electrodynamics+1","Go for the Eyes+1","Melter+1"],"special_seed":0,"relics":["Cracked Core","Lantern","Smiling Mask","Cursed Key","TheAbacus","InkBottle","Lee\u0027s Waffle"],"acts_visited":["Exordium","TheCity"],"potions_floor_usage":[33],"damage_taken":[{"damage":0.0,"enemies":"Cultist","floor":1.0,"turns":3.0},{"damage":6.0,"enemies":"Jaw Worm","floor":2.0,"turns":3.0},{"damage":12.0,"enemies":"2 Louse","floor":3.0,"turns":3.0},{"damage":10.0,"enemies":"Looter","floor":5.0,"turns":3.0},{"damage":2.0,"enemies":"3 Louse","floor":7.0,"turns":2.0},{"damage":5.0,"enemies":"Lots of Slimes","floor":10.0,"turns":2.0},{"damage":0.0,"enemies":"2 Fungi Beasts","floor":11.0,"turns":2.0},{"damage":6.0,"enemies":"Exordium Thugs","floor":12.0,"turns":4.0},{"damage":2.0,"enemies":"Blue Slaver","floor":13.0,"turns":2.0},{"damage":3.0,"enemies":"Gremlin Nob","floor":14.0,"turns":3.0},{"damage":51.0,"enemies":"The Guardian","floor":16.0,"turns":8.0},{"damage":6.0,"enemies":"Shell Parasite","floor":18.0,"turns":3.0},{"damage":9.0,"enemies":"3 Byrds","floor":19.0,"turns":3.0},{"damage":12.0,"enemies":"Snecko","floor":21.0,"turns":4.0},{"damage":11.0,"enemies":"Sentry and Sphere","floor":22.0,"turns":4.0},{"damage":7.0,"enemies":"3 Cultists","floor":27.0,"turns":3.0},{"damage":8.0,"enemies":"Centurion and Healer","floor":30.0,"turns":3.0},{"damage":5.0,"enemies":"Snecko","floor":31.0,"turns":3.0},{"damage":76,"enemies":"Champ","floor":33,"turns":8}],"seed_played":"-7053406578743084430","potions_obtained":[{"floor":3.0,"key":"Swift Potion"},{"floor":11.0,"key":"GamblersBrew"},{"floor":12.0,"key":"AttackPotion"},{"floor":14.0,"key":"PowerPotion"},{"floor":16.0,"key":"DuplicationPotion"},{"floor":19.0,"key":"SteroidPotion"},{"floor":21.0,"key":"Ancient Potion"},{"floor":27.0,"key":"SteroidPotion"},{"floor":30.0,"key":"Weak Potion"}],"is_trial":false,"path_per_floor":["M","M","M","$","M","R","M","R","T","M","M","M","M","E","R","B",null,"M","M","$","M","M","R","?","?","T","M","R","$","M","M","R","B"],"character_chosen":"DEFECT","items_purchased":["Gash","Sunder","TheAbacus","Lee\u0027s Waffle"],"campfire_rested":3,"item_purchase_floors":[4,4,20,29],"current_hp_per_floor":[82,76,64,64,54,78,76,76,76,71,71,65,63,60,60,9,82,76,67,67,55,44,68,68,41,41,34,58,89,81,76,76,0,0],"gold":289,"neow_bonus":"TEN_PERCENT_HP_BONUS","is_daily":false,"chose_seed":false,"campfire_upgraded":3,"win_rate":0,"timestamp":1607621022,"path_taken":["M","M","M","$","M","R","M","R","T","M","M","M","M","E","R","BOSS","M","M","$","M","M","R","?","?","T","?","R","$","M","M","R","BOSS"],"build_version":"2020-11-30","purchased_purges":2,"victory":false,"max_hp_per_floor":[82,82,82,82,82,82,82,82,82,82,82,82,82,82,82,82,82,82,82,82,82,82,82,82,82,82,82,82,89,89,89,89,89,89],"card_choices":[{"not_picked":["Turbo","Hologram"],"picked":"Scrape","floor":1.0},{"not_picked":["Ball Lightning","Sweeping Beam","Turbo"],"picked":"SKIP","floor":2.0},{"not_picked":["Rebound","Sweeping Beam","Cold Snap"],"picked":"SKIP","floor":3.0},{"not_picked":["Stack","Sunder"],"picked":"Gash","floor":5.0},{"not_picked":["Steam","Rip and Tear"],"picked":"Gash","floor":7.0},{"not_picked":["Sweeping Beam","Darkness"],"picked":"Go for the Eyes","floor":10.0},{"not_picked":["Core Surge","Steam Power","Heatsinks"],"picked":"SKIP","floor":11.0},{"not_picked":["Cold Snap","Aggregate"],"picked":"Steam","floor":12.0},{"not_picked":["Compile Driver","Steam Power","Double Energy"],"picked":"SKIP","floor":13.0},{"not_picked":["Turbo","Heatsinks","Consume"],"picked":"SKIP","floor":14.0},{"not_picked":["Hyperbeam","Amplify"],"picked":"Electrodynamics","floor":16.0},{"not_picked":["Redo","Force Field+1"],"picked":"Go for the Eyes+1","floor":18.0},{"not_picked":["Compile Driver","Turbo","Rip and Tear"],"picked":"SKIP","floor":19.0},{"not_picked":["Compile Driver","Darkness","Turbo+1"],"picked":"SKIP","floor":21.0},{"not_picked":["Conserve Battery","Force Field+1"],"picked":"Melter+1","floor":22.0},{"not_picked":["Go for the Eyes","Storm","Compile Driver"],"picked":"SKIP","floor":27.0},{"not_picked":["Conserve Battery+1","Beam Cell+1","Stack"],"picked":"SKIP","floor":30.0},{"not_picked":["Genetic Algorithm","Sweeping Beam","Turbo"],"picked":"SKIP","floor":31.0}],"player_experience":135081,"relics_obtained":[{"floor":9.0,"key":"Lantern"},{"floor":14.0,"key":"Smiling Mask"}],"event_choices":[{"damage_healed":0.0,"max_hp_gain":0.0,"max_hp_loss":0.0,"gold_gain":0.0,"event_name":"The Mausoleum","player_choice":"Opened","floor":24.0,"gold_loss":0.0,"damage_taken":0.0,"relics_obtained":["InkBottle"]},{"damage_healed":0.0,"max_hp_gain":0.0,"max_hp_loss":0.0,"gold_gain":270.0,"event_name":"Knowing Skull","player_choice":"GOLD GOLD GOLD ","floor":25.0,"potions_obtained":[],"gold_loss":0.0,"damage_taken":27.0,"cards_obtained":[]}],"is_beta":false,"boss_relics":[{"not_picked":["Runic Dome","Astrolabe"],"picked":"Cursed Key"}],"items_purged_floors":[20,29],"is_endless":false,"potions_floor_spawned":[3,11,12,14,16,19,21,27,30],"killed_by":"Champ","ascension_level":0}}