{"host":"utqe55yv0jihe4d6","time":1607567222,"event":{"gold_per_floor":[109,121,132,132,73,73,99,99,399,431,431,447,463,482,482,556,556,569,569,569,115,5,5,31,0,0],"floor_reached":25,"playtime":774,"items_purged":["Strike_G"],"score":458,"play_id":"2057d4b4-c8af-4a07-882c-e46d13026ce8","local_time":"20201209212702","is_ascension_mode":true,"campfire_choices":[{"data":"Neutralize","floor":6.0,"key":"SMITH"},{"floor":8.0,"key":"REST"},{"data":"Bouncing Flask","floor":11.0,"key":"SMITH"},{"data":"Deadly Poison","floor":15.0,"key":"SMITH"},{"floor":23.0,"key":"REST"}],"neow_cost":"NONE","seed_source_timestamp":1805552848826,"circlet_count":0,"master_deck":["AscendersBane","Strike_G","Strike_G","Strike_G","Defend_G","Defend_G","Defend_G","Defend_G","Defend_G","Survivor","Neutralize+1","Deadly Poison+1","Dash","Backflip","Quick Slash+1","Choke","Bouncing Flask+1","Poisoned Stab","Terror","Burst","Crippling Poison","Catalyst","Acrobatics"],"special_seed":0,"relics":["Philosopher\u0027s Stone","Torii","Old Coin","Blue Candle","Sozu","Nilry\u0027s Codex","Pen Nib","Sling","Omamori"],"potions_floor_usage":[25],"damage_taken":[{"damage":3.0,"enemies":"Cultist","floor":1.0,"turns":6.0},{"damage":5.0,"enemies":"Small Slimes","floor":2.0,"turns":3.0},{"damage":3.0,"enemies":"Jaw Worm","floor":3.0,"turns":4.0},{"damage":20.0,"enemies":"3 Sentries","floor":7.0,"turns":11.0},{"damage":13.0,"enemies":"Gremlin Nob","floor":10.0,"turns":4.0},{"damage":8.0,"enemies":"2 Fungi Beasts","floor":12.0,"turns":3.0},{"damage":9.0,"enemies":"Lots of Slimes","floor":13.0,"turns":4.0},{"damage":1.0,"enemies":"Blue Slaver","floor":14.0,"turns":4.0},{"damage":5.0,"enemies":"Hexaghost","floor":16.0,"turns":7.0},{"damage":0.0,"enemies":"Chosen","floor":18.0,"turns":3.0},{"damage":32.0,"enemies":"Gremlin Leader","floor":24.0,"turns":7.0},{"damage":10,"enemies":"2 Thieves","floor":25,"turns":1}],"seed_played":"-6367557146116354964","potions_obtained":[{"floor":2.0,"key":"AttackPotion"},{"floor":4.0,"key":"Fire Potion"},{"floor":12.0,"key":"GamblersBrew"},{"floor":14.0,"key":"Strength Potion"}],"is_trial":false,"path_per_floor":["M","M","M","?","$","R","E","R","T","E","R","M","M","M","R","B",null,"M","?","?","$","?","R","E","M"],"character_chosen":"THE_SILENT","items_purchased":["Quick Slash","Catalyst","Pen Nib","Sling"],"campfire_rested":2,"item_purchase_floors":[5,21,21,21],"current_hp_per_floor":[56,51,48,48,48,48,28,47,47,34,34,26,17,16,16,11,52,52,34,13,13,13,34,2,0,0],"gold":0,"neow_bonus":"BOSS_RELIC","is_prod":false,"is_daily":false,"chose_seed":false,"campfire_upgraded":3,"win_rate":0,"timestamp":1607567222,"path_taken":["M","M","?","?","$","R","E","R","T","E","R","M","M","M","R","BOSS","M","?","?","$","?","R","E","M"],"build_version":"2020-11-30","purchased_purges":1,"victory":false,"max_hp_per_floor":[66,66,66,66,66,66,66,66,66,66,66,66,66,66,66,66,66,66,71,71,71,71,71,71,71,71],"relic_stats":{"Sozu":1,"Torii":16,"counters":[12,57],"Blue Candle":[0],"Pen Nib":[1],"obtain_stats":[{"Sozu":17,"Torii":7,"Nilry\u0027s Codex":20,"Blue Candle":10,"Philosopher\u0027s Stone":0,"Pen Nib":21,"Omamori":24,"Sling":21,"Ring of the Snake":0,"Old Coin":9},{"Sozu":9,"Torii":4,"Nilry\u0027s Codex":10,"Blue Candle":5,"Philosopher\u0027s Stone":0,"Pen Nib":10,"Omamori":11,"Sling":10,"Ring of the Snake":0,"Old Coin":4},{"Sozu":46,"Torii":24,"Nilry\u0027s Codex":49,"Blue Candle":28,"Philosopher\u0027s Stone":0,"Pen Nib":49,"Omamori":56,"Sling":49,"Ring of the Snake":0,"Old Coin":24}]},"card_choices":[{"not_picked":["Outmaneuver","Deflect"],"picked":"Deadly Poison","floor":1.0},{"not_picked":["Tactician","Heel Hook"],"picked":"Dash","floor":2.0},{"not_picked":["PiercingWail","Flying Knee"],"picked":"Backflip","floor":3.0},{"not_picked":["Deflect","Dodge and Roll"],"picked":"Choke","floor":7.0},{"not_picked":["Dodge and Roll","Heel Hook"],"picked":"Bouncing Flask","floor":10.0},{"not_picked":["Flying Knee","Masterful Stab"],"picked":"Poisoned Stab","floor":12.0},{"not_picked":["Choke","Outmaneuver","Bullet Time"],"picked":"SKIP","floor":13.0},{"not_picked":["Blade Dance","Outmaneuver"],"picked":"Terror","floor":14.0},{"not_picked":["Storm of Steel","Die Die Die"],"picked":"Burst","floor":16.0},{"not_picked":["Underhanded Strike","Sucker Punch"],"picked":"Crippling Poison","floor":18.0},{"not_picked":["Reflex","Blade Dance"],"picked":"Acrobatics","floor":24.0}],"player_experience":2721738,"relics_obtained":[{"floor":7.0,"key":"Torii"},{"floor":9.0,"key":"Old Coin"},{"floor":10.0,"key":"Blue Candle"},{"floor":20.0,"key":"Nilry\u0027s Codex"},{"floor":24.0,"key":"Omamori"}],"event_choices":[{"damage_healed":0.0,"max_hp_gain":0.0,"max_hp_loss":0.0,"gold_gain":0.0,"event_name":"Lab","player_choice":"Got Potions","floor":4.0,"gold_loss":0.0,"damage_taken":0.0},{"damage_healed":0.0,"max_hp_gain":5.0,"max_hp_loss":0.0,"gold_gain":0.0,"event_name":"Forgotten Altar","player_choice":"Shed Blood","floor":19.0,"gold_loss":0.0,"damage_taken":23.0},{"damage_healed":0.0,"max_hp_gain":0.0,"max_hp_loss":0.0,"gold_gain":0.0,"event_name":"Cursed Tome","player_choice":"Obtained Book","floor":20.0,"gold_loss":0.0,"damage_taken":21.0},{"cards_removed":["Strike_G"],"damage_healed":0.0,"max_hp_gain":0.0,"max_hp_loss":0.0,"gold_gain":0.0,"event_name":"Designer","player_choice":"Upgrade and Remove","floor":22.0,"gold_loss":110.0,"damage_taken":0.0,"cards_upgraded":["Quick Slash"]}],"is_beta":false,"boss_relics":[{"not_picked":["WristBlade","Empty Cage"],"picked":"Sozu"}],"items_purged_floors":[21],"is_endless":false,"potions_floor_spawned":[2,12,14,16,18],"killed_by":"2 Thieves","ascension_level":20}}