{"host":"d43m95u7l79th215","time":1607627555,"event":{"mods":["BaseMod","StSLib","Colored Map","Quick Restart","Hubris","The Necromancer","The Servant 0.9.4","Friendly Minions","Replay The Spire","Marisa????????","vexMod","Downfall","GungeonMod","Hermit","Hunter ??","Jorbs\u0027s Wanderer Trilogy","Minty Spire (QoL Compilation)","The Cursed","[IsaacMod]????"],"gold_per_floor":[117,134,151,20,35,52,70,70,70,85,85,160,160,187,187,290,290,300,300,300,317,328,356,356,376,455,470,121,121,46,59,59,161,161,173,183,26,26,26],"floor_reached":38,"playtime":5232,"items_purged":["DemoMod:Defend_Huntress","Slimebound:Tackle+1"],"score":442,"play_id":"6b9f424a-02fb-4e91-9827-37c80f58702c","local_time":"20201210201235","is_ascension_mode":false,"campfire_choices":[{"floor":15,"key":"REST"},{"floor":24,"key":"REST"},{"floor":32,"key":"REST"}],"circlet_count":0,"master_deck":["DemoMod:Roll","DemoMod:ManualReload","DemoMod:RustySidearm","DemoMod:CrossBow","EpicFetus","DemoMod:HuntsMan","DemoMod:ProbeStrike","DemoMod:MachoBrace","DemoMod:Unity","DemoMod:StickyCrossBow","DemoMod:HungryBullets","DemoMod:MachoBrace","DemoMod:BulletBore","DemoMod:FastSwitch","DemoMod:MachoBrace","DemoMod:Elimentaler","DemoMod:BSG","DemoMod:GunShield+1","DemoMod:HungryBullets","DemoMod:BattleInHaste","DemoMod:FightSabre","DemoMod:ShadowBullets+1","DemoMod:FortunesFavor","Replay:SS_hec_2","DemoMod:HuntsMan","Slimebound:Tackle+1","Slimebound:Tackle+1","DemoMod:MachoBrace","DemoMod:FullFirepower","DemoMod:CursedBullets","DemoMod:DirectionalPad","DemoMod:HuntsMan","DemoMod:PotionOfGunFriendShip+1","DemoMod:GunstockTap+1","DemoMod:SkilledReload+1"],"relics":["DemoMod:Dog","HushsDoor","NeowsBlessing","GuppysTail","hubris:DeckOfHolding","hubris:Icosahedron","SlaversCollar","Bronze Scales","Enchiridion","DemoMod:ChaffGrenade","Sundial","UnicornStump","DemoMod:SerJunkan","Pandora\u0027s Box"],"acts_visited":["Exordium","TheCity","TheBeyond"],"potions_floor_usage":[14,23,27,38],"damage_taken":[{"damage":0,"enemies":"2 Louse","floor":1,"turns":2},{"damage":0,"enemies":"Cultist","floor":2,"turns":1},{"damage":0,"enemies":"Small Slimes","floor":3,"turns":1},{"damage":12,"enemies":"2 Fungi Beasts","floor":5,"turns":4},{"damage":5,"enemies":"Looter","floor":6,"turns":4},{"damage":0,"enemies":"3 Louse","floor":7,"turns":4},{"damage":6,"enemies":"Blue Slaver","floor":10,"turns":3},{"damage":8,"enemies":"Exordium Wildlife","floor":14,"turns":3},{"damage":10,"enemies":"Fading Forest","floor":16,"turns":11},{"damage":3,"enemies":"Shell Parasite","floor":18,"turns":4},{"damage":2,"enemies":"3 Byrds","floor":21,"turns":3},{"damage":3,"enemies":"Shelled Parasite and Fungi","floor":22,"turns":3},{"damage":18,"enemies":"Gremlin Leader","floor":23,"turns":5},{"damage":3,"enemies":"Chosen and Byrds","floor":25,"turns":4},{"damage":12,"enemies":"Centurion and Healer","floor":27,"turns":6},{"damage":0,"enemies":"3 Cultists","floor":31,"turns":6},{"damage":22,"enemies":"Champ","floor":33,"turns":14},{"damage":0,"enemies":"3 Darklings","floor":35,"turns":3},{"damage":6,"enemies":"Orb Walker","floor":36,"turns":2},{"damage":84,"enemies":"Sphere and 2 Shapes","floor":38,"turns":3}],"seed_played":"5717411182065192548","potions_obtained":[{"floor":1,"key":"BlessingOfTheForge"},{"floor":5,"key":"Weak Potion"},{"floor":16,"key":"Toxic Potion"},{"floor":25,"key":"Guardian:BlockOnCardUsePotion"},{"floor":27,"key":"Elixir"},{"floor":35,"key":"Ancient Potion"}],"is_trial":false,"path_per_floor":["M","M","M","$","M","M","M","?","T","M","?","?","?","M","R","B",null,"M","?","?","M","M","E","R","M","T","M","$","?","$","M","R","B",null,"M","M","$","M"],"character_chosen":"HUNTRESS","items_purchased":["DemoMod:StickyCrossBow","DemoMod:HungryBullets","DemoMod:BSG","Replay:SS_hec_2","DemoMod:SerJunkan","DemoMod:HuntsMan","DemoMod:SkilledReload+1"],"campfire_rested":3,"item_purchase_floors":[4,4,17,28,28,28,37],"current_hp_per_floor":[70,70,70,70,58,53,53,53,53,47,47,36,59,51,70,60,66,63,61,45,43,40,22,40,37,37,25,25,25,25,25,43,21,61,61,55,55,0,0],"gold":26,"neow_bonus":"THREE_ENEMY_KILL","is_daily":false,"chose_seed":false,"campfire_upgraded":0,"win_rate":0.0,"timestamp":1607627555,"path_taken":["M","M","M","$","M","M","M","?","T","M","?","?","?","M","R","BOSS","M","?","?","M","M","E","R","M","T","M","?","?","$","?","R","BOSS","M","M","?","M"],"build_version":"2020-11-30","purchased_purges":2,"victory":false,"max_hp_per_floor":[70,70,70,70,70,70,70,70,70,70,70,70,70,70,70,70,66,66,61,61,61,61,61,61,61,61,61,61,61,61,61,61,61,61,61,61,61,61,61],"card_choices":[{"not_picked":[],"picked":"EpicFetus","floor":0},{"not_picked":["DemoMod:AC15","DemoMod:TeaPot"],"picked":"DemoMod:HuntsMan","floor":1},{"not_picked":["DemoMod:MachoBrace","DemoMod:Rummage"],"picked":"DemoMod:ProbeStrike","floor":1},{"not_picked":["DemoMod:GunstockTap","DemoMod:FastSwitch"],"picked":"DemoMod:MachoBrace","floor":2},{"not_picked":["DemoMod:GunShield","DemoMod:TeaPot"],"picked":"DemoMod:Unity","floor":3},{"not_picked":["DemoMod:BoxingGlove","DemoMod:HardPowerCard"],"picked":"DemoMod:MachoBrace","floor":5},{"not_picked":["DemoMod:Unmoved","DemoMod:ZorGun"],"picked":"DemoMod:BulletBore","floor":6},{"not_picked":["DemoMod:DirectionalPad","DemoMod:HighKaliber"],"picked":"DemoMod:FastSwitch","floor":7},{"not_picked":["DemoMod:GunstockTap","Bomb"],"picked":"DemoMod:MachoBrace","floor":10},{"not_picked":["DemoMod:FastSwitch","DemoMod:ConditionalReflex"],"picked":"Bomb","floor":14},{"not_picked":["DemoMod:DarkMarker","DemoMod:BlankBullets"],"picked":"DemoMod:Elimentaler","floor":16},{"not_picked":["DemoMod:AbyssalTentacle","DemoMod:SniperShot"],"picked":"DemoMod:GunShield+1","floor":18},{"not_picked":["DemoMod:ChanceBullets","DemoMod:HardPowerCard+1"],"picked":"DemoMod:HungryBullets","floor":21},{"not_picked":["DemoMod:JK47","DemoMod:AC15"],"picked":"DemoMod:BattleInHaste","floor":22},{"not_picked":["DemoMod:AbyssalTentacle","DemoMod:Ejector+1"],"picked":"DemoMod:FightSabre","floor":23},{"not_picked":["DemoMod:SniperShot+1","DemoMod:StickyCrossBow"],"picked":"DemoMod:ShadowBullets+1","floor":25},{"not_picked":["DemoMod:HighKaliber+1","DemoMod:GunstockTap"],"picked":"DemoMod:FortunesFavor","floor":27},{"not_picked":["DemoMod:TeaPot","DemoMod:SAA+1"],"picked":"DemoMod:MachoBrace","floor":31},{"not_picked":["DemoMod:BlankBullets","DemoMod:Eureka"],"picked":"DemoMod:FullFirepower","floor":33},{"not_picked":["DemoMod:StickyCrossBow","DemoMod:GunShield"],"picked":"DemoMod:PotionOfGunFriendShip+1","floor":35},{"not_picked":["DemoMod:SAA+1","DemoMod:BattleInHaste"],"picked":"DemoMod:GunstockTap+1","floor":36}],"player_experience":406979,"relics_obtained":[{"floor":9,"key":"hubris:DeckOfHolding"},{"floor":20,"key":"Enchiridion"},{"floor":23,"key":"DemoMod:ChaffGrenade"},{"floor":26,"key":"Sundial"},{"floor":27,"key":"UnicornStump"}],"event_choices":[{"damage_healed":0,"gold_gain":0,"player_choice":"Ignored","damage_taken":0,"max_hp_gain":0,"max_hp_loss":0,"event_name":"NoteForYourself","floor":8,"gold_loss":0},{"damage_healed":0,"gold_gain":75,"player_choice":"Gather Gold","damage_taken":11,"max_hp_gain":0,"max_hp_loss":0,"event_name":"World of Goop","floor":12,"gold_loss":0},{"damage_healed":23,"gold_gain":0,"player_choice":"Banana","damage_taken":0,"max_hp_gain":0,"max_hp_loss":0,"event_name":"Big Fish","floor":13,"gold_loss":0},{"damage_healed":0,"gold_gain":0,"player_choice":"Obtained Book","damage_taken":16,"max_hp_gain":0,"max_hp_loss":0,"event_name":"Cursed Tome","floor":20,"gold_loss":0}],"is_beta":false,"boss_relics":[{"not_picked":["vexMod:EndlessSickness","ChampionBelt"],"picked":"SlaversCollar"},{"not_picked":[]},{"not_picked":["hubris:CrackedHourglass","Empty Cage"],"picked":"Pandora\u0027s Box"},{"not_picked":[]}],"items_purged_floors":[30,37],"is_endless":false,"potions_floor_spawned":[1,5,16,21,25,27,33,35],"killed_by":"Sphere and 2 Shapes","ascension_level":0}}