{"host":"mkv3lj8gfkr85ioo","time":1607566975,"event":{"gold_per_floor":[115,115,115,115,125,151,151,177,177,177,102,134,134,152,152,226,226,243,97,113,127,42,74,74,87,142,142,169,169,186,196,196,271,271,289,301,301,354,254,254,254,254,301,329,346,362,90,90,90,90],"floor_reached":51,"playtime":1610,"items_purged":["Defend_R","Strike_R","Strike_R"],"score":1297,"play_id":"0e8d8d20-71e0-45a8-badb-448b560ca0aa","local_time":"20201210112255","is_ascension_mode":true,"campfire_choices":[{"data":"Bash","floor":7.0,"key":"SMITH"},{"data":"Heavy Blade","floor":10.0,"key":"SMITH"},{"floor":15.0,"key":"REST"},{"data":"Heavy Blade","floor":24.0,"key":"SMITH"},{"data":"Second Wind","floor":27.0,"key":"SMITH"},{"data":"Shrug It Off","floor":32.0,"key":"SMITH"},{"data":"1","floor":40.0,"key":"LIFT"},{"data":"2","floor":42,"key":"LIFT"},{"data":"3","floor":49,"key":"LIFT"}],"neow_cost":"NONE","seed_source_timestamp":10318002888100,"circlet_count":0,"master_deck":["AscendersBane","Strike_R+1","Strike_R+1","Defend_R","Defend_R+1","Defend_R","Bash+1","Heavy Blade+1","Shockwave+1","Reaper","Limit Break+1","Shrug It Off+1","Heavy Blade+1","Second Wind+1","Battle Trance+1","Decay","Demon Form","Bludgeon"],"special_seed":0,"relics":["Burning Blood","NeowsBlessing","Lizard Tail","Ginger","TungstenRod","Vajra","Happy Flower","Pocketwatch","Snecko Eye","War Paint","Dream Catcher","InkBottle","Lantern","Kunai","Sozu","Girya","Whetstone","HornCleat"],"potions_floor_usage":[],"damage_taken":[{"damage":0.0,"enemies":"Cultist","floor":1.0,"turns":1.0},{"damage":0.0,"enemies":"Small Slimes","floor":5.0,"turns":1.0},{"damage":0.0,"enemies":"3 Sentries","floor":6.0,"turns":1.0},{"damage":30.0,"enemies":"Gremlin Nob","floor":8.0,"turns":4.0},{"damage":30.0,"enemies":"3 Sentries","floor":12.0,"turns":8.0},{"damage":11.0,"enemies":"Jaw Worm","floor":14.0,"turns":2.0},{"damage":58.0,"enemies":"The Guardian","floor":16.0,"turns":12.0},{"damage":7.0,"enemies":"Shell Parasite","floor":18.0,"turns":3.0},{"damage":9.0,"enemies":"2 Thieves","floor":20.0,"turns":3.0},{"damage":5.0,"enemies":"Centurion and Healer","floor":21.0,"turns":3.0},{"damage":24.0,"enemies":"Slavers","floor":23.0,"turns":5.0},{"damage":15.0,"enemies":"Snake Plant","floor":25.0,"turns":3.0},{"damage":21.0,"enemies":"Gremlin Leader","floor":28.0,"turns":4.0},{"damage":16.0,"enemies":"3 Cultists","floor":30.0,"turns":5.0},{"damage":4.0,"enemies":"Cultist and Chosen","floor":31.0,"turns":5.0},{"damage":34.0,"enemies":"Champ","floor":33.0,"turns":7.0},{"damage":17.0,"enemies":"3 Darklings","floor":35.0,"turns":4.0},{"damage":10.0,"enemies":"3 Shapes","floor":36.0,"turns":3.0},{"damage":42.0,"enemies":"2 Orb Walkers","floor":38.0,"turns":5.0},{"damage":0,"enemies":"Nemesis","floor":44,"turns":3},{"damage":0,"enemies":"Transient","floor":45,"turns":5},{"damage":7,"enemies":"4 Shapes","floor":46,"turns":5},{"damage":39,"enemies":"Donu and Deca","floor":50,"turns":5}],"seed_played":"-5438631443168336147","potions_obtained":[{"floor":1.0,"key":"GamblersBrew"},{"floor":12.0,"key":"HeartOfIron"},{"floor":28.0,"key":"Strength Potion"},{"floor":30.0,"key":"FearPotion"}],"is_trial":false,"path_per_floor":["M","T","?","T","M","E","R","E","T","R","$","E","?","M","R","B",null,"M","$","M","M","?","E","R","M","T","R","E","?","M","M","R","B",null,"M","M","?","?","$","R","?","R","T","E","M","M","$","?","R","B",null],"character_chosen":"IRONCLAD","items_purchased":["War Paint","Bludgeon"],"campfire_rested":1,"item_purchase_floors":[19,47],"current_hp_per_floor":[78,78,71,71,77,80,80,56,56,56,56,32,32,34,58,13,63,71,71,77,80,80,80,80,71,71,71,80,80,80,80,80,52,73,80,80,80,80,80,80,80,80,80,80,80,79,79,79,79,58],"gold":90,"neow_bonus":"THREE_ENEMY_KILL","is_prod":false,"is_daily":false,"chose_seed":false,"campfire_upgraded":5,"win_rate":0,"timestamp":1607566975,"path_taken":["M","?","?","?","?","E","R","E","T","R","$","E","?","M","R","BOSS","M","$","M","M","?","E","R","M","T","R","E","?","M","M","R","BOSS","M","M","?","?","$","R","?","R","T","E","M","M","$","?","R","BOSS"],"build_version":"2020-11-30","purchased_purges":3,"victory":true,"max_hp_per_floor":[80,80,80,80,80,80,80,80,80,80,80,80,80,80,80,80,80,80,80,80,80,80,80,80,80,80,80,80,80,80,80,80,80,80,80,80,80,80,80,80,80,80,80,80,80,80,80,80,80,80],"card_choices":[{"not_picked":["Metallicize","Sword Boomerang","Body Slam"],"picked":"SKIP","floor":1.0},{"not_picked":["Warcry","Body Slam"],"picked":"Heavy Blade","floor":5.0},{"not_picked":["Double Tap","Rupture"],"picked":"Shockwave","floor":6.0},{"not_picked":["Clash","Iron Wave","Body Slam"],"picked":"SKIP","floor":8.0},{"not_picked":["Headbutt","Fire Breathing"],"picked":"Reaper","floor":12.0},{"not_picked":["Iron Wave","Armaments","Headbutt"],"picked":"SKIP","floor":14.0},{"not_picked":["Double Tap","Bludgeon"],"picked":"Limit Break","floor":16.0},{"not_picked":["Shockwave","Wild Strike+1"],"picked":"Shrug It Off","floor":18.0},{"not_picked":["Anger","Pommel Strike"],"picked":"Heavy Blade","floor":20.0},{"not_picked":["True Grit","Clash"],"picked":"Second Wind","floor":21.0},{"not_picked":["Wild Strike","Thunderclap"],"picked":"Battle Trance+1","floor":23.0},{"not_picked":["Headbutt","Sever Soul","Double Tap"],"picked":"SKIP","floor":25.0},{"not_picked":["Clash","Havoc","Rage"],"picked":"SKIP","floor":28.0},{"not_picked":["Wild Strike","Power Through","Havoc"],"picked":"SKIP","floor":30.0},{"not_picked":["Battle Trance","Headbutt","Clash"],"picked":"SKIP","floor":31.0},{"not_picked":["Exhume","Reaper"],"picked":"Demon Form","floor":33.0},{"not_picked":["Armaments","Dual Wield+1","Thunderclap+1"],"picked":"SKIP","floor":35.0},{"not_picked":["Dual Wield","Rupture","Intimidate"],"picked":"SKIP","floor":36.0},{"not_picked":["Intimidate","Rage+1","Feed"],"picked":"SKIP","floor":44},{"not_picked":["Havoc","Pommel Strike","Infernal Blade"],"picked":"SKIP","floor":45},{"not_picked":["Body Slam+1","Twin Strike+1","True Grit"],"picked":"SKIP","floor":46}],"player_experience":123947,"relics_obtained":[{"floor":2.0,"key":"Lizard Tail"},{"floor":4.0,"key":"Ginger"},{"floor":6.0,"key":"TungstenRod"},{"floor":8.0,"key":"Vajra"},{"floor":9.0,"key":"Happy Flower"},{"floor":12.0,"key":"Pocketwatch"},{"floor":23.0,"key":"InkBottle"},{"floor":26.0,"key":"Lantern"},{"floor":28.0,"key":"Kunai"},{"floor":38.0,"key":"Girya"},{"floor":43,"key":"Whetstone"},{"floor":44,"key":"HornCleat"}],"event_choices":[{"cards_removed":["Strike_R"],"damage_healed":0.0,"max_hp_gain":0.0,"max_hp_loss":0.0,"gold_gain":0.0,"event_name":"Golden Wing","player_choice":"Card Removal","floor":3.0,"gold_loss":0.0,"damage_taken":7.0},{"damage_healed":0.0,"max_hp_gain":0.0,"max_hp_loss":0.0,"gold_gain":0.0,"event_name":"Living Wall","player_choice":"Grow","floor":13.0,"gold_loss":0.0,"damage_taken":0.0,"cards_upgraded":["Shockwave"]},{"damage_healed":0.0,"max_hp_gain":0.0,"max_hp_loss":0.0,"gold_gain":0.0,"event_name":"Addict","player_choice":"Obtained Relic","floor":22.0,"gold_loss":85.0,"damage_taken":0.0,"relics_obtained":["Dream Catcher"]},{"damage_healed":0.0,"max_hp_gain":0.0,"max_hp_loss":0.0,"gold_gain":0.0,"event_name":"Wheel of Change","player_choice":"Cursed","floor":29.0,"gold_loss":0.0,"damage_taken":0.0,"cards_obtained":["Decay"]},{"damage_healed":0.0,"max_hp_gain":0.0,"max_hp_loss":0.0,"gold_gain":0.0,"event_name":"Tomb of Lord Red Mask","player_choice":"Ignored","floor":37.0,"gold_loss":0.0,"damage_taken":0.0},{"damage_healed":0.0,"max_hp_gain":0.0,"max_hp_loss":0.0,"gold_gain":0.0,"event_name":"Mysterious Sphere","player_choice":"Fight","floor":38.0,"gold_loss":0.0,"damage_taken":0.0},{"damage_healed":0,"gold_gain":0,"player_choice":"Memory 1","damage_taken":0,"max_hp_gain":0,"max_hp_loss":0,"event_name":"SensoryStone","floor":41,"gold_loss":0},{"damage_healed":0,"gold_gain":0,"player_choice":"Ignored","damage_taken":0,"max_hp_gain":0,"max_hp_loss":0,"event_name":"SecretPortal","floor":48,"gold_loss":0}],"is_beta":false,"boss_relics":[{"not_picked":["SacredBark","Calling Bell"],"picked":"Snecko Eye"},{"not_picked":["Runic Cube","Tiny House"],"picked":"Sozu"}],"items_purged_floors":[11,39,47],"is_endless":false,"potions_floor_spawned":[1,12,16,21,28,30,31,38,45],"ascension_level":13}}