{"host":"f2j33was084ujehg","time":1607571306,"event":{"gold_per_floor":[18,18,18,18,31,58,58,71,96,111,111,111,111,130,130,232,232,244,255,272,272,272,272,283,293,293,243,243,243,243,262,262,273,273,273,273],"floor_reached":35,"playtime":3374,"items_purged":[],"score":259,"play_id":"9eda916e-5a05-4792-bc88-608e9c62fcbe","local_time":"20201209213506","is_ascension_mode":false,"campfire_choices":[{"data":"Creative AI","floor":7,"key":"SMITH"},{"floor":11,"key":"REST"},{"data":"Fission","floor":23,"key":"SMITH"},{"floor":28,"key":"REST"},{"floor":32,"key":"REST"},{"floor":34,"key":"DIG"}],"neow_cost":"CURSE","seed_source_timestamp":73511151898200,"circlet_count":0,"master_deck":["Zap","Dualcast","Ball Lightning","Cold Snap+1","Ball Lightning+1","Cold Snap","Leap","Leap","Leap","Leap","Reinforced Body","Creative AI+1","StuffTheSpire:CleanHardDrive+1","Hologram","Leap","Conserve Battery","Fission+1","Storm","StuffTheSpire:LoadUp","ReplayRNGCard","Stack","Barrage","Storm+1","Rebound"],"relics":["Cracked Core","Pondfish Scales","Strawberry","Blue Doll","Winged Necklace","Replay:Grab Bag","conspire:RoyalGoblet","energizedSpire:NeverEndingSparkler","Inserter","construct:WeddingRing","Mummified Hand","hubris:ToyBattleship"],"potions_floor_usage":[6,6,31,35,35],"damage_taken":[{"damage":0,"enemies":"Cultist","floor":1,"turns":3},{"damage":0,"enemies":"Jaw Worm","floor":5,"turns":3},{"damage":8,"enemies":"3 Sentries","floor":6,"turns":7},{"damage":0,"enemies":"2 Louse","floor":8,"turns":2},{"damage":0,"enemies":"Red Slaver","floor":10,"turns":3},{"damage":0,"enemies":"Blue Slaver","floor":14,"turns":3},{"damage":16,"enemies":"Slime Boss","floor":16,"turns":7},{"damage":4,"enemies":"Chosen","floor":18,"turns":8},{"damage":0,"enemies":"Spheric Guardian","floor":19,"turns":3},{"damage":24,"enemies":"Cultist and Chosen","floor":20,"turns":6},{"damage":10,"enemies":"Centurion and Healer","floor":24,"turns":7},{"damage":3,"enemies":"Snake Plant","floor":25,"turns":5},{"damage":38,"enemies":"Chosen and Byrds","floor":31,"turns":5},{"damage":29,"enemies":"Shelled Parasite and Fungi","floor":33,"turns":5},{"damage":18,"enemies":"hubris:MusketHawk","floor":35,"turns":4}],"seed_played":"-7891444797329653018","potions_obtained":[{"floor":1,"key":"AttackPotion"},{"floor":5,"key":"PowerPotion"},{"floor":6,"key":"SteroidPotion"},{"floor":10,"key":"Strength Potion"},{"floor":20,"key":"Death Potion"},{"floor":25,"key":"LiquidMemories"},{"floor":33,"key":"Dexterity Potion"}],"is_trial":false,"path_per_floor":["M","$","T","T","M","E","R","M","T","M","R","?","?","M","R","B",null,"M","M","M","?","?","R","M","M","T","?","R","PTL","PTL","M","R","M","R","B"],"character_chosen":"DEFECT","items_purchased":[],"campfire_rested":3,"item_purchase_floors":[],"current_hp_per_floor":[50,50,50,57,57,49,49,49,49,49,71,64,49,49,71,55,75,71,71,47,47,47,47,37,34,34,34,56,56,56,18,40,11,11,0,0],"gold":273,"neow_bonus":"DEFECT_STORMLORD","is_prod":false,"is_daily":false,"chose_seed":false,"campfire_upgraded":2,"win_rate":0,"timestamp":1607571306,"path_taken":["M","$","?","?","M","E","R","M","T","?","R","?","?","M","R","BOSS","M","M","M","?","?","R","M","M","T","?","R","PTL","PTL","M","R","M","R","BOSS"],"build_version":"2020-11-30","purchased_purges":0,"victory":false,"max_hp_per_floor":[68,68,68,75,75,75,75,75,75,75,75,75,75,75,75,75,75,75,75,75,75,75,75,75,75,75,75,75,75,75,75,75,75,75,75,75],"card_choices":[{"not_picked":["Coolheaded","StuffTheSpire:Rend"],"picked":"Reinforced Body","floor":1},{"not_picked":["Rebound","Melter"],"picked":"Creative AI","floor":5},{"not_picked":["StuffTheSpire:SnapShoot","Barrage"],"picked":"StuffTheSpire:CleanHardDrive","floor":6},{"not_picked":["StuffTheSpire:LoadUp","Steam"],"picked":"Hologram","floor":8},{"not_picked":["Glacier","Rip and Tear"],"picked":"Leap","floor":10},{"not_picked":["ReplayGash","FTL"],"picked":"Conserve Battery","floor":14},{"not_picked":["Buffer","StuffTheSpire:LaunchingStrike"],"picked":"Fission","floor":16},{"not_picked":["StuffTheSpire:Rend","Conserve Battery+1"],"picked":"Storm","floor":18},{"not_picked":["Self Repair","Coolheaded+1"],"picked":"StuffTheSpire:LoadUp","floor":19},{"not_picked":["Cold Snap","Defragment"],"picked":"ReplayRNGCard","floor":20},{"not_picked":["ICR:FrostFall","Capacitor+1"],"picked":"Stack","floor":24},{"not_picked":["Scrape","Sunder+1"],"picked":"Barrage","floor":25},{"not_picked":["Cold Snap","ReplayTheSpireMod:Dual Polarity"],"picked":"Storm+1","floor":31},{"not_picked":["Go for the Eyes","StuffTheSpire:LoadUp+1"],"picked":"Rebound","floor":33}],"player_experience":1114322,"relics_obtained":[{"floor":3,"key":"Pondfish Scales"},{"floor":4,"key":"Strawberry"},{"floor":6,"key":"Blue Doll"},{"floor":9,"key":"Winged Necklace"},{"floor":26,"key":"Mummified Hand"},{"floor":34,"key":"hubris:ToyBattleship"}],"event_choices":[{"cards_removed":["Voices"],"damage_healed":0,"gold_gain":0,"player_choice":"Card Removal","damage_taken":7,"max_hp_gain":0,"max_hp_loss":0,"event_name":"Golden Wing","floor":12,"gold_loss":0},{"damage_healed":0,"gold_gain":0,"player_choice":"Entered Light","damage_taken":15,"max_hp_gain":0,"max_hp_loss":0,"event_name":"Shining Light","floor":13,"gold_loss":0,"cards_upgraded":["Ball Lightning","Cold Snap"]},{"cards_removed":["Creative AI"],"damage_healed":0,"gold_gain":0,"player_choice":"Give","damage_taken":0,"max_hp_gain":0,"max_hp_loss":0,"event_name":"betterNote:BetterNote","floor":21,"gold_loss":0,"cards_obtained":["Perfected Strike"]},{"damage_healed":0,"gold_gain":0,"player_choice":"Bet on Murderer","damage_taken":0,"max_hp_gain":0,"max_hp_loss":0,"event_name":"The Joust","floor":27,"gold_loss":50}],"is_beta":false,"boss_relics":[{"not_picked":["Nuclear Battery","halation:LoveArrow"],"picked":"Replay:Grab Bag"},{"not_picked":["Sozu","Replay:Bronze Core"],"picked":"conspire:RoyalGoblet"},{"not_picked":["Ectoplasm","energizedSpire:DeadBattery"],"picked":"energizedSpire:NeverEndingSparkler"},{"not_picked":["hubris:HollowSoul","aspiration:PoetsPen_weak"],"picked":"Inserter"},{"not_picked":["hubris:ScarierMask","vexMod:ImprovementManual"],"picked":"construct:WeddingRing"}],"items_purged_floors":[],"is_endless":false,"potions_floor_spawned":[1,5,6,10,20,25,33],"killed_by":"hubris:MusketHawk","ascension_level":0}}