{"host":"78hrz0ylpj9lzvi8","time":1607643496,"event":{"mods":["BaseMod","Bestiary","Minty Spire (QoL Compilation)","Quick Restart","Random Character Button","Relic Stats","StSLib"],"gold_per_floor":[116,128,128,203,220,220,246,24,24,44,44,71,85,116,116,194,194,232,68,48,98,109,143,143,143,143,176,176,176],"floor_reached":28,"playtime":1826,"items_purged":["Defend_P","Strike_P"],"score":602,"play_id":"6558d3a0-cc23-41f5-b0c7-dc49f41df745","local_time":"20201210203816","is_ascension_mode":true,"campfire_choices":[{"data":"Eruption","floor":6,"key":"SMITH"},{"floor":11,"key":"REST"},{"floor":15,"key":"REST"},{"floor":24,"key":"REST"}],"circlet_count":0,"master_deck":["AscendersBane","Strike_P","Strike_P","Defend_P","Defend_P","Eruption+1","Vigilance+1","LikeWater","InnerPeace","TalkToTheHand","FlyingSleeves","FearNoEvil","Adaptation","FlurryOfBlows","WindmillStrike","LikeWater+1","Protect","Wish","LessonLearned","BowlingBash","Halt","WaveOfTheHand","Perseverance","Protect"],"relics":["PureWater","Dream Catcher","Smiling Mask","Ornamental Fan","Potion Belt","Bag of Preparation","SlaversCollar","Anchor","Singing Bowl","Orichalcum"],"acts_visited":["Exordium","TheCity"],"potions_floor_usage":[7,7,12,14,16,19,23,27,28],"damage_taken":[{"damage":16,"enemies":"Jaw Worm","floor":1,"turns":8},{"damage":4,"enemies":"Small Slimes","floor":2,"turns":4},{"damage":0,"enemies":"Cultist","floor":5,"turns":3},{"damage":14,"enemies":"Lagavulin","floor":7,"turns":6},{"damage":0,"enemies":"Large Slime","floor":10,"turns":7},{"damage":0,"enemies":"Gremlin Nob","floor":12,"turns":2},{"damage":2,"enemies":"3 Louse","floor":13,"turns":2},{"damage":28,"enemies":"3 Sentries","floor":14,"turns":7},{"damage":15,"enemies":"The Guardian","floor":16,"turns":12},{"damage":22,"enemies":"3 Byrds","floor":18,"turns":9},{"damage":13,"enemies":"2 Thieves","floor":20,"turns":4},{"damage":21,"enemies":"Snecko","floor":22,"turns":8},{"damage":2,"enemies":"Book of Stabbing","floor":23,"turns":8},{"damage":14,"enemies":"Gremlin Leader","floor":27,"turns":10},{"damage":10,"enemies":"Sentry and Sphere","floor":28,"turns":3}],"seed_played":"-3546163206152177689","potions_obtained":[{"floor":2,"key":"ColorlessPotion"},{"floor":5,"key":"Swift Potion"},{"floor":10,"key":"SteroidPotion"},{"floor":12,"key":"EssenceOfSteel"},{"floor":20,"key":"BlessingOfTheForge"},{"floor":23,"key":"DistilledChaos"},{"floor":27,"key":"EssenceOfSteel"}],"is_trial":false,"path_per_floor":["M","M","?","?","M","R","E","$","T","M","R","E","M","E","R","B",null,"M","$","M","?","M","E","R","?","T","E","M"],"character_chosen":"WATCHER","items_purchased":["FearNoEvil","Adaptation","Fire Potion","Fruit Juice"],"campfire_rested":3,"item_purchase_floors":[8,8,8,19],"current_hp_per_floor":[45,41,41,30,30,30,16,16,16,16,36,36,34,6,26,11,54,32,37,24,24,3,1,22,22,22,10,0,0],"gold":176,"neow_bonus":"RANDOM_COMMON_RELIC","is_daily":false,"chose_seed":false,"campfire_upgraded":1,"win_rate":0.0,"timestamp":1607643496,"path_taken":["M","M","?","?","M","R","E","$","T","M","R","E","M","E","R","BOSS","M","$","M","?","M","E","R","?","T","E","?"],"items_purchased_type":["Card","Card","Potion","Potion"],"build_version":"2020-11-30","purchased_purges":2,"victory":false,"max_hp_per_floor":[68,68,68,68,68,68,68,68,68,68,68,68,68,68,68,68,68,68,73,73,73,73,73,73,73,73,75,75,75],"relic_stats":{"Dream Catcher":3,"Singing Bowl":2,"counters":[15,93],"Ornamental Fan":[112],"Bag of Preparation":[14],"Orichalcum":[0],"Smiling Mask":75,"obtain_stats":[{"Potion Belt":12,"SlaversCollar":17,"Dream Catcher":0,"Anchor":23,"Singing Bowl":26,"Ornamental Fan":9,"Bag of Preparation":14,"PureWater":0,"Orichalcum":27,"Smiling Mask":7},{"Potion Belt":6,"SlaversCollar":9,"Dream Catcher":0,"Anchor":13,"Singing Bowl":13,"Ornamental Fan":4,"Bag of Preparation":8,"PureWater":0,"Orichalcum":14,"Smiling Mask":4},{"Potion Belt":30,"SlaversCollar":51,"Dream Catcher":0,"Anchor":80,"Singing Bowl":80,"Ornamental Fan":21,"Bag of Preparation":39,"PureWater":0,"Orichalcum":90,"Smiling Mask":21}]},"card_choices":[{"not_picked":["Evaluate","Indignation","Halt"],"picked":"SKIP","floor":1},{"not_picked":["Sanctity","Pray"],"picked":"LikeWater","floor":2},{"not_picked":["Prostrate","CutThroughFate"],"picked":"TalkToTheHand","floor":5},{"not_picked":["Collect","Adaptation"],"picked":"FlyingSleeves","floor":7},{"not_picked":["FollowUp","Evaluate"],"picked":"FlurryOfBlows","floor":10},{"not_picked":["Sanctity","ClearTheMind"],"picked":"WindmillStrike","floor":11},{"not_picked":["Consecrate","DeceiveReality"],"picked":"LikeWater","floor":12},{"not_picked":["FlyingSleeves","EmptyBody"],"picked":"Protect","floor":13},{"not_picked":["Weave","CrushJoints"],"picked":"Wish","floor":14},{"not_picked":["Judgement","ConjureBlade"],"picked":"LessonLearned","floor":16},{"not_picked":["ClearTheMind","Evaluate"],"picked":"BowlingBash","floor":18},{"not_picked":["ThirdEye","ClearTheMind"],"picked":"Halt","floor":20},{"not_picked":["CutThroughFate","WreathOfFlame"],"picked":"WaveOfTheHand","floor":22},{"not_picked":["Sanctity","ReachHeaven"],"picked":"Perseverance","floor":23},{"not_picked":["FlyingSleeves","WheelKick"],"picked":"Protect","floor":24},{"not_picked":["CutThroughFate+1","FlurryOfBlows","FlyingSleeves"],"picked":"Singing Bowl","floor":27}],"player_experience":912989,"relics_obtained":[{"floor":7,"key":"Smiling Mask"},{"floor":9,"key":"Ornamental Fan"},{"floor":12,"key":"Potion Belt"},{"floor":14,"key":"Bag of Preparation"},{"floor":23,"key":"Anchor"},{"floor":26,"key":"Singing Bowl"},{"floor":27,"key":"Orichalcum"}],"event_choices":[{"damage_healed":0,"gold_gain":0,"cards_transformed":["Defend_P"],"player_choice":"Change","damage_taken":0,"max_hp_gain":0,"max_hp_loss":0,"event_name":"Living Wall","floor":3,"gold_loss":0,"cards_obtained":["InnerPeace"]},{"damage_healed":0,"gold_gain":75,"player_choice":"Gather Gold","damage_taken":11,"max_hp_gain":0,"max_hp_loss":0,"event_name":"World of Goop","floor":4,"gold_loss":0},{"damage_healed":0,"gold_gain":50,"player_choice":"Stole From Cult","damage_taken":0,"max_hp_gain":0,"max_hp_loss":0,"event_name":"Nest","floor":21,"gold_loss":0},{"cards_removed":["Strike_P"],"damage_healed":0,"gold_gain":0,"player_choice":"Purged","damage_taken":0,"max_hp_gain":0,"max_hp_loss":0,"event_name":"Purifier","floor":25,"gold_loss":0}],"is_beta":false,"boss_relics":[{"not_picked":["Empty Cage","Ectoplasm"],"picked":"SlaversCollar"}],"items_purged_floors":[8,19],"is_endless":false,"potions_floor_spawned":[2,5,10,12,20,23,27],"killed_by":"Sentry and Sphere","ascension_level":20}}