{"host":"87fdiiwflhrwsj8a","time":1607575467,"event":{"gold_per_floor":[119,119,136,136,148,148,148,223,247,20,20,20,34,58,58,147,147,171,171,171,189,389,389,389],"floor_reached":23,"playtime":583,"items_purged":[],"score":358,"play_id":"74f12d5b-32ea-4dd1-bc35-53883aa3b859","local_time":"20201209234427","is_ascension_mode":true,"campfire_choices":[{"data":"Zap","floor":6.0,"key":"SMITH"},{"floor":11.0,"key":"REST"},{"floor":15,"key":"REST"}],"neow_cost":"NONE","seed_source_timestamp":129845151166000,"circlet_count":0,"master_deck":["AscendersBane","Strike_B","Strike_B","Strike_B","Strike_B","Defend_B","Defend_B","Defend_B","Defend_B+1","Zap+1","Dualcast+1","Leap","Beam Cell","Rip and Tear","Ball Lightning","Electrodynamics","Go for the Eyes"],"special_seed":0,"relics":["Inserter","Golden Idol","Vajra","Akabeko","Runic Pyramid"],"potions_floor_usage":[16,16,18],"damage_taken":[{"damage":12.0,"enemies":"2 Louse","floor":1.0,"turns":3.0},{"damage":0.0,"enemies":"Jaw Worm","floor":3.0,"turns":6.0},{"damage":1.0,"enemies":"Cultist","floor":5.0,"turns":5.0},{"damage":17,"enemies":"Large Slime","floor":13,"turns":6},{"damage":6,"enemies":"Looter","floor":14,"turns":3},{"damage":21,"enemies":"The Guardian","floor":16,"turns":10},{"damage":11,"enemies":"2 Thieves","floor":18,"turns":2},{"damage":16,"enemies":"Spheric Guardian","floor":21,"turns":4},{"damage":35,"enemies":"Gremlin Leader","floor":23,"turns":4}],"seed_played":"-1903555965580386679","potions_obtained":[{"floor":3.0,"key":"Weak Potion"},{"floor":5.0,"key":"Elixir"},{"floor":13,"key":"LiquidBronze"},{"floor":16,"key":"AttackPotion"}],"is_trial":false,"path_per_floor":["M","?","M","?","M","R","?","?","T","$","R","?","M","M","R","B",null,"M","?","$","M","?","E"],"character_chosen":"DEFECT","items_purchased":["Akabeko","Beam Cell"],"campfire_rested":2,"item_purchase_floors":[10,10],"current_hp_per_floor":[52,52,52,52,51,51,27,16,16,16,37,37,20,14,35,14,57,46,46,46,30,30,0,0],"gold":389,"neow_bonus":"BOSS_RELIC","is_prod":false,"is_daily":false,"chose_seed":false,"campfire_upgraded":1,"win_rate":0,"timestamp":1607575467,"path_taken":["M","?","M","?","?","R","?","?","T","?","R","?","?","M","R","BOSS","M","?","$","M","?","E"],"build_version":"2020-11-30","purchased_purges":0,"victory":false,"max_hp_per_floor":[71,71,71,71,71,71,71,71,71,71,71,71,71,71,71,71,71,71,71,71,71,71,71,71],"card_choices":[{"not_picked":["BasicCrystalCard","Sweeping Beam"],"picked":"Leap","floor":1.0},{"not_picked":["Panic Button","Coolheaded","StuffTheSpire:CleanHardDrive"],"picked":"SKIP","floor":3.0},{"not_picked":["Panic Button","StuffTheSpire:CleanHardDrive","Leap"],"picked":"SKIP","floor":5.0},{"not_picked":["Steam","Stack"],"picked":"Rip and Tear","floor":13},{"not_picked":["Heatsinks","Leap"],"picked":"Ball Lightning","floor":14},{"not_picked":["Reboot","Seek"],"picked":"Electrodynamics","floor":16},{"not_picked":["Leap","Hologram","Compile Driver"],"picked":"SKIP","floor":18},{"not_picked":["Coolheaded","Streamline"],"picked":"Go for the Eyes","floor":21}],"player_experience":2516068,"relics_obtained":[{"floor":9.0,"key":"Vajra"}],"event_choices":[{"damage_healed":0.0,"max_hp_gain":0.0,"max_hp_loss":0.0,"gold_gain":0.0,"event_name":"Upgrade Shrine","player_choice":"Upgraded","floor":4.0,"gold_loss":0.0,"damage_taken":0.0,"cards_upgraded":["Dualcast"]},{"damage_healed":0.0,"max_hp_gain":0.0,"max_hp_loss":0.0,"gold_gain":0.0,"event_name":"Golden Idol","player_choice":"Take Damage","floor":7.0,"gold_loss":0.0,"damage_taken":24.0,"relics_obtained":["Golden Idol"]},{"damage_healed":0.0,"max_hp_gain":0.0,"max_hp_loss":0.0,"gold_gain":75.0,"event_name":"betterThird:BetterGoop","player_choice":"Gold","floor":8.0,"gold_loss":0.0,"damage_taken":11.0},{"cards_removed":["Beam Cell"],"damage_healed":0,"gold_gain":0,"player_choice":"Give","damage_taken":0,"max_hp_gain":0,"max_hp_loss":0,"event_name":"betterNote:BetterNote","floor":19,"gold_loss":0,"cards_obtained":["Defend_B"]},{"damage_healed":0,"gold_gain":250,"player_choice":"Bet on Owner","damage_taken":0,"max_hp_gain":0,"max_hp_loss":0,"event_name":"The Joust","floor":22,"gold_loss":50}],"is_beta":false,"boss_relics":[{"not_picked":["Calling Bell","Snecko Heart"],"picked":"Runic Pyramid"}],"items_purged_floors":[],"is_endless":false,"potions_floor_spawned":[3,5,13,16],"killed_by":"Gremlin Leader","ascension_level":20}}