{"host":"87fdiiwflhrwsj8a","time":1607577136,"event":{"gold_per_floor":[111,111,111,111,125,166,236,236,236,236,236],"floor_reached":10,"playtime":164,"items_purged":[],"score":178,"play_id":"7de68d31-ced1-4d50-8d53-f0170f92127a","local_time":"20201210001216","is_ascension_mode":true,"campfire_choices":[{"data":"infinitespire:Punishment","floor":8,"key":"SMITH"}],"neow_cost":"NONE","seed_source_timestamp":131982346209599,"circlet_count":0,"master_deck":["AscendersBane","Strike_B","Strike_B","Strike_B","Strike_B","Defend_B","Defend_B","Defend_B","Defend_B","Zap","Chill+1","infinitespire:Punishment+1","Injury","StuffTheSpire:GlassShard","Coolheaded"],"relics":["Cracked Core","NeowsBlessing","Golden Idol","infinitespire:EmpoweringShard","Replay:Towering Pillar of Hats","Divine Protection"],"potions_floor_usage":[],"damage_taken":[{"damage":0,"enemies":"Jaw Worm","floor":1,"turns":1},{"damage":0,"enemies":"Small Slimes","floor":5,"turns":1},{"damage":0,"enemies":"Lagavulin","floor":6,"turns":1},{"damage":28,"enemies":"Gremlin Nob","floor":7,"turns":4},{"damage":30,"enemies":"Gremlin Nob","floor":10,"turns":3}],"seed_played":"9153954117691619185","potions_obtained":[],"is_trial":false,"path_per_floor":["M","?","?","?","M","E","?","R","T","E"],"character_chosen":"DEFECT","items_purchased":[],"campfire_rested":0,"item_purchase_floors":[],"current_hp_per_floor":[64,64,46,46,46,46,18,18,18,0,0],"gold":236,"neow_bonus":"THREE_ENEMY_KILL","is_prod":false,"is_daily":false,"chose_seed":false,"campfire_upgraded":1,"win_rate":0,"timestamp":1607577136,"path_taken":["M","?","?","?","?","E","?","R","T","E"],"build_version":"2020-11-30","purchased_purges":0,"victory":false,"max_hp_per_floor":[71,71,71,71,71,71,71,71,71,71,71],"card_choices":[{"not_picked":["BasicCrystalCard","Hologram","Auto Shields"],"picked":"SKIP","floor":1},{"not_picked":["infinitespire:Gouge","infinitespire:FinalStrike"],"picked":"infinitespire:Punishment","floor":3},{"not_picked":["Sweeping Beam","Panic Button"],"picked":"StuffTheSpire:GlassShard","floor":5},{"not_picked":["BasicCrystalCard","Rebound"],"picked":"Coolheaded","floor":6}],"player_experience":2517816,"relics_obtained":[{"floor":6,"key":"infinitespire:EmpoweringShard"},{"floor":7,"key":"Replay:Towering Pillar of Hats"},{"floor":9,"key":"Divine Protection"}],"event_choices":[{"damage_healed":0,"gold_gain":0,"player_choice":"Take Wound","damage_taken":0,"relics_obtained":["Golden Idol"],"max_hp_gain":0,"max_hp_loss":0,"event_name":"Golden Idol","floor":4,"gold_loss":0,"cards_obtained":["Injury"]},{"damage_healed":0,"gold_gain":0,"player_choice":"Searched \u00272\u0027 times","damage_taken":0,"max_hp_gain":0,"max_hp_loss":0,"event_name":"Dead Adventurer","floor":7,"gold_loss":0}],"is_beta":false,"boss_relics":[],"items_purged_floors":[],"is_endless":false,"potions_floor_spawned":[],"killed_by":"Gremlin Nob","ascension_level":20}}