{"host":"udzsrhbqdxqtlypj","time":1607619661,"event":{"mods":["BaseMod","Minty Spire (QoL Compilation)","Relic Stats"],"gold_per_floor":[365,540,242,252,263,298,316,346,346,376,78,78,78,94,94,191,191,204,215,226,243,243,274,274,307,307,341,341,370,370,388,388,489,489,503,503,257,267,267,281,295,325,325,325,341,371,384,402,402,402,402,402,67,92,92],"floor_reached":56,"playtime":6564,"items_purged":["Doubt","Strike_G","Pain"],"score":1818,"play_id":"8d8eb454-a4ca-4e15-a1cd-8e461b12cd76","local_time":"20201210110101","is_ascension_mode":true,"campfire_choices":[{"data":"Footwork","floor":12,"key":"SMITH"},{"data":"Bouncing Flask","floor":15,"key":"SMITH"},{"data":"Neutralize","floor":28,"key":"SMITH"},{"data":"PiercingWail","floor":32,"key":"SMITH"},{"floor":44,"key":"RECALL"},{"floor":49,"key":"REST"},{"floor":52,"key":"REST"}],"circlet_count":0,"master_deck":["Strike_G+1","Strike_G+1","Strike_G+1","Strike_G+1","Defend_G+1","Defend_G+1","Defend_G+1","Defend_G+1","Defend_G+1","Survivor","Neutralize+1","Blade Dance","Quick Slash","Poisoned Stab","Bouncing Flask+1","PiercingWail+1","Footwork+1","Corpse Explosion+1","Deflect+1","Bandage Up+1","Deadly Poison+1","Grand Finale","Forethought+1","Malaise+1","Acrobatics+1","Prepared+1","Acrobatics+1","Escape Plan+1","Night Terror+1","Catalyst+1","Tactician+1","Calculated Gamble+1","Slice+1","Malaise+1","Noxious Fumes+1","Backflip+1","Malaise+1","Dodge and Roll+1","Corpse Explosion+1","Acrobatics+1","Distraction+1","Escape Plan+1","PiercingWail+1"],"relics":["Ring of the Snake","Toolbox","Pear","Toxic Egg 2","Letter Opener","Happy Flower","SacredBark","Toy Ornithopter","Frozen Egg 2","Bag of Preparation","The Specimen","Fusion Hammer","WarpedTongs","Lizard Tail","Question Card","Gambling Chip","Paper Crane","Centennial Puzzle"],"acts_visited":["Exordium","TheCity","TheBeyond","TheEnding"],"potions_floor_usage":[8,8,23,29,33,33,42,42,55,55,55,55,55,55],"damage_taken":[{"damage":1,"enemies":"Cultist","floor":1,"turns":4},{"damage":0,"enemies":"Small Slimes","floor":4,"turns":3},{"damage":0,"enemies":"Jaw Worm","floor":5,"turns":3},{"damage":16,"enemies":"3 Sentries","floor":6,"turns":9},{"damage":6,"enemies":"Looter","floor":7,"turns":5},{"damage":20,"enemies":"Gremlin Nob","floor":8,"turns":4},{"damage":7,"enemies":"Lagavulin","floor":10,"turns":5},{"damage":0,"enemies":"Large Slime","floor":14,"turns":4},{"damage":12,"enemies":"The Guardian","floor":16,"turns":8},{"damage":6,"enemies":"Shell Parasite","floor":18,"turns":5},{"damage":0,"enemies":"Chosen","floor":19,"turns":4},{"damage":2,"enemies":"Snecko","floor":20,"turns":5},{"damage":0,"enemies":"Cultist and Chosen","floor":21,"turns":3},{"damage":4,"enemies":"Gremlin Leader","floor":23,"turns":7},{"damage":4,"enemies":"Book of Stabbing","floor":25,"turns":4},{"damage":0,"enemies":"Gremlin Leader","floor":27,"turns":3},{"damage":14,"enemies":"Book of Stabbing","floor":29,"turns":5},{"damage":9,"enemies":"Sentry and Sphere","floor":31,"turns":5},{"damage":7,"enemies":"Collector","floor":33,"turns":6},{"damage":3,"enemies":"Orb Walker","floor":35,"turns":4},{"damage":0,"enemies":"3 Shapes","floor":38,"turns":3},{"damage":6,"enemies":"Jaw Worm Horde","floor":40,"turns":4},{"damage":13,"enemies":"3 Darklings","floor":41,"turns":2},{"damage":36,"enemies":"Reptomancer","floor":42,"turns":6},{"damage":4,"enemies":"Sphere and 2 Shapes","floor":45,"turns":3},{"damage":0,"enemies":"Giant Head","floor":46,"turns":8},{"damage":1,"enemies":"Transient","floor":47,"turns":5},{"damage":0,"enemies":"Spire Growth","floor":48,"turns":3},{"damage":12,"enemies":"Donu and Deca","floor":50,"turns":6},{"damage":0,"enemies":"Shield and Spear","floor":54,"turns":4},{"damage":45,"enemies":"The Heart","floor":55,"turns":9}],"seed_played":"556428800474472232","potions_obtained":[{"floor":1,"key":"FairyPotion"},{"floor":5,"key":"ColorlessPotion"},{"floor":6,"key":"Regen Potion"},{"floor":8,"key":"LiquidBronze"},{"floor":16,"key":"BlessingOfTheForge"},{"floor":19,"key":"EssenceOfSteel"},{"floor":20,"key":"Fire Potion"},{"floor":23,"key":"LiquidMemories"},{"floor":29,"key":"Block Potion"},{"floor":38,"key":"FearPotion"},{"floor":39,"key":"EntropicBrew"},{"floor":40,"key":"EntropicBrew"},{"floor":46,"key":"Block Potion"}],"is_trial":false,"path_per_floor":["M","?","$","M","M","E","M","E","T","E","$","R","?","M","R","B",null,"M","M","M","M","?","E","?","E","T","E","R","E","?","M","R","B",null,"M","?","$","M","?","M","M","E","T","R","M","E","M","M","R","B",null,"R","$","E","B",null],"character_chosen":"THE_SILENT","items_purchased":["Quick Slash","Toolbox","Explosive Potion","Deflect+1","Bandage Up+1","Deadly Poison+1","Backflip+1","CultistPotion","Paper Crane","Escape Plan+1","PiercingWail+1"],"campfire_rested":2,"item_purchase_floors":[3,3,3,11,11,11,37,37,53,53,53],"current_hp_per_floor":[62,62,62,62,62,56,50,44,44,37,37,37,37,43,43,37,64,64,70,73,73,73,69,69,71,71,71,71,61,61,58,58,67,72,70,70,70,73,73,67,60,40,40,40,42,66,71,73,73,67,72,73,73,73,33],"gold":92,"neow_bonus":"TWO_FIFTY_GOLD","is_daily":false,"chose_seed":false,"campfire_upgraded":4,"win_rate":0,"timestamp":1607619661,"path_taken":["M","?","$","M","M","E","M","E","T","E","$","R","?","M","R","BOSS","M","M","M","?","?","E","?","E","T","E","R","E","?","M","R","BOSS","M","?","$","?","?","M","M","E","T","R","M","E","M","M","R","BOSS","R","$","E","BOSS"],"build_version":"2020-11-30","purchased_purges":3,"victory":true,"max_hp_per_floor":[63,63,63,63,63,73,73,73,73,73,73,73,73,73,73,73,73,73,73,73,73,73,73,73,73,73,73,73,73,73,73,73,73,73,73,73,73,73,73,73,73,73,73,73,73,73,73,73,73,73,73,73,73,73,73],"relic_stats":{"Lizard Tail":0,"Centennial Puzzle":[3],"Happy Flower":[38],"counters":[31,149],"Gambling Chip":[18],"Bag of Preparation":[30],"Letter Opener":[632],"Question Card":5,"obtain_stats":[{"Pear":6,"Happy Flower":10,"The Specimen":29,"SacredBark":17,"Bag of Preparation":27,"Letter Opener":9,"Frozen Egg 2":25,"Paper Crane":53,"Question Card":43,"WarpedTongs":36,"Lizard Tail":42,"Centennial Puzzle":54,"Gambling Chip":46,"Toolbox":3,"Fusion Hammer":34,"Toxic Egg 2":8,"Toy Ornithopter":23,"Ring of the Snake":0},{"Pear":4,"Happy Flower":7,"The Specimen":17,"SacredBark":9,"Bag of Preparation":16,"Letter Opener":6,"Frozen Egg 2":15,"Paper Crane":29,"Question Card":24,"WarpedTongs":20,"Lizard Tail":24,"Centennial Puzzle":30,"Gambling Chip":26,"Toolbox":1,"Fusion Hammer":19,"Toxic Egg 2":6,"Toy Ornithopter":14,"Ring of the Snake":0},{"Pear":19,"Happy Flower":33,"The Specimen":81,"SacredBark":45,"Bag of Preparation":76,"Letter Opener":28,"Frozen Egg 2":73,"Paper Crane":136,"Question Card":111,"WarpedTongs":96,"Lizard Tail":111,"Centennial Puzzle":140,"Gambling Chip":122,"Toolbox":4,"Fusion Hammer":92,"Toxic Egg 2":28,"Toy Ornithopter":69,"Ring of the Snake":0}],"Toy Ornithopter":27,"Ring of the Snake":[62],"WarpedTongs":[30]},"card_choices":[{"not_picked":["PiercingWail","Choke"],"picked":"Blade Dance","floor":1},{"not_picked":["Sucker Punch","Bane"],"picked":"Poisoned Stab","floor":4},{"not_picked":["Cloak And Dagger","Terror"],"picked":"Bouncing Flask","floor":5},{"not_picked":["Sucker Punch","Deflect"],"picked":"PiercingWail","floor":6},{"not_picked":["Deflect","Bane"],"picked":"Footwork","floor":7},{"not_picked":["Backflip+1","Eviscerate"],"picked":"Corpse Explosion+1","floor":8},{"not_picked":["Masterful Stab","Flying Knee","Backstab"],"picked":"SKIP","floor":10},{"not_picked":["Sucker Punch","Poisoned Stab","Quick Slash"],"picked":"SKIP","floor":14},{"not_picked":["Corpse Explosion+1","Tools of the Trade"],"picked":"Malaise+1","floor":16},{"not_picked":["Concentrate+1","Sucker Punch"],"picked":"Acrobatics+1","floor":18},{"not_picked":["Sucker Punch+1","Bane"],"picked":"Prepared+1","floor":19},{"not_picked":["Endless Agony","Predator"],"picked":"Acrobatics+1","floor":20},{"not_picked":["Dodge and Roll+1","Poisoned Stab"],"picked":"Escape Plan+1","floor":21},{"not_picked":["Footwork","Choke"],"picked":"Night Terror+1","floor":23},{"not_picked":["Heel Hook","Infinite Blades+1"],"picked":"Tactician+1","floor":25},{"not_picked":["Riddle With Holes","Blade Dance+1"],"picked":"Calculated Gamble+1","floor":27},{"not_picked":["Infinite Blades+1","Quick Slash"],"picked":"Slice+1","floor":29},{"not_picked":["Dagger Throw+1","Cloak And Dagger+1","Sucker Punch"],"picked":"SKIP","floor":31},{"not_picked":["Glass Knife","A Thousand Cuts+1"],"picked":"Malaise+1","floor":33},{"not_picked":["Terror+1","Dagger Throw+1"],"picked":"Noxious Fumes+1","floor":35},{"not_picked":["Bane","Dodge and Roll+1"],"picked":"Malaise+1","floor":38},{"not_picked":["Blade Dance+1","Poisoned Stab","Flying Knee"],"picked":"SKIP","floor":40},{"not_picked":["Slice","Blade Dance+1","Dash"],"picked":"SKIP","floor":41},{"not_picked":["Well Laid Plans+1","Reflex+1"],"picked":"Dodge and Roll+1","floor":42},{"not_picked":["Backflip+1","Deadly Poison+1","Flechettes+1"],"picked":"Corpse Explosion+1","floor":45},{"not_picked":["Dagger Spray","Dagger Throw+1","Footwork+1"],"picked":"Acrobatics+1","floor":46},{"not_picked":["Bane+1","Backstab+1","Cloak And Dagger+1"],"picked":"Distraction+1","floor":47},{"not_picked":["Quick Slash","Sucker Punch+1","Flying Knee+1","Storm of Steel+1"],"picked":"SKIP","floor":48},{"not_picked":["Blade Dance+1","Backstab","Choke","Masterful Stab+1"],"picked":"SKIP","floor":54}],"player_experience":2566013,"relics_obtained":[{"floor":6,"key":"Pear"},{"floor":8,"key":"Toxic Egg 2"},{"floor":9,"key":"Letter Opener"},{"floor":10,"key":"Happy Flower"},{"floor":23,"key":"Toy Ornithopter"},{"floor":25,"key":"Frozen Egg 2"},{"floor":27,"key":"Bag of Preparation"},{"floor":29,"key":"The Specimen"},{"floor":42,"key":"Lizard Tail"},{"floor":43,"key":"Question Card"},{"floor":46,"key":"Gambling Chip"},{"floor":54,"key":"Centennial Puzzle"}],"event_choices":[{"damage_healed":0,"gold_gain":175,"player_choice":"AGREE","damage_taken":0,"max_hp_gain":0,"max_hp_loss":0,"event_name":"Liars Game","floor":2,"gold_loss":0,"cards_obtained":["Doubt"]},{"damage_healed":0,"gold_gain":0,"player_choice":"2 cards matched","damage_taken":0,"max_hp_gain":0,"max_hp_loss":0,"event_name":"Match and Keep!","floor":13,"gold_loss":0,"cards_obtained":["Grand Finale","Forethought"]},{"damage_healed":0,"gold_gain":0,"player_choice":"Ignored","damage_taken":0,"max_hp_gain":0,"max_hp_loss":0,"event_name":"Vampires","floor":22,"gold_loss":0},{"damage_healed":0,"gold_gain":0,"player_choice":"Read","damage_taken":0,"max_hp_gain":0,"max_hp_loss":0,"event_name":"The Library","floor":24,"gold_loss":0,"cards_obtained":["Catalyst"]},{"damage_healed":0,"gold_gain":0,"player_choice":"Simplicity","damage_taken":0,"max_hp_gain":0,"max_hp_loss":0,"event_name":"Back to Basics","floor":30,"gold_loss":0,"cards_upgraded":["Strike_G","Strike_G","Strike_G","Strike_G","Defend_G","Defend_G","Defend_G","Defend_G","Defend_G"]},{"damage_healed":0,"gold_gain":0,"player_choice":"Rummage","damage_taken":0,"relics_obtained":["WarpedTongs"],"max_hp_gain":0,"max_hp_loss":0,"event_name":"Accursed Blacksmith","floor":36,"gold_loss":0,"cards_obtained":["Pain"]},{"damage_healed":0,"gold_gain":0,"player_choice":"Got Potions","damage_taken":0,"max_hp_gain":0,"max_hp_loss":0,"event_name":"Lab","floor":39,"gold_loss":0}],"is_beta":false,"boss_relics":[{"not_picked":["Sozu","Snecko Eye"],"picked":"SacredBark"},{"not_picked":["Ring of the Serpent","Cursed Key"],"picked":"Fusion Hammer"}],"items_purged_floors":[3,11,37],"is_endless":false,"potions_floor_spawned":[1,5,6,7,8,16,19,20,23,29,38,40,41,46,47],"ascension_level":8}}