{"host":"5iafpxwkdrtbs389","time":1607580683,"event":{"gold_per_floor":[109,109,109,129,54,54,54,54,54,54,69,69,144,162,162,263,263,283,28,28,39,51,51,51,70,96,96,110,110,110,125,125,125,125],"floor_reached":33,"playtime":865,"items_purged":["Strike_B","Strike_B"],"score":235,"play_id":"3955cd61-068d-41c2-9967-a44473822332","local_time":"20201210151123","is_ascension_mode":false,"campfire_choices":[{"data":"Redo","floor":6.0,"key":"SMITH"},{"data":"Electrodynamics","floor":8.0,"key":"SMITH"},{"data":"Dualcast","floor":12.0,"key":"SMITH"},{"data":"Zap","floor":15.0,"key":"SMITH"},{"data":"Thunder Strike","floor":24,"key":"SMITH"},{"data":"Conserve Battery","floor":27,"key":"SMITH"},{"floor":29,"key":"REST"},{"data":"Conserve Battery","floor":32,"key":"SMITH"}],"neow_cost":"NONE","seed_source_timestamp":682102625384500,"circlet_count":0,"master_deck":["Strike_B","Strike_B","Defend_B","Defend_B","Defend_B","Defend_B","Zap+1","Dualcast+1","Electrodynamics+1","Redo+1","Barrage","Thunder Strike+1","Conserve Battery+1","Conserve Battery+1","Rip and Tear"],"special_seed":0,"relics":["Cracked Core","Darkstone Periapt","Nunchaku","SlaversCollar","Vajra","Happy Flower"],"potions_floor_usage":[16,33,33],"damage_taken":[{"damage":1.0,"enemies":"Jaw Worm","floor":1.0,"turns":3.0},{"damage":0.0,"enemies":"2 Louse","floor":4.0,"turns":2.0},{"damage":0.0,"enemies":"Cultist","floor":11.0,"turns":2.0},{"damage":0.0,"enemies":"2 Fungi Beasts","floor":14.0,"turns":2.0},{"damage":27,"enemies":"Hexaghost","floor":16,"turns":9},{"damage":5,"enemies":"3 Byrds","floor":18,"turns":2},{"damage":0,"enemies":"Spheric Guardian","floor":21,"turns":2},{"damage":27,"enemies":"Centurion and Healer","floor":22,"turns":5},{"damage":1,"enemies":"3 Cultists","floor":25,"turns":3},{"damage":33,"enemies":"Snecko","floor":28,"turns":6},{"damage":3,"enemies":"Cultist and Chosen","floor":31,"turns":3},{"damage":49,"enemies":"Champ","floor":33,"turns":9}],"seed_played":"2040582381981307196","potions_obtained":[{"floor":3.0,"key":"LiquidBronze"},{"floor":3.0,"key":"SmokeBomb"},{"floor":3.0,"key":"EntropicBrew"},{"floor":16,"key":"Strength Potion"}],"is_trial":false,"path_per_floor":["M","?","?","M","$","R","$","R","T","$","M","R","?","M","R","B",null,"M","$","?","M","M","?","R","M","T","R","M","R","$","M","R","B"],"character_chosen":"DEFECT","items_purchased":["Vajra"],"campfire_rested":1,"item_purchase_floors":[19],"current_hp_per_floor":[74,56,56,56,56,56,56,56,56,56,56,56,45,45,45,18,75,70,70,70,70,43,43,43,42,42,42,9,31,31,28,28,14,14],"gold":125,"neow_bonus":"ONE_RANDOM_RARE_CARD","is_prod":false,"is_daily":false,"chose_seed":false,"campfire_upgraded":7,"win_rate":0.0,"timestamp":1607580683,"path_taken":["M","?","?","?","$","R","$","R","T","$","M","R","?","M","R","BOSS","M","$","?","M","M","?","R","M","T","R","M","R","$","M","R","BOSS"],"build_version":"2020-11-30","purchased_purges":2,"victory":false,"max_hp_per_floor":[75,75,75,75,75,75,75,75,75,75,75,75,75,75,75,75,75,75,75,75,75,75,75,75,75,75,75,75,75,75,75,75,75,75],"card_choices":[{"not_picked":["Ball Lightning","Doom and Gloom"],"picked":"Redo","floor":1.0},{"not_picked":["Hologram","Scrape"],"picked":"Barrage","floor":4.0},{"not_picked":["Melter","BootSequence","Creative AI"],"picked":"SKIP","floor":11.0},{"not_picked":["Sweeping Beam","Heatsinks","Gash"],"picked":"SKIP","floor":14.0},{"not_picked":["Buffer","All For One"],"picked":"Thunder Strike","floor":16},{"not_picked":["Barrage","Melter","Go for the Eyes"],"picked":"SKIP","floor":18},{"not_picked":["Cold Snap","Hologram+1"],"picked":"Conserve Battery","floor":21},{"not_picked":["Heatsinks","Reprogram"],"picked":"Conserve Battery","floor":22},{"not_picked":["Cold Snap+1","Steam Power"],"picked":"Rip and Tear","floor":25},{"not_picked":["Double Energy","Streamline","Hologram"],"picked":"SKIP","floor":28},{"not_picked":["BootSequence","Leap","Conserve Battery"],"picked":"SKIP","floor":31}],"player_experience":36240,"relics_obtained":[{"floor":9.0,"key":"Nunchaku"},{"floor":26,"key":"Happy Flower"}],"event_choices":[{"damage_healed":0.0,"max_hp_gain":0.0,"max_hp_loss":0.0,"gold_gain":0.0,"event_name":"Scrap Ooze","player_choice":"Success","floor":2.0,"gold_loss":0.0,"damage_taken":18.0,"relics_obtained":["Darkstone Periapt"]},{"damage_healed":0.0,"max_hp_gain":0.0,"max_hp_loss":0.0,"gold_gain":0.0,"event_name":"Lab","player_choice":"Got Potions","floor":3.0,"gold_loss":0.0,"damage_taken":0.0},{"damage_healed":0.0,"max_hp_gain":0.0,"max_hp_loss":0.0,"gold_gain":75.0,"event_name":"World of Goop","player_choice":"Gather Gold","floor":13.0,"gold_loss":0.0,"damage_taken":11.0},{"damage_healed":0,"gold_gain":0,"player_choice":"Ignored","damage_taken":0,"max_hp_gain":0,"max_hp_loss":0,"event_name":"Vampires","floor":20,"gold_loss":0},{"damage_healed":0,"gold_gain":0,"player_choice":"Bought 0 Potions","damage_taken":0,"max_hp_gain":0,"max_hp_loss":0,"event_name":"The Woman in Blue","floor":23,"gold_loss":0}],"is_beta":false,"boss_relics":[{"not_picked":["Velvet Choker","Black Star"],"picked":"SlaversCollar"}],"items_purged_floors":[5,19],"is_endless":false,"potions_floor_spawned":[14,16,22,28,31],"killed_by":"Champ","ascension_level":0}}