{"host":"e4wnmsyty9uvvtwf","time":1607608682,"event":{"gold_per_floor":[110,122,122,122,141,176,176,189,189,189,189,189,189,207,207,207,207],"floor_reached":16,"playtime":522,"items_purged":[],"score":281,"play_id":"5ae1ea7e-0503-46d0-8730-20678eac0e0c","local_time":"20201210215802","is_ascension_mode":true,"campfire_choices":[{"data":"TheCursedMod:CircleOfAmplification","floor":7,"key":"SMITH"},{"data":"TheCursedMod:CleanUpWorkshop","floor":10,"key":"SMITH"},{"floor":12,"key":"REST"},{"data":"TheCursedMod:UltimatePain","floor":15,"key":"SMITH"}],"neow_cost":"NONE","seed_source_timestamp":19467571300800,"circlet_count":0,"master_deck":["TheCursedMod:CleanUpWorkshop+1","TheCursedMod:CursedSpellbook+1","TheCursedMod:CursedBoomerang","TheCursedMod:BlessingInDisguise","TheCursedMod:SpitefulPlan","TheCursedMod:CircleOfAmplification+1","TheCursedMod:CircleOfAbyss+1","TheCursedMod:OutForBlood","TheCursedMod:UltimatePain+1","TheCursedMod:StingEye","TheCursedMod:ShockAndAwe+1"],"relics":["TheCursedMod:BloodyHarpoon","Orichalcum","Strawberry","Smiling Mask","Molten Egg 2"],"potions_floor_usage":[],"damage_taken":[{"damage":8,"enemies":"Jaw Worm","floor":1,"turns":2},{"damage":2,"enemies":"2 Louse","floor":2,"turns":2},{"damage":0,"enemies":"Cultist","floor":5,"turns":2},{"damage":0,"enemies":"Lagavulin","floor":6,"turns":4},{"damage":0,"enemies":"Large Slime","floor":8,"turns":2},{"damage":0,"enemies":"2 Fungi Beasts","floor":14,"turns":2},{"damage":0,"enemies":"Slime Boss","floor":16,"turns":6}],"seed_played":"-5276483110104640374","potions_obtained":[{"floor":5,"key":"TheCursedMod:DregsPotion"},{"floor":6,"key":"LiquidMemories"},{"floor":8,"key":"ColorlessPotion"}],"is_trial":false,"path_per_floor":["M","M","?","?","M","E","R","M","T","R","?","R","?","M","R","B"],"character_chosen":"THE_CURSED","items_purchased":[],"campfire_rested":1,"item_purchase_floors":[],"current_hp_per_floor":[67,65,65,50,50,57,57,57,57,57,32,56,56,56,56,56,56],"gold":207,"neow_bonus":"RANDOM_COMMON_RELIC","is_prod":false,"is_daily":false,"chose_seed":false,"campfire_upgraded":3,"win_rate":0,"timestamp":1607608682,"path_taken":["M","M","?","?","M","E","R","M","T","R","?","R","?","M","R","BOSS"],"build_version":"2020-11-30","purchased_purges":0,"victory":false,"max_hp_per_floor":[75,75,75,75,75,82,82,82,82,82,82,82,82,82,82,82,82],"card_choices":[{"not_picked":["TheCursedMod:SpitefulPlan","TheCursedMod:Stretching","TheCursedMod:CursedAmulet"],"picked":"SKIP","floor":1},{"not_picked":["TheCursedMod:SurpriseAttack","TheCursedMod:Stigma","TheCursedMod:CircleOfFlame"],"picked":"SKIP","floor":2},{"not_picked":["TheCursedMod:SpitefulStrike","TheCursedMod:SmokeScreen"],"picked":"TheCursedMod:StingEye","floor":5},{"not_picked":["TheCursedMod:ManaBullet","TheCursedMod:CursedRelics","TheCursedMod:WearCloak"],"picked":"SKIP","floor":6},{"not_picked":["TheCursedMod:CursedAmulet","TheCursedMod:CursedMace","TheCursedMod:SurpriseAttack"],"picked":"SKIP","floor":8},{"not_picked":["TheCursedMod:RavingStaff+1","TheCursedMod:Wield+1","TheCursedMod:CursedBoomerang+1"],"picked":"SKIP","floor":14}],"player_experience":479538,"relics_obtained":[{"floor":6,"key":"Strawberry"},{"floor":9,"key":"Smiling Mask"}],"event_choices":[{"damage_healed":0,"gold_gain":0,"player_choice":"Ignored","damage_taken":0,"max_hp_gain":0,"max_hp_loss":0,"event_name":"Golden Wing","floor":3,"gold_loss":0},{"damage_healed":0,"gold_gain":0,"player_choice":"Entered Light","damage_taken":15,"max_hp_gain":0,"max_hp_loss":0,"event_name":"Shining Light","floor":4,"gold_loss":0,"cards_upgraded":["TheCursedMod:CursedSpellbook","TheCursedMod:CircleOfAbyss"]},{"damage_healed":0,"gold_gain":0,"player_choice":"Success","damage_taken":25,"relics_obtained":["Molten Egg 2"],"max_hp_gain":0,"max_hp_loss":0,"event_name":"Scrap Ooze","floor":11,"gold_loss":0},{"damage_healed":0,"gold_gain":0,"cards_transformed":["TheCursedMod:Wield"],"player_choice":"Transformed","damage_taken":0,"max_hp_gain":0,"max_hp_loss":0,"event_name":"Transmorgrifier","floor":13,"gold_loss":0,"cards_obtained":["TheCursedMod:ShockAndAwe"]}],"is_beta":false,"boss_relics":[],"items_purged_floors":[],"is_endless":false,"potions_floor_spawned":[5,6,8],"killed_by":"Slime Boss","ascension_level":5}}