{"host":"kpyf5rnb72uwap8k","time":1607578737,"event":{"gold_per_floor":[117,117,3,14,30,30,44,70,70,81,96,96,96,114,114,210,210,223,89,54,54,54,54,73,73,73],"floor_reached":25,"playtime":901,"items_purged":["Normality","Strike_R"],"score":226,"play_id":"9690efd8-e9eb-45a9-ac8a-1f0bfdc4d7ad","local_time":"20201210143857","is_ascension_mode":true,"campfire_choices":[{"data":"Pommel Strike","floor":6,"key":"SMITH"},{"floor":12,"key":"DIG"},{"floor":15,"key":"REST"},{"floor":23,"key":"REST"}],"neow_cost":"NONE","seed_source_timestamp":245356107851100,"circlet_count":0,"master_deck":["Strike_R","Strike_R","Strike_R","Defend_R","Defend_R","Defend_R","Defend_R","Bash+1","Metallicize","Dropkick","Pummel","Pommel Strike+1","Clash","Spot Weakness","Pommel Strike","Second Wind","Armaments","Barricade","Sentinel","Dark Embrace","Intimidate"],"relics":["Burning Blood","Shovel","Du-Vu Doll","Ginger","SlaversCollar"],"potions_floor_usage":[16,16],"damage_taken":[{"damage":18,"enemies":"Small Slimes","floor":1,"turns":5},{"damage":3,"enemies":"Cultist","floor":4,"turns":3},{"damage":0,"enemies":"2 Louse","floor":5,"turns":2},{"damage":11,"enemies":"Large Slime","floor":7,"turns":5},{"damage":25,"enemies":"Lagavulin","floor":8,"turns":5},{"damage":7,"enemies":"Looter","floor":10,"turns":3},{"damage":7,"enemies":"Exordium Thugs","floor":11,"turns":4},{"damage":15,"enemies":"Red Slaver","floor":14,"turns":3},{"damage":33,"enemies":"Hexaghost","floor":16,"turns":12},{"damage":56,"enemies":"3 Byrds","floor":18,"turns":8},{"damage":38,"enemies":"2 Thieves","floor":20,"turns":5},{"damage":15,"enemies":"Chosen and Byrds","floor":24,"turns":9},{"damage":52,"enemies":"3 Cultists","floor":25,"turns":5}],"seed_played":"6430756457950704913","potions_obtained":[{"floor":5,"key":"SpeedPotion"},{"floor":7,"key":"Ancient Potion"},{"floor":8,"key":"Block Potion"},{"floor":10,"key":"Regen Potion"},{"floor":18,"key":"FairyPotion"},{"floor":24,"key":"BlessingOfTheForge"}],"is_trial":false,"path_per_floor":["M","?","$","M","M","R","M","E","T","M","M","R","$","M","R","B",null,"M","$","M","?","?","R","M","M"],"character_chosen":"IRONCLAD","items_purchased":["Pummel","Dark Embrace"],"campfire_rested":2,"item_purchase_floors":[3,19],"current_hp_per_floor":[68,68,68,71,77,77,72,53,53,52,51,51,51,42,66,54,80,30,30,25,25,25,49,40,0,0],"gold":73,"neow_bonus":"UPGRADE_CARD","is_prod":false,"is_daily":false,"chose_seed":false,"campfire_upgraded":1,"win_rate":0,"timestamp":1607578737,"path_taken":["M","?","$","M","M","R","M","E","T","?","M","R","$","M","R","BOSS","M","$","M","?","?","R","M","M"],"build_version":"2020-11-30","purchased_purges":2,"victory":false,"max_hp_per_floor":[80,80,80,80,80,80,80,80,80,80,80,80,80,80,80,80,80,80,80,80,80,80,80,80,80,80],"card_choices":[{"not_picked":["Sword Boomerang","Havoc"],"picked":"Metallicize","floor":1},{"not_picked":["Inflame","Feel No Pain"],"picked":"Pommel Strike","floor":4},{"not_picked":["Clothesline","Sever Soul"],"picked":"Clash","floor":5},{"not_picked":["Impervious","Anger"],"picked":"Spot Weakness","floor":7},{"not_picked":["Iron Wave","True Grit"],"picked":"Pommel Strike","floor":8},{"not_picked":["Twin Strike","Headbutt"],"picked":"Second Wind","floor":10},{"not_picked":["Warcry","Wild Strike"],"picked":"Armaments","floor":11},{"not_picked":["Evolve","Shrug It Off"],"picked":"Barricade","floor":14},{"not_picked":["Rupture","Twin Strike"],"picked":"Sentinel","floor":18},{"not_picked":["Twin Strike","Sword Boomerang","Warcry"],"picked":"SKIP","floor":20},{"not_picked":["Heavy Blade","Twin Strike"],"picked":"Intimidate","floor":24}],"player_experience":202035,"relics_obtained":[{"floor":8,"key":"Shovel"},{"floor":9,"key":"Du-Vu Doll"},{"floor":12,"key":"Ginger"}],"event_choices":[{"damage_healed":0,"gold_gain":0,"player_choice":"2 cards matched","damage_taken":0,"max_hp_gain":0,"max_hp_loss":0,"event_name":"Match and Keep!","floor":2,"gold_loss":0,"cards_obtained":["Dropkick","Normality"]},{"cards_removed":["Strike_R"],"damage_healed":0,"gold_gain":0,"player_choice":"Elegance","damage_taken":0,"max_hp_gain":0,"max_hp_loss":0,"event_name":"Back to Basics","floor":21,"gold_loss":0},{"damage_healed":0,"gold_gain":0,"player_choice":"Ignored","damage_taken":0,"max_hp_gain":0,"max_hp_loss":0,"event_name":"Ghosts","floor":22,"gold_loss":0}],"is_beta":false,"boss_relics":[{"not_picked":["Tiny House","Coffee Dripper"],"picked":"SlaversCollar"}],"items_purged_floors":[3,19],"is_endless":false,"potions_floor_spawned":[5,7,8,10,11,18,24],"killed_by":"3 Cultists","ascension_level":2}}