{"host":"ctqfwlng7h8v2vsz","time":1607641975,"event":{"mods":["AchievementEnabler","BaseMod","BetterRewards","DeckTracker","Highlight Path","Keyboard Shortcuts","Minty Spire (QoL Compilation)","Permanent Neow","Rare Cards Sparkle","Relic Stats","Shop Mod","Spicy Shops","StSLib","SuperFastMode","everything is the same but u backflip on backflip"],"gold_per_floor":[9009,9009,9022,7982,7907,7944,7944,7969,7969,7969,7969,6496,5687,5731,5731,5805,5805,5805,5805],"floor_reached":18,"playtime":626,"items_purged":["Caltrops","Tools of the Trade","Sunder","Corpse Explosion"],"score":723,"play_id":"76ef121a-81bd-45e3-b25d-82b7017ae85a","local_time":"20201211081255","is_ascension_mode":true,"campfire_choices":[{"data":"Seek","floor":7.0,"key":"SMITH"},{"data":"ConjureBlade","floor":10.0,"key":"SMITH"},{"data":"Echo Form","floor":11.0,"key":"SMITH"},{"data":"Exhume","floor":15.0,"key":"SMITH"}],"circlet_count":0,"master_deck":["AscendersBane","Survivor","Neutralize+1","Bullet Time+1","Predator+1","Grand Finale","Outmaneuver","Escape Plan","Deflect","Seek+1","DevaForm","Echo Form+1","Deep Breath+1","InnerPeace","Tantrum","ConjureBlade+1","Well Laid Plans","Exhume+1"],"relics":["Pandora\u0027s Box","Black Star","Prayer Wheel","Prayer Wheel","Question Card","Question Card","Nloth\u0027s Gift","Nloth\u0027s Gift","Nloth\u0027s Gift","Nloth\u0027s Gift","PrismaticShard","Peace Pipe","Calipers","Coffee Dripper","Coffee Dripper","HandDrill","Whetstone","War Paint","Orrery","Bottled Lightning","CeramicFish","MealTicket","Bronze Scales","Molten Egg 2","Medical Kit","Ornamental Fan","Shuriken","Happy Flower","Letter Opener","Membership Card","Potion Belt","Turnip","Meat on the Bone","Art of War","ClockworkSouvenir","WingedGreaves","Bag of Marbles","Regal Pillow","Runic Pyramid"],"acts_visited":["Exordium","TheCity"],"potions_floor_usage":[],"damage_taken":[{"damage":14.0,"enemies":"Small Slimes","floor":1.0,"turns":3.0},{"damage":12.0,"enemies":"Jaw Worm","floor":3.0,"turns":4.0},{"damage":0.0,"enemies":"Gremlin Nob","floor":6.0,"turns":2.0},{"damage":0.0,"enemies":"3 Sentries","floor":8.0,"turns":3.0},{"damage":0.0,"enemies":"Lagavulin","floor":14.0,"turns":3.0},{"damage":0,"enemies":"Slime Boss","floor":16,"turns":4},{"damage":0,"enemies":"2 Thieves","floor":18,"turns":1}],"seed_played":"-5527487086132069718","potions_obtained":[{"floor":1.0,"key":"PowerPotion"},{"floor":6.0,"key":"Strength Potion"}],"is_trial":false,"path_per_floor":["M","?","M","$","?","E","R","E","T","R","R","$","$","E","R","B",null,"M"],"character_chosen":"THE_SILENT","items_purchased":["Deep Breath","HandDrill","Whetstone","War Paint","Orrery","SkillPotion","Medical Kit","Ornamental Fan","Shuriken","Happy Flower","Letter Opener","Block Potion","Regen Potion","Well Laid Plans","Membership Card","Potion Belt","Turnip","Meat on the Bone","Art of War","ClockworkSouvenir"],"campfire_rested":0,"item_purchase_floors":[4,4,4,4,4,4,12,12,12,12,12,12,12,12,13,13,13,13,13,13],"current_hp_per_floor":[45,45,33,33,33,33,33,33,33,33,33,48,63,66,66,66,66,66,66],"gold":5805,"neow_bonus":"BOSS_RELIC","is_daily":false,"chose_seed":false,"campfire_upgraded":4,"win_rate":0.0,"timestamp":1607641975,"path_taken":["M","?","M","$","?","E","R","E","T","R","R","$","$","E","R","BOSS","M"],"items_purchased_type":["Card","Relic","Relic","Relic","Relic","Potion","Relic","Relic","Relic","Relic","Relic","Potion","Potion","Card","Relic","Relic","Relic","Relic","Relic","Relic"],"build_version":"2020-11-30","purchased_purges":4,"victory":false,"max_hp_per_floor":[66,66,66,66,66,66,66,66,66,66,66,66,66,66,66,66,66,66,66],"relic_stats":{"Regal Pillow":0,"Happy Flower":[2],"counters":[7,20],"CeramicFish":27,"Whetstone":["Neutralize","Predator"],"Letter Opener":[10],"War Paint":["Bullet Time","Deep Breath"],"Question Card":26,"Medical Kit":[0],"Peace Pipe":0,"Ornamental Fan":[8],"Shuriken":[2],"Bronze Scales":[0],"Pandora\u0027s Box":["Tools of the Trade","A Thousand Cuts","Corpse Explosion","Bullet Time","Predator","Caltrops","Grand Finale","Outmaneuver","Escape Plan","Deflect"],"Prayer Wheel":2,"MealTicket":30,"Turnip":[0],"Black Star":3,"Nloth\u0027s Gift":132,"HandDrill":[2],"Art of War":[1],"obtain_stats":[{"Regal Pillow":14,"Calipers":0,"CeramicFish":6,"Whetstone":4,"PrismaticShard":0,"ClockworkSouvenir":13,"Prayer Wheel":0,"MealTicket":8,"WingedGreaves":0,"HandDrill":4,"Ring of the Snake":0,"Runic Pyramid":17,"Potion Belt":13,"Happy Flower":12,"Letter Opener":12,"War Paint":4,"Question Card":0,"Medical Kit":12,"Peace Pipe":0,"Ornamental Fan":12,"Shuriken":12,"Bronze Scales":8,"Orrery":4,"Pandora\u0027s Box":0,"Molten Egg 2":9,"Turnip":13,"Black Star":0,"Nloth\u0027s Gift":0,"Coffee Dripper":1,"Art of War":13,"Bag of Marbles":14,"Bottled Lightning":6,"Membership Card":13,"Meat on the Bone":13},{"Regal Pillow":5,"Calipers":0,"CeramicFish":3,"Whetstone":2,"PrismaticShard":0,"ClockworkSouvenir":4,"Prayer Wheel":0,"MealTicket":4,"WingedGreaves":0,"HandDrill":2,"Ring of the Snake":0,"Runic Pyramid":6,"Potion Belt":4,"Happy Flower":4,"Letter Opener":4,"War Paint":2,"Question Card":0,"Medical Kit":4,"Peace Pipe":0,"Ornamental Fan":4,"Shuriken":4,"Bronze Scales":4,"Orrery":2,"Pandora\u0027s Box":0,"Molten Egg 2":4,"Turnip":4,"Black Star":0,"Nloth\u0027s Gift":0,"Coffee Dripper":1,"Art of War":4,"Bag of Marbles":5,"Bottled Lightning":3,"Membership Card":4,"Meat on the Bone":4},{"Regal Pillow":15,"Calipers":0,"CeramicFish":9,"Whetstone":7,"PrismaticShard":0,"ClockworkSouvenir":12,"Prayer Wheel":0,"MealTicket":12,"WingedGreaves":0,"HandDrill":7,"Ring of the Snake":0,"Runic Pyramid":19,"Potion Belt":12,"Happy Flower":12,"Letter Opener":12,"War Paint":7,"Question Card":0,"Medical Kit":12,"Peace Pipe":0,"Ornamental Fan":12,"Shuriken":12,"Bronze Scales":12,"Orrery":7,"Pandora\u0027s Box":0,"Molten Egg 2":12,"Turnip":12,"Black Star":0,"Nloth\u0027s Gift":0,"Coffee Dripper":3,"Art of War":12,"Bag of Marbles":15,"Bottled Lightning":9,"Membership Card":12,"Meat on the Bone":12}],"Meat on the Bone":0},"card_choices":[{"not_picked":["Berserk","Multi-Cast","Scrawl","Barricade"],"picked":"Seek","floor":1.0},{"not_picked":["Venomology","Amplify","Buffer","Core Surge"],"picked":"DevaForm","floor":1.0},{"not_picked":["Vault","DevaForm","Apotheosis","Creative AI"],"picked":"Echo Form","floor":3.0},{"not_picked":["MasterReality","Meteor Strike","Phantasmal Killer","Immolate","Transmutation"],"picked":"SKIP","floor":3.0},{"not_picked":["Sword Boomerang","Fasting2","Perfected Strike","Blade Dance"],"picked":"InnerPeace","floor":4.0},{"not_picked":["Clash","Outmaneuver","Leap","Dark Embrace"],"picked":"Sunder","floor":4.0},{"not_picked":["Backstab","Dagger Spray","Intimidate","Clothesline"],"picked":"Tantrum","floor":4.0},{"not_picked":["Doppelganger","Wraith Form v2","Meteor Strike","DevaForm"],"picked":"ConjureBlade","floor":6.0},{"not_picked":["Barricade","Establishment","Limit Break","Core Surge","Thunder Strike"],"picked":"SKIP","floor":8.0},{"not_picked":["Vault","Wish","Berserk","Thunder Strike+1"],"picked":"Exhume","floor":14.0}],"player_experience":338307,"relics_obtained":[{"floor":6.0,"key":"Bottled Lightning"},{"floor":6.0,"key":"CeramicFish"},{"floor":8.0,"key":"MealTicket"},{"floor":8.0,"key":"Bronze Scales"},{"floor":9.0,"key":"Molten Egg 2"},{"floor":14.0,"key":"Bag of Marbles"},{"floor":14.0,"key":"Regal Pillow"}],"event_choices":[{"damage_healed":0.0,"max_hp_gain":0.0,"max_hp_loss":0.0,"gold_gain":0.0,"event_name":"Golden Idol","player_choice":"Ignored","floor":2.0,"gold_loss":0.0,"damage_taken":0.0},{"cards_removed":["A Thousand Cuts"],"damage_healed":0.0,"max_hp_gain":0.0,"max_hp_loss":0.0,"gold_gain":0.0,"event_name":"The Cleric","player_choice":"Card Removal","floor":5.0,"gold_loss":75.0,"damage_taken":0.0}],"is_beta":false,"boss_relics":[{"not_picked":["Ectoplasm","Runic Dome"],"picked":"Runic Pyramid"}],"items_purged_floors":[4,4,12,13],"is_endless":false,"potions_floor_spawned":[1,6],"killed_by":"2 Thieves","ascension_level":20}}