{"host":"rxlazyja0fsq2vfk","time":1607640586,"event":{"mods":["BaseMod","StSLib","Act Like it!","Minty Spire (QoL Compilation)","Disable Question Mark Monsters","AchievementEnabler","Transform Curses","Permanent Neow","egg","Colored Map","Colored Powertips","Defuse TimeMaze Blight","GifTheSpireLib","Shop Mod","BetterRewards","Quick Restart","Random Character Mod","Unknown Chances","Random Character Button","Relic Sorter","everything is the same but u backflip on backflip","Jedi Mod","Replay The Spire","The Construct","Bestiary","2.2 Compatiblity","Aspiration","Better Match","Better Sensory Stone","Better Skull","Better Third Choice","Halation","Hubris","Wandering Minibosses","vexMod","AlwaysNeverKeys"],"gold_per_floor":[112,112,124,121,121,150,221,243,243,243,50,79,79,88,88,181,181,190,202,202,127,141,165,165,165,192,192,221,221,228,251,126,121,121],"floor_reached":33,"playtime":1312,"items_purged":["Strike_R","Strike_R"],"score":707,"play_id":"0e52d297-5481-498f-8be1-147116ce37fd","local_time":"20201210174946","is_ascension_mode":true,"campfire_choices":[{"floor":10,"key":"DIG"}],"circlet_count":0,"master_deck":["AscendersBane","Strike_R","Strike_R","Strike_R","Defend_R","Defend_R","Defend_R","Defend_R","Bash","Fire Breathing","Rage","Shrug It Off","Apotheosis+1","Pommel Strike","Run Through","Cleave","jedi:forcepush","Regret","Twin Strike","Shockwave","Shame","Inflame","hubris:Sloth","Disarm"],"relics":["Burning Blood","Du-Vu Doll","Replay:Towering Pillar of Hats","Eternal Feather","Replay:Multitool","Letter Opener","Blue Doll","halation:TwoAmDonut","aspiration:ArtOfWarUpgrade","Singing Bowl","Iron Hammer","hubris:TerracottaHorce","hubris:SlimyHat","TungstenRod","Ring of Fury","hubris:BottledHeart","Red Skull","Gremlin Food","Potion Belt"],"acts_visited":["Exordium","TheCity"],"potions_floor_usage":[16,28,31],"damage_taken":[{"damage":4,"enemies":"2 Louse","floor":1,"turns":3},{"damage":0,"enemies":"Small Slimes","floor":3,"turns":3},{"damage":7,"enemies":"Jaw Worm","floor":4,"turns":5},{"damage":1,"enemies":"3 Sentries","floor":6,"turns":4},{"damage":14,"enemies":"Replay:BlueRogue","floor":8,"turns":6},{"damage":9,"enemies":"3 Sentries","floor":12,"turns":3},{"damage":70,"enemies":"Blue Slaver","floor":14,"turns":7},{"damage":17,"enemies":"Hexaghost","floor":16,"turns":7},{"damage":3,"enemies":"Chosen","floor":18,"turns":4},{"damage":10,"enemies":"2 Thieves","floor":19,"turns":4},{"damage":3,"enemies":"Centurion and Healer","floor":22,"turns":5},{"damage":30,"enemies":"Replay:Snechameleon","floor":23,"turns":5},{"damage":0,"enemies":"Slavers","floor":28,"turns":6},{"damage":0,"enemies":"Sentry and Sphere","floor":30,"turns":4},{"damage":0,"enemies":"Book of Stabbing","floor":31,"turns":5},{"damage":16,"enemies":"hubris:MusketHawk","floor":33,"turns":6}],"seed_played":"4435412239613172514","potions_obtained":[{"floor":1,"key":"Dexterity Potion"},{"floor":2,"key":"LiquidBronze"},{"floor":4,"key":"Explosive Potion"},{"floor":22,"key":"SpeedPotion"},{"floor":28,"key":"Energy Potion"}],"is_trial":false,"path_per_floor":["M","?","M","M","?","E","R","E","T","R","$","E","?","M","R","B",null,"M","M","?","$","M","E","?","?","T","$","E","R","M","E","R","B"],"character_chosen":"IRONCLAD","items_purchased":["Du-Vu Doll","Fire Breathing","Eternal Feather","Rage","Shrug It Off","Apotheosis","jedi:forcepush","Inflame"],"campfire_rested":0,"item_purchase_floors":[0,0,0,0,0,0,11,21],"current_hp_per_floor":[74,74,80,79,79,80,80,72,72,80,80,79,79,15,24,15,67,70,68,68,68,73,51,51,1,1,1,1,1,1,1,1,0,0],"gold":121,"neow_bonus":"","is_daily":false,"chose_seed":false,"campfire_upgraded":0,"win_rate":0,"timestamp":1607640586,"path_taken":["M","?","M","M","?","E","R","E","T","R","$","E","?","M","R","BOSS","M","M","?","$","M","E","?","?","T","?","E","R","M","E","R","BOSS"],"build_version":"2020-11-30","purchased_purges":2,"victory":false,"max_hp_per_floor":[80,80,80,80,80,80,80,80,80,80,80,82,82,82,82,84,84,84,86,86,86,88,90,90,1,1,1,1,1,1,1,1,1,1],"card_choices":[{"not_picked":["Second Wind","hubris:ReadiedAction"],"picked":"Pommel Strike","floor":1},{"not_picked":["Body Slam","ReplayTheSpireMod:Strike From Hell","Warcry"],"picked":"SKIP","floor":3},{"not_picked":["Armaments","Headbutt"],"picked":"Run Through","floor":4},{"not_picked":["Entrench","Rage","Thunderclap"],"picked":"SKIP","floor":6},{"not_picked":["Heavy Blade","Shrug It Off"],"picked":"Cleave","floor":8},{"not_picked":["Replay:Undeath\u0027s Touch","Warcry","Dark Embrace"],"picked":"Singing Bowl","floor":12},{"not_picked":["Rupture","Bludgeon"],"picked":"Twin Strike","floor":14},{"not_picked":["jedi:bloodyhammer","Brutality","Impervious"],"picked":"Singing Bowl","floor":16},{"not_picked":["Defy Death","Anger"],"picked":"Shockwave","floor":18},{"not_picked":["jedi:fear","Perfected Strike","Cleave"],"picked":"Singing Bowl","floor":19},{"not_picked":["Heavy Blade","Whirlwind","Run Through"],"picked":"Singing Bowl","floor":22},{"not_picked":["Flex","hubris:SharpeningStone","Armaments"],"picked":"Singing Bowl","floor":23},{"not_picked":["Clothesline","Iron Wave","Flex"],"picked":"Singing Bowl","floor":28},{"not_picked":["jedi:MakeshiftSword+1","Bloodletting","Dropkick"],"picked":"Singing Bowl","floor":30},{"not_picked":["Shrug It Off","Perfected Strike"],"picked":"Disarm","floor":31}],"player_experience":470558,"relics_obtained":[{"floor":6,"key":"Letter Opener"},{"floor":8,"key":"Blue Doll"},{"floor":9,"key":"halation:TwoAmDonut"},{"floor":10,"key":"Art of War"},{"floor":12,"key":"Singing Bowl"},{"floor":23,"key":"TungstenRod"},{"floor":24,"key":"Ring of Fury"},{"floor":26,"key":"Red Skull"},{"floor":28,"key":"Gremlin Food"},{"floor":31,"key":"Potion Belt"}],"event_choices":[{"damage_healed":0,"gold_gain":0,"player_choice":"Grow","damage_taken":0,"max_hp_gain":0,"max_hp_loss":0,"event_name":"Living Wall","floor":5,"gold_loss":0,"cards_upgraded":["Apotheosis"]},{"damage_healed":0,"gold_gain":0,"player_choice":"Box","damage_taken":0,"relics_obtained":["Iron Hammer"],"max_hp_gain":0,"max_hp_loss":0,"event_name":"Big Fish","floor":13,"gold_loss":0,"cards_obtained":["Regret"]},{"damage_healed":0,"gold_gain":0,"player_choice":"Stole Relic","damage_taken":0,"relics_obtained":["hubris:SlimyHat"],"max_hp_gain":0,"max_hp_loss":0,"event_name":"Addict","floor":20,"gold_loss":0,"cards_obtained":["Shame"]},{"damage_healed":0,"gold_gain":0,"player_choice":"2","damage_taken":0,"max_hp_gain":0,"max_hp_loss":0,"event_name":"betterMatch:BetterMatch","floor":32,"gold_loss":0,"cards_obtained":[]}],"is_beta":false,"boss_relics":[{"not_picked":["halation:Yufonium","hubris:BlackHole"],"picked":"hubris:TerracottaHorce"}],"items_purged_floors":[0,11],"is_endless":false,"potions_floor_spawned":[1,4,8,22,28,30],"killed_by":"hubris:MusketHawk","ascension_level":10}}