{"host":"vkn5295jy2rrqx8j","time":1607606128,"event":{"gold_per_floor":[218,18,28,103,117,144,144,144,193,210,227,227,247,281,281,352,352,371,16,27,27,27,27,62,62,62,62,12,26,57,69,69,69,69],"floor_reached":33,"playtime":1302,"items_purged":["Strike_G","Caltrops"],"score":550,"play_id":"57e57bd5-6fa7-44a8-9b00-538c883dea9d","local_time":"20201210221528","is_ascension_mode":true,"campfire_choices":[{"floor":7,"key":"REST"},{"data":"Malaise","floor":12,"key":"SMITH"},{"data":"Noxious Fumes","floor":15,"key":"SMITH"},{"data":"Noxious Fumes","floor":23,"key":"SMITH"},{"floor":25,"key":"REST"},{"data":"Setup","floor":27,"key":"SMITH"},{"floor":32,"key":"REST"}],"neow_cost":"NONE","seed_source_timestamp":12938839515700,"circlet_count":0,"master_deck":["AscendersBane","Strike_G","Strike_G","Defend_G","Defend_G","Defend_G","Defend_G","Defend_G","Survivor","Neutralize","All Out Attack","Caltrops","Backflip","Cloak And Dagger","Predator","Noxious Fumes+1","Malaise+1","Deadly Poison","Leg Sweep","Deflect","Well Laid Plans","Corpse Explosion","Leg Sweep+1","Noxious Fumes+1","Cloak And Dagger","Sadistic Nature","PiercingWail","Setup+1","Backflip","PiercingWail","Dodge and Roll"],"relics":["Ring of the Snake","PreservedInsect","Lantern","Mango","Velvet Choker","Membership Card","Red Mask","Molten Egg 2","Bottled Flame"],"potions_floor_usage":[14,18,24,30,33,33],"damage_taken":[{"damage":0,"enemies":"2 Louse","floor":1,"turns":4},{"damage":13,"enemies":"Jaw Worm","floor":3,"turns":6},{"damage":0,"enemies":"Small Slimes","floor":5,"turns":2},{"damage":23,"enemies":"Lagavulin","floor":6,"turns":9},{"damage":3,"enemies":"3 Louse","floor":10,"turns":3},{"damage":4,"enemies":"Blue Slaver","floor":11,"turns":4},{"damage":0,"enemies":"Exordium Wildlife","floor":13,"turns":2},{"damage":5,"enemies":"3 Sentries","floor":14,"turns":6},{"damage":3,"enemies":"Hexaghost","floor":16,"turns":9},{"damage":7,"enemies":"Spheric Guardian","floor":18,"turns":6},{"damage":0,"enemies":"2 Thieves","floor":20,"turns":3},{"damage":49,"enemies":"Masked Bandits","floor":24,"turns":6},{"damage":2,"enemies":"Snake Plant","floor":29,"turns":4},{"damage":17,"enemies":"Slavers","floor":30,"turns":4},{"damage":0,"enemies":"Chosen and Byrds","floor":31,"turns":4},{"damage":48,"enemies":"Collector","floor":33,"turns":8}],"seed_played":"6061520226867484018","potions_obtained":[{"floor":10,"key":"ColorlessPotion"},{"floor":11,"key":"Dexterity Potion"},{"floor":16,"key":"AttackPotion"},{"floor":18,"key":"CultistPotion"},{"floor":29,"key":"Dexterity Potion"},{"floor":30,"key":"BlessingOfTheForge"}],"is_trial":false,"path_per_floor":["M","$","M","?","M","E","R","?","T","M","M","R","M","E","R","B",null,"M","$","M","?","?","R","?","R","T","R","$","M","E","M","R","B"],"character_chosen":"THE_SILENT","items_purchased":["Caltrops","Backflip","Cloak And Dagger","Membership Card","Noxious Fumes","Cloak And Dagger","Sadistic Nature"],"campfire_rested":3,"item_purchase_floors":[2,2,2,19,19,19,19],"current_hp_per_floor":[59,59,46,35,35,12,31,31,31,28,24,24,24,33,33,30,68,61,61,61,61,61,61,12,36,36,36,36,34,17,17,41,0,0],"gold":69,"neow_bonus":"HUNDRED_GOLD","is_prod":false,"is_daily":false,"chose_seed":false,"campfire_upgraded":4,"win_rate":0,"timestamp":1607606128,"path_taken":["M","$","M","?","M","E","R","?","T","M","M","R","M","E","R","BOSS","M","$","M","?","?","R","?","R","T","R","?","?","E","M","R","BOSS"],"build_version":"2020-11-30","purchased_purges":2,"victory":false,"max_hp_per_floor":[66,66,66,66,66,66,66,66,66,66,66,66,66,80,80,80,80,80,80,80,80,80,80,80,80,80,80,80,80,80,80,80,80,80],"card_choices":[{"not_picked":["Sucker Punch","Dodge and Roll"],"picked":"All Out Attack","floor":1},{"not_picked":["Distraction","Reflex"],"picked":"Predator","floor":3},{"not_picked":["Endless Agony","Deflect"],"picked":"Noxious Fumes","floor":5},{"not_picked":["Backstab","Prepared"],"picked":"Malaise","floor":6},{"not_picked":["Accuracy","Dagger Spray"],"picked":"Deadly Poison","floor":10},{"not_picked":["Skewer","Caltrops"],"picked":"Leg Sweep","floor":11},{"not_picked":["Deadly Poison","Blade Dance"],"picked":"Deflect","floor":13},{"not_picked":["Calculated Gamble","Poisoned Stab"],"picked":"Well Laid Plans","floor":14},{"not_picked":["Glass Knife","Malaise"],"picked":"Corpse Explosion","floor":16},{"not_picked":["Flying Knee","Backstab"],"picked":"Leg Sweep+1","floor":18},{"not_picked":["Expertise+1","Deadly Poison"],"picked":"PiercingWail","floor":20},{"not_picked":["All Out Attack","Setup"],"picked":"PiercingWail","floor":24},{"not_picked":["Reflex","Dodge and Roll","Deadly Poison"],"picked":"SKIP","floor":29},{"not_picked":["Masterful Stab+1","Deadly Poison","Infinite Blades+1"],"picked":"SKIP","floor":30},{"not_picked":["Dodge and Roll","Setup","Dagger Spray+1"],"picked":"SKIP","floor":31},{"not_picked":["Setup","Dagger Spray+1"],"picked":"Dodge and Roll","floor":31}],"player_experience":776735,"relics_obtained":[{"floor":6,"key":"PreservedInsect"},{"floor":9,"key":"Lantern"},{"floor":14,"key":"Mango"},{"floor":24,"key":"Red Mask"},{"floor":26,"key":"Molten Egg 2"},{"floor":30,"key":"Bottled Flame"}],"event_choices":[{"damage_healed":0,"gold_gain":75,"player_choice":"Gather Gold","damage_taken":11,"max_hp_gain":0,"max_hp_loss":0,"event_name":"World of Goop","floor":4,"gold_loss":0},{"damage_healed":0,"gold_gain":0,"player_choice":"Ignored","damage_taken":0,"max_hp_gain":0,"max_hp_loss":0,"event_name":"Liars Game","floor":8,"gold_loss":0},{"damage_healed":0,"gold_gain":0,"cards_transformed":["Strike_G","Strike_G"],"player_choice":"Became Test Subject","damage_taken":0,"max_hp_gain":0,"max_hp_loss":0,"event_name":"Drug Dealer","floor":21,"gold_loss":0,"cards_obtained":["Setup","Caltrops"]},{"damage_healed":0,"gold_gain":0,"player_choice":"Read","damage_taken":0,"max_hp_gain":0,"max_hp_loss":0,"event_name":"The Library","floor":22,"gold_loss":0,"cards_obtained":["Backflip"]},{"damage_healed":0,"gold_gain":0,"player_choice":"Fought Bandits","damage_taken":0,"max_hp_gain":0,"max_hp_loss":0,"event_name":"Masked Bandits","floor":24,"gold_loss":0}],"is_beta":false,"boss_relics":[{"not_picked":["Runic Dome","Philosopher\u0027s Stone"],"picked":"Velvet Choker"}],"items_purged_floors":[19,28],"is_endless":false,"potions_floor_spawned":[10,11,16,18,29,30],"killed_by":"Collector","ascension_level":20}}