{"host":"w01zow3jg16g8jdh","time":1607607046,"event":{"gold_per_floor":[111,129,141,155,171,202,302,302,325,338,338,338,203,218,218,295,295,312,329,382,382,382,382],"floor_reached":22,"playtime":589,"items_purged":[],"score":376,"play_id":"3b636ab3-ed53-48a7-abbd-612d815c2b05","local_time":"20201210223046","is_ascension_mode":true,"campfire_choices":[{"floor":8.0,"key":"REST"},{"data":"Streamline","floor":11.0,"key":"SMITH"},{"floor":15.0,"key":"REST"}],"neow_cost":"NONE","seed_source_timestamp":27210706938500,"circlet_count":0,"master_deck":["AscendersBane","Strike_B+1","Strike_B+1","Strike_B+1","Defend_B+1","Defend_B+1","Defend_B+1","Defend_B+1","Zap","Dualcast","Hologram","Ball Lightning","Streamline+1","Hologram","Capacitor","Coolheaded","Undo","Biased Cognition","Cold Snap"],"special_seed":0,"relics":["Snecko Eye","Bronze Scales","Tiny Chest","SlaversCollar","Whetstone"],"potions_floor_usage":[],"damage_taken":[{"damage":7.0,"enemies":"Jaw Worm","floor":1.0,"turns":4.0},{"damage":0.0,"enemies":"Cultist","floor":2.0,"turns":2.0},{"damage":7.0,"enemies":"2 Louse","floor":3.0,"turns":2.0},{"damage":5.0,"enemies":"Gremlin Gang","floor":4.0,"turns":4.0},{"damage":8.0,"enemies":"Large Slime","floor":5.0,"turns":4.0},{"damage":32.0,"enemies":"Lagavulin","floor":6.0,"turns":7.0},{"damage":8.0,"enemies":"3 Louse","floor":10.0,"turns":3.0},{"damage":0.0,"enemies":"Looter","floor":14.0,"turns":2.0},{"damage":7.0,"enemies":"The Guardian","floor":16.0,"turns":11.0},{"damage":13.0,"enemies":"Spheric Guardian","floor":18.0,"turns":5.0},{"damage":34.0,"enemies":"2 Thieves","floor":19.0,"turns":4.0},{"damage":0,"enemies":"Chosen and Byrds","floor":22,"turns":2}],"seed_played":"-1169922468334300456","potions_obtained":[{"floor":2.0,"key":"DuplicationPotion"},{"floor":4.0,"key":"Dexterity Potion"},{"floor":6.0,"key":"EssenceOfSteel"},{"floor":10.0,"key":"Block Potion"}],"is_trial":false,"path_per_floor":["M","M","M","M","M","E","?","R","T","M","R","?","$","M","R","B",null,"M","M","T","?","M"],"character_chosen":"DEFECT","items_purchased":["Capacitor","Coolheaded"],"campfire_rested":2,"item_purchase_floors":[13,13],"current_hp_per_floor":[57,57,50,45,37,5,5,26,26,18,18,18,18,18,39,32,61,48,14,14,14,14,14],"gold":382,"neow_bonus":"BOSS_RELIC","is_prod":false,"is_daily":false,"chose_seed":false,"campfire_upgraded":1,"win_rate":0,"timestamp":1607607046,"path_taken":["M","M","M","M","M","E","?","R","T","?","R","?","$","M","R","BOSS","M","?","?","?","M"],"build_version":"2020-11-30","purchased_purges":0,"victory":false,"max_hp_per_floor":[71,71,71,71,71,71,71,71,71,71,71,71,71,71,71,71,71,71,71,71,71,71,71],"card_choices":[{"not_picked":["Gash","Turbo"],"picked":"Hologram","floor":1.0},{"not_picked":["Aggregate","Rebound"],"picked":"Ball Lightning","floor":2.0},{"not_picked":["Darkness","Steam Power","Tempest"],"picked":"SKIP","floor":3.0},{"not_picked":["Redo","Rip and Tear"],"picked":"Streamline","floor":4.0},{"not_picked":["Storm","Ball Lightning","Lockon"],"picked":"SKIP","floor":5.0},{"not_picked":["Chaos","Chill","Double Energy"],"picked":"SKIP","floor":6.0},{"not_picked":["Leap","Beam Cell"],"picked":"Hologram","floor":10.0},{"not_picked":["Sweeping Beam","Rebound"],"picked":"Undo","floor":14.0},{"not_picked":["Thunder Strike","Seek"],"picked":"Biased Cognition","floor":16.0},{"not_picked":["Stack","Ball Lightning","Redo"],"picked":"SKIP","floor":18.0},{"not_picked":["Coolheaded","Turbo"],"picked":"Cold Snap","floor":19.0}],"player_experience":280266,"relics_obtained":[{"floor":6.0,"key":"Bronze Scales"},{"floor":9.0,"key":"Tiny Chest"},{"floor":20.0,"key":"Whetstone"}],"event_choices":[{"damage_healed":0.0,"max_hp_gain":0.0,"max_hp_loss":0.0,"gold_gain":100.0,"event_name":"Wheel of Change","player_choice":"Gold","floor":7.0,"gold_loss":0.0,"damage_taken":0.0},{"cards_removed":["Strike_B"],"damage_healed":0.0,"max_hp_gain":0.0,"max_hp_loss":0.0,"gold_gain":0.0,"event_name":"Bonfire Elementals","player_choice":"Offered Basic","floor":12.0,"gold_loss":0.0,"damage_taken":0.0},{"damage_healed":0,"gold_gain":0,"player_choice":"Simplicity","damage_taken":0,"max_hp_gain":0,"max_hp_loss":0,"event_name":"Back to Basics","floor":21,"gold_loss":0,"cards_upgraded":["Strike_B","Defend_B","Defend_B","Defend_B","Defend_B"]}],"is_beta":false,"boss_relics":[{"not_picked":["Sozu","Calling Bell"],"picked":"SlaversCollar"}],"items_purged_floors":[],"is_endless":false,"potions_floor_spawned":[2,4,6,10,19],"killed_by":"Chosen and Byrds","ascension_level":20}}