{"host":"reretk0dz0kj8f1n","time":1607609954,"event":{"mods":["BaseMod","StSLib","Lobotomy","Minty Spire (QoL Compilation)"],"gold_per_floor":[116,291,304,155,165,193,193,221,221,221,296,311,324,354,354,452,452,469,384,384,397,60,86,98,110,167,179,179],"floor_reached":27,"playtime":813,"items_purged":["Doubt","Defend_R"],"score":311,"play_id":"97d79026-0f51-471d-a46f-c32efb903cb5","local_time":"20201210231914","is_ascension_mode":true,"campfire_choices":[{"floor":10,"key":"REST"},{"floor":15,"key":"REST"},{"data":"Berserk","floor":25,"key":"SMITH"}],"circlet_count":0,"master_deck":["Strike_R","Strike_R","Strike_R","Strike_R","Strike_R","Defend_R+1","Defend_R+1","Defend_R+1","Bash","Immolate+1","Combust","Pummel","MHz","Inflame","QueenOfHatred","Blood for Blood","Berserk+1","Rupture","Bloodbath","Offering"],"relics":["Burning Blood","CogitoBucket","RabbitCall","Smiling Mask","Gremlin Horn","Centennial Puzzle","SkinProphecy","Bottled Tornado","Coffee Dripper","War Paint","LuminousBracelet","Matryoshka","MawBank","Nilry\u0027s Codex","Boot","Dream Catcher"],"acts_visited":["Exordium","TheCity"],"potions_floor_usage":[8,8,8,14,23,23],"damage_taken":[{"damage":13,"enemies":"Jaw Worm","floor":1,"turns":3},{"damage":11,"enemies":"2 Louse","floor":3,"turns":3},{"damage":5,"enemies":"Small Slimes","floor":5,"turns":2},{"damage":33,"enemies":"3 Sentries","floor":6,"turns":5},{"damage":16,"enemies":"Lagavulin","floor":8,"turns":4},{"damage":0,"enemies":"Exordium Wildlife","floor":12,"turns":2},{"damage":7,"enemies":"2 Fungi Beasts","floor":13,"turns":3},{"damage":14,"enemies":"Gremlin Nob","floor":14,"turns":3},{"damage":47,"enemies":"The Guardian","floor":16,"turns":7},{"damage":23,"enemies":"Shell Parasite","floor":18,"turns":3},{"damage":29,"enemies":"3 Byrds","floor":21,"turns":3},{"damage":42,"enemies":"Slavers","floor":23,"turns":3},{"damage":19,"enemies":"Book of Stabbing","floor":27,"turns":2}],"seed_played":"-5182276490885069134","potions_obtained":[{"floor":3,"key":"PowerPotion"},{"floor":5,"key":"Fire Potion"},{"floor":6,"key":"PowerPotion"},{"floor":14,"key":"Fruit Juice"},{"floor":16,"key":"Fire Potion"},{"floor":18,"key":"Swift Potion"}],"is_trial":false,"path_per_floor":["M","?","M","$","M","E","?","E","T","R","?","M","M","E","R","B",null,"M","?","?","M","$","E","?","R","T","E"],"character_chosen":"IRONCLAD","items_purchased":["Immolate","Rupture","Matryoshka"],"campfire_rested":2,"item_purchase_floors":[4,22,22],"current_hp_per_floor":[73,73,68,68,69,42,26,16,16,40,29,35,30,23,49,10,91,76,76,76,66,66,35,19,19,19,0,0],"gold":179,"neow_bonus":"","is_daily":false,"chose_seed":false,"campfire_upgraded":1,"win_rate":0,"timestamp":1607609954,"path_taken":["M","?","M","$","M","E","?","E","T","R","?","M","M","E","R","BOSS","M","?","?","M","$","E","?","R","T","E"],"build_version":"2020-11-30","purchased_purges":2,"victory":false,"max_hp_per_floor":[80,80,80,80,80,80,80,80,80,80,80,80,82,89,89,91,91,93,93,93,112,112,114,114,114,114,116,116],"card_choices":[{"not_picked":["Yin","Wellcheers","ShyLook"],"picked":"Singing Bowl","floor":1},{"not_picked":["Dropkick","True Grit","Iron Wave"],"picked":"SKIP","floor":1},{"not_picked":["Murderer","NakedNest","DreamingCurrent"],"picked":"Singing Bowl","floor":3},{"not_picked":["Perfected Strike","Body Slam","Havoc"],"picked":"SKIP","floor":3},{"not_picked":["FairyFestival","UniverseFragment","SpiderBud"],"picked":"Singing Bowl","floor":5},{"not_picked":["Shockwave","True Grit"],"picked":"Combust","floor":5},{"not_picked":["Bloodbath","LittleHelper","BodiesMountain"],"picked":"Singing Bowl","floor":6},{"not_picked":["Perfected Strike","Rage"],"picked":"Pummel","floor":6},{"not_picked":["ShyLook","BigBird","Mercenary"],"picked":"Singing Bowl","floor":8},{"not_picked":["OldLady","PunishingBird"],"picked":"MHz","floor":8},{"not_picked":["Rampage","Clothesline"],"picked":"Inflame","floor":8},{"not_picked":["SingingMachine","ShyLook","Murderer"],"picked":"Singing Bowl","floor":12},{"not_picked":["Cleave","True Grit","Sword Boomerang"],"picked":"SKIP","floor":12},{"not_picked":["Mercenary","BigBadWolf","Scarecrow"],"picked":"Singing Bowl","floor":13},{"not_picked":["Entrench","Iron Wave","Blood for Blood"],"picked":"SKIP","floor":13},{"not_picked":["Wellcheers","Scorched","BeautyBeast"],"picked":"Singing Bowl","floor":14},{"not_picked":["PunishingBird","Murderer"],"picked":"QueenOfHatred","floor":14},{"not_picked":["Body Slam","Battle Trance"],"picked":"Blood for Blood","floor":14},{"not_picked":["LongBird","HeroicMonk","OldLady"],"picked":"Singing Bowl","floor":16},{"not_picked":["Limit Break","Offering"],"picked":"Berserk","floor":16},{"not_picked":["DespairKnight","RedShoes","BeautyBeast"],"picked":"Singing Bowl","floor":18},{"not_picked":["Cleave","Shrug It Off+1","Flex"],"picked":"SKIP","floor":18},{"not_picked":["Scorched","LittleHelper","Rudolta"],"picked":"Singing Bowl","floor":21},{"not_picked":["Shrug It Off","Armaments","Burning Pact"],"picked":"SKIP","floor":21},{"not_picked":["GalaxyChild","DespairKnight","SpiderBud"],"picked":"Singing Bowl","floor":23},{"not_picked":["NothingThere","QueenBee"],"picked":"Bloodbath","floor":23},{"not_picked":["Rage","Dropkick"],"picked":"Offering","floor":23}],"player_experience":194826,"relics_obtained":[{"floor":6,"key":"Smiling Mask"},{"floor":8,"key":"Gremlin Horn"},{"floor":9,"key":"Centennial Puzzle"},{"floor":14,"key":"Bottled Tornado"},{"floor":23,"key":"MawBank"},{"floor":24,"key":"Nilry\u0027s Codex"},{"floor":26,"key":"Boot"},{"floor":26,"key":"Dream Catcher"}],"event_choices":[{"damage_healed":0,"gold_gain":175,"player_choice":"AGREE","damage_taken":0,"max_hp_gain":0,"max_hp_loss":0,"event_name":"Liars Game","floor":2,"gold_loss":0,"cards_obtained":["Doubt"]},{"damage_healed":0,"gold_gain":0,"player_choice":"Entered Light","damage_taken":16,"max_hp_gain":0,"max_hp_loss":0,"event_name":"Shining Light","floor":7,"gold_loss":0,"cards_upgraded":["Immolate","Defend_R"]},{"damage_healed":0,"gold_gain":75,"player_choice":"Gather Gold","damage_taken":11,"max_hp_gain":0,"max_hp_loss":0,"event_name":"World of Goop","floor":11,"gold_loss":0},{"damage_healed":0,"gold_gain":0,"player_choice":"Obtained Relic","damage_taken":0,"relics_obtained":["War Paint"],"max_hp_gain":0,"max_hp_loss":0,"event_name":"Addict","floor":19,"gold_loss":85},{"damage_healed":0,"gold_gain":0,"player_choice":"Ignored","damage_taken":0,"max_hp_gain":0,"max_hp_loss":0,"event_name":"Ghosts","floor":20,"gold_loss":0},{"damage_healed":0,"gold_gain":0,"player_choice":"Obtained Book","damage_taken":16,"max_hp_gain":0,"max_hp_loss":0,"event_name":"Cursed Tome","floor":24,"gold_loss":0}],"is_beta":false,"boss_relics":[{"not_picked":["SacredBark","Pandora\u0027s Box"],"picked":"Coffee Dripper"}],"items_purged_floors":[4,22],"is_endless":false,"potions_floor_spawned":[3,5,6,14,16,18],"killed_by":"Book of Stabbing","ascension_level":1}}