{"host":"p7j7o00jacnw7qzt","time":1607575464,"event":{"gold_per_floor":[111,111,123,147,234,246,286,298,387,399,428,440,477,89,89,171,252,269,290,290,290,290,325,325,364,364,399,399,428,442,464,464,547,556,566,566,310,327,343,375,394,407,407,444,444,459,459,500,500,500,500,500,500,137,174,174],"floor_reached":57,"playtime":3262,"items_purged":["Strike_G","Dodge and Roll","Riddle With Holes"],"score":3091,"play_id":"52802235-8a65-41d0-9d26-fd7ea83aae21","local_time":"20201209234424","is_ascension_mode":true,"campfire_choices":[{"data":"Bouncing Flask","floor":6.0,"key":"SMITH"},{"data":"Blade Dance","floor":12.0,"key":"SMITH"},{"data":"Acrobatics","floor":15.0,"key":"SMITH"},{"data":"Catalyst","floor":24.0,"key":"SMITH"},{"data":"Wraith Form v2","floor":28.0,"key":"SMITH"},{"data":"Envenom","floor":32.0,"key":"SMITH"},{"floor":47.0,"key":"RECALL"},{"data":"Catalyst","floor":49.0,"key":"SMITH"},{"data":"Night Terror","floor":53,"key":"SMITH"}],"neow_cost":"NONE","seed_source_timestamp":2160788292203600,"circlet_count":0,"master_deck":["AscendersBane","Survivor","Neutralize+1","Bouncing Flask+1","Acrobatics","Blade Dance+1","Footwork","Acrobatics+1","Corpse Explosion","Wraith Form v2+1","PiercingWail","Catalyst+1","Wraith Form v2","Dash","Prepared+1","Backflip","Envenom+1","Accuracy","Night Terror+1","CurseOfTheBell","Adrenaline","Well Laid Plans+1","Catalyst+1","Doppelganger","Thinking Ahead","Concentrate"],"special_seed":0,"relics":["Ring of the Snake","NeowsBlessing","MawBank","Paper Crane","Sundial","CeramicFish","TheAbacus","Snake Skull","Pandora\u0027s Box","Blood Vial","Shuriken","Mummified Hand","Ancient Tea Set","Calling Bell","MealTicket","Ornamental Fan","FossilizedHelix","Gremlin Horn","White Beast Statue","Ninja Scroll","Membership Card","Boot"],"potions_floor_usage":[],"damage_taken":[{"damage":0.0,"enemies":"Jaw Worm","floor":1.0,"turns":1.0},{"damage":0.0,"enemies":"2 Louse","floor":4.0,"turns":1.0},{"damage":0.0,"enemies":"Lagavulin","floor":7.0,"turns":1.0},{"damage":1.0,"enemies":"Cultist","floor":11.0,"turns":4.0},{"damage":11.0,"enemies":"Gremlin Nob","floor":13.0,"turns":3.0},{"damage":6.0,"enemies":"The Guardian","floor":16.0,"turns":7.0},{"damage":1.0,"enemies":"3 Byrds","floor":18.0,"turns":3.0},{"damage":1.0,"enemies":"Spheric Guardian","floor":19.0,"turns":3.0},{"damage":9.0,"enemies":"Slavers","floor":23.0,"turns":5.0},{"damage":0.0,"enemies":"Gremlin Leader","floor":25.0,"turns":5.0},{"damage":14.0,"enemies":"Book of Stabbing","floor":27.0,"turns":4.0},{"damage":0.0,"enemies":"Cultist and Chosen","floor":29.0,"turns":3.0},{"damage":9.0,"enemies":"Shelled Parasite and Fungi","floor":30.0,"turns":3.0},{"damage":0.0,"enemies":"3 Cultists","floor":31.0,"turns":3.0},{"damage":4.0,"enemies":"Automaton","floor":33.0,"turns":6.0},{"damage":0.0,"enemies":"Orb Walker","floor":35.0,"turns":3.0},{"damage":0.0,"enemies":"3 Shapes","floor":38.0,"turns":4.0},{"damage":2.0,"enemies":"Jaw Worm Horde","floor":39.0,"turns":4.0},{"damage":0.0,"enemies":"Giant Head","floor":40.0,"turns":3.0},{"damage":3.0,"enemies":"Writhing Mass","floor":41.0,"turns":4.0},{"damage":1.0,"enemies":"Spire Growth","floor":42.0,"turns":4.0},{"damage":3.0,"enemies":"Reptomancer","floor":44.0,"turns":6.0},{"damage":9.0,"enemies":"Sphere and 2 Shapes","floor":46.0,"turns":4.0},{"damage":8.0,"enemies":"Nemesis","floor":48.0,"turns":3.0},{"damage":12,"enemies":"Time Eater","floor":50,"turns":4},{"damage":14,"enemies":"Donu and Deca","floor":51,"turns":4},{"damage":0,"enemies":"Shield and Spear","floor":55,"turns":3},{"damage":66,"enemies":"The Heart","floor":56,"turns":5}],"seed_played":"5130144119538887419","potions_obtained":[{"floor":1.0,"key":"SmokeBomb"},{"floor":7.0,"key":"SteroidPotion"},{"floor":16.0,"key":"CunningPotion"},{"floor":23.0,"key":"CultistPotion"},{"floor":25.0,"key":"Regen Potion"},{"floor":29.0,"key":"PowerPotion"},{"floor":31.0,"key":"Block Potion"},{"floor":41.0,"key":"Energy Potion"},{"floor":44.0,"key":"Ancient Potion"}],"is_trial":false,"path_per_floor":["M","?","?","M","?","R","E","?","T","?","M","R","E","$","R","B",null,"M","M","?","?","?","E","R","E","T","E","R","M","M","M","R","B",null,"M","?","$","M","M","E","M","M","T","E","?","M","R","E","R","B","B",null,"R","$","E","B",null],"character_chosen":"THE_SILENT","items_purchased":["TheAbacus","Snake Skull","Adrenaline","Membership Card","GamblersBrew","Thinking Ahead"],"campfire_rested":0,"item_purchase_floors":[14,14,37,54,54,54],"current_hp_per_floor":[59,33,33,33,22,22,22,22,22,22,21,21,10,10,10,4,51,50,49,49,31,31,24,24,26,26,28,28,30,23,25,25,23,59,61,61,71,71,69,71,68,69,69,68,68,61,61,55,55,45,33,62,62,71,71,5],"gold":174,"neow_bonus":"THREE_ENEMY_KILL","is_prod":false,"is_daily":false,"chose_seed":false,"campfire_upgraded":8,"win_rate":0,"timestamp":1607575464,"path_taken":["M","?","?","?","?","R","E","?","T","?","?","R","E","?","R","BOSS","M","?","?","?","?","E","R","E","T","E","R","?","M","M","R","BOSS","M","?","$","M","M","E","?","M","T","E","?","M","R","E","R","BOSS","BOSS","R","$","E","BOSS"],"build_version":"2020-11-30","purchased_purges":3,"victory":true,"max_hp_per_floor":[66,66,66,66,66,66,66,66,66,66,66,66,66,66,66,66,66,66,66,66,71,71,71,71,71,71,71,71,71,71,71,71,71,71,71,71,71,71,71,71,71,71,71,71,71,71,71,71,71,71,71,71,71,71,71,71],"relic_stats":{"Gremlin Horn":[7,7],"counters":[28,103],"CeramicFish":198,"Snake Skull":[211],"MawBank":144,"Boot":[3],"Blood Vial":30,"TheAbacus":[186],"Sundial":[20],"Shuriken":[18],"Mummified Hand":[115],"Ornamental Fan":[40],"Pandora\u0027s Box":["Wraith Form v2","PiercingWail","Dagger Throw","Riddle With Holes","Dodge and Roll","Catalyst","Wraith Form v2","Reflex","Dash"],"MealTicket":19,"obtain_stats":[{"NeowsBlessing":0,"Gremlin Horn":40,"CeramicFish":13,"Snake Skull":14,"Paper Crane":7,"MawBank":2,"Ancient Tea Set":27,"Boot":55,"White Beast Statue":43,"Blood Vial":22,"Calling Bell":34,"TheAbacus":14,"Sundial":9,"Shuriken":23,"Mummified Hand":25,"Ornamental Fan":34,"Ninja Scroll":48,"Pandora\u0027s Box":17,"MealTicket":34,"Membership Card":54,"FossilizedHelix":34,"Ring of the Snake":0},{"NeowsBlessing":0,"Gremlin Horn":19,"CeramicFish":5,"Snake Skull":5,"Paper Crane":3,"MawBank":1,"Ancient Tea Set":11,"Boot":27,"White Beast Statue":21,"Blood Vial":8,"Calling Bell":15,"TheAbacus":5,"Sundial":3,"Shuriken":9,"Mummified Hand":10,"Ornamental Fan":15,"Ninja Scroll":24,"Pandora\u0027s Box":6,"MealTicket":15,"Membership Card":26,"FossilizedHelix":15,"Ring of the Snake":0},{"NeowsBlessing":0,"Gremlin Horn":66,"CeramicFish":10,"Snake Skull":10,"Paper Crane":3,"MawBank":1,"Ancient Tea Set":37,"Boot":98,"White Beast Statue":74,"Blood Vial":23,"Calling Bell":52,"TheAbacus":10,"Sundial":3,"Shuriken":28,"Mummified Hand":33,"Ornamental Fan":52,"Ninja Scroll":87,"Pandora\u0027s Box":17,"MealTicket":52,"Membership Card":95,"FossilizedHelix":52,"Ring of the Snake":0}],"Ring of the Snake":[56]},"card_choices":[{"not_picked":["Backflip","Deflect"],"picked":"Bouncing Flask","floor":1.0},{"not_picked":["Terror","Slice"],"picked":"Acrobatics","floor":4.0},{"not_picked":["Blur","Quick Slash"],"picked":"Blade Dance","floor":7.0},{"not_picked":["Cloak And Dagger","Leg Sweep"],"picked":"Acrobatics","floor":11.0},{"not_picked":["Skewer","Underhanded Strike","Acrobatics"],"picked":"SKIP","floor":13.0},{"not_picked":["Phantasmal Killer","Bullet Time"],"picked":"Corpse Explosion","floor":16.0},{"not_picked":["Endless Agony","Dash","Quick Slash"],"picked":"SKIP","floor":18.0},{"not_picked":["Noxious Fumes","Accuracy"],"picked":"Prepared+1","floor":19.0},{"not_picked":["Distraction","Skewer","Underhanded Strike+1"],"picked":"SKIP","floor":23.0},{"not_picked":["Reflex","Acrobatics"],"picked":"Backflip","floor":25.0},{"not_picked":["Flying Knee","Eviscerate","Expertise+1"],"picked":"SKIP","floor":27.0},{"not_picked":["Dagger Throw","All Out Attack+1"],"picked":"Envenom","floor":29.0},{"not_picked":["Cloak And Dagger","Deflect","Blade Dance"],"picked":"SKIP","floor":30.0},{"not_picked":["Acrobatics","Distraction"],"picked":"Accuracy","floor":31.0},{"not_picked":["Malaise","Storm of Steel"],"picked":"Night Terror","floor":33.0},{"not_picked":["Dash+1","Poisoned Stab+1","Dagger Spray+1"],"picked":"SKIP","floor":35.0},{"not_picked":["Poisoned Stab","Terror","Leg Sweep"],"picked":"SKIP","floor":38.0},{"not_picked":["Deadly Poison+1","Finisher","Blur+1"],"picked":"SKIP","floor":39.0},{"not_picked":["Predator","Outmaneuver","PiercingWail+1"],"picked":"SKIP","floor":40.0},{"not_picked":["Quick Slash","Flying Knee"],"picked":"Well Laid Plans+1","floor":41.0},{"not_picked":["Blade Dance","Slice","Predator"],"picked":"SKIP","floor":42.0},{"not_picked":["All Out Attack","Cloak And Dagger"],"picked":"Catalyst","floor":44.0},{"not_picked":["Finisher+1","Terror+1","Dagger Throw"],"picked":"SKIP","floor":46.0},{"not_picked":["Slice","Escape Plan"],"picked":"Doppelganger","floor":48.0},{"not_picked":["Choke","Backflip"],"picked":"Concentrate","floor":55}],"player_experience":721809,"relics_obtained":[{"floor":7.0,"key":"Paper Crane"},{"floor":9.0,"key":"Sundial"},{"floor":13.0,"key":"CeramicFish"},{"floor":23.0,"key":"Shuriken"},{"floor":25.0,"key":"Mummified Hand"},{"floor":27.0,"key":"Ancient Tea Set"},{"floor":34.0,"key":"MealTicket"},{"floor":34.0,"key":"Ornamental Fan"},{"floor":34.0,"key":"FossilizedHelix"},{"floor":40.0,"key":"Gremlin Horn"},{"floor":43.0,"key":"White Beast Statue"},{"floor":48.0,"key":"Ninja Scroll"},{"floor":55,"key":"Boot"}],"event_choices":[{"damage_healed":0.0,"max_hp_gain":0.0,"max_hp_loss":0.0,"gold_gain":0.0,"event_name":"Scrap Ooze","player_choice":"Success","floor":2.0,"gold_loss":0.0,"damage_taken":26.0,"relics_obtained":["MawBank"]},{"damage_healed":0.0,"max_hp_gain":0.0,"max_hp_loss":0.0,"gold_gain":0.0,"event_name":"Accursed Blacksmith","player_choice":"Forge","floor":3.0,"gold_loss":0.0,"damage_taken":0.0,"cards_upgraded":["Neutralize"]},{"damage_healed":0.0,"max_hp_gain":0.0,"max_hp_loss":0.0,"gold_gain":75.0,"event_name":"World of Goop","player_choice":"Gather Gold","floor":5.0,"gold_loss":0.0,"damage_taken":11.0},{"damage_healed":0.0,"max_hp_gain":0.0,"max_hp_loss":0.0,"gold_gain":0.0,"event_name":"Liars Game","player_choice":"Ignored","floor":8.0,"gold_loss":0.0,"damage_taken":0.0},{"damage_healed":0.0,"max_hp_gain":0.0,"max_hp_loss":0.0,"gold_gain":0.0,"event_name":"Match and Keep!","player_choice":"1 cards matched","floor":10.0,"gold_loss":0.0,"damage_taken":0.0,"cards_obtained":["Footwork"]},{"damage_healed":0.0,"max_hp_gain":0.0,"max_hp_loss":0.0,"gold_gain":0.0,"event_name":"Ghosts","player_choice":"Ignored","floor":20.0,"gold_loss":0.0,"damage_taken":0.0},{"damage_healed":0.0,"max_hp_gain":5.0,"max_hp_loss":0.0,"gold_gain":0.0,"event_name":"Forgotten Altar","player_choice":"Shed Blood","floor":21.0,"gold_loss":0.0,"damage_taken":23.0},{"cards_removed":["Reflex"],"damage_healed":0.0,"max_hp_gain":0.0,"max_hp_loss":0.0,"gold_gain":0.0,"event_name":"WeMeetAgain","player_choice":"Gave Card","floor":22.0,"gold_loss":0.0,"damage_taken":0.0,"relics_obtained":["Blood Vial"]},{"cards_removed":["Dagger Throw"],"damage_healed":0.0,"max_hp_gain":0.0,"max_hp_loss":0.0,"gold_gain":0.0,"event_name":"Purifier","player_choice":"Purged","floor":36.0,"gold_loss":0.0,"damage_taken":0.0},{"damage_healed":0.0,"max_hp_gain":0.0,"max_hp_loss":0.0,"gold_gain":0.0,"event_name":"Tomb of Lord Red Mask","player_choice":"Ignored","floor":45.0,"gold_loss":0.0,"damage_taken":0.0}],"is_beta":false,"boss_relics":[{"not_picked":["Fusion Hammer","HoveringKite"],"picked":"Pandora\u0027s Box"},{"not_picked":["Tiny House","Runic Pyramid"],"picked":"Calling Bell"}],"items_purged_floors":[14,37,54],"is_endless":false,"potions_floor_spawned":[1,7,16,23,25,29,31,33,41,42,44,46,48,55],"ascension_level":20}}