{"host":"p5nht1vx148lgsp8","time":1607582003,"event":{"gold_per_floor":[112,126,57,132,132,160,160,175,175,207,221,221,240,84,84,181,181,195,210,210,228,228,228,285,297,309,321,367,379,452,497,509,637,649,705,717,729,741,48,48,70,70,93,139,197,270,270,328,328,358,358],"floor_reached":50,"playtime":2790,"items_purged":["Defend_S","Strike_S","Strike_S"],"score":730,"play_id":"21bcc09a-f917-41ba-8a1f-7c9ceeb90153","local_time":"20201209223323","is_ascension_mode":true,"campfire_choices":[{"floor":12,"key":"REST"},{"floor":15,"key":"REST"},{"data":"Sunlight","floor":23,"key":"SMITH"},{"floor":25,"key":"REST"},{"data":"SilverBlades","floor":27,"key":"SMITH"},{"floor":32,"key":"REST"},{"data":"TheWorld","floor":40,"key":"SMITH"},{"data":"Rearm","floor":49,"key":"SMITH"}],"neow_cost":"BASIC_CARDS","seed_source_timestamp":124611270202200,"circlet_count":0,"master_deck":["Strike_S","Defend_S","Defend_S","Defend_S","KidneyShot","Exchange","Panache","Moonlight","GearUp+1","Rearm+1","Sabotage","BottledTime","Moondial","Sunlight","TheWorld+1","TheWorld","Sunlight+1","CurseOfTheBell","SilverBlades+1","BestPractice+1","Comet","Starlight","Ricochet","KillingDoll+1","Rearm+1","Solidify+1","Dilation+1","Reset+1","BottledTime+1","InstantArmor+1"],"relics":["Uniform","Shuriken","Ornamental Fan","Bronze Scales","Calling Bell","Art of War","infinitespire:Eraser","Mango","Replay:Bandana","MawBank","Toxic Egg 2","Golden Egg","SlaversCollar","Garlic","Bag of Marbles","White Beast Statue","Toy Ornithopter","Smiling Mask","Gambling Chip","PocketWatch"],"potions_floor_usage":[6,8,11,11,16,16,24,28,31,33,44,44,46,48,48,50,50],"damage_taken":[{"damage":0,"enemies":"2 Louse","floor":1,"turns":3},{"damage":4,"enemies":"Cultist","floor":2,"turns":4},{"damage":20,"enemies":"3 Sentries","floor":6,"turns":11},{"damage":1,"enemies":"Jaw Worm","floor":8,"turns":4},{"damage":8,"enemies":"Replay:BlueRogue","floor":10,"turns":4},{"damage":6,"enemies":"Red Slaver","floor":11,"turns":1},{"damage":2,"enemies":"Looter","floor":13,"turns":3},{"damage":0,"enemies":"Hexaghost","floor":16,"turns":8},{"damage":10,"enemies":"2 Thieves","floor":18,"turns":3},{"damage":11,"enemies":"3 Byrds","floor":19,"turns":3},{"damage":0,"enemies":"3 Cultists","floor":21,"turns":1},{"damage":23,"enemies":"Slavers","floor":24,"turns":4},{"damage":6,"enemies":"Snake Plant","floor":28,"turns":4},{"damage":1,"enemies":"Gremlin Leader","floor":30,"turns":4},{"damage":13,"enemies":"Shelled Parasite and Fungi","floor":31,"turns":3},{"damage":27,"enemies":"Champ","floor":33,"turns":8},{"damage":25,"enemies":"3 Darklings","floor":35,"turns":3},{"damage":6,"enemies":"3 Shapes","floor":41,"turns":2},{"damage":0,"enemies":"R_Hoarder","floor":44,"turns":5},{"damage":0,"enemies":"Sphere and 2 Shapes","floor":45,"turns":2},{"damage":0,"enemies":"Nemesis","floor":46,"turns":3},{"damage":0,"enemies":"Mind Bloom Boss Battle","floor":48,"turns":4},{"damage":80,"enemies":"infinitespire:MassOfShapes","floor":50,"turns":5}],"seed_played":"-8563264679937007494","potions_obtained":[{"floor":2,"key":"DuplicationPotion"},{"floor":7,"key":"Guardian:BlockOnCardUsePotion"},{"floor":7,"key":"AttackPotion"},{"floor":7,"key":"SneckoOil"},{"floor":10,"key":"ColorlessPotion"},{"floor":13,"key":"EssenceOfSteel"},{"floor":18,"key":"Guardian:BlockOnCardUsePotion"},{"floor":21,"key":"sneckomod:MuddlingPotion"},{"floor":30,"key":"ColorlessPotion"},{"floor":33,"key":"FearPotion"},{"floor":35,"key":"Block Potion"},{"floor":41,"key":"CultistPotion"},{"floor":44,"key":"Swift Potion"},{"floor":45,"key":"hexamod:EctoCoolerPotion"},{"floor":46,"key":"Reflective Coating"},{"floor":48,"key":"ColorlessPotion"}],"is_trial":false,"path_per_floor":["M","M","$","?","?","E","?","M","T","E","M","R","M","$","R","B",null,"M","M","AVR","M","?","R","E","R","T","R","M","?","E","M","R","B",null,"M","?","AVR","?","$","R","M","?","T","E","M","E","?","?","R","B"],"character_chosen":"THE_SERVANT","items_purchased":["GearUp","TheWorld","PowerPotion","Bag of Marbles","White Beast Statue","Solidify+1","Dilation+1"],"campfire_rested":4,"item_purchase_floors":[3,14,14,39,39,39,39],"current_hp_per_floor":[65,61,61,50,50,30,30,29,29,21,15,34,32,32,51,51,79,69,58,58,58,58,58,35,58,58,58,52,52,51,38,61,34,79,54,54,54,54,54,54,48,48,48,58,58,63,63,73,73,0,0],"gold":358,"neow_bonus":"RANDOM_COLORLESS_2","is_prod":false,"is_daily":false,"chose_seed":false,"campfire_upgraded":4,"win_rate":0,"timestamp":1607582003,"path_taken":["M","M","$","?","?","E","?","?","T","E","M","R","M","$","R","BOSS","M","M","AVR","M","?","R","E","R","T","R","?","?","E","M","R","BOSS","M","?","AVR","?","$","R","M","?","T","E","?","E","?","?","R","BOSS"],"build_version":"2020-11-30","purchased_purges":3,"victory":false,"max_hp_per_floor":[65,65,65,65,65,65,65,65,65,65,65,65,65,65,65,65,79,79,79,79,79,79,79,79,79,79,79,79,79,79,79,79,79,79,79,75,75,75,75,75,75,75,75,75,75,75,75,75,75,75,75],"card_choices":[{"not_picked":["Transmutation","Thinking Ahead"],"picked":"Panache","floor":0},{"not_picked":["ReturningBlade","Rewind","Advance"],"picked":"SKIP","floor":1},{"not_picked":["Rearm","Potential"],"picked":"Moonlight","floor":2},{"not_picked":["Defy","Potential"],"picked":"Rearm","floor":6},{"not_picked":["Barrier","Defy"],"picked":"Sabotage","floor":8},{"not_picked":["TimeTheft","Alleviate"],"picked":"BottledTime","floor":10},{"not_picked":["Shuttle","Replace"],"picked":"Moondial","floor":11},{"not_picked":["ShatteredReality","FastForward"],"picked":"Sunlight","floor":13},{"not_picked":["LightFlow","SoulSculpture"],"picked":"Sunlight","floor":16},{"not_picked":["Moonlight","Barrier"],"picked":"SilverBlades","floor":18},{"not_picked":["Potential","DoubleEdge"],"picked":"BestPractice+1","floor":19},{"not_picked":["ShatteredReality","Rearm","SpecialFormula"],"picked":"SKIP","floor":21},{"not_picked":["DoubleEdge","ShatteredReality"],"picked":"Starlight","floor":24},{"not_picked":["Starlight","Rewind+1","Unruled"],"picked":"SKIP","floor":28},{"not_picked":["Unruled","Collapse"],"picked":"Ricochet","floor":30},{"not_picked":["TimeWarp","TimeTheft+1","Starlight"],"picked":"SKIP","floor":31},{"not_picked":["Initiator","FloweringNight"],"picked":"KillingDoll","floor":33},{"not_picked":["TimeWarp+1","Alleviate+1"],"picked":"Rearm+1","floor":35},{"not_picked":["DoubleEdge","Revamp+1","Ricochet+1"],"picked":"SKIP","floor":41},{"not_picked":["Spin+1","FastForward+1","Gouge"],"picked":"SKIP","floor":44},{"not_picked":["Potential+1","Unruled"],"picked":"BottledTime+1","floor":45},{"not_picked":["Dilation+1","Foresight+1","Sabotage"],"picked":"SKIP","floor":46},{"not_picked":["Deadline+1","Luminosity"],"picked":"InstantArmor+1","floor":48}],"player_experience":170864,"relics_obtained":[{"floor":6,"key":"Shuriken"},{"floor":9,"key":"Ornamental Fan"},{"floor":10,"key":"Bronze Scales"},{"floor":17,"key":"Art of War"},{"floor":17,"key":"infinitespire:Eraser"},{"floor":17,"key":"Mango"},{"floor":24,"key":"MawBank"},{"floor":26,"key":"Toxic Egg 2"},{"floor":30,"key":"Golden Egg"},{"floor":43,"key":"Toy Ornithopter"},{"floor":44,"key":"Smiling Mask"},{"floor":46,"key":"Gambling Chip"},{"floor":48,"key":"PocketWatch"}],"event_choices":[{"damage_healed":0,"gold_gain":75,"player_choice":"Gold","damage_taken":11,"max_hp_gain":0,"max_hp_loss":0,"event_name":"betterThird:BetterGoop","floor":4,"gold_loss":0},{"damage_healed":0,"gold_gain":0,"player_choice":"Got Potions","damage_taken":0,"max_hp_gain":0,"max_hp_loss":0,"event_name":"Lab","floor":7,"gold_loss":0},{"damage_healed":0,"gold_gain":0,"cards_transformed":["Slimebound:Defend_Slimebound"],"player_choice":"Transformed","damage_taken":0,"max_hp_gain":0,"max_hp_loss":0,"event_name":"Transmorgrifier","floor":22,"gold_loss":0,"cards_obtained":["Comet"]},{"cards_removed":["Strike_S"],"damage_healed":0,"gold_gain":0,"player_choice":"Purged","damage_taken":0,"max_hp_gain":0,"max_hp_loss":0,"event_name":"Purifier","floor":29,"gold_loss":0},{"damage_healed":0,"gold_gain":0,"player_choice":"Max HP","damage_taken":0,"max_hp_gain":0,"max_hp_loss":4,"event_name":"Winding Halls","floor":36,"gold_loss":0},{"damage_healed":0,"gold_gain":0,"cards_transformed":["PrismaMod:IllyaCommonAttack"],"player_choice":"Transformed","damage_taken":0,"max_hp_gain":0,"max_hp_loss":0,"event_name":"Transmorgrifier","floor":42,"gold_loss":0,"cards_obtained":["Reset"]},{"damage_healed":0,"gold_gain":0,"player_choice":"2","damage_taken":0,"max_hp_gain":0,"max_hp_loss":0,"event_name":"betterMatch:BetterMatch","floor":47,"gold_loss":0,"cards_obtained":[]},{"damage_healed":0,"gold_gain":0,"player_choice":"Fight","damage_taken":0,"max_hp_gain":0,"max_hp_loss":0,"event_name":"MindBloom","floor":48,"gold_loss":0}],"is_beta":false,"boss_relics":[{"not_picked":["Kintsugi","SacredBark"],"picked":"Calling Bell"},{"not_picked":["Painkiller Herb","Pandora\u0027s Box"],"picked":"SlaversCollar"}],"items_purged_floors":[20,37,39],"is_endless":false,"potions_floor_spawned":[2,10,13,18,21,30,33,35,41,44,45,46,48],"killed_by":"infinitespire:MassOfShapes","ascension_level":1}}