{"host":"hc8xbdd8p6sd75vx","time":1607584774,"event":{"gold_per_floor":[110,122,122,122,82,116,116,116,143,159,159,225,260,279,279,403,403,426,416,63,83,83],"floor_reached":21,"playtime":699,"items_purged":["Pain","Regret"],"score":233,"play_id":"4f1fec66-cdb1-4f59-802f-7e7f67622175","local_time":"20201209231934","is_ascension_mode":true,"campfire_choices":[{"data":"Rampage","floor":8,"key":"SMITH"},{"floor":15,"key":"REST"}],"neow_cost":"NONE","seed_source_timestamp":19216151342800,"circlet_count":0,"master_deck":["Strike_R","Strike_R","Strike_R","Strike_R","Strike_R","Defend_R","Defend_R","Defend_R","Defend_R","Bash","Rampage+1","Wild Strike","Cleave","Iron Wave","Burn","Rage","Rampage","Heavy Blade","Berserk","Flex+1","Pommel Strike+1","HandOfGreed","Anger"],"relics":["Burning Blood","NeowsBlessing","Blue Candle","betterThird:SlimedRelic","Bottled Flame","Golden Idol","Bronze Scales","Blood Vial","Self Forming Clay","Black Star","Membership Card","Pen Nib"],"potions_floor_usage":[16,16,19],"damage_taken":[{"damage":0,"enemies":"Jaw Worm","floor":1,"turns":1},{"damage":0,"enemies":"Small Slimes","floor":2,"turns":1},{"damage":2,"enemies":"3 Sentries","floor":6,"turns":2},{"damage":2,"enemies":"2 Louse","floor":10,"turns":2},{"damage":25,"enemies":"Gremlin Nob","floor":12,"turns":4},{"damage":41,"enemies":"Lagavulin","floor":13,"turns":6},{"damage":3,"enemies":"Large Slime","floor":14,"turns":4},{"damage":25,"enemies":"Hexaghost","floor":16,"turns":11},{"damage":42,"enemies":"Shell Parasite","floor":18,"turns":7},{"damage":30,"enemies":"2 Thieves","floor":19,"turns":4},{"damage":48,"enemies":"Centurion and Healer","floor":21,"turns":6}],"seed_played":"3029903485024364240","potions_obtained":[{"floor":2,"key":"ElixirPotion"},{"floor":12,"key":"Dexterity Potion"},{"floor":13,"key":"Explosive Potion"},{"floor":16,"key":"FairyPotion"},{"floor":18,"key":"ColorlessPotion"},{"floor":19,"key":"SteroidPotion"}],"is_trial":false,"path_per_floor":["M","M","?","$","?","E","?","R","T","M","?","?","E","M","R","B",null,"M","M","$","M"],"character_chosen":"IRONCLAD","items_purchased":["Membership Card","HandOfGreed","Anger","Pen Nib"],"campfire_rested":1,"item_purchase_floors":[20,20,20,20],"current_hp_per_floor":[80,80,80,80,69,73,73,73,73,74,74,55,22,27,49,32,74,38,16,16,0,0],"gold":83,"neow_bonus":"THREE_ENEMY_KILL","is_prod":false,"is_daily":false,"chose_seed":false,"campfire_upgraded":1,"win_rate":0,"timestamp":1607584774,"path_taken":["M","M","?","$","?","E","?","R","T","?","?","?","E","M","R","BOSS","M","M","$","M"],"build_version":"2020-11-30","purchased_purges":2,"victory":false,"max_hp_per_floor":[80,80,80,80,80,80,74,74,74,74,74,74,74,74,74,74,74,74,74,74,74,74],"card_choices":[{"not_picked":["Twin Strike","Heavy Blade"],"picked":"Rampage","floor":1},{"not_picked":["Perfected Strike","Sentinel"],"picked":"Wild Strike","floor":2},{"not_picked":["Sentinel","Limit Break"],"picked":"Cleave","floor":6},{"not_picked":["Clothesline","Headbutt"],"picked":"Iron Wave","floor":10},{"not_picked":["Headbutt","Armaments"],"picked":"Rage","floor":12},{"not_picked":["Impervious","Cleave"],"picked":"Rampage","floor":13},{"not_picked":["True Grit","Perfected Strike"],"picked":"Heavy Blade","floor":14},{"not_picked":["Barricade","Impervious"],"picked":"Berserk","floor":16},{"not_picked":["Body Slam","Evolve"],"picked":"Flex+1","floor":18},{"not_picked":["Armaments","Clash"],"picked":"Pommel Strike+1","floor":19}],"player_experience":206788,"relics_obtained":[{"floor":6,"key":"Bottled Flame"},{"floor":9,"key":"Bronze Scales"},{"floor":12,"key":"Blood Vial"},{"floor":13,"key":"Self Forming Clay"}],"event_choices":[{"damage_healed":0,"gold_gain":0,"player_choice":"Box","damage_taken":0,"relics_obtained":["Blue Candle"],"max_hp_gain":0,"max_hp_loss":0,"event_name":"Big Fish","floor":3,"gold_loss":0,"cards_obtained":["Regret"]},{"damage_healed":0,"gold_gain":0,"player_choice":"Slimed","damage_taken":11,"max_hp_gain":0,"max_hp_loss":0,"event_name":"betterThird:BetterGoop","floor":5,"gold_loss":40},{"damage_healed":0,"gold_gain":0,"player_choice":"Lose Max HP","damage_taken":0,"relics_obtained":["Golden Idol"],"max_hp_gain":0,"max_hp_loss":6,"event_name":"Golden Idol","floor":7,"gold_loss":0},{"damage_healed":74,"gold_gain":0,"player_choice":"Embrace Burn","damage_taken":0,"max_hp_gain":0,"max_hp_loss":74,"event_name":"betterThird:BetterShining","floor":11,"gold_loss":0},{"damage_healed":0,"gold_gain":30,"player_choice":"Searched \u00273\u0027 times","damage_taken":0,"max_hp_gain":0,"max_hp_loss":0,"event_name":"Dead Adventurer","floor":12,"gold_loss":0}],"is_beta":false,"boss_relics":[{"not_picked":["Runic Cube","Fusion Hammer"],"picked":"Black Star"}],"items_purged_floors":[20,20],"is_endless":false,"potions_floor_spawned":[2,12,13,16,18,19],"killed_by":"Centurion and Healer","ascension_level":2}}