{"host":"w7o06k3e8uel8euj","time":1607567748,"event":{"gold_per_floor":[13,33,53,70,81,81,108,128,128,140,80,80,113,113,113,211,211,226,226,226,27,46,46,80,80,80,80,91,104,121,21,21,21,21],"floor_reached":33,"playtime":1120,"items_purged":["ats:Defend Up","ats:Powerful Strike","ats:Very Hot Blade"],"score":279,"play_id":"a2968dbc-ab64-43a5-8d42-ec6510e692fe","local_time":"20201210113548","is_ascension_mode":false,"campfire_choices":[{"data":"ats:Emotion Absorption","floor":6.0,"key":"SMITH"},{"data":"ats:Assault Order","floor":15.0,"key":"SMITH"},{"data":"ats:Fractured Body","floor":23.0,"key":"SMITH"},{"floor":25,"key":"REST"},{"data":"ats:Emotion Absorption","floor":32,"key":"SMITH"}],"neow_cost":"NO_GOLD","seed_source_timestamp":0,"circlet_count":0,"master_deck":["ats:Armor Crushing Shot","ats:Defend Up","ats:Defend Up","ats:Emotion Absorption+1","ats:Emotion Absorption+1","ats:Nebulous Foxfire","ats:Consecutive Shot: Auto","ats:Assault Order+1","ats:Explosion Area Strengthen","ats:Overload","ats:Chain Hook","ats:Attack Strengthen","ats:Fractured Body+1","ats:Just Like an Apocalypse","ats:Wolf Pack","ats:Revitalization+1","ats:Overload"],"special_seed":0,"relics":["ats:Sanity","The Courier","Orichalcum","White Beast Statue","Philosopher\u0027s Stone","ats:Ability Aura","Potion Belt","Incense Burner","Nloth\u0027s Gift"],"potions_floor_usage":[24,28,29,33,33],"damage_taken":[{"damage":1.0,"enemies":"Cultist","floor":1.0,"turns":4.0},{"damage":6.0,"enemies":"2 Louse","floor":2.0,"turns":4.0},{"damage":11.0,"enemies":"Jaw Worm","floor":3.0,"turns":4.0},{"damage":1.0,"enemies":"Exordium Wildlife","floor":4.0,"turns":2.0},{"damage":10.0,"enemies":"Exordium Thugs","floor":5.0,"turns":7.0},{"damage":31.0,"enemies":"Lagavulin","floor":7.0,"turns":6.0},{"damage":5.0,"enemies":"2 Fungi Beasts","floor":8.0,"turns":3.0},{"damage":5.0,"enemies":"Lots of Slimes","floor":10.0,"turns":3.0},{"damage":6.0,"enemies":"Gremlin Nob","floor":13.0,"turns":3.0},{"damage":10.0,"enemies":"Slime Boss","floor":16.0,"turns":10.0},{"damage":18.0,"enemies":"Shell Parasite","floor":18.0,"turns":4.0},{"damage":24.0,"enemies":"2 Thieves","floor":22.0,"turns":4.0},{"damage":44,"enemies":"Slavers","floor":24,"turns":7},{"damage":0,"enemies":"Centurion and Healer","floor":28,"turns":3},{"damage":10,"enemies":"3 Cultists","floor":29,"turns":5},{"damage":33,"enemies":"Cultist and Chosen","floor":30,"turns":8},{"damage":53,"enemies":"Collector","floor":33,"turns":11}],"seed_played":"-4956978769800915263","potions_obtained":[{"floor":4.0,"key":"Dexterity Potion"},{"floor":7.0,"key":"Explosive Potion"},{"floor":8.0,"key":"LiquidBronze"},{"floor":16.0,"key":"Fire Potion"},{"floor":18.0,"key":"SteroidPotion"},{"floor":22.0,"key":"AttackPotion"},{"floor":24,"key":"SteroidPotion"},{"floor":28,"key":"GamblersBrew"},{"floor":29,"key":"DuplicationPotion"},{"floor":30,"key":"Dexterity Potion"}],"is_trial":false,"path_per_floor":["M","M","M","M","M","R","E","M","T","M","$","?","E","T","R","B",null,"M","?","?","$","M","R","E","R","T","?","M","M","M","$","R","B"],"character_chosen":"DOCTOR_CLASS","items_purchased":["ats:Ability Aura"],"campfire_rested":1,"item_purchase_floors":[21],"current_hp_per_floor":[71,67,61,60,56,56,30,28,28,23,23,23,20,20,20,18,72,55,55,55,55,35,35,5,26,26,26,31,28,8,8,8,0,0],"gold":21,"neow_bonus":"THREE_RARE_CARDS","is_prod":false,"is_daily":false,"chose_seed":false,"campfire_upgraded":4,"win_rate":0.0,"timestamp":1607567748,"path_taken":["M","?","M","M","M","R","E","M","T","M","$","?","E","?","R","BOSS","M","?","?","$","?","R","E","R","T","?","M","?","M","$","R","BOSS"],"build_version":"2020-11-30","purchased_purges":3,"victory":false,"max_hp_per_floor":[72,72,72,72,72,72,72,72,72,72,72,72,72,72,72,72,72,72,72,72,72,72,72,72,72,72,72,72,72,72,72,72,72,72],"relic_stats":{"counters":[17,88],"Nloth\u0027s Gift":1,"Orichalcum":[162],"obtain_stats":[{"Potion Belt":24,"ats:Ability Aura":21,"Philosopher\u0027s Stone":17,"The Courier":7,"Incense Burner":26,"Nloth\u0027s Gift":27,"ats:Sanity":0,"Orichalcum":9,"White Beast Statue":14,"Pocketwatch":13},{"Potion Belt":13,"ats:Ability Aura":11,"Philosopher\u0027s Stone":10,"The Courier":6,"Incense Burner":13,"Nloth\u0027s Gift":13,"ats:Sanity":0,"Orichalcum":7,"White Beast Statue":9,"Pocketwatch":9},{"Potion Belt":61,"ats:Ability Aura":50,"Philosopher\u0027s Stone":46,"The Courier":27,"Incense Burner":61,"Nloth\u0027s Gift":61,"ats:Sanity":0,"Orichalcum":30,"White Beast Statue":36,"Pocketwatch":36}]},"card_choices":[{"not_picked":["ats:Ambush","ats:Dogmatic Field"],"picked":"ats:Nebulous Foxfire","floor":0.0},{"not_picked":["ats:Revitalization","ats:Encircling Forest"],"picked":"ats:Consecutive Shot: Auto","floor":1.0},{"not_picked":["ats:Cat Scratch","ats:Consecutive Shot: Auto"],"picked":"ats:Assault Order","floor":2.0},{"not_picked":["ats:Charging Defense","ats:Composite Medical Shells","ats:Cat Scratch"],"picked":"SKIP","floor":3.0},{"not_picked":["ats:Flexible Camouflage","ats:Curse Doll"],"picked":"ats:Explosion Area Strengthen","floor":4.0},{"not_picked":["ats:Rat Pack","ats:Ignite"],"picked":"ats:Overload","floor":5.0},{"not_picked":["ats:Revitalization","ats:Poison Spread","ats:Shell Defense"],"picked":"SKIP","floor":7.0},{"not_picked":["ats:Shell Defense","ats:Explosion Area Strengthen","ats:Curse Doll"],"picked":"SKIP","floor":8.0},{"not_picked":["ats:Thermite Blade","ats:Shadow Raid"],"picked":"ats:Chain Hook","floor":10.0},{"not_picked":["ats:Encircling Forest","ats:Consecutive Shot: Auto"],"picked":"ats:Attack Strengthen","floor":13.0},{"not_picked":["ats:Volcano","ats:Nebulous Foxfire"],"picked":"ats:Fractured Body","floor":16.0},{"not_picked":["ats:Counter Healing Mode","ats:Cat Scratch+1"],"picked":"ats:Just Like an Apocalypse","floor":18.0},{"not_picked":["ats:Red Shift","ats:Revitalization","ats:Soul Absorption"],"picked":"SKIP","floor":22.0},{"not_picked":["ats:Disruption Kick","ats:Explosion Area Strengthen","ats:Poison Spread"],"picked":"SKIP","floor":24},{"not_picked":["ats:Shadow Raid","ats:Flexible Camouflage"],"picked":"ats:Wolf Pack","floor":28},{"not_picked":["ats:Curse Doll","ats:Rapid Magazine"],"picked":"ats:Revitalization+1","floor":29},{"not_picked":["ats:Flexible Camouflage","ats:Revitalization"],"picked":"ats:Overload","floor":30}],"player_experience":541991,"relics_obtained":[{"floor":7.0,"key":"The Courier"},{"floor":9.0,"key":"Orichalcum"},{"floor":13.0,"key":"Pocketwatch"},{"floor":14.0,"key":"White Beast Statue"},{"floor":24,"key":"Potion Belt"},{"floor":26,"key":"Incense Burner"}],"event_choices":[{"damage_healed":0.0,"max_hp_gain":0.0,"max_hp_loss":0.0,"gold_gain":0.0,"cards_transformed":["ats:Powerful Strike"],"event_name":"Living Wall","player_choice":"Change","floor":12.0,"gold_loss":0.0,"damage_taken":0.0,"cards_obtained":["ats:Very Hot Blade"]},{"cards_removed":["ats:Defend Up"],"damage_healed":0.0,"max_hp_gain":0.0,"max_hp_loss":0.0,"gold_gain":0.0,"event_name":"Back to Basics","player_choice":"Elegance","floor":19.0,"gold_loss":0.0,"damage_taken":0.0},{"cards_removed":["ats:Powerful Strike"],"damage_healed":0.0,"max_hp_gain":0.0,"max_hp_loss":0.0,"gold_gain":0.0,"event_name":"Purifier","player_choice":"Purged","floor":20.0,"gold_loss":0.0,"damage_taken":0.0},{"damage_healed":0,"gold_gain":0,"player_choice":"Traded Relic","damage_taken":0,"relics_obtained":["Nloth\u0027s Gift"],"max_hp_gain":0,"max_hp_loss":0,"event_name":"N\u0027loth","floor":27,"relics_lost":["Pocketwatch"],"gold_loss":0}],"is_beta":false,"boss_relics":[{"not_picked":["Cursed Key","Velvet Choker"],"picked":"Philosopher\u0027s Stone"}],"items_purged_floors":[11,21,31],"is_endless":false,"potions_floor_spawned":[4,7,8,16,18,22,24,28,29,30],"killed_by":"Collector","ascension_level":0}}