{"host":"899crud3100o27sg","time":1607571742,"event":{"gold_per_floor":[109,209,223,235,254,289,289,27,27,27,3,3,28,41,41,145,145,155,80,91,109,156,188,188,188,260,277,311,311,311,311],"floor_reached":30,"playtime":4544,"items_purged":["Strike_P"],"score":611,"play_id":"b4931d9c-fc63-47d2-a51f-01aa569fa428","local_time":"20201210141222","is_ascension_mode":true,"campfire_choices":[{"data":"Eruption","floor":7.0,"key":"SMITH"},{"data":"JustLucky","floor":10.0,"key":"SMITH"},{"data":"WheelKick","floor":12.0,"key":"SMITH"},{"data":"DeceiveReality","floor":15.0,"key":"SMITH"},{"floor":25,"key":"REST"}],"neow_cost":"NONE","seed_source_timestamp":730209049992500,"circlet_count":0,"master_deck":["AscendersBane","Strike_P","Strike_P","Strike_P","Defend_P","Defend_P","Defend_P","Defend_P","Eruption+1","Vigilance","WheelKick+1","WaveOfTheHand","Indignation","BattleHymn","JustLucky+1","Crescendo","SandsOfTime","DeceiveReality+1","FlurryOfBlows","Establishment","CrushJoints+1","EmptyBody","TalkToTheHand","ClearTheMind","Swivel+1","Omniscience","Ghostly","Ghostly","Ghostly","Ghostly","Ghostly","FlurryOfBlows","Vengeance","Necronomicurse"],"special_seed":0,"relics":["Runic Dome","Prayer Wheel","TeardropLocket","InkBottle","Blue Candle","Philosopher\u0027s Stone","Oddly Smooth Stone","Regal Pillow","Pear","Ancient Tea Set","Necronomicon"],"potions_floor_usage":[23,23,28,30],"damage_taken":[{"damage":0.0,"enemies":"2 Louse","floor":1.0,"turns":2.0},{"damage":4.0,"enemies":"Cultist","floor":3.0,"turns":5.0},{"damage":4.0,"enemies":"Jaw Worm","floor":4.0,"turns":3.0},{"damage":0.0,"enemies":"3 Louse","floor":5.0,"turns":4.0},{"damage":0.0,"enemies":"Lagavulin","floor":6.0,"turns":4.0},{"damage":0.0,"enemies":"Gremlin Nob","floor":13.0,"turns":2.0},{"damage":7.0,"enemies":"Blue Slaver","floor":14.0,"turns":4.0},{"damage":0.0,"enemies":"Slime Boss","floor":16.0,"turns":3.0},{"damage":0.0,"enemies":"Spheric Guardian","floor":18.0,"turns":1.0},{"damage":16.0,"enemies":"2 Thieves","floor":20.0,"turns":3.0},{"damage":23.0,"enemies":"Snake Plant","floor":21.0,"turns":2.0},{"damage":18,"enemies":"Slavers","floor":23,"turns":6},{"damage":4,"enemies":"Shelled Parasite and Fungi","floor":27,"turns":5},{"damage":24,"enemies":"Gremlin Leader","floor":28,"turns":4},{"damage":1,"enemies":"Chosen and Byrds","floor":30,"turns":5}],"seed_played":"-4825413180983173346","potions_obtained":[{"floor":1.0,"key":"SkillPotion"},{"floor":5.0,"key":"SteroidPotion"},{"floor":14.0,"key":"Explosive Potion"},{"floor":23,"key":"GamblersBrew"},{"floor":28,"key":"hexamod:EctoCoolerPotion"}],"is_trial":false,"path_per_floor":["M","?","M","M","M","E","R","$","T","R","$","R","E","M","R","B",null,"M","$","M","M","T","E","?","R","T","M","E","?","M"],"character_chosen":"WATCHER","items_purchased":["TeardropLocket","Crescendo"],"campfire_rested":1,"item_purchase_floors":[8,11],"current_hp_per_floor":[65,65,61,57,57,57,57,57,57,57,57,57,57,50,50,50,67,67,67,51,28,28,10,10,35,45,41,17,1,0,0],"gold":311,"neow_bonus":"BOSS_RELIC","is_prod":false,"is_daily":false,"chose_seed":false,"campfire_upgraded":4,"win_rate":0,"timestamp":1607571742,"path_taken":["M","?","M","M","M","E","R","$","T","R","?","R","E","M","R","BOSS","M","$","M","M","?","E","?","R","T","M","E","?","M"],"build_version":"2020-11-30","purchased_purges":1,"victory":false,"max_hp_per_floor":[72,72,72,72,72,72,72,72,72,72,72,72,72,72,72,72,72,72,72,72,72,72,72,36,36,46,46,46,46,46,46],"relic_stats":{"Regal Pillow":15,"counters":[15,53],"Blue Candle":[0],"Prayer Wheel":5,"Necronomicon":[1],"obtain_stats":[{"Runic Dome":0,"Regal Pillow":23,"Pear":26,"Blue Candle":13,"Oddly Smooth Stone":22,"Prayer Wheel":6,"Philosopher\u0027s Stone":17,"Necronomicon":29,"TeardropLocket":8,"PureWater":0,"Ancient Tea Set":28,"InkBottle":9},{"Runic Dome":0,"Regal Pillow":12,"Pear":12,"Blue Candle":6,"Oddly Smooth Stone":11,"Prayer Wheel":5,"Philosopher\u0027s Stone":8,"Necronomicon":14,"TeardropLocket":5,"PureWater":0,"Ancient Tea Set":14,"InkBottle":5},{"Runic Dome":0,"Regal Pillow":39,"Pear":39,"Blue Candle":20,"Oddly Smooth Stone":33,"Prayer Wheel":18,"Philosopher\u0027s Stone":27,"Necronomicon":48,"TeardropLocket":18,"PureWater":0,"Ancient Tea Set":48,"InkBottle":18}],"InkBottle":[15]},"card_choices":[{"not_picked":["SandsOfTime","Adaptation"],"picked":"WheelKick","floor":1.0},{"not_picked":["ClearTheMind","ThirdEye"],"picked":"WaveOfTheHand","floor":3.0},{"not_picked":["Perseverance","EmptyMind"],"picked":"Indignation","floor":4.0},{"not_picked":["CarveReality","Protect"],"picked":"BattleHymn","floor":5.0},{"not_picked":["InnerPeace","Sanctity"],"picked":"JustLucky","floor":6.0},{"not_picked":["ForeignInfluence","MentalFortress"],"picked":"SandsOfTime","floor":13.0},{"not_picked":["CutThroughFate","WaveOfTheHand"],"picked":"DeceiveReality","floor":14.0},{"not_picked":["PathToVictory","Crescendo"],"picked":"FlurryOfBlows","floor":14.0},{"not_picked":["DeusExMachina","Devotion"],"picked":"Establishment","floor":16.0},{"not_picked":["Evaluate","CutThroughFate"],"picked":"CrushJoints+1","floor":18.0},{"not_picked":["EmptyBody","Protect+1","ForeignInfluence"],"picked":"SKIP","floor":18.0},{"not_picked":["Protect+1","ForeignInfluence"],"picked":"EmptyBody","floor":18.0},{"not_picked":["JustLucky","ClearTheMind"],"picked":"TalkToTheHand","floor":20.0},{"not_picked":["DeceiveReality","Swivel"],"picked":"ClearTheMind","floor":20.0},{"not_picked":["Evaluate","EmptyBody"],"picked":"Swivel+1","floor":21.0},{"not_picked":["BowlingBash+1","Evaluate","Study"],"picked":"SKIP","floor":21.0},{"not_picked":["Prostrate+1","Wallop"],"picked":"Omniscience","floor":23},{"not_picked":["ThirdEye","SashWhip"],"picked":"FlurryOfBlows","floor":27},{"not_picked":["Evaluate","EmptyBody"],"picked":"Vengeance","floor":27},{"not_picked":["ClearTheMind","Crescendo","FlyingSleeves+1"],"picked":"SKIP","floor":28}],"player_experience":979227,"relics_obtained":[{"floor":6.0,"key":"Prayer Wheel"},{"floor":9.0,"key":"InkBottle"},{"floor":13.0,"key":"Blue Candle"},{"floor":22.0,"key":"Oddly Smooth Stone"},{"floor":23,"key":"Regal Pillow"},{"floor":26,"key":"Pear"},{"floor":28,"key":"Ancient Tea Set"},{"floor":29,"key":"Necronomicon"}],"event_choices":[{"damage_healed":0.0,"max_hp_gain":0.0,"max_hp_loss":0.0,"gold_gain":100.0,"event_name":"Golden Shrine","player_choice":"Pray","floor":2.0,"gold_loss":0.0,"damage_taken":0.0},{"damage_healed":0,"gold_gain":0,"player_choice":"Became a Ghost","damage_taken":0,"max_hp_gain":0,"max_hp_loss":36,"event_name":"Ghosts","floor":24,"gold_loss":0,"cards_obtained":["Ghostly","Ghostly","Ghostly","Ghostly","Ghostly"]},{"damage_healed":0,"gold_gain":0,"player_choice":"Obtained Book","damage_taken":16,"max_hp_gain":0,"max_hp_loss":0,"event_name":"Cursed Tome","floor":29,"gold_loss":0}],"is_beta":false,"boss_relics":[{"not_picked":["Tiny House","Fusion Hammer"],"picked":"Philosopher\u0027s Stone"}],"items_purged_floors":[19],"is_endless":false,"potions_floor_spawned":[1,5,14,16,23,28],"killed_by":"Chosen and Byrds","ascension_level":11}}