{"host":"74ozbb5rqo1p2hzi","time":1607624482,"event":{"mods":["BaseMod","AchievementEnabler","BetterRewards","StSLib","Card Forge","Colored Map","Colored Powertips","DeckTracker","Downfall","Friendly Minions","Highlight Path","Hubris","Infinite Spire","Marisa£¨Ùöéë¡¡Øª×âÞÞ£©","Minty Spire (QoL Compilation)","Permanent Neow","Quick Restart","READ ME - Guardian Mod","Shop Mod","SuperFastMode","The Animator","UnlockEverythingMod"],"gold_per_floor":[216,229,244,258,258,299,325,337,349,361,403,96,115,150,150,222,222,237,247,247,247,258,258,301,326,326,326,326,383,383,421,421,503,503,532,532,35,57,121,155,164,201,201,225,270,295,295,315,315,401,401,401],"floor_reached":51,"playtime":3978,"items_purged":[],"score":2426,"play_id":"42ec1ad4-7336-40d3-99c4-3b51376d42df","local_time":"20201211032122","is_ascension_mode":true,"campfire_choices":[{"floor":8,"key":"RECALL"},{"floor":10,"key":"REST"},{"floor":15,"key":"REST"},{"floor":23,"key":"REST"},{"floor":27,"key":"REST"},{"floor":32,"key":"REST"},{"floor":47,"key":"REST"},{"floor":49,"key":"REST"}],"circlet_count":0,"master_deck":["AscendersBane","Zap+1","Dualcast+1","Machine Learning+1","Echo Form+1","Loop+1","Conserve Battery+1","White Noise+1","Buffer+1","BootSequence+1","Double Energy+1","Melter+1","Genetic Algorithm+1","Biased Cognition+1","Self Repair+1","Electrodynamics+1","Redo+1","Defragment+1","Static Discharge+1","Amplify+1","Capacitor+1","Seek+1","Core Surge+1","Zap+1","Storm+1","Conserve Battery+1","White Noise+1","Buffer+1","Double Energy+1","Genetic Algorithm+1","Biased Cognition+1","Self Repair+1","Defragment+1","Amplify+1","Capacitor+1","Core Surge+1","Seek+1","Zap+1","White Noise+1","Buffer+1","Double Energy+1","Biased Cognition+1","Genetic Algorithm+1","Capacitor+1","Seek+1","Zap+1","White Noise+1","Buffer+1","Double Energy+1","Biased Cognition+1","Genetic Algorithm+1","Defragment+1","Capacitor+1","Seek+1","Zap+1","Buffer+1","Seek+1","Double Energy+1","Seek+1","Seek+1","Double Energy+1","Seek+1","Genetic Algorithm+1","Double Energy+1","infinitespire:FutureSight+1","Multi-Cast"],"relics":["Cracked Core","Hammer of Thor","Seething Fire","Anvil of the Gods","MawBank","Shuriken","Mercury Hourglass","hubris:Potato","CeramicFish","Nuclear Battery","hubris:Towel","infinitespire:WardingShard","hubris:BallOfYels","Lantern","Potion Belt","Emotion Chip","Busted Crown","Unceasing Top","hubris:SlimyHat","Thread and Needle","Calipers","infinitespire:Eraser","infinitespire:CheckeredPen","DataDisk","SlaversCollar"],"acts_visited":["Exordium","TheCity","TheBeyond","Exordium"],"potions_floor_usage":[],"damage_taken":[{"damage":0,"enemies":"Small Slimes","floor":1,"turns":2},{"damage":0,"enemies":"Jaw Worm","floor":2,"turns":2},{"damage":0,"enemies":"2 Louse","floor":3,"turns":2},{"damage":0,"enemies":"Large Slime","floor":4,"turns":3},{"damage":0,"enemies":"3 Sentries","floor":6,"turns":4},{"damage":10,"enemies":"Exordium Thugs","floor":7,"turns":2},{"damage":0,"enemies":"Gremlin Nob","floor":11,"turns":2},{"damage":5,"enemies":"Lots of Slimes","floor":13,"turns":2},{"damage":0,"enemies":"Lagavulin","floor":14,"turns":2},{"damage":0,"enemies":"The Guardian","floor":16,"turns":2},{"damage":8,"enemies":"Shell Parasite","floor":18,"turns":2},{"damage":0,"enemies":"Chosen","floor":19,"turns":2},{"damage":10,"enemies":"Centurion and Healer","floor":22,"turns":2},{"damage":0,"enemies":"Slavers","floor":24,"turns":2},{"damage":0,"enemies":"Snake Plant","floor":25,"turns":1},{"damage":21,"enemies":"Nightmare","floor":29,"turns":3},{"damage":0,"enemies":"Gremlin Leader","floor":31,"turns":3},{"damage":0,"enemies":"Champ","floor":33,"turns":3},{"damage":0,"enemies":"Orb Walker","floor":35,"turns":1},{"damage":0,"enemies":"3 Shapes","floor":38,"turns":2},{"damage":0,"enemies":"2 Orb Walkers","floor":39,"turns":1},{"damage":0,"enemies":"Giant Head","floor":40,"turns":2},{"damage":0,"enemies":"Reptomancer","floor":42,"turns":1},{"damage":0,"enemies":"Transient","floor":44,"turns":3},{"damage":0,"enemies":"Nightmare","floor":45,"turns":1},{"damage":0,"enemies":"Jaw Worm Horde","floor":46,"turns":2},{"damage":0,"enemies":"Maw","floor":48,"turns":1},{"damage":12,"enemies":"hubris:GrandSnecko","floor":50,"turns":2}],"seed_played":"6986264071370201034","potions_obtained":[{"floor":3,"key":"DuplicationPotion"},{"floor":4,"key":"PotionOfCapacity"},{"floor":11,"key":"PowerPotion"},{"floor":29,"key":"Guardian:BlockOnCardUsePotion"},{"floor":33,"key":"Block Potion"}],"is_trial":false,"path_per_floor":["M","M","M","M","?","E","M","R","T","R","E","$","M","E","R","B",null,"M","M","?","?","M","R","E","M","T","R","T","NM","?","E","R","B",null,"M","?","$","M","?","E","?","E","T","M","NM","M","R","M","R","B",null],"character_chosen":"DEFECT","items_purchased":["hubris:Potato","Unceasing Top","hubris:SlimyHat"],"campfire_rested":7,"item_purchase_floors":[12,37,37],"current_hp_per_floor":[64,64,64,64,46,56,46,46,46,67,71,71,66,71,71,71,71,71,71,71,71,71,71,71,71,71,71,71,60,60,60,71,71,71,71,71,71,71,71,71,71,71,71,71,71,71,71,71,71,59,68,68],"gold":401,"neow_bonus":"HUNDRED_GOLD","is_daily":false,"chose_seed":false,"campfire_upgraded":0,"win_rate":0,"timestamp":1607624482,"path_taken":["M","M","M","M","?","E","M","R","T","R","E","$","M","E","R","BOSS","M","M","?","?","M","R","E","M","T","R","?","NM","?","E","R","BOSS","M","?","$","M","?","E","?","E","T","M","NM","M","R","M","R","BOSS"],"build_version":"2020-11-29","purchased_purges":0,"victory":false,"max_hp_per_floor":[71,71,71,71,71,71,71,71,71,71,71,71,71,71,71,71,71,71,71,71,71,71,71,71,71,71,71,71,71,71,71,71,71,71,71,71,71,71,71,71,71,71,71,71,71,71,71,71,71,71,71,71],"card_choices":[{"not_picked":["Gash","Rebound","Go for the Eyes"],"picked":"SKIP","floor":1},{"not_picked":["Leap","Go for the Eyes","Barrage"],"picked":"SKIP","floor":2},{"not_picked":["Cold Snap","Barrage","Recycle"],"picked":"SKIP","floor":3},{"not_picked":["Cold Snap","Streamline","Leap"],"picked":"SKIP","floor":4},{"not_picked":["Rebound","Loop","Hologram"],"picked":"SKIP","floor":6},{"not_picked":["Compile Driver","Consume"],"picked":"Buffer","floor":7},{"not_picked":["Compile Driver","Glacier","BootSequence"],"picked":"SKIP","floor":11},{"not_picked":["Recycle","Melter","Scrape"],"picked":"SKIP","floor":13},{"not_picked":["Redo","Coolheaded"],"picked":"Seek","floor":14},{"not_picked":["Leap","Melter+1","Lockon"],"picked":"SKIP","floor":18},{"not_picked":["Beam Cell","Rebound","hubris:Ukulele+1"],"picked":"SKIP","floor":19},{"not_picked":["Hologram","Beam Cell","Capacitor"],"picked":"SKIP","floor":22},{"not_picked":["Streamline","Sweeping Beam"],"picked":"Gash","floor":24},{"not_picked":["Sunder","Compile Driver"],"picked":"Redo+1","floor":25},{"not_picked":["Recycle","Beam Cell"],"picked":"Go for the Eyes","floor":29},{"not_picked":["Chill","Leap+1"],"picked":"Hello World","floor":31},{"not_picked":["Core Surge","Creative AI"],"picked":"Seek","floor":33},{"not_picked":[],"picked":"Coolheaded","floor":35},{"not_picked":[],"picked":"Genetic Algorithm","floor":38},{"not_picked":[],"picked":"Double Energy","floor":39},{"not_picked":[],"picked":"Gash+1","floor":40},{"not_picked":[],"picked":"hubris:Prefetch","floor":42},{"not_picked":[],"picked":"Heatsinks+1","floor":44},{"not_picked":["infinitespire:FinalStrike","infinitespire:Execution"],"picked":"infinitespire:FutureSight","floor":45},{"not_picked":[],"picked":"Sweeping Beam","floor":45},{"not_picked":[],"picked":"Consume","floor":46},{"not_picked":[],"picked":"Beam Cell","floor":48},{"not_picked":[],"picked":"Multi-Cast","floor":50}],"player_experience":0,"relics_obtained":[{"floor":6,"key":"Shuriken"},{"floor":11,"key":"Mercury Hourglass"},{"floor":14,"key":"CeramicFish"},{"floor":24,"key":"infinitespire:WardingShard"},{"floor":26,"key":"hubris:BallOfYels"},{"floor":28,"key":"Lantern"},{"floor":29,"key":"Potion Belt"},{"floor":31,"key":"Emotion Chip"},{"floor":39,"key":"Thread and Needle"},{"floor":40,"key":"Calipers"},{"floor":42,"key":"infinitespire:Eraser"},{"floor":43,"key":"infinitespire:CheckeredPen"},{"floor":45,"key":"DataDisk"}],"event_choices":[{"damage_healed":0,"gold_gain":0,"player_choice":"Success","damage_taken":18,"relics_obtained":["MawBank"],"max_hp_gain":0,"max_hp_loss":0,"event_name":"Scrap Ooze","floor":5,"gold_loss":0},{"damage_healed":0,"gold_gain":0,"player_choice":"Ignored","damage_taken":0,"max_hp_gain":0,"max_hp_loss":0,"event_name":"Beggar","floor":20,"gold_loss":0},{"cards_removed":["Defragment"],"damage_healed":0,"gold_gain":0,"player_choice":"Removed Power","damage_taken":0,"max_hp_gain":0,"max_hp_loss":0,"event_name":"Falling","floor":36,"gold_loss":0},{"damage_healed":0,"gold_gain":0,"player_choice":"Fight","damage_taken":0,"max_hp_gain":0,"max_hp_loss":0,"event_name":"Mysterious Sphere","floor":39,"gold_loss":0},{"damage_healed":14,"gold_gain":0,"player_choice":"Writhe","damage_taken":0,"max_hp_gain":0,"max_hp_loss":0,"event_name":"Winding Halls","floor":41,"gold_loss":0,"cards_obtained":["Writhe"]}],"is_beta":false,"boss_relics":[{"not_picked":["hubris:Backtick","Sozu"],"picked":"Nuclear Battery"},{"not_picked":["Snecko Eye","Pandora\u0027s Box"],"picked":"Busted Crown"},{"not_picked":["Coffee Dripper","Black Star"],"picked":"SlaversCollar"}],"items_purged_floors":[],"is_endless":true,"potions_floor_spawned":[3,4,11,13,24,29,33,38,39,46,48],"ascension_level":19}}