{"host":"0x9c2ukdv4bhoakt","time":1607640302,"event":{"mods":["BaseMod","StSLib","Colored Map","Googly Eyes","Minty Spire (QoL Compilation)","slay the spire mod where everything is the same but ironclad has a cowboy hat","Bestiary","Block Reminder","DeckTracker","Relic Stats"],"gold_per_floor":[116,136,155,165,176,208,208,225,225,252,252,252,271,302,302,397,397,416,42,57,57],"floor_reached":20,"playtime":635,"items_purged":["Strike_R"],"score":322,"play_id":"1efe8769-67cc-4bbb-8f75-38468461bf7c","local_time":"20201210174502","is_ascension_mode":true,"campfire_choices":[{"data":"Apotheosis","floor":7,"key":"SMITH"},{"data":"Offering","floor":11,"key":"SMITH"},{"data":"Double Tap","floor":15,"key":"SMITH"}],"circlet_count":0,"master_deck":["Strike_R","Strike_R","Strike_R","Strike_R","Defend_R","Defend_R","Defend_R","Defend_R","Bash","Apotheosis+1","Anger","Dropkick","Shockwave","Uppercut","Offering+1","Sever Soul","Shrug It Off","Rampage+1","Double Tap+1","Impervious","Shrug It Off","Thunderclap+1"],"relics":["Burning Blood","PreservedInsect","Gremlin Horn","Molten Egg 2","Shuriken","Matryoshka","Black Star","Paper Frog"],"acts_visited":["Exordium","TheCity"],"potions_floor_usage":[16],"damage_taken":[{"damage":7,"enemies":"Small Slimes","floor":1,"turns":3},{"damage":7,"enemies":"Jaw Worm","floor":2,"turns":3},{"damage":0,"enemies":"2 Louse","floor":3,"turns":3},{"damage":0,"enemies":"Large Slime","floor":4,"turns":5},{"damage":1,"enemies":"Blue Slaver","floor":5,"turns":4},{"damage":13,"enemies":"Lagavulin","floor":6,"turns":5},{"damage":10,"enemies":"3 Louse","floor":8,"turns":4},{"damage":6,"enemies":"Gremlin Nob","floor":10,"turns":3},{"damage":10,"enemies":"2 Fungi Beasts","floor":13,"turns":3},{"damage":6,"enemies":"Lagavulin","floor":14,"turns":3},{"damage":12,"enemies":"Hexaghost","floor":16,"turns":6},{"damage":8,"enemies":"Shell Parasite","floor":18,"turns":4},{"damage":19,"enemies":"Spheric Guardian","floor":20,"turns":5}],"seed_played":"-3728084627155801162","potions_obtained":[{"floor":3,"key":"BlessingOfTheForge"},{"floor":6,"key":"Swift Potion"},{"floor":8,"key":"SneckoOil"},{"floor":10,"key":"HeartOfIron"},{"floor":16,"key":"DistilledChaos"}],"is_trial":false,"path_per_floor":["M","M","M","M","M","E","R","M","T","E","R","?","M","E","R","B",null,"M","$","M"],"character_chosen":"IRONCLAD","items_purchased":["Paper Frog","Thunderclap+1"],"campfire_rested":0,"item_purchase_floors":[19,19],"current_hp_per_floor":[71,70,72,72,72,65,65,61,61,61,61,49,45,45,45,39,64,62,62,49,49],"gold":57,"neow_bonus":"RANDOM_COLORLESS_2","is_daily":false,"chose_seed":false,"campfire_upgraded":3,"win_rate":0,"timestamp":1607640302,"path_taken":["M","M","M","M","M","E","R","M","T","E","R","?","M","E","R","BOSS","M","$","M"],"build_version":"2020-11-30","purchased_purges":1,"victory":false,"max_hp_per_floor":[72,72,72,72,72,72,72,72,72,72,72,72,72,72,72,72,72,72,72,72,72],"relic_stats":{"Gremlin Horn":[1,1],"counters":[13,51],"Shuriken":[8],"PreservedInsect":49,"Black Star":0,"obtain_stats":[{"Matryoshka":14,"Gremlin Horn":9,"Shuriken":12,"Molten Egg 2":10,"PreservedInsect":6,"Black Star":17,"Burning Blood":0,"Paper Frog":19},{"Matryoshka":10,"Gremlin Horn":7,"Shuriken":8,"Molten Egg 2":8,"PreservedInsect":6,"Black Star":11,"Burning Blood":0,"Paper Frog":12},{"Matryoshka":36,"Gremlin Horn":27,"Shuriken":30,"Molten Egg 2":30,"PreservedInsect":23,"Black Star":42,"Burning Blood":0,"Paper Frog":46}],"Burning Blood":63},"card_choices":[{"not_picked":["HandOfGreed","Master of Strategy"],"picked":"Apotheosis","floor":0},{"not_picked":["Havoc","Body Slam"],"picked":"Anger","floor":1},{"not_picked":["Perfected Strike","Burning Pact"],"picked":"Dropkick","floor":2},{"not_picked":["Anger","Havoc"],"picked":"Shockwave","floor":3},{"not_picked":["Anger","Metallicize"],"picked":"Uppercut","floor":4},{"not_picked":["Battle Trance","Sword Boomerang"],"picked":"Offering","floor":5},{"not_picked":["Twin Strike","Metallicize"],"picked":"Sever Soul","floor":6},{"not_picked":["Headbutt","Iron Wave"],"picked":"Shrug It Off","floor":8},{"not_picked":["Flex","Uppercut+1","Shrug It Off"],"picked":"SKIP","floor":10},{"not_picked":["Armaments","Clash+1"],"picked":"Rampage+1","floor":13},{"not_picked":["Clothesline+1","Clash+1"],"picked":"Double Tap","floor":14},{"not_picked":["Exhume","Demon Form"],"picked":"Impervious","floor":16},{"not_picked":["Clothesline+1","Clash+1"],"picked":"Shrug It Off","floor":18}],"player_experience":386887,"relics_obtained":[{"floor":6,"key":"PreservedInsect"},{"floor":9,"key":"Gremlin Horn"},{"floor":10,"key":"Molten Egg 2"},{"floor":14,"key":"Matryoshka"}],"event_choices":[{"damage_healed":0,"gold_gain":0,"player_choice":"Success","damage_taken":12,"relics_obtained":["Shuriken"],"max_hp_gain":0,"max_hp_loss":0,"event_name":"Scrap Ooze","floor":12,"gold_loss":0}],"is_beta":false,"boss_relics":[{"not_picked":["Ectoplasm","Black Blood"],"picked":"Black Star"}],"items_purged_floors":[19],"is_endless":false,"potions_floor_spawned":[3,6,8,10,13,16,20],"killed_by":"Spheric Guardian","ascension_level":6}}