{"host":"ds28d883r3sz42zs","time":1607568989,"event":{"gold_per_floor":[503,36,62,97,217,217,6,6,188,308,432,432,177,6,106,246,362,474],"floor_reached":19,"playtime":754,"items_purged":["Defend_P","Strike_P"],"score":643,"play_id":"3f86ec31-34e0-467e-9a94-18d2ec90f577","local_time":"20201209215629","daily_mods":["challengethespire:Silver Difficulty","challengethespire:Elite Rush","Uncertain Future"],"is_ascension_mode":true,"campfire_choices":[{"data":"LikeWater","floor":8.0,"key":"SMITH"}],"neow_cost":"","seed_source_timestamp":0,"circlet_count":0,"master_deck":["AscendersBane","Strike_P","Strike_P","Strike_P","Defend_P","Defend_P","Defend_P","Eruption","Vigilance","LikeWater+1","SashWhip","MentalFortress","FollowUp","ReachHeaven","MasterReality","InnerPeace","Adaptation","Devotion","CutThroughFate","BattleHymn","Protect","LikeWater+1","Tantrum","Protect","Adaptation","TalkToTheHand","Vault+1","FlurryOfBlows","ThirdEye+1"],"special_seed":0,"relics":["HolyWater","Black Star","Sling","PreservedInsect","StuffTheSpire:HeavyRock","Damaru","TungstenRod","StuffTheSpire:NeowsTribute","Replay:Bottled Steam","Nunchaku","StuffTheSpire:TintedRock","infinitespire:PuzzleCube","Mummified Hand","Busted Crown","conspire:GiftBox","hubris:MobiusCoin","Potion Belt","hubris:SphereOfDissonance","infinitespire:CheckeredPen","HornCleat","Toy Ornithopter","DollysMirror","Toxic Egg 2","Gambling Chip","StuffTheSpire:Nightcore","Golden Egg","conspire:DeflatedDodgeball","aspiration:FetidBarrel","ReplayTheSpireMod:Lightbulb","Bronze Scales"],"potions_floor_usage":[18,18],"damage_taken":[{"damage":13.0,"enemies":"3 Sentries","floor":3.0,"turns":4.0},{"damage":0.0,"enemies":"Gremlin Nob","floor":4.0,"turns":2.0},{"damage":0.0,"enemies":"Lagavulin","floor":5.0,"turns":3.0},{"damage":15.0,"enemies":"Gremlin Leader","floor":9.0,"turns":3.0},{"damage":10.0,"enemies":"Slavers","floor":10.0,"turns":5.0},{"damage":8.0,"enemies":"Book of Stabbing","floor":11.0,"turns":4.0},{"damage":12.0,"enemies":"Giant Head","floor":15.0,"turns":4.0},{"damage":0,"enemies":"Reptomancer","floor":16,"turns":2},{"damage":0,"enemies":"Nemesis","floor":17,"turns":2},{"damage":0,"enemies":"Shield and Spear","floor":18,"turns":4}],"seed_played":"1321858455203931307","potions_obtained":[{"floor":10.0,"key":"LiquidMemories"},{"floor":11.0,"key":"Fire Potion"},{"floor":15.0,"key":"SteroidPotion"},{"floor":18,"key":"ColorlessPotion"}],"is_trial":true,"path_per_floor":["$","$","E","E","E","T","$","R","E","E","E","T","$","$","E","E","E","E",null],"character_chosen":"WATCHER","items_purchased":["LikeWater","SashWhip","StuffTheSpire:HeavyRock","Damaru","TungstenRod","MentalFortress","FollowUp","Strength Potion","Adaptation","conspire:GiftBox","DollysMirror","Tantrum","Protect","Adaptation"],"campfire_rested":0,"item_purchase_floors":[1,1,1,1,2,2,2,2,7,7,13,14,14,14],"current_hp_per_floor":[65,65,52,52,52,52,52,52,37,27,19,19,19,19,7,7,7,17],"gold":474,"neow_bonus":"","is_prod":false,"is_daily":false,"chose_seed":false,"campfire_upgraded":1,"win_rate":0,"timestamp":1607568989,"path_taken":["$","$","E","E","E","T","$","R","E","E","E","T","$","$","E","E","E","E"],"build_version":"2020-11-30","purchased_purges":2,"victory":true,"max_hp_per_floor":[72,72,72,72,72,72,72,72,72,72,72,72,72,72,72,72,72,72],"relic_stats":{"Nunchaku":[6],"Busted Crown":28,"counters":[10,33],"Mummified Hand":[41],"Gambling Chip":[14],"Bronze Scales":[0],"PreservedInsect":538,"Black Star":10,"obtain_stats":[{"Golden Egg":16,"Sling":0,"Nunchaku":4,"HornCleat":11,"Mummified Hand":5,"DollysMirror":13,"StuffTheSpire:HeavyRock":1,"Gambling Chip":15,"StuffTheSpire:Nightcore":16,"Toxic Egg 2":15,"StuffTheSpire:NeowsTribute":3,"Replay:Bottled Steam":3,"StuffTheSpire:TintedRock":4,"Potion Belt":9,"hubris:MobiusCoin":9,"aspiration:FetidBarrel":17,"Damaru":1,"hubris:SphereOfDissonance":10,"PreservedInsect":0,"infinitespire:CheckeredPen":10,"conspire:GiftBox":7,"Busted Crown":6,"Bronze Scales":18,"HolyWater":12,"Black Star":0,"PureWater":0,"conspire:DeflatedDodgeball":17,"ReplayTheSpireMod:Lightbulb":18,"TungstenRod":2,"infinitespire:PuzzleCube":5,"Toy Ornithopter":11},{"Golden Egg":8,"Sling":0,"Nunchaku":2,"HornCleat":6,"Mummified Hand":3,"DollysMirror":6,"StuffTheSpire:HeavyRock":0,"Gambling Chip":7,"StuffTheSpire:Nightcore":8,"Toxic Egg 2":7,"StuffTheSpire:NeowsTribute":1,"Replay:Bottled Steam":1,"StuffTheSpire:TintedRock":2,"Potion Belt":4,"hubris:MobiusCoin":4,"aspiration:FetidBarrel":9,"Damaru":0,"hubris:SphereOfDissonance":5,"PreservedInsect":0,"infinitespire:CheckeredPen":5,"conspire:GiftBox":3,"Busted Crown":3,"Bronze Scales":10,"HolyWater":6,"Black Star":0,"PureWater":0,"conspire:DeflatedDodgeball":9,"ReplayTheSpireMod:Lightbulb":10,"TungstenRod":0,"infinitespire:PuzzleCube":3,"Toy Ornithopter":6},{"Golden Egg":27,"Sling":0,"Nunchaku":6,"HornCleat":21,"Mummified Hand":9,"DollysMirror":21,"StuffTheSpire:HeavyRock":0,"Gambling Chip":25,"StuffTheSpire:Nightcore":27,"Toxic Egg 2":25,"StuffTheSpire:NeowsTribute":4,"Replay:Bottled Steam":4,"StuffTheSpire:TintedRock":6,"Potion Belt":12,"hubris:MobiusCoin":12,"aspiration:FetidBarrel":29,"Damaru":0,"hubris:SphereOfDissonance":17,"PreservedInsect":0,"infinitespire:CheckeredPen":17,"conspire:GiftBox":9,"Busted Crown":9,"Bronze Scales":33,"HolyWater":21,"Black Star":0,"PureWater":0,"conspire:DeflatedDodgeball":29,"ReplayTheSpireMod:Lightbulb":33,"TungstenRod":0,"infinitespire:PuzzleCube":9,"Toy Ornithopter":21}],"TungstenRod":14,"Toy Ornithopter":10},"card_choices":[{"not_picked":[],"picked":"Devotion","floor":7.0}],"player_experience":723919,"relics_obtained":[{"floor":3.0,"key":"StuffTheSpire:NeowsTribute"},{"floor":3.0,"key":"Replay:Bottled Steam"},{"floor":4.0,"key":"Nunchaku"},{"floor":4.0,"key":"StuffTheSpire:TintedRock"},{"floor":5.0,"key":"infinitespire:PuzzleCube"},{"floor":5.0,"key":"Mummified Hand"},{"floor":9.0,"key":"hubris:MobiusCoin"},{"floor":9.0,"key":"Potion Belt"},{"floor":10.0,"key":"hubris:SphereOfDissonance"},{"floor":10.0,"key":"infinitespire:CheckeredPen"},{"floor":11.0,"key":"HornCleat"},{"floor":11.0,"key":"Toy Ornithopter"},{"floor":15.0,"key":"Toxic Egg 2"},{"floor":15.0,"key":"Gambling Chip"},{"floor":16,"key":"StuffTheSpire:Nightcore"},{"floor":16,"key":"Golden Egg"},{"floor":17,"key":"conspire:DeflatedDodgeball"},{"floor":17,"key":"aspiration:FetidBarrel"},{"floor":18,"key":"ReplayTheSpireMod:Lightbulb"},{"floor":18,"key":"Bronze Scales"}],"event_choices":[],"is_beta":false,"boss_relics":[{"not_picked":["construct:ClawGrip","expansioncontent:StudyCardRelic"],"picked":"Busted Crown"},{"not_picked":["hubris:Stopwatch","Sozu"],"picked":"HolyWater"}],"items_purged_floors":[1,13],"is_endless":false,"potions_floor_spawned":[10,11,15,18],"ascension_level":10}}