{"host":"vkn5295jy2rrqx8j","time":1607604353,"event":{"gold_per_floor":[112,37,37,54,72,72,72,72,72,125,125,140,140,170,170,246,246,264,264,293,33,33,33,33],"floor_reached":23,"playtime":494,"items_purged":["Parasite","Strike_G"],"score":370,"play_id":"7fe395cc-5d88-43cf-8f66-7e7e4375e5b2","local_time":"20201210214553","is_ascension_mode":true,"campfire_choices":[{"data":"Envenom","floor":6,"key":"SMITH"},{"floor":8,"key":"REST"},{"data":"Accuracy","floor":13,"key":"SMITH"},{"data":"Bane","floor":15,"key":"SMITH"}],"neow_cost":"CURSE","seed_source_timestamp":11971872715000,"circlet_count":0,"master_deck":["AscendersBane","Strike_G","Strike_G","Strike_G","Defend_G","Defend_G","Defend_G","Defend_G","Survivor","Neutralize","Riddle With Holes","Envenom+1","Bane+1","Blade Dance","Accuracy+1","Infinite Blades","After Image","Escape Plan","Backflip"],"relics":["Ring of the Snake","NlothsMask","Dream Catcher","Busted Crown","Red Mask","HandDrill","Enchiridion"],"potions_floor_usage":[7,20],"damage_taken":[{"damage":24,"enemies":"Jaw Worm","floor":1,"turns":7},{"damage":4,"enemies":"Cultist","floor":4,"turns":4},{"damage":0,"enemies":"Small Slimes","floor":5,"turns":2},{"damage":3,"enemies":"Gremlin Nob","floor":7,"turns":3},{"damage":0,"enemies":"2 Fungi Beasts","floor":12,"turns":4},{"damage":18,"enemies":"Slime Boss","floor":16,"turns":9},{"damage":6,"enemies":"Shell Parasite","floor":18,"turns":5},{"damage":16,"enemies":"Masked Bandits","floor":20,"turns":4},{"damage":17,"enemies":"Slavers","floor":23,"turns":2}],"seed_played":"-4266394655485568203","potions_obtained":[{"floor":5,"key":"SmokeBomb"},{"floor":18,"key":"GamblersBrew"}],"is_trial":false,"path_per_floor":["M","$","?","M","M","R","E","R","T","T","?","M","R","?","R","B",null,"M","?","?","$","?","E"],"character_chosen":"THE_SILENT","items_purchased":["HandDrill"],"campfire_rested":1,"item_purchase_floors":[21],"current_hp_per_floor":[35,35,35,31,31,31,28,46,46,46,51,51,51,51,51,33,59,53,53,37,37,16,0,0],"gold":33,"neow_bonus":"TRANSFORM_TWO_CARDS","is_prod":false,"is_daily":false,"chose_seed":false,"campfire_upgraded":3,"win_rate":0,"timestamp":1607604353,"path_taken":["M","$","?","?","M","R","E","R","T","?","?","M","R","?","R","BOSS","M","?","?","$","?","E"],"build_version":"2020-11-30","purchased_purges":2,"victory":false,"max_hp_per_floor":[66,63,63,63,63,63,63,63,63,63,68,68,68,68,68,68,68,68,68,68,68,68,68,68],"card_choices":[{"not_picked":["Concentrate","Expertise"],"picked":"Bane","floor":1},{"not_picked":["Deadly Poison","Infinite Blades"],"picked":"Blade Dance","floor":4},{"not_picked":["Poisoned Stab","Sucker Punch"],"picked":"Accuracy","floor":5},{"not_picked":["Bane","Dagger Spray"],"picked":"Infinite Blades","floor":12},{"not_picked":["Venomology","Glass Knife"],"picked":"After Image","floor":16},{"not_picked":[],"picked":"Escape Plan","floor":18},{"not_picked":[],"picked":"Backflip","floor":20}],"player_experience":775818,"relics_obtained":[{"floor":10,"key":"Dream Catcher"},{"floor":20,"key":"Red Mask"},{"floor":22,"key":"Enchiridion"}],"event_choices":[{"damage_healed":0,"gold_gain":0,"player_choice":"Trade","damage_taken":0,"relics_obtained":["NlothsMask"],"max_hp_gain":0,"max_hp_loss":0,"event_name":"FaceTrader","floor":3,"gold_loss":0},{"damage_healed":0,"gold_gain":0,"player_choice":"Donut","damage_taken":0,"max_hp_gain":5,"max_hp_loss":0,"event_name":"Big Fish","floor":11,"gold_loss":0},{"damage_healed":0,"gold_gain":30,"player_choice":"Searched \u00272\u0027 times","damage_taken":0,"max_hp_gain":0,"max_hp_loss":0,"event_name":"Dead Adventurer","floor":14,"gold_loss":0},{"damage_healed":0,"gold_gain":0,"player_choice":"Ignored","damage_taken":0,"max_hp_gain":0,"max_hp_loss":0,"event_name":"Vampires","floor":19,"gold_loss":0},{"damage_healed":0,"gold_gain":0,"player_choice":"Fought Bandits","damage_taken":0,"max_hp_gain":0,"max_hp_loss":0,"event_name":"Masked Bandits","floor":20,"gold_loss":0},{"damage_healed":0,"gold_gain":0,"player_choice":"Obtained Book","damage_taken":21,"max_hp_gain":0,"max_hp_loss":0,"event_name":"Cursed Tome","floor":22,"gold_loss":0}],"is_beta":false,"boss_relics":[{"not_picked":["Philosopher\u0027s Stone","Runic Dome"],"picked":"Busted Crown"}],"items_purged_floors":[2,21],"is_endless":false,"potions_floor_spawned":[5,7,18],"killed_by":"Slavers","ascension_level":20}}