{"host":"dl5mjdlimopbuch5","time":1607633442,"event":{"mods":["BaseMod","Colored Powertips","Googly Eyes","Minty Spire (QoL Compilation)","Quick Restart","AchievementEnabler"],"gold_per_floor":[112,125,125,125,125,125,300,300,300,325,103,132,61,74,74,179,179,196,177,177,177,177],"floor_reached":21,"playtime":529,"items_purged":[],"score":231,"play_id":"3991db42-2858-4315-a78e-e018d469cf9b","local_time":"20201210205042","is_ascension_mode":true,"campfire_choices":[{"data":"Zap","floor":6,"key":"SMITH"},{"data":"Strike_B","floor":8,"key":"SMITH"},{"floor":15,"key":"REST"}],"circlet_count":0,"master_deck":["Strike_B","Strike_B","Strike_B","Strike_B+1","Defend_B","Defend_B","Defend_B","Defend_B","Zap+1","Dualcast+1","Chill+1","Doubt","Capacitor","Capacitor","Ball Lightning","Loop","Creative AI","Redo+1","Capacitor+1"],"relics":["Cracked Core","NeowsBlessing","Ornamental Fan","Juzu Bracelet","Akabeko","Smiling Mask","Philosopher\u0027s Stone"],"acts_visited":["Exordium","TheCity"],"potions_floor_usage":[],"damage_taken":[{"damage":0,"enemies":"Small Slimes","floor":1,"turns":1},{"damage":0,"enemies":"Jaw Worm","floor":2,"turns":1},{"damage":0,"enemies":"Gremlin Nob","floor":10,"turns":1},{"damage":11,"enemies":"3 Sentries","floor":12,"turns":9},{"damage":7,"enemies":"2 Louse","floor":14,"turns":3},{"damage":29,"enemies":"The Guardian","floor":16,"turns":12},{"damage":6,"enemies":"Spheric Guardian","floor":18,"turns":3},{"damage":35,"enemies":"2 Thieves","floor":19,"turns":4},{"damage":28,"enemies":"Centurion and Healer","floor":21,"turns":5}],"seed_played":"-253538851585864633","potions_obtained":[{"floor":1,"key":"DuplicationPotion"},{"floor":14,"key":"GamblersBrew"},{"floor":16,"key":"Weak Potion"},{"floor":18,"key":"PowerPotion"}],"is_trial":false,"path_per_floor":["M","M","?","$","?","R","?","R","T","E","$","E","$","M","R","B",null,"M","M","?","M"],"character_chosen":"DEFECT","items_purchased":["Akabeko","Capacitor","Loop"],"campfire_rested":1,"item_purchase_floors":[11,11,13],"current_hp_per_floor":[75,75,75,75,60,60,60,60,60,60,60,49,49,42,64,35,75,69,34,34,6,6],"gold":177,"neow_bonus":"THREE_ENEMY_KILL","is_daily":false,"chose_seed":false,"campfire_upgraded":2,"win_rate":0,"timestamp":1607633442,"path_taken":["M","M","?","$","?","R","?","R","T","E","?","E","$","M","R","BOSS","M","M","?","M"],"build_version":"2020-11-30","purchased_purges":0,"victory":false,"max_hp_per_floor":[75,75,75,75,75,75,75,75,75,75,75,75,75,75,75,75,75,75,75,75,75,75],"card_choices":[{"not_picked":["Darkness","Heatsinks"],"picked":"Chill","floor":1},{"not_picked":["FTL","Hologram","Leap"],"picked":"SKIP","floor":2},{"not_picked":["Steam","Go for the Eyes"],"picked":"Capacitor","floor":10},{"not_picked":["Sunder","Reboot"],"picked":"Ball Lightning","floor":12},{"not_picked":["Go for the Eyes","Chill","Rip and Tear"],"picked":"SKIP","floor":14},{"not_picked":["Seek","Amplify"],"picked":"Creative AI","floor":16},{"not_picked":["Streamline","Conserve Battery"],"picked":"Redo+1","floor":18},{"not_picked":["Cold Snap+1","Compile Driver"],"picked":"Capacitor+1","floor":19}],"player_experience":201079,"relics_obtained":[{"floor":9,"key":"Ornamental Fan"},{"floor":10,"key":"Juzu Bracelet"},{"floor":12,"key":"Smiling Mask"}],"event_choices":[{"damage_healed":0,"gold_gain":0,"player_choice":"Ignored","damage_taken":0,"max_hp_gain":0,"max_hp_loss":0,"event_name":"Golden Wing","floor":3,"gold_loss":0},{"damage_healed":0,"gold_gain":0,"player_choice":"Entered Light","damage_taken":15,"max_hp_gain":0,"max_hp_loss":0,"event_name":"Shining Light","floor":5,"gold_loss":0,"cards_upgraded":["Dualcast","Chill"]},{"damage_healed":0,"gold_gain":175,"player_choice":"AGREE","damage_taken":0,"max_hp_gain":0,"max_hp_loss":0,"event_name":"Liars Game","floor":7,"gold_loss":0,"cards_obtained":["Doubt"]},{"damage_healed":0,"gold_gain":0,"player_choice":"Ignored","damage_taken":0,"max_hp_gain":0,"max_hp_loss":0,"event_name":"Vampires","floor":20,"gold_loss":0}],"is_beta":false,"boss_relics":[{"not_picked":["Runic Dome","Black Star"],"picked":"Philosopher\u0027s Stone"}],"items_purged_floors":[],"is_endless":false,"potions_floor_spawned":[1,14,16,18],"killed_by":"Centurion and Healer","ascension_level":2}}