{"host":"8rwnpls8n88jrgbg","time":1607635242,"event":{"mods":["BaseMod","StSLib","Colored Map","SuperFastMode","Colored Powertips","DeckTracker","Keyboard Shortcuts","Minty Spire (QoL Compilation)","Relic Stats","AchievementEnabler"],"gold_per_floor":[128,152,174,12,12,12,48,57,57,19,19,19],"floor_reached":11,"playtime":494,"items_purged":["Strike_G"],"score":142,"play_id":"328bb4ab-dc4c-4db9-aae3-f874098083e9","local_time":"20201211062042","is_ascension_mode":true,"campfire_choices":[{"data":"Crippling Poison","floor":6.0,"key":"SMITH"}],"circlet_count":0,"master_deck":["AscendersBane","Strike_G","Strike_G","Strike_G","Defend_G","Defend_G","Defend_G","Defend_G","Defend_G","Survivor","Neutralize","CurseOfTheBell","Slice","Poisoned Stab","Crippling Poison+1","Dagger Throw","Terror"],"special_seed":0,"relics":["Calling Bell","CeramicFish","Pantograph","Thread and Needle","Membership Card","Question Card","Ancient Tea Set","Singing Bowl"],"acts_visited":["Exordium"],"potions_floor_usage":[],"damage_taken":[{"damage":2.0,"enemies":"Cultist","floor":1.0,"turns":5.0},{"damage":0.0,"enemies":"Jaw Worm","floor":2.0,"turns":5.0},{"damage":5.0,"enemies":"2 Louse","floor":3.0,"turns":4.0},{"damage":13.0,"enemies":"3 Sentries","floor":7.0,"turns":6.0},{"damage":45,"enemies":"Gremlin Nob","floor":11,"turns":4}],"seed_played":"5563714503218322314","potions_obtained":[{"floor":1.0,"key":"DuplicationPotion"},{"floor":3.0,"key":"ColorlessPotion"}],"is_trial":false,"path_per_floor":["M","M","M","$","?","R","E","?","T","$","E"],"character_chosen":"THE_SILENT","items_purchased":["Membership Card"],"campfire_rested":0,"item_purchase_floors":[4],"current_hp_per_floor":[57,57,52,52,47,47,34,34,34,34,0,0],"gold":19,"neow_bonus":"BOSS_RELIC","is_daily":false,"chose_seed":false,"campfire_upgraded":1,"win_rate":0,"timestamp":1607635242,"path_taken":["M","M","M","?","?","R","E","?","T","$","E"],"build_version":"2020-11-30","purchased_purges":1,"victory":false,"max_hp_per_floor":[66,66,66,66,66,66,66,66,66,66,66,66],"relic_stats":{"Singing Bowl":0,"counters":[5,24],"CeramicFish":45,"Pantograph":0,"Question Card":1,"obtain_stats":[{"Calling Bell":0,"Singing Bowl":9,"CeramicFish":0,"Pantograph":0,"Thread and Needle":0,"Membership Card":4,"Question Card":5,"Ancient Tea Set":7,"Ring of the Snake":0},{"Calling Bell":0,"Singing Bowl":4,"CeramicFish":0,"Pantograph":0,"Thread and Needle":0,"Membership Card":3,"Question Card":3,"Ancient Tea Set":4,"Ring of the Snake":0},{"Calling Bell":0,"Singing Bowl":20,"CeramicFish":0,"Pantograph":0,"Thread and Needle":0,"Membership Card":14,"Question Card":14,"Ancient Tea Set":20,"Ring of the Snake":0}]},"card_choices":[{"not_picked":["Sucker Punch","Underhanded Strike"],"picked":"Slice","floor":1.0},{"not_picked":["Prepared","Dodge and Roll"],"picked":"Poisoned Stab","floor":2.0},{"not_picked":["Heel Hook","Leg Sweep"],"picked":"Crippling Poison","floor":3.0},{"not_picked":["Sucker Punch","Outmaneuver","Prepared"],"picked":"Dagger Throw","floor":7.0}],"player_experience":1433274,"relics_obtained":[{"floor":0.0,"key":"CeramicFish"},{"floor":0.0,"key":"Pantograph"},{"floor":0.0,"key":"Thread and Needle"},{"floor":7.0,"key":"Ancient Tea Set"},{"floor":9.0,"key":"Singing Bowl"}],"event_choices":[{"damage_healed":0.0,"max_hp_gain":0.0,"max_hp_loss":0.0,"gold_gain":0.0,"event_name":"Scrap Ooze","player_choice":"Success","floor":5.0,"gold_loss":0.0,"damage_taken":5.0,"relics_obtained":["Question Card"]},{"damage_healed":0.0,"max_hp_gain":0.0,"max_hp_loss":0.0,"gold_gain":0.0,"cards_transformed":["Strike_G"],"event_name":"Transmorgrifier","player_choice":"Transformed","floor":8.0,"gold_loss":0.0,"damage_taken":0.0,"cards_obtained":["Terror"]}],"is_beta":false,"boss_relics":[],"items_purged_floors":[10],"is_endless":false,"potions_floor_spawned":[1,3],"killed_by":"Gremlin Nob","ascension_level":20}}