{"host":"hoz3ngw650fbea07","time":1607579499,"event":{"gold_per_floor":[115,132,232,252,270,305,305,305,305],"floor_reached":8,"playtime":415,"items_purged":[],"score":61,"play_id":"f2231d6f-3a03-403a-b137-dc75ab0e6967","local_time":"20201209225139","is_ascension_mode":true,"campfire_choices":[{"data":"Searing Blow","floor":7,"key":"SMITH"}],"neow_cost":"NONE","seed_source_timestamp":2215346731314600,"circlet_count":0,"master_deck":["Strike_R","Strike_R","Strike_R","Strike_R","Strike_R","Defend_R","Defend_R","Defend_R","Defend_R","Bash","Searing Blow+1","Sword Boomerang","StuffTheSpire:RockThrow"],"relics":["Burning Blood","aspiration:Nostalgia","Slimebound:AbsorbEndCombat","ReplayTheSpireMod:Shallot"],"potions_floor_usage":[6,8],"damage_taken":[{"damage":13,"enemies":"2 Louse","floor":1,"turns":2},{"damage":5,"enemies":"Cultist","floor":2,"turns":4},{"damage":0,"enemies":"conspire:RoseBush","floor":4,"turns":4},{"damage":19,"enemies":"3 Louse","floor":5,"turns":6},{"damage":37,"enemies":"Replay:BlueRogue","floor":6,"turns":8},{"damage":41,"enemies":"Lagavulin","floor":8,"turns":7}],"seed_played":"8040164400924052610","potions_obtained":[{"floor":1,"key":"Dexterity Potion"},{"floor":4,"key":"Dexterity Potion"}],"is_trial":false,"path_per_floor":["M","M","?","M","M","E","R","E"],"character_chosen":"IRONCLAD","items_purchased":[],"campfire_rested":0,"item_purchase_floors":[],"current_hp_per_floor":[73,74,74,80,67,36,36,0,0],"gold":305,"neow_bonus":"NOSTALGIA","is_prod":false,"is_daily":false,"chose_seed":false,"campfire_upgraded":1,"win_rate":0,"timestamp":1607579499,"path_taken":["M","M","?","M","M","E","R","E"],"build_version":"2020-11-30","purchased_purges":0,"victory":false,"max_hp_per_floor":[80,80,80,80,80,80,80,80,80],"card_choices":[{"not_picked":["conspire:ExplosiveBarrier","Warcry"],"picked":"Searing Blow","floor":1},{"not_picked":["Headbutt","Life Link"],"picked":"Sword Boomerang","floor":2},{"not_picked":["Dual Wield","StuffTheSpire:Slingshot"],"picked":"StuffTheSpire:RockThrow","floor":4},{"not_picked":["Searing Blow","Shockwave","Headbutt"],"picked":"SKIP","floor":5},{"not_picked":["Flex","Massacre","Cleave"],"picked":"SKIP","floor":6}],"player_experience":102109,"relics_obtained":[{"floor":6,"key":"ReplayTheSpireMod:Shallot"}],"event_choices":[{"damage_healed":0,"gold_gain":100,"player_choice":"Gold","damage_taken":0,"max_hp_gain":0,"max_hp_loss":0,"event_name":"Wheel of Change","floor":3,"gold_loss":0}],"is_beta":false,"boss_relics":[],"items_purged_floors":[],"is_endless":false,"potions_floor_spawned":[1,4],"killed_by":"Lagavulin","ascension_level":1}}