{"host":"0ueeacaatm8t6jyh","time":1607615912,"event":{"mods":["BaseMod","Minty Spire (QoL Compilation)","StSLib","AchievementEnabler","Colored Powertips","Rare Cards Sparkle","Shop Mod","Quick Restart"],"gold_per_floor":[113,123,139,139,157,188,188,201,226,259,290,302,302],"floor_reached":12,"playtime":423,"items_purged":[],"score":106,"play_id":"43626aef-3e9c-45ac-82c6-4b4e97fec728","local_time":"20201210235832","is_ascension_mode":true,"campfire_choices":[{"data":"Defend_P","floor":7.0,"key":"PURGE"}],"circlet_count":0,"master_deck":["Strike_P","Strike_P","Strike_P","Defend_P","Defend_P","Eruption","Vigilance","WindmillStrike+1","PathToVictory","Scrawl","BattleHymn","PathToVictory","PathToVictory"],"special_seed":0,"relics":["PureWater","Peace Pipe","MawBank"],"acts_visited":[],"potions_floor_usage":[12],"damage_taken":[{"damage":0.0,"enemies":"2 Louse","floor":1.0,"turns":1.0},{"damage":0.0,"enemies":"Cultist","floor":2.0,"turns":4.0},{"damage":0.0,"enemies":"Jaw Worm","floor":3.0,"turns":2.0},{"damage":12.0,"enemies":"Red Slaver","floor":5.0,"turns":4.0},{"damage":10.0,"enemies":"Gremlin Nob","floor":6.0,"turns":3.0},{"damage":4.0,"enemies":"2 Fungi Beasts","floor":8.0,"turns":3.0},{"damage":27.0,"enemies":"3 Sentries","floor":10.0,"turns":6.0},{"damage":10.0,"enemies":"3 Louse","floor":11.0,"turns":2.0},{"damage":50,"enemies":"Lagavulin","floor":12,"turns":3}],"seed_played":"-2391474167260396431","potions_obtained":[{"floor":1.0,"key":"Regen Potion"},{"floor":5.0,"key":"Fire Potion"},{"floor":8.0,"key":"EssenceOfSteel"}],"is_trial":false,"path_per_floor":["M","M","M","?","M","E","R","M","T","E","M","E"],"character_chosen":"WATCHER","items_purchased":[],"campfire_rested":0,"item_purchase_floors":[],"current_hp_per_floor":[65,65,65,65,53,43,43,39,39,12,2,0,0],"gold":302,"neow_bonus":"REMOVE_TWO","is_daily":false,"chose_seed":false,"campfire_upgraded":0,"win_rate":0,"timestamp":1607615912,"path_taken":["M","M","M","?","M","E","R","M","T","E","?","E"],"build_version":"2020-11-30","purchased_purges":0,"victory":false,"max_hp_per_floor":[65,65,65,65,65,65,65,65,65,65,65,65,65],"card_choices":[{"not_picked":["Sanctity","CrushJoints"],"picked":"WindmillStrike","floor":1.0},{"not_picked":["Consecrate","CrushJoints"],"picked":"PathToVictory","floor":2.0},{"not_picked":["SignatureMove","FlyingSleeves"],"picked":"Scrawl","floor":3.0},{"not_picked":["TalkToTheHand","Halt","Consecrate"],"picked":"SKIP","floor":5.0},{"not_picked":["ClearTheMind","CutThroughFate"],"picked":"BattleHymn","floor":6.0},{"not_picked":["Fasting2","EmptyBody","Consecrate"],"picked":"SKIP","floor":8.0},{"not_picked":["Devotion","CrushJoints"],"picked":"PathToVictory","floor":10.0},{"not_picked":["EmptyBody","FlyingSleeves"],"picked":"PathToVictory","floor":11.0}],"player_experience":263029,"relics_obtained":[{"floor":6.0,"key":"Peace Pipe"},{"floor":10.0,"key":"MawBank"}],"event_choices":[{"damage_healed":0.0,"max_hp_gain":0.0,"max_hp_loss":0.0,"gold_gain":0.0,"event_name":"Upgrade Shrine","player_choice":"Upgraded","floor":4.0,"gold_loss":0.0,"damage_taken":0.0,"cards_upgraded":["WindmillStrike"]}],"is_beta":false,"boss_relics":[],"items_purged_floors":[],"is_endless":false,"potions_floor_spawned":[1,5,8],"killed_by":"Lagavulin","ascension_level":3}}