{"host":"5s7sm4h73jkd9266","time":1607621604,"event":{"mods":["BaseMod","AchievementEnabler","BetterRewards","Colored Map","Colored Powertips","Conspire","StSLib","Hermit","Hubris","Rare Cards Sparkle","Replay The Spire","everything is the same but u backflip on backflip","slay the spire mod where everything is the same but ironclad has a cowboy hat","Virulent Crown","GifTheSpireLib","Stuff the Spire","Marisa????????","Melee Mod","Shop Mod","The Cursed","The Disciple","The Wild Card","The Bladedancer","The Forsaken","Minty Spire (QoL Compilation)","Better Match","Better Vampires","Downfall","vexMod","Energized Spire","The Dragon Tamer","Potion Indicator Mod","Bartender","The Necromancer","The Witch","The Blue Laboratory","Relic Stats","Shade Mod","Magitek Elite","Robot Space Explorer","The Servant 0.9.4"],"gold_per_floor":[130,405,419,419,419,419,454,454,481,481,522,522,522,522,522,32,32,134,134,179,221,221,201,215,215,215,260,260,79,29,49,49,93,93,216,216,227,227,227,242,242,242,28,28,97,97,47,86,86,125,125,125,125],"floor_reached":52,"playtime":9983,"items_purged":["Regret"],"score":741,"play_id":"3779d8aa-b192-4767-8b26-33867a38026c","local_time":"20201210123324","is_ascension_mode":false,"campfire_choices":[{"data":"StuffTheSpire:Ambrosia","floor":6.0,"key":"SMITH"},{"data":"HandOfGreed","floor":10.0,"key":"SMITH"},{"data":"Epidemic","floor":12.0,"key":"SMITH"},{"data":"Bone_Armory","floor":15.0,"key":"SMITH"},{"floor":17.0,"key":"REST"},{"data":"Summon_Vampire_Lady","floor":25.0,"key":"SMITH"},{"data":"StuffTheSpire:BrainWave","floor":42,"key":"SMITH"},{"data":"Madness","floor":44,"key":"SMITH"},{"floor":46,"key":"REST"},{"floor":49,"key":"REST"},{"floor":51,"key":"REST"}],"circlet_count":0,"master_deck":["Strike_W","Strike_W","Strike_W","Strike_W","Defend_W","Defend_W","Defend_W","Negative_Energy_Arrows","Bone_Wall","Replay:SS_forest_6","HandOfGreed+1","Whirlwind_of_Bones","Bone_Armory+1","Scare","StuffTheSpire:Ambrosia+1","Shackles_Of_Pain","Epidemic+1","Hellfire","Bone_Armory","Summon_Vampire_Lady+1","Toxic_Smoke_Screen","Bones_to_Steel","Writhe","Death_March_Dance","Corrupt+1","Apotheosis+1","Negative_Energy_Mist","Negative_Energy_Sphere","Grasp_Heart","Bone_Shift+1","Madness+1","Madness","Uncharnel+1","StuffTheSpire:BrainWave+1","Bone_Armory","conspire:SpireCoStock","Skeleton_Dragon","Consume_Illness+1"],"special_seed":0,"relics":["Vampire_Amulet","StuffTheSpire:Experiment12","Garlic","Pet Ghost","Toolbox","hubris:ScarierMask","Replay:Ringing Soul","Bottled Tornado","Bronze Scales","conspire:RoyalGoblet","Simple Rune","conspire:DecoderRing","StuffTheSpire:CocoNut"],"acts_visited":["TheBeyond"],"potions_floor_usage":[40,40,40,40,48,48,48],"damage_taken":[{"damage":0.0,"enemies":"Cultist","floor":1.0,"turns":4.0},{"damage":1.0,"enemies":"Small Slimes","floor":3.0,"turns":3.0},{"damage":5.0,"enemies":"2 Louse","floor":7.0,"turns":3.0},{"damage":16.0,"enemies":"Large Slime","floor":11.0,"turns":9.0},{"damage":26.0,"enemies":"Hexaghost","floor":18.0,"turns":13.0},{"damage":21.0,"enemies":"Chosen","floor":20.0,"turns":8.0},{"damage":6.0,"enemies":"3 Byrds","floor":21.0,"turns":5.0},{"damage":20.0,"enemies":"Snake Plant","floor":24.0,"turns":5.0},{"damage":10.0,"enemies":"3 Cultists","floor":27.0,"turns":5.0},{"damage":12.0,"enemies":"Chosen and Byrds","floor":31.0,"turns":5.0},{"damage":10.0,"enemies":"Snecko","floor":33.0,"turns":6.0},{"damage":64.0,"enemies":"Champ","floor":35.0,"turns":18.0},{"damage":22.0,"enemies":"Orb Walker","floor":37.0,"turns":5.0},{"damage":14,"enemies":"3 Darklings","floor":40,"turns":7},{"damage":124,"enemies":"Giant Head","floor":48,"turns":11},{"damage":32,"enemies":"Spire Growth","floor":50,"turns":5},{"damage":173,"enemies":"hubris:GrandSnecko","floor":52,"turns":10}],"seed_played":"6499766584975125161","potions_obtained":[{"floor":1.0,"key":"Energy Potion"},{"floor":23.0,"key":"Flashbang"},{"floor":24.0,"key":"blueLaboratory:BubblePotion"},{"floor":35.0,"key":"blueLaboratory:HummingbirdPotion"},{"floor":48,"key":"blueLaboratory:NullPotion"}],"is_trial":false,"path_per_floor":["M","?","M","?","?","R","M","T","T","R","M","R","PTL","PTL","R","$","R","B",null,"M","M","?","?","M","R","?","M","T","$","?","M","T","M","R_BF","B",null,"M","?","?","M","?","R","$","R","T","R","?","E","R","M","R","B"],"character_chosen":"NECROMANCER","items_purchased":["StuffTheSpire:Experiment12","Replay:SS_forest_6","Replay:Baseball","HandOfGreed","Toolbox","Hellfire","Bone_Armory","Thousand_Bone_Knives","Apotheosis","Simple Rune","Bone_Armory"],"campfire_rested":4,"item_purchase_floors":[0,0,0,0,16,16,16,16,29,43,43],"current_hp_per_floor":[51,51,54,54,69,69,70,70,70,70,68,68,68,68,68,68,79,57,81,67,76,79,79,74,74,93,92,92,95,95,90,90,87,111,90,116,110,110,98,99,102,102,105,105,105,123,126,42,83,78,120,0,0],"gold":125,"neow_bonus":"","is_daily":false,"chose_seed":false,"campfire_upgraded":7,"win_rate":0.0,"timestamp":1607621604,"path_taken":["M","?","?","?","?","R","M","?","T","R","M","R","PTL","PTL","R","$","R","BOSS","M","M","?","?","?","R","?","M","T","?","?","?","?","?","R_BF","BOSS","M","?","?","M","?","R","$","R","T","R","?","E","R","M","R","BOSS"],"build_version":"2020-11-30","purchased_purges":1,"victory":false,"max_hp_per_floor":[75,75,75,75,75,75,77,77,77,77,79,79,79,79,79,79,79,81,81,83,85,88,88,93,93,93,98,98,101,101,106,106,111,111,116,116,121,121,124,129,120,120,123,123,123,123,126,138,138,143,143,145,145],"relic_stats":{"counters":[41,263],"Bronze Scales":[375],"obtain_stats":[{"Replay:Accelerometer":43,"vexMod:MemoryStick":46,"hubris:CrystalStatue":9,"conspire:RoyalGoblet":36,"Bottled Tornado":28,"Pet Ghost":9,"StuffTheSpire:Experiment12":0,"Replay:Ringing Soul":22,"StuffTheSpire:Gunfinga":27,"Ribbon":4,"conspire:DecoderRing":26,"Toolbox":16,"hubris:ScarierMask":19,"Vampire_Amulet":20,"Replay:Wax Seal":2,"Ring of the Snake":0,"Replay:Bottled Steam":7,"Basket Of Snakes":2,"Golden_Hairpin":17,"Bottled Flame":40,"Replay:Baseball":0,"Shuriken":0,"Bronze Scales":14,"Molten Egg 2":24,"ChewingGum":34,"Simple Rune":43,"StuffTheSpire:CocoNut":48,"Art of War":13,"Nloth\u0027s Gift":20,"Garlic":8,"hubris:BottledRain":38},{"Replay:Accelerometer":20,"vexMod:MemoryStick":22,"hubris:CrystalStatue":6,"conspire:RoyalGoblet":36,"Bottled Tornado":33,"Pet Ghost":27,"StuffTheSpire:Experiment12":24,"Replay:Ringing Soul":31,"StuffTheSpire:Gunfinga":13,"Ribbon":4,"conspire:DecoderRing":13,"Toolbox":28,"hubris:ScarierMask":29,"Vampire_Amulet":11,"Replay:Wax Seal":4,"Ring of the Snake":0,"Replay:Bottled Steam":6,"Basket Of Snakes":1,"Golden_Hairpin":10,"Bottled Flame":20,"Replay:Baseball":24,"Shuriken":3,"Bronze Scales":9,"Molten Egg 2":13,"ChewingGum":17,"Simple Rune":38,"StuffTheSpire:CocoNut":39,"Art of War":8,"Nloth\u0027s Gift":11,"Garlic":27,"hubris:BottledRain":19},{"Replay:Accelerometer":116,"vexMod:MemoryStick":129,"hubris:CrystalStatue":41,"conspire:RoyalGoblet":225,"Bottled Tornado":196,"Pet Ghost":151,"StuffTheSpire:Experiment12":141,"Replay:Ringing Soul":186,"StuffTheSpire:Gunfinga":81,"Ribbon":30,"conspire:DecoderRing":81,"Toolbox":160,"hubris:ScarierMask":173,"Vampire_Amulet":69,"Replay:Wax Seal":30,"Ring of the Snake":0,"Replay:Bottled Steam":41,"Basket Of Snakes":5,"Golden_Hairpin":64,"Bottled Flame":116,"Replay:Baseball":141,"Shuriken":26,"Bronze Scales":54,"Molten Egg 2":81,"ChewingGum":100,"Simple Rune":237,"StuffTheSpire:CocoNut":248,"Art of War":46,"Nloth\u0027s Gift":69,"Garlic":151,"hubris:BottledRain":109}]},"card_choices":[{"not_picked":["Bone_Armor","Negative_Energy_Javelin"],"picked":"Bone_Armory","floor":1.0},{"not_picked":["Finger_Of_Death","Bone_Spikes"],"picked":"Scare","floor":3.0},{"not_picked":["StuffTheSpire:Harmony","StuffTheSpire:BrainWave"],"picked":"StuffTheSpire:Ambrosia","floor":4.0},{"not_picked":["Chill_Blood","Bone_Shift"],"picked":"Shackles_Of_Pain","floor":7.0},{"not_picked":["Blood_Curse","Negative_Energy_Shield"],"picked":"Epidemic","floor":11.0},{"not_picked":["Hellfire","Cloudkill"],"picked":"Summon_Vampire_Lady","floor":18.0},{"not_picked":["Death_Coil","Blood_Curse"],"picked":"Toxic_Smoke_Screen","floor":20.0},{"not_picked":["Summon_Undead","Negative_Energy_Mist"],"picked":"Bones_to_Steel","floor":21.0},{"not_picked":["Consume_Illness","Bone_Bullets"],"picked":"Death_March_Dance","floor":24.0},{"not_picked":["Life_Tap","Consume_Illness+1"],"picked":"Corrupt+1","floor":27.0},{"not_picked":["Blood_for_Blood","Bone_Shift"],"picked":"Negative_Energy_Mist","floor":31.0},{"not_picked":["Bone_Spikes","Finger_Of_Death"],"picked":"Negative_Energy_Sphere","floor":33.0},{"not_picked":["Detonate_Bones","Blood_Wake"],"picked":"Grasp_Heart","floor":35.0},{"not_picked":["Scare","Negative_Energy_Mist"],"picked":"Bone_Shift+1","floor":37.0},{"not_picked":["Bone_Armor+1","Shackles_Of_Pain"],"picked":"Uncharnel+1","floor":40},{"not_picked":["Negative_Energy_Shield+1","Shade_Step"],"picked":"Skeleton_Dragon","floor":48},{"not_picked":["Bone_Shift","Exploit"],"picked":"Consume_Illness+1","floor":50}],"player_experience":5274705,"relics_obtained":[{"floor":8.0,"key":"Garlic"},{"floor":9.0,"key":"Pet Ghost"},{"floor":28.0,"key":"Bottled Tornado"},{"floor":32.0,"key":"Bronze Scales"},{"floor":45,"key":"conspire:DecoderRing"},{"floor":48,"key":"StuffTheSpire:CocoNut"}],"event_choices":[{"damage_healed":0.0,"max_hp_gain":0.0,"max_hp_loss":0.0,"gold_gain":275.0,"event_name":"Golden Shrine","player_choice":"Desecrate","floor":2.0,"gold_loss":0.0,"damage_taken":0.0,"cards_obtained":["Regret"]},{"damage_healed":0.0,"max_hp_gain":0.0,"max_hp_loss":0.0,"gold_gain":0.0,"event_name":"The Mausoleum","player_choice":"Opened","floor":22.0,"gold_loss":0.0,"damage_taken":0.0,"relics_obtained":["Replay:Ringing Soul"],"cards_obtained":["Writhe"]},{"damage_healed":0.0,"max_hp_gain":0.0,"max_hp_loss":0.0,"gold_gain":0.0,"event_name":"The Woman in Blue","player_choice":"Bought 1 Potion","floor":23.0,"gold_loss":0.0,"damage_taken":0.0},{"cards_removed":["Thousand_Bone_Knives"],"damage_healed":19.0,"max_hp_gain":0.0,"max_hp_loss":0.0,"gold_gain":0.0,"event_name":"Bonfire Elementals","player_choice":"Offered Uncommon","floor":26.0,"gold_loss":0.0,"damage_taken":0.0},{"damage_healed":0.0,"max_hp_gain":0.0,"max_hp_loss":0.0,"gold_gain":0.0,"event_name":"The Joust","player_choice":"Bet on Murderer","floor":30.0,"gold_loss":50.0,"damage_taken":0.0},{"damage_healed":0,"gold_gain":0,"player_choice":"Embrace Madness","damage_taken":15,"max_hp_gain":0,"max_hp_loss":0,"event_name":"Winding Halls","floor":39,"gold_loss":0,"cards_obtained":["Madness","Madness"]},{"damage_healed":0,"gold_gain":0,"player_choice":"Invest 1","damage_taken":0,"max_hp_gain":0,"max_hp_loss":0,"event_name":"conspire:Investor","floor":47,"gold_loss":0}],"is_beta":false,"boss_relics":[{"not_picked":["Philosopher\u0027s Stone","energizedSpire:OgreHead"],"picked":"hubris:ScarierMask"},{"not_picked":["Replay:Grab Bag","vexMod:MysteryBossChallenge"],"picked":"conspire:RoyalGoblet"}],"items_purged_floors":[16],"is_endless":false,"potions_floor_spawned":[1,24,35,48],"killed_by":"hubris:GrandSnecko","ascension_level":0}}