{"host":"t7mx8yfj1no5p62f","time":1607573900,"event":{"gold_per_floor":[112,112,112,112,122,122,154,154,223,223,223,238,271,44,44,122,122,97,114,14,14,14,42,57,57,57,57,57],"floor_reached":27,"playtime":672,"items_purged":["Strike_G","Strike_G"],"score":574,"play_id":"62cd93bf-661f-4917-b1ae-1f6156d4ebb3","local_time":"20201209231820","is_ascension_mode":true,"campfire_choices":[{"data":"Backstab","floor":6,"key":"SMITH"},{"data":"Terror","floor":8,"key":"SMITH"},{"data":"Neutralize","floor":10,"key":"SMITH"},{"data":"Noxious Fumes","floor":15,"key":"SMITH"},{"floor":25,"key":"REST"}],"neow_cost":"NONE","seed_source_timestamp":41401830583700,"circlet_count":0,"master_deck":["AscendersBane","Strike_G","Strike_G","Defend_G","Defend_G","Defend_G","Defend_G","Defend_G","Survivor","Neutralize+1","Backstab+1","Terror+1","Dagger Spray","Noxious Fumes+1","Catalyst","PiercingWail","Malaise","Deflect+1","Wraith Form v2","Dash"],"relics":["Ring of the Snake","NeowsBlessing","Gremlin Horn","Ornamental Fan","Singing Bowl","Shuriken","Omamori","WristBlade","PreservedInsect","Nunchaku"],"potions_floor_usage":[13,13,16,24],"damage_taken":[{"damage":0,"enemies":"Jaw Worm","floor":1,"turns":1},{"damage":0,"enemies":"2 Louse","floor":5,"turns":1},{"damage":0,"enemies":"3 Sentries","floor":7,"turns":1},{"damage":0,"enemies":"Small Slimes","floor":12,"turns":2},{"damage":0,"enemies":"Lagavulin","floor":13,"turns":1},{"damage":30,"enemies":"Hexaghost","floor":16,"turns":10},{"damage":20,"enemies":"2 Thieves","floor":18,"turns":4},{"damage":2,"enemies":"Spheric Guardian","floor":19,"turns":4},{"damage":51,"enemies":"Gremlin Leader","floor":23,"turns":9},{"damage":7,"enemies":"Centurion and Healer","floor":24,"turns":8},{"damage":47,"enemies":"Slavers","floor":27,"turns":4}],"seed_played":"7623099576366507676","potions_obtained":[{"floor":5,"key":"ColorlessPotion"},{"floor":7,"key":"CunningPotion"},{"floor":12,"key":"SteroidPotion"},{"floor":16,"key":"Ancient Potion"},{"floor":23,"key":"Block Potion"}],"is_trial":false,"path_per_floor":["M","?","?","?","M","R","E","R","T","R","T","M","E","$","R","B",null,"M","M","$","?","$","E","M","R","T","E"],"character_chosen":"THE_SILENT","items_purchased":["Catalyst","BlessingOfTheForge","PiercingWail"],"campfire_rested":1,"item_purchase_floors":[14,14,14],"current_hp_per_floor":[59,41,46,46,46,46,46,46,46,46,46,46,46,46,46,16,57,37,37,37,73,73,22,15,36,36,0,0],"gold":57,"neow_bonus":"THREE_ENEMY_KILL","is_prod":false,"is_daily":false,"chose_seed":false,"campfire_upgraded":4,"win_rate":0,"timestamp":1607573900,"path_taken":["M","?","?","?","?","R","E","R","T","R","?","?","E","$","R","BOSS","M","M","$","?","?","E","M","R","T","E"],"build_version":"2020-11-30","purchased_purges":2,"victory":false,"max_hp_per_floor":[66,66,71,71,71,71,71,71,71,71,71,71,71,71,71,71,71,71,73,73,73,73,73,73,73,73,73,73],"relic_stats":{"Nunchaku":[0],"Gremlin Horn":[12,12],"Singing Bowl":2,"counters":[11,45],"Ornamental Fan":[36],"Shuriken":[9],"PreservedInsect":41,"obtain_stats":[{"Nunchaku":26,"NeowsBlessing":0,"Gremlin Horn":2,"Singing Bowl":9,"WristBlade":17,"Ornamental Fan":7,"Shuriken":11,"PreservedInsect":23,"Omamori":13,"Ring of the Snake":0},{"Nunchaku":10,"NeowsBlessing":0,"Gremlin Horn":1,"Singing Bowl":3,"WristBlade":6,"Ornamental Fan":3,"Shuriken":3,"PreservedInsect":9,"Omamori":5,"Ring of the Snake":0},{"Nunchaku":41,"NeowsBlessing":0,"Gremlin Horn":1,"Singing Bowl":3,"WristBlade":16,"Ornamental Fan":3,"Shuriken":3,"PreservedInsect":33,"Omamori":6,"Ring of the Snake":0}],"Ring of the Snake":[22]},"card_choices":[{"not_picked":["Acrobatics","Prepared"],"picked":"Backstab","floor":1},{"not_picked":["Underhanded Strike","Sucker Punch"],"picked":"Terror","floor":5},{"not_picked":["Heel Hook","Concentrate","Deflect"],"picked":"SKIP","floor":7},{"not_picked":["Distraction","Backstab"],"picked":"Dagger Spray","floor":12},{"not_picked":["Deadly Poison","Dagger Spray"],"picked":"Noxious Fumes","floor":13},{"not_picked":["Tools of the Trade","Adrenaline"],"picked":"Malaise","floor":16},{"not_picked":["Flying Knee","Dagger Throw"],"picked":"Deflect+1","floor":18},{"not_picked":["Expertise","Concentrate","Poisoned Stab"],"picked":"Singing Bowl","floor":19},{"not_picked":["Blur","Prepared"],"picked":"Wraith Form v2","floor":23},{"not_picked":["Flying Knee","Masterful Stab"],"picked":"Dash","floor":24}],"player_experience":1523980,"relics_obtained":[{"floor":7,"key":"Ornamental Fan"},{"floor":9,"key":"Singing Bowl"},{"floor":11,"key":"Shuriken"},{"floor":13,"key":"Omamori"},{"floor":23,"key":"PreservedInsect"},{"floor":26,"key":"Nunchaku"}],"event_choices":[{"damage_healed":0,"gold_gain":0,"player_choice":"Success","damage_taken":18,"relics_obtained":["Gremlin Horn"],"max_hp_gain":0,"max_hp_loss":0,"event_name":"Scrap Ooze","floor":2,"gold_loss":0},{"damage_healed":0,"gold_gain":0,"player_choice":"Donut","damage_taken":0,"max_hp_gain":5,"max_hp_loss":0,"event_name":"Big Fish","floor":3,"gold_loss":0},{"cards_removed":["Strike_G"],"damage_healed":0,"gold_gain":0,"player_choice":"Offered Basic","damage_taken":0,"max_hp_gain":0,"max_hp_loss":0,"event_name":"Bonfire Elementals","floor":4,"gold_loss":0},{"damage_healed":36,"gold_gain":0,"player_choice":"Full Heal","damage_taken":0,"max_hp_gain":0,"max_hp_loss":0,"event_name":"Wheel of Change","floor":21,"gold_loss":0}],"is_beta":false,"boss_relics":[{"not_picked":["Empty Cage","SlaversCollar"],"picked":"WristBlade"}],"items_purged_floors":[14,20],"is_endless":false,"potions_floor_spawned":[5,7,12,16,23],"killed_by":"Slavers","ascension_level":20}}