{"host":"9sljmwdfk42tzqyu","time":1607571300,"event":{"gold_per_floor":[111,36,56,56,76,76,102,102,102,102,114,114,32,32,32,128,128,139,158,58,70,80,80,106,106,129,129,4,4,0,11,11,113,113,127,140,151,169,169,169,169],"floor_reached":40,"playtime":2620,"items_purged":["Voices","Strike_G","Strike_G"],"score":547,"play_id":"6944ab74-85f9-4801-af28-932230414b53","local_time":"20201209223500","is_ascension_mode":true,"campfire_choices":[{"data":"Bouncing Flask","floor":6.0,"key":"SMITH"},{"data":"Bane","floor":8.0,"key":"SMITH"},{"data":"1","floor":10.0,"key":"LIFT"},{"data":"Noxious Fumes","floor":15.0,"key":"SMITH"},{"floor":23,"key":"REST"},{"data":"Catalyst","floor":27,"key":"SMITH"},{"floor":29,"key":"RECALL"},{"floor":32,"key":"REST"}],"neow_cost":"CURSE","seed_source_timestamp":19712607792400,"circlet_count":0,"master_deck":["Strike_G","Strike_G","Strike_G","Defend_G","Defend_G","Defend_G","Defend_G","Defend_G","Survivor","Neutralize","Bouncing Flask+1","Bane+1","Pot Of Greed","Pot Of Greed","Noxious Fumes+1","Die Die Die","Poisoned Stab","Catalyst+1","Corpse Explosion","Poison Darts","Deadly Poison","Noxious Fumes","Bane+1","Replay:Bootleg Shield Generator","Pot Of Greed"],"special_seed":0,"relics":["Ring of the Snake","Girya","CultistMask","Grinning Jar","Ninja Scroll","Replay:Bottled Flurry","SlaversCollar","hubris:FunFungus","hubris:Towel","Blood Vial","Painkiller Herb"],"potions_floor_usage":[19,21,24,31,40],"damage_taken":[{"damage":8.0,"enemies":"2 Louse","floor":1.0,"turns":4.0},{"damage":0.0,"enemies":"Cultist","floor":3.0,"turns":3.0},{"damage":0.0,"enemies":"Jaw Worm","floor":5.0,"turns":4.0},{"damage":22.0,"enemies":"Gremlin Nob","floor":7.0,"turns":4.0},{"damage":7.0,"enemies":"Exordium Thugs","floor":11.0,"turns":4.0},{"damage":56.0,"enemies":"Fading Forest","floor":16.0,"turns":11.0},{"damage":2.0,"enemies":"3 Byrds","floor":18.0,"turns":5.0},{"damage":20,"enemies":"Shell Parasite","floor":19,"turns":6},{"damage":15,"enemies":"Centurion and Healer","floor":21,"turns":7},{"damage":10,"enemies":"Chosen and Byrds","floor":22,"turns":6},{"damage":0,"enemies":"Gremlin Leader","floor":24,"turns":4},{"damage":13,"enemies":"Snecko","floor":31,"turns":3},{"damage":45,"enemies":"hubris:MusketHawk","floor":33,"turns":7},{"damage":26,"enemies":"3 Darklings","floor":35,"turns":3},{"damage":6,"enemies":"Orb Walker","floor":36,"turns":2},{"damage":25,"enemies":"Maw","floor":37,"turns":6},{"damage":2,"enemies":"Transient","floor":38,"turns":5},{"damage":37,"enemies":"Giant Head","floor":40,"turns":5}],"seed_played":"-3708020187292871187","potions_obtained":[{"floor":1.0,"key":"DistilledChaos"},{"floor":5.0,"key":"SkillPotion"},{"floor":7.0,"key":"CunningPotion"},{"floor":19,"key":"ColorlessPotion"},{"floor":24,"key":"Energy Potion"},{"floor":33,"key":"AttackPotion"},{"floor":35,"key":"Toxic Potion"},{"floor":37,"key":"Fire Potion"}],"is_trial":false,"path_per_floor":["M","$","M","?","M","R","E","R","T","R","M","?","$","T","R","B",null,"M","M","$","M","M","R","E","?","T","R","$","R","?","M","R","B",null,"?","?","?","?","?","E"],"character_chosen":"THE_SILENT","items_purchased":["Noxious Fumes"],"campfire_rested":2,"item_purchase_floors":[13],"current_hp_per_floor":[62,62,62,62,62,62,40,40,40,40,33,70,70,70,70,34,70,68,48,48,33,23,44,44,44,44,44,44,44,44,33,54,14,70,44,40,18,18,18,0,0],"gold":169,"neow_bonus":"ONE_RARE_RELIC","is_prod":false,"is_daily":false,"chose_seed":false,"campfire_upgraded":4,"win_rate":0,"timestamp":1607571300,"path_taken":["M","$","M","?","M","R","E","R","T","R","?","?","$","?","R","BOSS","M","M","$","M","M","R","E","?","T","R","$","R","?","M","R","BOSS","?","?","?","?","?","E"],"build_version":"2020-11-30","purchased_purges":3,"victory":false,"max_hp_per_floor":[70,70,70,70,70,70,70,70,70,70,70,70,70,70,70,70,70,70,70,70,70,70,70,70,70,70,70,70,70,70,70,70,70,70,70,70,70,70,70,70,70],"card_choices":[{"not_picked":["Underhanded Strike","Cloak And Dagger"],"picked":"Bouncing Flask","floor":1.0},{"not_picked":["Cloak And Dagger","Hidden Blade"],"picked":"Bane","floor":3.0},{"not_picked":["Cloak And Dagger","Blade Dance","Dodge and Roll"],"picked":"SKIP","floor":5.0},{"not_picked":["Doppelganger","Heel Hook","Concentrate"],"picked":"SKIP","floor":7.0},{"not_picked":["Dagger Throw","Leg Sweep","Cloak And Dagger"],"picked":"SKIP","floor":11.0},{"not_picked":["ReplayTheSpireMod:From All Sides","Phantasmal Killer"],"picked":"Die Die Die","floor":16.0},{"not_picked":["Skewer+1","Sucker Punch+1"],"picked":"Poisoned Stab","floor":18.0},{"not_picked":["Poisoned Stab","Sucker Punch"],"picked":"Catalyst","floor":19},{"not_picked":["Well Laid Plans","Quick Slash","Blade Dance"],"picked":"SKIP","floor":21},{"not_picked":["Poisoned Stab","ReplayTheSpireMod:Tripwire","Cloak And Dagger"],"picked":"SKIP","floor":22},{"not_picked":["Slice","Deflect"],"picked":"Corpse Explosion","floor":24},{"not_picked":["Dagger Throw","ReplayTheSpireMod:Tripwire+1","Acrobatics+1"],"picked":"SKIP","floor":31},{"not_picked":["Atom Bomb","A Thousand Cuts"],"picked":"Poison Darts","floor":33},{"not_picked":["Hidden Blade+1","Backflip"],"picked":"Deadly Poison","floor":35},{"not_picked":["Well Laid Plans","Cloak And Dagger"],"picked":"Noxious Fumes","floor":36},{"not_picked":["Underhanded Strike+1","Deflect+1"],"picked":"Bane+1","floor":37},{"not_picked":["Blur+1","Slice+1","Dodge and Roll"],"picked":"SKIP","floor":38},{"not_picked":["Violence","Magnetism"],"picked":"Replay:Bootleg Shield Generator","floor":39}],"player_experience":291338,"relics_obtained":[{"floor":7.0,"key":"Grinning Jar"},{"floor":9.0,"key":"Ninja Scroll"},{"floor":14.0,"key":"Replay:Bottled Flurry"},{"floor":24,"key":"hubris:FunFungus"},{"floor":26,"key":"Blood Vial"}],"event_choices":[{"damage_healed":0.0,"max_hp_gain":0.0,"max_hp_loss":0.0,"gold_gain":0.0,"event_name":"FaceTrader","player_choice":"Trade","floor":4.0,"gold_loss":0.0,"damage_taken":0.0,"relics_obtained":["CultistMask"]},{"damage_healed":37.0,"max_hp_gain":0.0,"max_hp_loss":0.0,"gold_gain":0.0,"event_name":"Wheel of Change","player_choice":"Full Heal","floor":12.0,"gold_loss":0.0,"damage_taken":0.0},{"damage_healed":0,"gold_gain":0,"player_choice":"Paid Fearfully","damage_taken":0,"max_hp_gain":0,"max_hp_loss":0,"event_name":"Masked Bandits","floor":30,"gold_loss":4},{"damage_healed":0,"gold_gain":0,"player_choice":"Memory 1","damage_taken":0,"max_hp_gain":0,"max_hp_loss":0,"event_name":"SensoryStone","floor":39,"gold_loss":0}],"is_beta":false,"boss_relics":[{"not_picked":["Replay:Bronze Core","Replay:Ancient Bell"],"picked":"SlaversCollar"},{"not_picked":["Replay:Wanted Poster","Replay:Drink Me"],"picked":"Painkiller Herb"}],"items_purged_floors":[2,20,28],"is_endless":false,"potions_floor_spawned":[1,5,7,19,24,33,35,37],"killed_by":"Giant Head","ascension_level":4}}