{"host":"igj4vwc42ivwqexo","time":1607638423,"event":{"mods":["BaseMod","StSLib","Infinite Spire","Koishi","Marisa????????","Minty Spire (QoL Compilation)","Shop Mod","The Disciple","The Hierophant","The Servant 0.9.4"],"gold_per_floor":[109,126,138,138,138,138,168,178,178,178,193,226,237,263,263,363,363,363],"floor_reached":17,"playtime":1964,"items_purged":[],"score":204,"play_id":"eec33f7c-b159-4b90-914a-d464bab3b8d4","local_time":"20201210231343","is_ascension_mode":true,"campfire_choices":[{"data":"Zap","floor":6,"key":"SMITH"},{"data":"White Noise","floor":10,"key":"SMITH"},{"data":"White Noise","floor":15,"key":"SMITH"}],"circlet_count":0,"master_deck":["Strike_B","Strike_B","Strike_B","Strike_B","Defend_B","Defend_B","Defend_B","Defend_B","Zap+1","Dualcast","Self Repair","Self Repair","Coolheaded","Steam","Regret","Stack","White Noise+1","Auto Shields","White Noise+1","Static Discharge","Compile Driver","Electrodynamics"],"relics":["Cracked Core","Darkstone Periapt","Sundial","Ornamental Fan","Gambling Chip","Ancient Tea Set","Velvet Choker"],"acts_visited":["Exordium","TheCity"],"potions_floor_usage":[7,7,7],"damage_taken":[{"damage":1,"enemies":"Cultist","floor":1,"turns":3},{"damage":3,"enemies":"2 Louse","floor":2,"turns":2},{"damage":12,"enemies":"Jaw Worm","floor":3,"turns":4},{"damage":26,"enemies":"Lagavulin","floor":7,"turns":8},{"damage":17,"enemies":"Red Slaver","floor":8,"turns":4},{"damage":9,"enemies":"2 Fungi Beasts","floor":11,"turns":5},{"damage":32,"enemies":"Gremlin Nob","floor":12,"turns":5},{"damage":9,"enemies":"Exordium Wildlife","floor":13,"turns":3},{"damage":14,"enemies":"3 Sentries","floor":14,"turns":8},{"damage":40,"enemies":"Hexaghost","floor":16,"turns":11}],"seed_played":"-1095413379164751388","potions_obtained":[{"floor":1,"key":"GamblersBrew"},{"floor":2,"key":"SkillPotion"},{"floor":5,"key":"FocusPotion"},{"floor":13,"key":"Swift Potion"},{"floor":14,"key":"Dexterity Potion"}],"is_trial":false,"path_per_floor":["M","M","M","?","?","R","E","M","T","R","M","E","M","E","R","B",null],"character_chosen":"DEFECT","items_purchased":[],"campfire_rested":0,"item_purchase_floors":[],"current_hp_per_floor":[75,75,75,81,81,81,69,66,66,66,71,46,44,44,44,18,81,81],"gold":363,"neow_bonus":"THREE_CARDS","is_daily":false,"chose_seed":false,"campfire_upgraded":3,"win_rate":0,"timestamp":1607638423,"path_taken":["M","M","?","?","?","R","E","?","T","R","M","E","M","E","R","BOSS"],"build_version":"2020-11-30","purchased_purges":0,"victory":false,"max_hp_per_floor":[75,75,75,81,81,81,81,81,81,81,81,81,81,81,81,81,81,81],"card_choices":[{"not_picked":["Compile Driver","Recycle"],"picked":"Self Repair","floor":0},{"not_picked":["Rebound","Blizzard"],"picked":"Self Repair","floor":1},{"not_picked":["Cold Snap","Consume"],"picked":"Coolheaded","floor":2},{"not_picked":["Stack","Skim"],"picked":"Steam","floor":3},{"not_picked":["Compile Driver","Go for the Eyes"],"picked":"Stack","floor":7},{"not_picked":["Static Discharge","Skim"],"picked":"White Noise","floor":8},{"not_picked":["Cold Snap","Go for the Eyes"],"picked":"Auto Shields","floor":11},{"not_picked":["Multi-Cast","Rebound"],"picked":"White Noise","floor":12},{"not_picked":["Barrage","Hologram"],"picked":"Static Discharge","floor":13},{"not_picked":["Scrape","Rip and Tear"],"picked":"Compile Driver","floor":14},{"not_picked":["Reboot","Machine Learning"],"picked":"Electrodynamics","floor":16}],"player_experience":227919,"relics_obtained":[{"floor":7,"key":"Sundial"},{"floor":9,"key":"Ornamental Fan"},{"floor":12,"key":"Gambling Chip"},{"floor":14,"key":"Ancient Tea Set"}],"event_choices":[{"damage_healed":0,"gold_gain":0,"player_choice":"Box","damage_taken":0,"relics_obtained":["Darkstone Periapt"],"max_hp_gain":0,"max_hp_loss":0,"event_name":"Big Fish","floor":4,"gold_loss":0,"cards_obtained":["Regret"]},{"damage_healed":0,"gold_gain":0,"player_choice":"Got Potions","damage_taken":0,"max_hp_gain":0,"max_hp_loss":0,"event_name":"Lab","floor":5,"gold_loss":0}],"is_beta":false,"boss_relics":[{"not_picked":["Cursed Key","Ectoplasm"],"picked":"Velvet Choker"}],"items_purged_floors":[],"is_endless":false,"potions_floor_spawned":[1,2,13,14],"ascension_level":3}}