{"host":"gc0o0aftdpafl7it","time":1607572239,"event":{"gold_per_floor":[218,34,34,34,46,46,72,72,72,97,110,110,138,156,156,251,251,268,282,301,301,301],"floor_reached":21,"playtime":1063,"items_purged":[],"score":299,"play_id":"f3540e19-9719-4e03-998f-adaaf906494f","local_time":"20201210045039","is_ascension_mode":true,"campfire_choices":[{"data":"Spot Weakness","floor":6,"key":"SMITH"},{"data":"Sword Boomerang","floor":8,"key":"SMITH"},{"floor":12,"key":"REST"},{"data":"Rage","floor":15,"key":"SMITH"}],"neow_cost":"NONE","seed_source_timestamp":210367896610300,"circlet_count":0,"master_deck":["AscendersBane","Strike_R","Strike_R","Strike_R","Strike_R","Defend_R","Defend_R","Defend_R","Defend_R","Bash+1","Inflame","Spot Weakness+1","Sword Boomerang+1","Fiend Fire","Anger","Rage+1","Immolate","Heavy Blade"],"relics":["Burning Blood","Lantern","Tiny Chest","Gremlin Horn","Regal Pillow","Art of War","Black Star"],"potions_floor_usage":[10,13,16],"damage_taken":[{"damage":7,"enemies":"2 Louse","floor":1,"turns":3},{"damage":0,"enemies":"Cultist","floor":5,"turns":3},{"damage":40,"enemies":"Gremlin Nob","floor":7,"turns":4},{"damage":19,"enemies":"Lagavulin","floor":10,"turns":4},{"damage":12,"enemies":"Jaw Worm","floor":11,"turns":2},{"damage":5,"enemies":"3 Sentries","floor":13,"turns":5},{"damage":7,"enemies":"Exordium Wildlife","floor":14,"turns":3},{"damage":33,"enemies":"Hexaghost","floor":16,"turns":6},{"damage":27,"enemies":"Shell Parasite","floor":18,"turns":4},{"damage":20,"enemies":"Chosen","floor":19,"turns":5},{"damage":28,"enemies":"Snake Plant","floor":20,"turns":4},{"damage":23,"enemies":"Centurion and Healer","floor":21,"turns":3}],"seed_played":"5522987587303961122","potions_obtained":[{"floor":7,"key":"AttackPotion"},{"floor":10,"key":"SneckoOil"},{"floor":11,"key":"SkillPotion"},{"floor":13,"key":"ElixirPotion"}],"is_trial":false,"path_per_floor":["M","$","?","?","M","R","E","R","T","E","M","R","E","M","R","B",null,"M","M","M","M"],"character_chosen":"IRONCLAD","items_purchased":["Lantern","Inflame"],"campfire_rested":1,"item_purchase_floors":[2,2],"current_hp_per_floor":[71,71,71,71,77,77,43,43,43,30,24,63,64,63,63,36,69,48,34,12,0,0],"gold":301,"neow_bonus":"HUNDRED_GOLD","is_prod":false,"is_daily":false,"chose_seed":false,"campfire_upgraded":3,"win_rate":0,"timestamp":1607572239,"path_taken":["M","$","?","?","M","R","E","R","T","E","?","R","E","M","R","BOSS","M","M","?","M"],"build_version":"2020-11-30","purchased_purges":0,"victory":false,"max_hp_per_floor":[80,80,80,80,80,80,80,80,80,80,80,80,80,80,80,80,80,80,80,80,80,80],"relic_stats":{"Regal Pillow":15,"Gremlin Horn":[3,3],"counters":[12,46],"Tiny Chest":0,"Art of War":[0],"Black Star":0,"obtain_stats":[{"Lantern":2,"Regal Pillow":10,"Gremlin Horn":9,"Tiny Chest":7,"Art of War":13,"Black Star":17,"Burning Blood":0},{"Lantern":1,"Regal Pillow":4,"Gremlin Horn":3,"Tiny Chest":3,"Art of War":6,"Black Star":8,"Burning Blood":0},{"Lantern":3,"Regal Pillow":14,"Gremlin Horn":10,"Tiny Chest":10,"Art of War":21,"Black Star":30,"Burning Blood":0}],"Burning Blood":66},"card_choices":[{"not_picked":["Havoc","Feel No Pain","Clash"],"picked":"SKIP","floor":1},{"not_picked":["Armaments","Sever Soul"],"picked":"Spot Weakness","floor":5},{"not_picked":["Cleave","Infernal Blade"],"picked":"Sword Boomerang","floor":7},{"not_picked":["Twin Strike","Juggernaut"],"picked":"Fiend Fire","floor":10},{"not_picked":["Clash","Havoc"],"picked":"Anger","floor":11},{"not_picked":["Sever Soul","Twin Strike","Searing Blow"],"picked":"SKIP","floor":13},{"not_picked":["Iron Wave","Clash"],"picked":"Rage","floor":14},{"not_picked":["Impervious","Fiend Fire"],"picked":"Immolate","floor":16},{"not_picked":["Body Slam+1","Inflame"],"picked":"Heavy Blade","floor":18},{"not_picked":["Iron Wave","Intimidate","Perfected Strike"],"picked":"SKIP","floor":19},{"not_picked":["Warcry","Intimidate","Anger"],"picked":"SKIP","floor":20}],"player_experience":343165,"relics_obtained":[{"floor":7,"key":"Tiny Chest"},{"floor":9,"key":"Gremlin Horn"},{"floor":10,"key":"Regal Pillow"},{"floor":13,"key":"Art of War"}],"event_choices":[{"damage_healed":0,"gold_gain":0,"player_choice":"Grow","damage_taken":0,"max_hp_gain":0,"max_hp_loss":0,"event_name":"Living Wall","floor":3,"gold_loss":0,"cards_upgraded":["Bash"]},{"cards_removed":["Strike_R"],"damage_healed":0,"gold_gain":0,"player_choice":"Offered Basic","damage_taken":0,"max_hp_gain":0,"max_hp_loss":0,"event_name":"Bonfire Elementals","floor":4,"gold_loss":0}],"is_beta":false,"boss_relics":[{"not_picked":["Ectoplasm","Philosopher\u0027s Stone"],"picked":"Black Star"}],"items_purged_floors":[],"is_endless":false,"potions_floor_spawned":[7,10,11,13],"killed_by":"Centurion and Healer","ascension_level":10}}