{"host":"rylkjufw9dlhr07b","time":1607564849,"event":{"gold_per_floor":[130,130,170,170,170,170,203,243,243,243,259,434,489,507,507,631,631,651,651,651,717,717,717,717,780,806,870,919,412,436,436,436,560,560,584,584,584,584,134,134,150,191,211,245,294,338,338,401,401,419,419,419],"floor_reached":53,"playtime":3010,"items_purged":[],"score":1651,"play_id":"f8cebe3e-d2a9-4f07-bb9e-03f118eda07c","local_time":"20201210024729","is_ascension_mode":true,"campfire_choices":[{"floor":15,"key":"DIG"},{"data":"1","floor":23,"key":"LIFT"},{"floor":32,"key":"REST"},{"floor":47,"key":"REST"},{"data":"2","floor":51,"key":"LIFT"}],"neow_cost":"","seed_source_timestamp":691514331275500,"circlet_count":0,"master_deck":["AscendersBane","Strike_R","Strike_R","Strike_R","Strike_R","Strike_R","Defend_R","Defend_R","Defend_R","Defend_R","Bash","Metallicize","Metallicize","HandOfGreed+1","Fire Breathing","Metallicize+1","Armaments","ReplayTheSpireMod:Necrogeddon","Evolve","Replay:Undeath\u0027s Touch","Sickly","Fire Breathing","Injury","Metallicize","ReplayTheSpireMod:Strike From Hell","Doubt","Sword Boomerang","Wild Strike","Immolate","Iron Wave","Core Surge","Replay:Undeath\u0027s Touch","Writhe","Armaments","Limit Break","Wild Strike","Feel No Pain","Reckless Charge","Berserk","ReplayTheSpireMod:Muscle Training","Madness","Madness","Finesse","Fire Breathing","Fire Breathing","ReplayTheSpireMod:Strike From Hell","Heavy Blade","Iron Wave","Exhume","Thunderclap","Evolve"],"relics":["Burning Blood","Replay:Rubber Ducky","Replay:Multitool","Medical Kit","White Beast Statue","Ring of Misfortune","Golden Idol","Iron Hammer","Shuriken","Odd Mushroom","Lantern","SacredBark","Anchor","Red Mask","Girya","Omamori","StoneCalendar","Orichalcum","Art of War","Strawberry","hubris:SphereOfDissonance","hubris:EvacipatedBox","HornCleat","Pantograph","Cursed Key","Blood Vial","hubris:TenFootPole","Nunchaku","Ice Cream","ReplayTheSpireMod:Lightbulb","Smiling Mask","Ginger"],"potions_floor_usage":[7,7,11,13,14,16,18,21,25,27,28,30,33,33,41,42,43,46,48,50,52,52],"damage_taken":[{"damage":5,"enemies":"Jaw Worm","floor":1,"turns":4},{"damage":0,"enemies":"Small Slimes","floor":3,"turns":4},{"damage":8,"enemies":"Gremlin Nob","floor":7,"turns":4},{"damage":0,"enemies":"2 Louse","floor":8,"turns":2},{"damage":0,"enemies":"Red Slaver","floor":11,"turns":5},{"damage":6,"enemies":"The Mushroom Lair","floor":13,"turns":7},{"damage":0,"enemies":"Blue Slaver","floor":14,"turns":7},{"damage":0,"enemies":"Fading Forest","floor":16,"turns":11},{"damage":0,"enemies":"Chosen","floor":18,"turns":5},{"damage":19,"enemies":"Masked Bandits","floor":21,"turns":6},{"damage":3,"enemies":"Slavers","floor":25,"turns":9},{"damage":0,"enemies":"Gremlin Leader","floor":27,"turns":7},{"damage":7,"enemies":"2 Thieves","floor":28,"turns":4},{"damage":0,"enemies":"Cultist and Chosen","floor":30,"turns":5},{"damage":7,"enemies":"Automaton","floor":33,"turns":10},{"damage":0,"enemies":"Orb Walker","floor":35,"turns":4},{"damage":0,"enemies":"3 Darklings","floor":41,"turns":7},{"damage":30,"enemies":"Giant Head","floor":42,"turns":7},{"damage":14,"enemies":"Transient","floor":43,"turns":5},{"damage":48,"enemies":"Reptomancer","floor":44,"turns":7},{"damage":0,"enemies":"Giant Head","floor":46,"turns":5},{"damage":0,"enemies":"Mind Bloom Boss Battle","floor":48,"turns":3},{"damage":0,"enemies":"Spire Growth","floor":50,"turns":3},{"damage":0,"enemies":"Replay:Hell Engine","floor":52,"turns":6}],"seed_played":"170232923108166490","potions_obtained":[{"floor":1,"key":"SkillPotion"},{"floor":3,"key":"Swift Potion"},{"floor":7,"key":"Strength Potion"},{"floor":8,"key":"Elixir"},{"floor":11,"key":"SpeedPotion"},{"floor":13,"key":"FearPotion"},{"floor":14,"key":"ElixirPotion"},{"floor":16,"key":"ColorlessPotion"},{"floor":18,"key":"Weak Potion"},{"floor":21,"key":"ColorlessPotion"},{"floor":25,"key":"Adrenaline Potion"},{"floor":27,"key":"PowerPotion"},{"floor":28,"key":"HeartOfIron"},{"floor":30,"key":"FearPotion"},{"floor":33,"key":"SkillPotion"},{"floor":35,"key":"Strength Potion"},{"floor":41,"key":"Energy Potion"},{"floor":42,"key":"BlessingOfTheForge"},{"floor":43,"key":"Energy Potion"},{"floor":44,"key":"Fire Potion"},{"floor":46,"key":"SkillPotion"},{"floor":48,"key":"Milkshake"},{"floor":50,"key":"ColorlessPotion"}],"is_trial":false,"path_per_floor":["M","?","M","?","?","R","E","M","T","?","M","?","?","M","R","B",null,"M","?","?","?","?","R","T","E","T","E","M","$","M","$","R","B",null,"M","?","PTL","PTL","$","?","M","E","M","E","T","E","R","?","R","M","R","B",null],"character_chosen":"IRONCLAD","items_purchased":["Replay:Rubber Ducky","Metallicize","Replay:Multitool","Medical Kit","HandOfGreed","Fire Breathing","Metallicize","Armaments","ReplayTheSpireMod:Necrogeddon","White Beast Statue","Evolve","Feel No Pain","Strawberry","PowerPotion","hubris:SphereOfDissonance","hubris:EvacipatedBox","HornCleat","Pantograph","Finesse","Blood Vial","hubris:TenFootPole","Fire Breathing"],"campfire_rested":2,"item_purchase_floors":[0,0,0,0,0,0,0,0,0,0,0,29,29,29,29,31,31,31,39,39,39,39],"current_hp_per_floor":[25,25,31,31,31,55,53,59,59,62,68,68,68,74,74,83,83,83,83,83,70,70,70,70,73,73,79,78,85,90,40,67,89,90,90,79,79,79,79,79,87,65,59,19,19,27,54,87,87,90,90,90],"gold":419,"neow_bonus":"","is_prod":false,"is_daily":false,"chose_seed":false,"campfire_upgraded":0,"win_rate":0,"timestamp":1607564849,"path_taken":["M","?","M","?","?","R","E","M","T","?","M","?","?","M","R","BOSS","M","?","?","?","?","R","?","E","T","E","M","$","M","?","R","BOSS","M","?","PTL","PTL","$","?","M","E","?","E","T","E","R","?","R","M","R","BOSS"],"build_version":"2020-11-30","purchased_purges":0,"victory":true,"max_hp_per_floor":[80,80,80,80,80,80,80,80,80,83,83,83,83,83,83,83,83,83,83,83,83,83,83,83,83,83,83,83,90,90,90,90,90,90,90,90,90,90,90,90,90,90,90,90,90,90,90,90,90,90,90,90],"card_choices":[{"not_picked":["Perfected Strike","Heavy Blade"],"picked":"Replay:Undeath\u0027s Touch","floor":1},{"not_picked":["ReplayTheSpireMod:Corrosion Curse","Defy Death"],"picked":"Fire Breathing","floor":3},{"not_picked":["Heavy Blade","hubris:SharpeningStone"],"picked":"Metallicize","floor":7},{"not_picked":["Clash","hubris:ReadiedAction","Blood for Blood"],"picked":"SKIP","floor":8},{"not_picked":["Headbutt","Replay:Undeath\u0027s Touch"],"picked":"ReplayTheSpireMod:Strike From Hell","floor":11},{"not_picked":["Dropkick","Run Through"],"picked":"Sword Boomerang","floor":13},{"not_picked":["Clash","Life Link"],"picked":"Wild Strike","floor":14},{"not_picked":["Offering","Corruption"],"picked":"Immolate","floor":16},{"not_picked":["Warcry","Shockwave"],"picked":"Iron Wave","floor":18},{"not_picked":["Anger","ReplayTheSpireMod:Corrosion Curse"],"picked":"Replay:Undeath\u0027s Touch","floor":21},{"not_picked":["Pommel Strike","Havoc"],"picked":"Armaments","floor":25},{"not_picked":["Whirlwind+1","hubris:SharpeningStone"],"picked":"Limit Break","floor":27},{"not_picked":["Clash","True Grit"],"picked":"Wild Strike","floor":28},{"not_picked":["Headbutt","Abandon"],"picked":"Reckless Charge","floor":30},{"not_picked":["Hemogenesis","Impervious"],"picked":"Berserk","floor":33},{"not_picked":["Body Slam+1","Clothesline"],"picked":"ReplayTheSpireMod:Muscle Training","floor":35},{"not_picked":["True Grit","Perfected Strike"],"picked":"ReplayTheSpireMod:Strike From Hell","floor":41},{"not_picked":["Blood for Blood+1","Clash"],"picked":"Heavy Blade","floor":42},{"not_picked":["Blood for Blood","Thunderclap"],"picked":"Iron Wave","floor":43},{"not_picked":["Evolve","Heavy Blade"],"picked":"Exhume","floor":44},{"not_picked":["hubris:SharpeningStone","Hemokinesis"],"picked":"Thunderclap","floor":46},{"not_picked":["Armaments","hubris:ReadiedAction"],"picked":"Evolve","floor":48},{"not_picked":["Armaments","Warcry","Heavy Blade"],"picked":"SKIP","floor":50}],"player_experience":463299,"relics_obtained":[{"floor":2,"key":"Ring of Misfortune"},{"floor":7,"key":"Iron Hammer"},{"floor":9,"key":"Shuriken"},{"floor":13,"key":"Odd Mushroom"},{"floor":15,"key":"Lantern"},{"floor":21,"key":"Red Mask"},{"floor":24,"key":"Omamori"},{"floor":25,"key":"StoneCalendar"},{"floor":26,"key":"Orichalcum"},{"floor":27,"key":"Art of War"},{"floor":42,"key":"Nunchaku"},{"floor":44,"key":"Ice Cream"},{"floor":45,"key":"ReplayTheSpireMod:Lightbulb"},{"floor":46,"key":"Smiling Mask"},{"floor":48,"key":"Ginger"}],"event_choices":[{"damage_healed":0,"gold_gain":0,"player_choice":"Take Wound","damage_taken":0,"relics_obtained":["Golden Idol"],"max_hp_gain":0,"max_hp_loss":0,"event_name":"Golden Idol","floor":5,"gold_loss":0,"cards_obtained":["Injury"]},{"damage_healed":0,"gold_gain":175,"player_choice":"AGREE","damage_taken":0,"max_hp_gain":0,"max_hp_loss":0,"event_name":"Liars Game","floor":12,"gold_loss":0,"cards_obtained":["Doubt"]},{"damage_healed":0,"gold_gain":0,"player_choice":"Fought Mushrooms","damage_taken":0,"max_hp_gain":0,"max_hp_loss":0,"event_name":"Mushrooms","floor":13,"gold_loss":0},{"damage_healed":0,"gold_gain":0,"player_choice":"Gave Potion","damage_taken":0,"relics_obtained":["Anchor"],"max_hp_gain":0,"max_hp_loss":0,"event_name":"WeMeetAgain","floor":19,"gold_loss":0},{"cards_removed":["Metallicize"],"damage_healed":0,"gold_gain":0,"player_choice":"Take \u0026 Give","damage_taken":0,"max_hp_gain":0,"max_hp_loss":0,"event_name":"betterNote:BetterNote","floor":20,"gold_loss":0,"cards_obtained":["Core Surge"]},{"damage_healed":0,"gold_gain":0,"player_choice":"Fought Bandits","damage_taken":0,"max_hp_gain":0,"max_hp_loss":0,"event_name":"Masked Bandits","floor":21,"gold_loss":0},{"damage_healed":0,"gold_gain":0,"player_choice":"Opened","damage_taken":0,"relics_obtained":["Girya"],"max_hp_gain":0,"max_hp_loss":0,"event_name":"The Mausoleum","floor":22,"gold_loss":0,"cards_obtained":["Writhe"]},{"damage_healed":0,"gold_gain":0,"player_choice":"Embrace Madness","damage_taken":11,"max_hp_gain":0,"max_hp_loss":0,"event_name":"Winding Halls","floor":36,"gold_loss":0,"cards_obtained":["Madness","Madness"]},{"damage_healed":0,"gold_gain":0,"player_choice":"Got Potions","damage_taken":0,"max_hp_gain":0,"max_hp_loss":0,"event_name":"Lab","floor":40,"gold_loss":0},{"damage_healed":0,"gold_gain":0,"player_choice":"Fight","damage_taken":0,"max_hp_gain":0,"max_hp_loss":0,"event_name":"MindBloom","floor":48,"gold_loss":0}],"is_beta":false,"boss_relics":[{"not_picked":["Honey Jar","Kintsugi"],"picked":"SacredBark"},{"not_picked":["Painkiller Herb","Philosopher\u0027s Stone","Busted Crown"],"picked":"Cursed Key"}],"items_purged_floors":[],"is_endless":false,"potions_floor_spawned":[1,3,7,8,11,13,14,16,18,21,25,27,28,30,33,35,41,42,43,44,46,48,50],"ascension_level":12}}