{"host":"5iafpxwkdrtbs389","time":1607581553,"event":{"gold_per_floor":[117,129,143,156,173,173,207,55,55,67,67,67,81,2,2,107,107,119,119,133,133,133,164,164,178,178,140,140,152,152,102,102,102,102],"floor_reached":33,"playtime":820,"items_purged":["Creative AI","Decay"],"score":292,"play_id":"bd6acd6d-07e6-4c54-b3bb-ddca874c2ad1","local_time":"20201210152553","is_ascension_mode":false,"campfire_choices":[{"data":"Electrodynamics","floor":6,"key":"SMITH"},{"data":"Loop","floor":15,"key":"SMITH"},{"data":"Storm","floor":24,"key":"SMITH"},{"floor":32,"key":"REST"}],"neow_cost":"NONE","seed_source_timestamp":683118434763600,"circlet_count":0,"master_deck":["Zap","Dualcast","Electrodynamics+1","Sweeping Beam","Biased Cognition","Loop+1","Thunder Strike","Storm+1","Auto Shields","Electrodynamics","Conserve Battery","Genetic Algorithm","Bite","Bite","Bite","Bite","Bite","Redo","Redo"],"special_seed":0,"relics":["Cracked Core","Vajra","Lee\u0027s Waffle","Juzu Bracelet","Pandora\u0027s Box","Smiling Mask","MawBank"],"potions_floor_usage":[29,33,33],"damage_taken":[{"damage":1,"enemies":"Cultist","floor":1,"turns":3},{"damage":13,"enemies":"Jaw Worm","floor":2,"turns":3},{"damage":5,"enemies":"2 Louse","floor":3,"turns":2},{"damage":0,"enemies":"Looter","floor":4,"turns":4},{"damage":11,"enemies":"Blue Slaver","floor":5,"turns":4},{"damage":20,"enemies":"Gremlin Nob","floor":7,"turns":4},{"damage":0,"enemies":"Exordium Wildlife","floor":10,"turns":2},{"damage":10,"enemies":"Exordium Thugs","floor":13,"turns":2},{"damage":43,"enemies":"The Guardian","floor":16,"turns":10},{"damage":10,"enemies":"3 Byrds","floor":18,"turns":2},{"damage":10,"enemies":"Spheric Guardian","floor":20,"turns":3},{"damage":16,"enemies":"Gremlin Leader","floor":23,"turns":4},{"damage":30,"enemies":"Centurion and Healer","floor":25,"turns":4},{"damage":8,"enemies":"Snake Plant","floor":29,"turns":3},{"damage":7,"enemies":"Collector","floor":33,"turns":3}],"seed_played":"8067461509336656917","potions_obtained":[{"floor":5,"key":"AttackPotion"},{"floor":7,"key":"DuplicationPotion"},{"floor":13,"key":"Weak Potion"},{"floor":29,"key":"SkillPotion"}],"is_trial":false,"path_per_floor":["M","M","M","M","M","R","E","$","T","M","?","?","M","$","R","B",null,"M","?","M","?","?","E","R","M","T","$","?","M","?","$","R","B"],"character_chosen":"DEFECT","items_purchased":["Lee\u0027s Waffle","Loop"],"campfire_rested":1,"item_purchase_floors":[8,14],"current_hp_per_floor":[74,61,56,56,45,45,25,82,82,82,75,82,72,72,72,29,82,72,57,47,47,47,33,33,11,11,11,11,5,5,5,22,21,21],"gold":102,"neow_bonus":"ONE_RANDOM_RARE_CARD","is_prod":false,"is_daily":false,"chose_seed":false,"campfire_upgraded":3,"win_rate":0.0,"timestamp":1607581553,"path_taken":["M","M","M","M","M","R","E","$","T","M","?","?","M","$","R","BOSS","M","?","M","?","?","E","R","M","T","$","?","M","?","$","R","BOSS"],"build_version":"2020-11-30","purchased_purges":2,"victory":false,"max_hp_per_floor":[75,75,75,75,75,75,75,82,82,82,82,82,82,82,82,82,82,82,57,57,57,57,57,57,57,57,57,57,57,57,57,57,57,57],"card_choices":[{"not_picked":["Steam","Gash"],"picked":"Sweeping Beam","floor":1},{"not_picked":["Gash","Barrage","Steam"],"picked":"SKIP","floor":2},{"not_picked":["Steam","Beam Cell","Doom and Gloom"],"picked":"SKIP","floor":3},{"not_picked":["Steam","Beam Cell","Doom and Gloom"],"picked":"SKIP","floor":3},{"not_picked":["Compile Driver","Beam Cell","Leap"],"picked":"SKIP","floor":4},{"not_picked":["BootSequence","Barrage","Hologram"],"picked":"SKIP","floor":5},{"not_picked":["Gash","Self Repair"],"picked":"Biased Cognition","floor":7},{"not_picked":["Hologram","Gash","Steam"],"picked":"SKIP","floor":10},{"not_picked":["Auto Shields","Gash","Beam Cell"],"picked":"SKIP","floor":13},{"not_picked":["Seek","Creative AI"],"picked":"Thunder Strike","floor":16},{"not_picked":["Sweeping Beam+1","Barrage","Reinforced Body+1"],"picked":"SKIP","floor":18},{"not_picked":["Doom and Gloom","Force Field","Melter"],"picked":"SKIP","floor":20},{"not_picked":["Beam Cell","Compile Driver"],"picked":"Redo","floor":23},{"not_picked":["Steam","Leap","Genetic Algorithm"],"picked":"SKIP","floor":25},{"not_picked":["Skim","Darkness","Cold Snap"],"picked":"SKIP","floor":29}],"player_experience":36240,"relics_obtained":[{"floor":7,"key":"Vajra"},{"floor":9,"key":"Juzu Bracelet"},{"floor":23,"key":"Smiling Mask"},{"floor":26,"key":"MawBank"}],"event_choices":[{"cards_removed":["Strike_B"],"damage_healed":0,"gold_gain":0,"player_choice":"Card Removal","damage_taken":7,"max_hp_gain":0,"max_hp_loss":0,"event_name":"Golden Wing","floor":11,"gold_loss":0},{"damage_healed":7,"gold_gain":0,"player_choice":"Full Heal","damage_taken":0,"max_hp_gain":0,"max_hp_loss":0,"event_name":"Wheel of Change","floor":12,"gold_loss":0},{"damage_healed":0,"gold_gain":0,"player_choice":"Became a vampire","damage_taken":0,"max_hp_gain":0,"max_hp_loss":25,"event_name":"Vampires","floor":19,"gold_loss":0,"cards_obtained":["Bite","Bite","Bite","Bite","Bite"]},{"damage_healed":0,"gold_gain":0,"player_choice":"Read","damage_taken":0,"max_hp_gain":0,"max_hp_loss":0,"event_name":"The Library","floor":21,"gold_loss":0,"cards_obtained":["Redo"]},{"damage_healed":0,"gold_gain":0,"player_choice":"Ignored","damage_taken":0,"max_hp_gain":0,"max_hp_loss":0,"event_name":"The Mausoleum","floor":22,"gold_loss":0},{"cards_removed":["All For One"],"damage_healed":0,"gold_gain":0,"player_choice":"Elegance","damage_taken":0,"max_hp_gain":0,"max_hp_loss":0,"event_name":"Back to Basics","floor":28,"gold_loss":0},{"damage_healed":0,"gold_gain":0,"player_choice":"Smashed Altar","damage_taken":0,"max_hp_gain":0,"max_hp_loss":0,"event_name":"Forgotten Altar","floor":30,"gold_loss":0,"cards_obtained":["Decay"]}],"is_beta":false,"boss_relics":[{"not_picked":["FrozenCore","Coffee Dripper"],"picked":"Pandora\u0027s Box"}],"items_purged_floors":[27,31],"is_endless":false,"potions_floor_spawned":[5,7,13,23,29],"killed_by":"Collector","ascension_level":0}}