{"host":"sz8c8ni79nvzjmmg","time":1607605785,"event":{"gold_per_floor":[116,41,55,80,92,92,108,135,158,158,199,199,199,233,233,327,327,307,307,232,253,47,47,87,87,114,154,168,68,107,107,107,198,198,213,229,289,289,29,29,50,91,91,109,109,142,142,180,180,180,180,180,180,108,139,139],"floor_reached":57,"playtime":2227,"items_purged":["Defend_R","Defend_R","Defend_R","Bash"],"score":3114,"play_id":"e7af2a81-d3ec-4436-a127-9050cfb4b99a","local_time":"20201210220945","is_ascension_mode":true,"campfire_choices":[{"data":"Demon Form","floor":6.0,"key":"SMITH"},{"data":"Rage","floor":12.0,"key":"SMITH"},{"data":"Pommel Strike","floor":15.0,"key":"SMITH"},{"floor":23.0,"key":"REST"},{"data":"Bloodletting","floor":25.0,"key":"SMITH"},{"data":"Limit Break","floor":32,"key":"SMITH"},{"data":"Offering","floor":40,"key":"SMITH"},{"data":"Impatience","floor":45,"key":"SMITH"},{"floor":49,"key":"RECALL"},{"data":"Burning Pact","floor":53,"key":"SMITH"}],"neow_cost":"TEN_PERCENT_HP_LOSS","seed_source_timestamp":3328787148900,"circlet_count":0,"master_deck":["AscendersBane","Defend_R+1","Metallicize","Demon Form+1","Shockwave+1","Pommel Strike+1","Rage+1","Shrug It Off+1","Bloodletting+1","Limit Break+1","Reaper","Impatience+1","Offering+1","Burning Pact+1","Brutality","Evolve"],"special_seed":0,"relics":["Burning Blood","The Courier","War Paint","Golden Idol","Oddly Smooth Stone","PreservedInsect","Odd Mushroom","Astrolabe","TheAbacus","Nunchaku","Pen Nib","Red Mask","Bronze Scales","Pocketwatch","Coffee Dripper","Charon\u0027s Ashes","Letter Opener","Happy Flower","Prayer Wheel","Vajra","Mummified Hand"],"potions_floor_usage":[30,41,55],"damage_taken":[{"damage":6.0,"enemies":"Cultist","floor":1.0,"turns":4.0},{"damage":7.0,"enemies":"2 Louse","floor":3.0,"turns":4.0},{"damage":5.0,"enemies":"Small Slimes","floor":5.0,"turns":5.0},{"damage":17.0,"enemies":"3 Louse","floor":7.0,"turns":5.0},{"damage":38.0,"enemies":"3 Sentries","floor":8.0,"turns":8.0},{"damage":4.0,"enemies":"Lagavulin","floor":11.0,"turns":6.0},{"damage":11.0,"enemies":"The Mushroom Lair","floor":14.0,"turns":6.0},{"damage":13.0,"enemies":"Hexaghost","floor":16.0,"turns":9.0},{"damage":16.0,"enemies":"2 Thieves","floor":18.0,"turns":4.0},{"damage":12.0,"enemies":"Spheric Guardian","floor":21.0,"turns":6.0},{"damage":12.0,"enemies":"Book of Stabbing","floor":24.0,"turns":4.0},{"damage":5.0,"enemies":"Masked Bandits","floor":27.0,"turns":4.0},{"damage":0.0,"enemies":"Snecko","floor":28.0,"turns":4.0},{"damage":8,"enemies":"Gremlin Leader","floor":30,"turns":4},{"damage":9,"enemies":"Champ","floor":33,"turns":4},{"damage":7,"enemies":"3 Shapes","floor":35,"turns":8},{"damage":25,"enemies":"3 Darklings","floor":36,"turns":4},{"damage":46,"enemies":"2 Orb Walkers","floor":37,"turns":4},{"damage":9,"enemies":"Jaw Worm Horde","floor":41,"turns":2},{"damage":9,"enemies":"Nemesis","floor":42,"turns":5},{"damage":9,"enemies":"4 Shapes","floor":44,"turns":5},{"damage":12,"enemies":"Reptomancer","floor":46,"turns":2},{"damage":10,"enemies":"Nemesis","floor":48,"turns":3},{"damage":34,"enemies":"Awakened One","floor":50,"turns":4},{"damage":27,"enemies":"Donu and Deca","floor":51,"turns":4},{"damage":38,"enemies":"Shield and Spear","floor":55,"turns":3},{"damage":50,"enemies":"The Heart","floor":56,"turns":7}],"seed_played":"4913947189544096943","potions_obtained":[{"floor":1.0,"key":"GamblersBrew"},{"floor":7.0,"key":"PowerPotion"},{"floor":11.0,"key":"BloodPotion"},{"floor":21.0,"key":"PowerPotion"},{"floor":30,"key":"SpeedPotion"},{"floor":33,"key":"Weak Potion"},{"floor":36,"key":"FearPotion"},{"floor":38,"key":"LiquidMemories"},{"floor":44,"key":"AttackPotion"},{"floor":46,"key":"Swift Potion"}],"is_trial":false,"path_per_floor":["M","$","M","T","M","R","M","E","T","?","E","R","?","?","R","B",null,"M","?","?","M","$","R","E","R","T","?","M","$","E","?","R","B",null,"M","M","?","?","$","R","M","E","T","M","R","E","?","E","R","B","B",null,"R","$","E","B",null],"character_chosen":"IRONCLAD","items_purchased":["TheAbacus","Impatience","Offering","Evolve"],"campfire_rested":1,"item_purchase_floors":[22,39,39,54],"current_hp_per_floor":[68,68,67,67,68,68,57,25,25,25,27,27,22,17,17,22,52,42,42,42,36,36,54,48,48,48,49,55,55,53,53,53,50,59,62,53,13,13,13,13,62,62,62,62,62,56,56,62,62,62,62,62,62,62,62,62],"gold":139,"neow_bonus":"TRANSFORM_TWO_CARDS","is_prod":false,"is_daily":false,"chose_seed":false,"campfire_upgraded":8,"win_rate":0,"timestamp":1607605785,"path_taken":["M","$","M","?","M","R","M","E","T","?","E","R","?","?","R","BOSS","M","?","?","M","$","R","E","R","T","?","M","$","E","?","R","BOSS","M","M","?","?","$","R","M","E","T","?","R","E","?","E","R","BOSS","BOSS","R","$","E","BOSS"],"build_version":"2020-11-30","purchased_purges":4,"victory":true,"max_hp_per_floor":[68,68,68,68,68,68,68,68,68,62,62,62,62,62,62,62,62,62,62,62,62,62,62,62,62,62,62,62,62,62,62,62,62,62,62,62,62,62,62,62,62,62,62,62,62,62,62,62,62,62,62,62,62,62,62,62],"card_choices":[{"not_picked":["Armaments","Headbutt"],"picked":"Shockwave","floor":1.0},{"not_picked":["Clothesline","Clash","Rampage"],"picked":"SKIP","floor":3.0},{"not_picked":["Clothesline","Flex","Twin Strike"],"picked":"SKIP","floor":5.0},{"not_picked":["Armaments","Fiend Fire"],"picked":"Pommel Strike","floor":7.0},{"not_picked":["True Grit","Clash","Cleave"],"picked":"SKIP","floor":8.0},{"not_picked":["Combust","Cleave"],"picked":"Rage","floor":11.0},{"not_picked":["Thunderclap","True Grit","Sever Soul"],"picked":"SKIP","floor":18.0},{"not_picked":["Flex","Cleave","Rupture"],"picked":"SKIP","floor":21.0},{"not_picked":["Clothesline","Thunderclap","Clash"],"picked":"SKIP","floor":24.0},{"not_picked":["Intimidate","Heavy Blade","Sentinel"],"picked":"SKIP","floor":28.0},{"not_picked":["Fire Breathing","Pommel Strike"],"picked":"Limit Break","floor":30},{"not_picked":["Barricade","Exhume"],"picked":"Reaper","floor":33},{"not_picked":["Iron Wave+1","Shockwave","Rupture"],"picked":"SKIP","floor":35},{"not_picked":["Wild Strike","Cleave","Headbutt"],"picked":"SKIP","floor":36},{"not_picked":["Iron Wave","Havoc+1","Berserk"],"picked":"SKIP","floor":41},{"not_picked":["Perfected Strike","Rampage","Carnage"],"picked":"SKIP","floor":42},{"not_picked":["Thunderclap","Bloodletting+1","Searing Blow"],"picked":"SKIP","floor":44},{"not_picked":["Body Slam","Dual Wield"],"picked":"Burning Pact","floor":46},{"not_picked":["Juggernaut","Body Slam+1","Havoc"],"picked":"SKIP","floor":48},{"not_picked":["True Grit","Metallicize","Flex"],"picked":"SKIP","floor":55}],"player_experience":1186098,"relics_obtained":[{"floor":8.0,"key":"The Courier"},{"floor":9.0,"key":"War Paint"},{"floor":11.0,"key":"Oddly Smooth Stone"},{"floor":14.0,"key":"Odd Mushroom"},{"floor":24.0,"key":"Nunchaku"},{"floor":26.0,"key":"Pen Nib"},{"floor":27.0,"key":"Red Mask"},{"floor":30,"key":"Bronze Scales"},{"floor":37,"key":"Charon\u0027s Ashes"},{"floor":42,"key":"Letter Opener"},{"floor":43,"key":"Happy Flower"},{"floor":46,"key":"Prayer Wheel"},{"floor":48,"key":"Vajra"},{"floor":55,"key":"Mummified Hand"}],"event_choices":[{"damage_healed":0.0,"max_hp_gain":0.0,"max_hp_loss":6.0,"gold_gain":0.0,"event_name":"Golden Idol","player_choice":"Lose Max HP","floor":10.0,"gold_loss":0.0,"damage_taken":0.0,"relics_obtained":["Golden Idol"]},{"damage_healed":0.0,"max_hp_gain":0.0,"max_hp_loss":0.0,"gold_gain":0.0,"event_name":"Scrap Ooze","player_choice":"Success","floor":13.0,"gold_loss":0.0,"damage_taken":5.0,"relics_obtained":["PreservedInsect"]},{"damage_healed":0.0,"max_hp_gain":0.0,"max_hp_loss":0.0,"gold_gain":0.0,"event_name":"Mushrooms","player_choice":"Fought Mushrooms","floor":14.0,"gold_loss":0.0,"damage_taken":0.0},{"damage_healed":0.0,"max_hp_gain":0.0,"max_hp_loss":0.0,"gold_gain":0.0,"event_name":"The Library","player_choice":"Read","floor":19.0,"gold_loss":0.0,"damage_taken":0.0,"cards_obtained":["Bloodletting"]},{"cards_removed":["Heavy Blade"],"damage_healed":0.0,"max_hp_gain":0.0,"max_hp_loss":0.0,"gold_gain":0.0,"event_name":"Beggar","player_choice":"Gave Gold","floor":20.0,"gold_loss":75.0,"damage_taken":0.0},{"damage_healed":0.0,"max_hp_gain":0.0,"max_hp_loss":0.0,"gold_gain":0.0,"event_name":"Masked Bandits","player_choice":"Fought Bandits","floor":27.0,"gold_loss":0.0,"damage_taken":0.0},{"damage_healed":0,"gold_gain":0,"player_choice":"Gave Potion","damage_taken":0,"relics_obtained":["Pocketwatch"],"max_hp_gain":0,"max_hp_loss":0,"event_name":"WeMeetAgain","floor":31,"gold_loss":0},{"damage_healed":0,"gold_gain":0,"player_choice":"Fight","damage_taken":0,"max_hp_gain":0,"max_hp_loss":0,"event_name":"Mysterious Sphere","floor":37,"gold_loss":0},{"damage_healed":0,"gold_gain":0,"player_choice":"Got Potions","damage_taken":0,"max_hp_gain":0,"max_hp_loss":0,"event_name":"Lab","floor":38,"gold_loss":0},{"damage_healed":0,"gold_gain":0,"cards_transformed":["Sword Boomerang"],"player_choice":"Transformed","damage_taken":0,"max_hp_gain":0,"max_hp_loss":0,"event_name":"Transmorgrifier","floor":47,"gold_loss":0,"cards_obtained":["Brutality"]}],"is_beta":false,"boss_relics":[{"not_picked":["Black Star","Snecko Eye"],"picked":"Astrolabe"},{"not_picked":["Busted Crown","Empty Cage"],"picked":"Coffee Dripper"}],"items_purged_floors":[2,22,29,39],"is_endless":false,"potions_floor_spawned":[1,7,11,21,30,33,36,44,46,48],"ascension_level":20}}