{"host":"0o4jkshs65tojivq","time":1607577022,"event":{"gold_per_floor":[116,116,116,116,116,116,116,146,146,171,171,0,17,33,33,112,112,129,129,149,63,75,75,95,95,95,95,95,95,115,128,128,199,199,219,219,238,250,268,268,268,300,300,310,327,60,78,89,89,89],"floor_reached":51,"playtime":960,"items_purged":[],"score":1906,"play_id":"a76e1651-c78a-435b-a322-9fdd7df6cd70","local_time":"20201209211022","is_ascension_mode":true,"campfire_choices":[{"data":"Hyperbeam","floor":6,"key":"SMITH"},{"data":"Hyperbeam","floor":11,"key":"SMITH"},{"data":"Hyperbeam","floor":15,"key":"SMITH"},{"data":"Self Repair","floor":23,"key":"SMITH"},{"data":"Impervious","floor":27,"key":"SMITH"},{"data":"Meteor Strike","floor":32,"key":"SMITH"},{"data":"Meteor Strike","floor":40,"key":"SMITH"},{"data":"Meteor Strike","floor":49,"key":"SMITH"}],"neow_cost":"NONE","seed_source_timestamp":-4223419497510479804,"circlet_count":0,"master_deck":["AscendersBane","Meteor Strike","Meteor Strike+1","Meteor Strike+1","Meteor Strike+1","Meteor Strike+1","Meteor Strike+1","Hyperbeam+1","Hyperbeam+1","Hyperbeam+1","Impervious+1","Self Repair+1"],"relics":["Snecko Eye","Replay:Multitool","Orichalcum","Pen Nib","Strange Spoon","Coffee Dripper","Pocketwatch","SlaversCollar","Bag of Preparation","Boot","CeramicFish","Divine Protection"],"potions_floor_usage":[50],"damage_taken":[{"damage":0,"enemies":"Jaw Worm","floor":1,"turns":1},{"damage":0,"enemies":"Gremlin Nob","floor":8,"turns":2},{"damage":0,"enemies":"3 Sentries","floor":10,"turns":1},{"damage":0,"enemies":"Small Slimes","floor":13,"turns":1},{"damage":0,"enemies":"Cultist","floor":14,"turns":1},{"damage":0,"enemies":"Hexaghost","floor":16,"turns":2},{"damage":0,"enemies":"Shell Parasite","floor":18,"turns":1},{"damage":0,"enemies":"2 Thieves","floor":20,"turns":1},{"damage":0,"enemies":"Sentry and Sphere","floor":22,"turns":1},{"damage":0,"enemies":"Snake Plant","floor":24,"turns":1},{"damage":0,"enemies":"Cultist and Chosen","floor":30,"turns":2},{"damage":0,"enemies":"Centurion and Healer","floor":31,"turns":1},{"damage":10,"enemies":"Pondfish","floor":33,"turns":4},{"damage":0,"enemies":"Orb Walker","floor":35,"turns":1},{"damage":7,"enemies":"3 Shapes","floor":37,"turns":1},{"damage":0,"enemies":"Spire Growth","floor":38,"turns":1},{"damage":0,"enemies":"3 Darklings","floor":39,"turns":1},{"damage":27,"enemies":"R_Hoarder","floor":42,"turns":3},{"damage":14,"enemies":"4 Shapes","floor":44,"turns":1},{"damage":0,"enemies":"Spire Growth","floor":45,"turns":1},{"damage":0,"enemies":"Jaw Worm Horde","floor":47,"turns":2},{"damage":0,"enemies":"3 Darklings","floor":48,"turns":1},{"damage":10,"enemies":"Donu and Deca","floor":50,"turns":3}],"seed_played":"-6712088208166485183","potions_obtained":[{"floor":8,"key":"AttackPotion"},{"floor":13,"key":"FocusPotion"},{"floor":44,"key":"Swift Potion"}],"is_trial":false,"path_per_floor":["M","?","?","$","?","R","$","E","T","E","R","$","M","M","R","B",null,"M","?","M","$","M","R","M","?","T","R","?","R","M","M","R","B",null,"M","?","M","M","M","R","?","E","T","M","M","$","M","M","R","B",null],"character_chosen":"DEFECT","items_purchased":["Strange Spoon","Self Repair","Divine Protection"],"campfire_rested":0,"item_purchase_floors":[12,21,46],"current_hp_per_floor":[64,64,64,64,69,69,69,69,69,69,69,69,69,69,69,69,74,74,74,74,74,74,74,74,52,52,52,31,55,65,65,65,65,77,77,77,70,70,70,70,70,53,53,39,39,39,39,39,39,39],"gold":89,"neow_bonus":"BOSS_RELIC","is_prod":false,"is_daily":false,"chose_seed":false,"campfire_upgraded":8,"win_rate":0,"timestamp":1607577022,"path_taken":["M","?","?","$","?","R","?","E","T","E","R","$","M","?","R","BOSS","M","?","M","$","M","R","M","?","T","R","?","R","M","M","R","BOSS","M","?","?","M","M","R","?","E","T","M","M","$","?","M","R","BOSS"],"build_version":"2020-11-30","purchased_purges":0,"victory":true,"max_hp_per_floor":[71,71,71,71,76,76,76,76,76,76,76,76,76,76,76,76,76,76,76,76,76,76,76,76,81,81,81,81,81,81,81,81,81,81,81,81,81,81,81,81,81,81,81,81,81,81,81,81,81,81],"relic_stats":{"Strange Spoon":[6],"counters":[23,34],"CeramicFish":0,"Snecko Eye":[59,72,58,60],"Pen Nib":[12],"Bag of Preparation":[12],"Orichalcum":[36],"Boot":[0],"obtain_stats":[{"Divine Protection":46,"CeramicFish":43,"Pen Nib":10,"Replay:Multitool":8,"Bag of Preparation":41,"Orichalcum":9,"Boot":42,"Strange Spoon":12,"SlaversCollar":34,"Snecko Eye":0,"Coffee Dripper":17,"Cracked Core":0,"Pocketwatch":26},{"Divine Protection":20,"CeramicFish":18,"Pen Nib":3,"Replay:Multitool":2,"Bag of Preparation":17,"Orichalcum":2,"Boot":18,"Strange Spoon":3,"SlaversCollar":13,"Snecko Eye":0,"Coffee Dripper":6,"Cracked Core":0,"Pocketwatch":10},{"Divine Protection":28,"CeramicFish":26,"Pen Nib":4,"Replay:Multitool":3,"Bag of Preparation":23,"Orichalcum":3,"Boot":26,"Strange Spoon":4,"SlaversCollar":19,"Snecko Eye":0,"Coffee Dripper":8,"Cracked Core":0,"Pocketwatch":12}],"Pocketwatch":[9]},"card_choices":[{"not_picked":["Turbo","Double Energy","Undo"],"picked":"SKIP","floor":1},{"not_picked":["Hologram","BasicCrystalCard","Sweeping Beam"],"picked":"SKIP","floor":8},{"not_picked":["Force Field","Genetic Algorithm","Beam Cell"],"picked":"SKIP","floor":10},{"not_picked":["Streamline","Leap","Redo"],"picked":"SKIP","floor":13},{"not_picked":["Leap","ReplaySolidLightProjector","Barrage"],"picked":"SKIP","floor":14},{"not_picked":["ReplayGash","Go for the Eyes","Rebound"],"picked":"SKIP","floor":18},{"not_picked":["Barrage","Crystallizer","Capacitor"],"picked":"SKIP","floor":20},{"not_picked":["Barrage","Coolheaded+1","Gash+1"],"picked":"SKIP","floor":22},{"not_picked":["Melter","Undo","Static Discharge"],"picked":"SKIP","floor":24},{"not_picked":["Time Bomb","ReplayTheSpireMod:GoodbyeWorld+1","ReplaySort"],"picked":"SKIP","floor":30},{"not_picked":["Sweeping Beam","ReplayTheSpireMod:Calculation Training","Ball Lightning"],"picked":"SKIP","floor":31},{"not_picked":["Sweeping Beam","ReplayTheSpireMod:Calculation Training","Ball Lightning"],"picked":"SKIP","floor":31},{"not_picked":["Coolheaded+1","Recycle","Rebound"],"picked":"SKIP","floor":35},{"not_picked":["Hologram+1","Rebound","BasicCrystalCard"],"picked":"SKIP","floor":37},{"not_picked":["Gash+1","Leap","Beam Cell"],"picked":"SKIP","floor":38},{"not_picked":["Ball Lightning","BasicCrystalCard","BootSequence"],"picked":"SKIP","floor":39},{"not_picked":["ReplaySort","Coolheaded","Meteor Strike"],"picked":"SKIP","floor":42},{"not_picked":["Compile Driver","BasicCrystalCard+1","Consume"],"picked":"SKIP","floor":44},{"not_picked":["Redo","Reprogram","Cold Snap"],"picked":"SKIP","floor":45},{"not_picked":["Barrage+1","Mirror Shield","Streamline"],"picked":"SKIP","floor":47},{"not_picked":["Ball Lightning+1","Hologram","Redo+1"],"picked":"SKIP","floor":48}],"player_experience":1064407,"relics_obtained":[{"floor":8,"key":"Replay:Multitool"},{"floor":9,"key":"Orichalcum"},{"floor":10,"key":"Pen Nib"},{"floor":26,"key":"Pocketwatch"},{"floor":42,"key":"Boot"},{"floor":43,"key":"CeramicFish"}],"event_choices":[{"damage_healed":0,"gold_gain":0,"player_choice":"Leave","damage_taken":0,"max_hp_gain":0,"max_hp_loss":0,"event_name":"The Cleric","floor":2,"gold_loss":0},{"damage_healed":0,"gold_gain":0,"player_choice":"Ignored","damage_taken":0,"max_hp_gain":0,"max_hp_loss":0,"event_name":"Liars Game","floor":3,"gold_loss":0},{"damage_healed":0,"gold_gain":0,"player_choice":"Donut","damage_taken":0,"max_hp_gain":5,"max_hp_loss":0,"event_name":"Big Fish","floor":5,"gold_loss":0},{"damage_healed":0,"gold_gain":0,"player_choice":"Ignored","damage_taken":0,"max_hp_gain":0,"max_hp_loss":0,"event_name":"Vampires","floor":19,"gold_loss":0},{"damage_healed":0,"gold_gain":0,"player_choice":"Shed Blood","damage_taken":27,"max_hp_gain":5,"max_hp_loss":0,"event_name":"Forgotten Altar","floor":25,"gold_loss":0},{"damage_healed":0,"gold_gain":0,"player_choice":"Obtained Book","damage_taken":21,"max_hp_gain":0,"max_hp_loss":0,"event_name":"Cursed Tome","floor":28,"gold_loss":0},{"damage_healed":0,"gold_gain":0,"player_choice":"Forge","damage_taken":0,"max_hp_gain":0,"max_hp_loss":0,"event_name":"Accursed Blacksmith","floor":36,"gold_loss":0,"cards_upgraded":["Meteor Strike"]},{"damage_healed":0,"gold_gain":0,"player_choice":"Gave Potion","damage_taken":0,"relics_obtained":["Bag of Preparation"],"max_hp_gain":0,"max_hp_loss":0,"event_name":"WeMeetAgain","floor":41,"gold_loss":0}],"is_beta":false,"boss_relics":[{"not_picked":["Runic Pyramid","Busted Crown"],"picked":"Coffee Dripper"},{"not_picked":["Replay:Bronze Core","Calling Bell"],"picked":"SlaversCollar"}],"items_purged_floors":[],"is_endless":false,"potions_floor_spawned":[8,10,13,20,24,30,35,38,44,47],"ascension_level":19}}