{"host":"nk1hwk2qadwaubm5","time":1607633426,"event":{"mods":["BaseMod","StSLib","Hermit","Minty Spire (QoL Compilation)","Replay The Spire","The Cursed","The Servant 0.9.4","Infinite Spire","Lobotomy","Shop Mod","The Jungle"],"gold_per_floor":[110,127,142,142,155,190,204,204,230,254,269,50,70,85,85,205,205,220,220,245,245,245,279,279,279,279,279,320,338,382,397,397,517,517,532,865,31,41,55,55,55,55,105,137,152,168,168,168,168,168],"floor_reached":51,"playtime":15392,"items_purged":[],"score":773,"play_id":"f29f7e05-0f82-4752-860f-02c77d3ccb37","local_time":"20201210215026","is_ascension_mode":false,"campfire_choices":[{"floor":15,"key":"REST"},{"floor":24,"key":"REST"},{"data":"ReplayTheSpireMod:Chaos Vortex","floor":27,"key":"SMITH"},{"floor":32,"key":"REST"},{"data":"TheCursedMod:UltimatePain","floor":40,"key":"SMITH"},{"data":"TheCursedMod:SpitefulPlan","floor":49,"key":"SMITH"}],"circlet_count":0,"master_deck":["TheCursedMod:Strike_TheCursed","TheCursedMod:Strike_TheCursed","TheCursedMod:Strike_TheCursed","TheCursedMod:Strike_TheCursed","TheCursedMod:Defend_TheCursed","TheCursedMod:Defend_TheCursed","TheCursedMod:Defend_TheCursed","TheCursedMod:Defend_TheCursed","TheCursedMod:CursedWand","TheCursedMod:Dregs","TheCursedMod:CursedShiv","TheCursedMod:Hemoplague","TheCursedMod:DoubleShield","TheCursedMod:SurpriseAttack","Scorched","BigBadWolf","TheCursedMod:CursedShiv","TheCursedMod:Hemoplague","TheCursedMod:Hemoplague","TheCursedMod:CursedArmor","TheCursedMod:NeowsMight","OSAHOGD","TheCursedMod:Obscuration","TheCursedMod:StunningStrike","TheCursedMod:Wield+1","ReplayTheSpireMod:Chaos Vortex+1","TheCursedMod:CursedBlade","TheCursedMod:VitalStrike","Shame","TheCursedMod:CursedStaff","TheCursedMod:DemonicPact","TheCursedMod:AbyssShockwave","TheCursedMod:ManaCirculation","TheCursedMod:UltimatePain+1","TheCursedMod:SpitefulStrike","TheCursedMod:SaltUponWound+1","Hallucinations","ReplayTheSpireMod:Splinters","infinitespire:UltimateForm","TheCursedMod:Obscuration","TheCursedMod:SpitefulPlan+1","TheCursedMod:RapidMovement+1"],"relics":["TheCursedMod:BlackMagic101","CogitoBucket","Bottled Tornado","Whetstone","infinitespire:Lucky Rock","infinitespire:Cupcake","FossilizedHelix","TungstenRod","Pen Nib","Nunchaku","Question Card","ReplayFunnel","AtMidnight","TheCursedMod:OminousMark","ReplayTheSpireMod:TigerMarble","Lee\u0027s Waffle","Replay:Bottled Snecko","ReplayTheSpireMod:Lightbulb","Simple Rune"],"acts_visited":["Exordium","TheCity","TheBeyond"],"potions_floor_usage":[6,13,33,46,50],"damage_taken":[{"damage":1,"enemies":"Jaw Worm","floor":1,"turns":6},{"damage":0,"enemies":"2 Louse","floor":2,"turns":2},{"damage":2,"enemies":"Small Slimes","floor":3,"turns":4},{"damage":0,"enemies":"2 Fungi Beasts","floor":5,"turns":4},{"damage":30,"enemies":"Lagavulin","floor":6,"turns":6},{"damage":6,"enemies":"Looter","floor":7,"turns":3},{"damage":4,"enemies":"3 Louse","floor":10,"turns":2},{"damage":8,"enemies":"Exordium Wildlife","floor":11,"turns":2},{"damage":2,"enemies":"Looter","floor":13,"turns":2},{"damage":0,"enemies":"2 Fungi Beasts","floor":14,"turns":3},{"damage":13,"enemies":"Hexaghost","floor":16,"turns":7},{"damage":52,"enemies":"Spheric Guardian","floor":18,"turns":8},{"damage":0,"enemies":"Chosen","floor":20,"turns":2},{"damage":8,"enemies":"Gremlin Leader","floor":23,"turns":5},{"damage":0,"enemies":"Replay:Snechameleon","floor":28,"turns":5},{"damage":0,"enemies":"Centurion and Healer","floor":29,"turns":5},{"damage":0,"enemies":"Snake Plant","floor":31,"turns":3},{"damage":7,"enemies":"Collector","floor":33,"turns":10},{"damage":0,"enemies":"3 Shapes","floor":35,"turns":3},{"damage":0,"enemies":"Orb Walker","floor":38,"turns":1},{"damage":6,"enemies":"3 Darklings","floor":39,"turns":2},{"damage":0,"enemies":"Giant Head","floor":44,"turns":7},{"damage":0,"enemies":"Transient","floor":45,"turns":5},{"damage":1,"enemies":"Spire Growth","floor":46,"turns":3},{"damage":0,"enemies":"3 Darklings","floor":48,"turns":3},{"damage":30,"enemies":"infinitespire:MassOfShapes","floor":50,"turns":9}],"seed_played":"8319496797865214133","potions_obtained":[{"floor":1,"key":"Adrenaline Potion"},{"floor":3,"key":"BlessingOfTheForge"},{"floor":6,"key":"AttackPotion"},{"floor":7,"key":"Languid Potion"},{"floor":18,"key":"Strength Potion"},{"floor":28,"key":"AttackPotion"},{"floor":30,"key":"LiquidMemories"},{"floor":39,"key":"Ancient Potion"},{"floor":46,"key":"Fire Potion"}],"is_trial":false,"path_per_floor":["M","M","M","?","M","E","M","?","T","M","M","$","M","M","R","B",null,"M","AVR","M","?","?","E","R","?","T","R","E","M","?","M","R","B",null,"M","?","$","M","M","R","?","?","T","E","M","M","?","M","R","B",null],"character_chosen":"THE_CURSED","items_purchased":["infinitespire:Lucky Rock","TheCursedMod:CursedArmor","ReplayTheSpireMod:TigerMarble","Lee\u0027s Waffle","TheCursedMod:ManaCirculation","Replay:Bottled Snecko","TheCursedMod:UltimatePain"],"campfire_rested":3,"item_purchase_floors":[12,12,37,37,37,37,37],"current_hp_per_floor":[74,74,72,54,54,24,18,18,18,14,6,6,4,4,26,13,75,23,23,23,23,23,15,37,37,37,37,37,37,20,20,42,35,75,75,75,82,82,76,76,76,76,76,76,76,75,75,75,75,45],"gold":168,"neow_bonus":"","is_daily":false,"chose_seed":false,"campfire_upgraded":3,"win_rate":0,"timestamp":1607633426,"path_taken":["M","M","M","?","M","E","M","?","T","M","M","$","M","M","R","BOSS","M","AVR","M","?","?","E","R","?","T","R","E","M","?","M","R","BOSS","M","?","$","M","M","R","?","?","T","E","M","M","?","M","R","BOSS"],"build_version":"2020-11-30","purchased_purges":0,"victory":true,"max_hp_per_floor":[75,75,75,75,75,75,75,75,75,75,75,75,75,75,75,75,75,75,75,75,75,75,75,75,75,75,75,75,75,75,75,75,75,75,75,75,82,82,82,82,78,78,78,78,78,78,78,78,78,78],"card_choices":[{"not_picked":["TheCursedMod:SoulReap","TheCursedMod:RavingStaff"],"picked":"TheCursedMod:CursedShiv","floor":1},{"not_picked":["TheCursedMod:Stigma","TheCursedMod:SmokeScreen"],"picked":"TheCursedMod:Hemoplague","floor":2},{"not_picked":["TheCursedMod:Torture","TheCursedMod:SpreadPlague"],"picked":"TheCursedMod:DoubleShield","floor":3},{"not_picked":["TheCursedMod:CircleOfWindfury","TheCursedMod:WearCloak"],"picked":"TheCursedMod:SurpriseAttack","floor":5},{"not_picked":["GalaxyChild","CrumblingArmor"],"picked":"Scorched","floor":5},{"not_picked":["TheCursedMod:HellsGateOpen","TheCursedMod:ReleasedKnowledge","TheCursedMod:CircleOfAmplification"],"picked":"SKIP","floor":6},{"not_picked":["WallGazer","UniverseFragment"],"picked":"BigBadWolf","floor":7},{"not_picked":["TheCursedMod:SoulReap","TheCursedMod:Stretching"],"picked":"TheCursedMod:CursedShiv","floor":7},{"not_picked":["TheCursedMod:BloodBarrier","TheCursedMod:Stigma"],"picked":"TheCursedMod:Hemoplague","floor":10},{"not_picked":["TheCursedMod:SaltUponWound","TheCursedMod:UltimatePain"],"picked":"TheCursedMod:Hemoplague","floor":11},{"not_picked":["TheCursedMod:CircleOfFlame","TheCursedMod:Stretching"],"picked":"TheCursedMod:NeowsMight","floor":13},{"not_picked":["RedShoes","CherryBlossoms"],"picked":"OSAHOGD","floor":14},{"not_picked":["TheCursedMod:SpitefulPray","TheCursedMod:SmokeScreen"],"picked":"TheCursedMod:Obscuration","floor":14},{"not_picked":["TheCursedMod:ParallelWorld","TheCursedMod:AntiAging"],"picked":"TheCursedMod:StunningStrike","floor":16},{"not_picked":["TheCursedMod:HellsGateOpen","TheCursedMod:DemonicPact"],"picked":"TheCursedMod:Wield+1","floor":18},{"not_picked":["TheCursedMod:SmokeScreen+1","TheCursedMod:Obscuration"],"picked":"TheCursedMod:CursedBlade","floor":20},{"not_picked":["TheCursedMod:DoubleShield","TheCursedMod:SmokeScreen+1"],"picked":"TheCursedMod:VitalStrike","floor":23},{"not_picked":["TheCursedMod:SmokeScreen","TheCursedMod:Hemoplague","TheCursedMod:SpreadPlague"],"picked":"TheCursedMod:CursedStaff","floor":28},{"not_picked":["TheCursedMod:CursedArmor","TheCursedMod:SmokeScreen","TheCursedMod:StunningStrike","TheCursedMod:Stigma"],"picked":"SKIP","floor":29},{"not_picked":["TheCursedMod:CursedShiv","TheCursedMod:CircleOfFlame","TheCursedMod:CursedMace","TheCursedMod:CircleOfCorruption+1"],"picked":"SKIP","floor":31},{"not_picked":["TheCursedMod:ShockAndAwe","TheCursedMod:OutForBlood","TheCursedMod:AntiAging"],"picked":"TheCursedMod:DemonicPact","floor":33},{"not_picked":["TheCursedMod:TacticalStrike","TheCursedMod:FuryStrike+1","TheCursedMod:CursedStaff+1"],"picked":"TheCursedMod:AbyssShockwave","floor":35},{"not_picked":["TheCursedMod:ManaCirculation","TheCursedMod:Wield","TheCursedMod:CursedBoomerang+1"],"picked":"TheCursedMod:SpitefulStrike","floor":38},{"not_picked":["TheCursedMod:CursedBoomerang","TheCursedMod:Grudge","TheCursedMod:SpitefulPray+1"],"picked":"TheCursedMod:SaltUponWound+1","floor":39},{"not_picked":["ReplayTheSpireMod:Haul","infinitespire:Oblivion"],"picked":"infinitespire:UltimateForm","floor":42},{"not_picked":["TheCursedMod:HellsGateOpen","TheCursedMod:CursedBoomerang","TheCursedMod:Stretching+1"],"picked":"TheCursedMod:Obscuration","floor":44},{"not_picked":["TheCursedMod:Stretching","TheCursedMod:Hemoplague+1","TheCursedMod:Torture+1"],"picked":"TheCursedMod:SpitefulPlan","floor":45},{"not_picked":["TheCursedMod:FleshFromBone","TheCursedMod:Grudge+1","TheCursedMod:CircleOfAbyss","TheCursedMod:TacticalStrike+1"],"picked":"SKIP","floor":46},{"not_picked":["TheCursedMod:RavingStaff","TheCursedMod:CursedAmulet+1","TheCursedMod:BlessingInDisguise+1"],"picked":"TheCursedMod:RapidMovement+1","floor":48}],"player_experience":107841,"relics_obtained":[{"floor":6,"key":"Bottled Tornado"},{"floor":9,"key":"Whetstone"},{"floor":23,"key":"Pen Nib"},{"floor":26,"key":"Question Card"},{"floor":28,"key":"ReplayFunnel"},{"floor":31,"key":"AtMidnight"},{"floor":43,"key":"ReplayTheSpireMod:Lightbulb"},{"floor":44,"key":"Simple Rune"}],"event_choices":[{"damage_healed":0,"gold_gain":0,"player_choice":"Take Damage","damage_taken":18,"relics_obtained":["Golden Idol"],"max_hp_gain":0,"max_hp_loss":0,"event_name":"Golden Idol","floor":4,"gold_loss":0},{"damage_healed":0,"gold_gain":0,"player_choice":"Simplicity","damage_taken":0,"max_hp_gain":0,"max_hp_loss":0,"event_name":"Back to Basics","floor":22,"gold_loss":0,"cards_upgraded":["TheCursedMod:Strike_TheCursed","TheCursedMod:Strike_TheCursed","TheCursedMod:Defend_TheCursed","TheCursedMod:Defend_TheCursed","TheCursedMod:Defend_TheCursed","TheCursedMod:Defend_TheCursed"]},{"damage_healed":0,"gold_gain":0,"player_choice":"Stole Relic","damage_taken":0,"relics_obtained":["Nunchaku"],"max_hp_gain":0,"max_hp_loss":0,"event_name":"Addict","floor":25,"gold_loss":0,"cards_obtained":["Shame"]},{"damage_healed":0,"gold_gain":333,"player_choice":"Gave Idol","damage_taken":0,"max_hp_gain":0,"max_hp_loss":0,"event_name":"The Moai Head","floor":36,"relics_lost":["Golden Idol"],"gold_loss":0},{"damage_healed":0,"gold_gain":0,"player_choice":"Max HP","damage_taken":0,"max_hp_gain":0,"max_hp_loss":4,"event_name":"Winding Halls","floor":41,"gold_loss":0},{"damage_healed":0,"gold_gain":0,"player_choice":"Bought 0 Potions","damage_taken":0,"max_hp_gain":0,"max_hp_loss":0,"event_name":"The Woman in Blue","floor":47,"gold_loss":0}],"is_beta":false,"boss_relics":[{"not_picked":["Honey Jar","Tiny House"],"picked":"infinitespire:Cupcake"},{"not_picked":["Painkiller Herb","Replay:Drink Me"],"picked":"TheCursedMod:OminousMark"}],"items_purged_floors":[],"is_endless":false,"potions_floor_spawned":[1,3,6,7,18,23,28,39,44,45,46],"ascension_level":0}}