{"host":"e4hse1vg61zltgzv","time":1607601588,"event":{"gold_per_floor":[112,131,131,151,76,76,76,76,123,142,61,61,61,72,72,147,147,166,41,51,51,51,151,603,603,603,630,660,672,318,343,343,421,421,435,450,450,469,1000,1000,1000],"floor_reached":40,"playtime":891,"items_purged":["Strike_G","Strike_G","Strike_G","Strike_G+1","Defend_G"],"score":1039,"play_id":"5094aa2e-f66f-42d1-ba3c-f89cc8aec23e","local_time":"20201210205948","is_ascension_mode":true,"campfire_choices":[{"data":"Neutralize","floor":6.0,"key":"SMITH"},{"data":"Noxious Fumes","floor":15.0,"key":"SMITH"},{"data":"Deadly Poison","floor":23.0,"key":"SMITH"},{"data":"Well Laid Plans","floor":25.0,"key":"SMITH"},{"data":"Calculated Gamble","floor":32,"key":"SMITH"}],"neow_cost":"NONE","seed_source_timestamp":143823638299200,"circlet_count":0,"master_deck":["AscendersBane","Defend_G+1","Defend_G","Survivor","Neutralize+1","Well Laid Plans+1","Blur","Noxious Fumes+1","Bouncing Flask+1","Corpse Explosion","Deadly Poison+1","Adrenaline","Calculated Gamble+1","Backflip"],"special_seed":0,"relics":["Ring of the Snake","Snake Skull","TwistedFunnel","The Specimen","NeowsBlessing","PreservedInsect","Ancient Tea Set","Singing Bowl","Coffee Dripper","Membership Card","Mercury Hourglass","Lizard Tail","Pantograph","WingedGreaves","Omamori","Sundial","Gremlin Horn","Ice Cream","SacredBark","Red Mask"],"potions_floor_usage":[31],"damage_taken":[{"damage":0.0,"enemies":"2 Louse","floor":1.0,"turns":1.0},{"damage":0.0,"enemies":"Small Slimes","floor":2.0,"turns":1.0},{"damage":0.0,"enemies":"Jaw Worm","floor":4.0,"turns":1.0},{"damage":6.0,"enemies":"Looter","floor":10.0,"turns":4.0},{"damage":0.0,"enemies":"Red Slaver","floor":14.0,"turns":5.0},{"damage":18.0,"enemies":"Slime Boss","floor":16.0,"turns":6.0},{"damage":0.0,"enemies":"Spheric Guardian","floor":18.0,"turns":3.0},{"damage":0.0,"enemies":"3 Byrds","floor":20.0,"turns":3.0},{"damage":0.0,"enemies":"Slavers","floor":27.0,"turns":2.0},{"damage":3.0,"enemies":"Book of Stabbing","floor":28.0,"turns":4.0},{"damage":3.0,"enemies":"Snecko","floor":29.0,"turns":4.0},{"damage":10,"enemies":"Gremlin Leader","floor":31,"turns":2},{"damage":27,"enemies":"Collector","floor":33,"turns":5},{"damage":18,"enemies":"3 Darklings","floor":35,"turns":2},{"damage":9,"enemies":"3 Shapes","floor":36,"turns":2},{"damage":43,"enemies":"Spire Growth","floor":38,"turns":4},{"damage":2,"enemies":"Nemesis","floor":40,"turns":3}],"seed_played":"-4058495181860102143","potions_obtained":[{"floor":2.0,"key":"ColorlessPotion"},{"floor":4.0,"key":"Swift Potion"},{"floor":16.0,"key":"Block Potion"},{"floor":18.0,"key":"AttackPotion"},{"floor":20.0,"key":"Dexterity Potion"},{"floor":28.0,"key":"SteroidPotion"},{"floor":38,"key":"DuplicationPotion"}],"is_trial":false,"path_per_floor":["M","M","?","M","$","R","?","?","T","M","$","$","T","M","R","B",null,"M","$","M","?","?","R","$","R","T","E","E","M","$","E","R","B",null,"M","M","?","M","?","E"],"character_chosen":"THE_SILENT","items_purchased":["Noxious Fumes","Membership Card","Mercury Hourglass","Lizard Tail","Sundial","Gremlin Horn"],"campfire_rested":0,"item_purchase_floors":[11,24,24,24,30,30],"current_hp_per_floor":[59,59,64,64,64,64,53,32,32,26,26,26,26,28,28,10,57,59,59,61,61,61,61,61,61,61,63,62,61,61,53,53,53,79,63,56,56,13,13,11,11],"gold":1000,"neow_bonus":"THREE_ENEMY_KILL","is_prod":false,"is_daily":false,"chose_seed":false,"campfire_upgraded":5,"win_rate":0,"timestamp":1607601588,"path_taken":["M","M","?","M","$","R","?","?","T","M","?","$","?","M","R","BOSS","M","$","M","?","?","R","$","R","T","E","E","?","$","E","R","BOSS","M","M","?","?","?","E"],"build_version":"2020-11-30","purchased_purges":5,"victory":false,"max_hp_per_floor":[66,66,71,71,71,71,71,71,71,71,71,71,71,73,73,73,73,75,75,77,77,77,77,77,77,77,79,81,83,83,85,85,87,87,89,91,91,91,91,91,91],"card_choices":[{"not_picked":["PiercingWail","Infinite Blades"],"picked":"Well Laid Plans","floor":1.0},{"not_picked":["Endless Agony","Predator","Sucker Punch"],"picked":"SKIP","floor":2.0},{"not_picked":["Outmaneuver","Flying Knee","Finisher"],"picked":"SKIP","floor":4.0},{"not_picked":["Tactician","Calculated Gamble"],"picked":"Blur","floor":10.0},{"not_picked":["Cloak And Dagger","Flying Knee","Infinite Blades"],"picked":"Singing Bowl","floor":14.0},{"not_picked":["Doppelganger","Burst"],"picked":"Corpse Explosion","floor":16.0},{"not_picked":["Quick Slash","Reflex+1","PiercingWail"],"picked":"Singing Bowl","floor":18.0},{"not_picked":["Prepared","Dodge and Roll","Well Laid Plans"],"picked":"Singing Bowl","floor":20.0},{"not_picked":["Expertise","Deflect","Prepared"],"picked":"Singing Bowl","floor":27.0},{"not_picked":["Dodge and Roll+1","Doppelganger","Footwork+1"],"picked":"Singing Bowl","floor":28.0},{"not_picked":["Cloak And Dagger","Sucker Punch","Prepared"],"picked":"Singing Bowl","floor":29.0},{"not_picked":["Dagger Spray","Slice","Dagger Throw"],"picked":"Singing Bowl","floor":31},{"not_picked":["Doppelganger","Unload","Phantasmal Killer"],"picked":"Singing Bowl","floor":33},{"not_picked":["PiercingWail","Bane","Infinite Blades"],"picked":"Singing Bowl","floor":35},{"not_picked":["Blur","Quick Slash","Accuracy"],"picked":"Singing Bowl","floor":36},{"not_picked":["Sucker Punch","Predator"],"picked":"Backflip","floor":38}],"player_experience":716155,"relics_obtained":[{"floor":9.0,"key":"Ancient Tea Set"},{"floor":13.0,"key":"Singing Bowl"},{"floor":26.0,"key":"Pantograph"},{"floor":27.0,"key":"WingedGreaves"},{"floor":28.0,"key":"Omamori"},{"floor":31,"key":"Ice Cream"}],"event_choices":[{"damage_healed":0.0,"max_hp_gain":5.0,"max_hp_loss":0.0,"gold_gain":0.0,"event_name":"Big Fish","player_choice":"Donut","floor":3.0,"gold_loss":0.0,"damage_taken":0.0},{"damage_healed":0.0,"max_hp_gain":0.0,"max_hp_loss":0.0,"gold_gain":0.0,"event_name":"Scrap Ooze","player_choice":"Success","floor":7.0,"gold_loss":0.0,"damage_taken":11.0,"relics_obtained":["PreservedInsect"]},{"damage_healed":0.0,"max_hp_gain":0.0,"max_hp_loss":0.0,"gold_gain":0.0,"event_name":"Shining Light","player_choice":"Entered Light","floor":8.0,"gold_loss":0.0,"damage_taken":21.0,"cards_upgraded":["Defend_G","Strike_G"]},{"damage_healed":0.0,"max_hp_gain":0.0,"max_hp_loss":0.0,"gold_gain":0.0,"event_name":"The Library","player_choice":"Read","floor":21.0,"gold_loss":0.0,"damage_taken":0.0,"cards_obtained":["Deadly Poison"]},{"damage_healed":0.0,"max_hp_gain":0.0,"max_hp_loss":0.0,"gold_gain":0.0,"cards_transformed":["Strike_G","Defend_G"],"event_name":"Drug Dealer","player_choice":"Became Test Subject","floor":22.0,"gold_loss":0.0,"damage_taken":0.0,"cards_obtained":["Adrenaline","Calculated Gamble"]},{"damage_healed":0,"gold_gain":0,"cards_transformed":["Defend_G"],"player_choice":"Transformed","damage_taken":0,"max_hp_gain":0,"max_hp_loss":0,"event_name":"Transmorgrifier","floor":37,"gold_loss":0,"cards_obtained":["Blade Dance"]},{"damage_healed":0,"gold_gain":0,"player_choice":"Paid","damage_taken":0,"relics_obtained":["Red Mask"],"max_hp_gain":0,"max_hp_loss":0,"event_name":"Tomb of Lord Red Mask","floor":39,"gold_loss":469}],"is_beta":false,"boss_relics":[{"not_picked":["Velvet Choker","Busted Crown"],"picked":"Coffee Dripper"},{"not_picked":["Fusion Hammer","Calling Bell"],"picked":"SacredBark"}],"items_purged_floors":[5,12,19,24,30],"is_endless":false,"potions_floor_spawned":[2,4,16,18,20,28,38],"killed_by":"Nemesis","ascension_level":20}}