{"host":"0vd2boh2oi7jm085","time":1607566586,"event":{"gold_per_floor":[114,37,49,49,49,49,49,124,124,124,145,39,66,82,82,159,159,175,90,90,110,59,59,74,74,74,90,109,109,109,34,34,34,34],"floor_reached":33,"playtime":698,"items_purged":["Bash"],"score":434,"play_id":"3eca27a7-8902-41eb-a83f-e2bf3989f993","local_time":"20201209181626","is_ascension_mode":true,"campfire_choices":[{"data":"Double Tap","floor":6.0,"key":"SMITH"},{"data":"Inflame","floor":10.0,"key":"SMITH"},{"floor":15.0,"key":"REST"},{"floor":23.0,"key":"REST"},{"data":"Immolate","floor":25.0,"key":"SMITH"},{"data":"Seeing Red","floor":29.0,"key":"SMITH"},{"data":"Ghostly","floor":32.0,"key":"SMITH"}],"neow_cost":"PERCENT_DAMAGE","seed_source_timestamp":7224322832800,"circlet_count":0,"master_deck":["AscendersBane","Strike_R","Strike_R","Strike_R","Strike_R","Strike_R","Defend_R","Defend_R","Defend_R","Defend_R","Double Tap+1","Inflame+1","Uppercut","Cleave","Flex","Thunderclap","Immolate+1","Headbutt+1","Spot Weakness","Flex","Inflame+1","Seeing Red+1","Ghostly","Ghostly","Ghostly+1"],"special_seed":0,"relics":["Black Blood","CaptainsWheel","Question Card","Odd Mushroom","Omamori","White Beast Statue","Ginger"],"potions_floor_usage":[33,33],"damage_taken":[{"damage":9.0,"enemies":"2 Louse","floor":1.0,"turns":4.0},{"damage":4.0,"enemies":"Cultist","floor":3.0,"turns":3.0},{"damage":25.0,"enemies":"The Mushroom Lair","floor":11.0,"turns":4.0},{"damage":18.0,"enemies":"Gremlin Nob","floor":13.0,"turns":3.0},{"damage":4.0,"enemies":"Small Slimes","floor":14.0,"turns":2.0},{"damage":27.0,"enemies":"Slime Boss","floor":16.0,"turns":7.0},{"damage":11.0,"enemies":"Spheric Guardian","floor":18.0,"turns":3.0},{"damage":40.0,"enemies":"3 Byrds","floor":21.0,"turns":4.0},{"damage":12.0,"enemies":"Sentry and Sphere","floor":24.0,"turns":4.0},{"damage":8.0,"enemies":"Cultist and Chosen","floor":27.0,"turns":4.0},{"damage":18.0,"enemies":"3 Cultists","floor":28.0,"turns":3.0},{"damage":65,"enemies":"Champ","floor":33,"turns":11}],"seed_played":"4811662246251745781","potions_obtained":[{"floor":11.0,"key":"FearPotion"},{"floor":16.0,"key":"LiquidMemories"},{"floor":21.0,"key":"Fruit Juice"},{"floor":24.0,"key":"GamblersBrew"},{"floor":27.0,"key":"Fire Potion"},{"floor":28.0,"key":"BloodPotion"}],"is_trial":false,"path_per_floor":["M","$","M","?","$","R","?","?","T","R","?","$","E","M","R","B",null,"M","?","?","M","$","R","M","R","T","M","M","R","?","$","R","B"],"character_chosen":"IRONCLAD","items_purchased":["Uppercut","Flex","Thunderclap","Flex"],"campfire_rested":2,"item_purchase_floors":[2,12,12,22],"current_hp_per_floor":[47,47,49,75,75,75,75,64,64,64,45,45,33,35,57,36,65,66,66,66,43,43,67,67,67,67,71,65,65,40,40,40,0,0],"gold":34,"neow_bonus":"THREE_RARE_CARDS","is_prod":false,"is_daily":false,"chose_seed":false,"campfire_upgraded":5,"win_rate":0,"timestamp":1607566586,"path_taken":["M","$","M","?","?","R","?","?","T","R","?","$","E","?","R","BOSS","M","?","?","M","$","R","M","R","T","?","M","R","?","$","R","BOSS"],"build_version":"2020-11-30","purchased_purges":1,"victory":false,"max_hp_per_floor":[75,75,75,75,75,75,75,75,75,75,75,75,75,75,75,75,75,75,75,75,80,80,80,80,80,80,80,80,80,40,40,40,40,40],"card_choices":[{"not_picked":["Reaper","Brutality"],"picked":"Double Tap","floor":0.0},{"not_picked":["Havoc","Sentinel"],"picked":"Inflame","floor":1.0},{"not_picked":["Clash","Warcry"],"picked":"Cleave","floor":3.0},{"not_picked":["Twin Strike","Pommel Strike","Battle Trance","Blood for Blood"],"picked":"SKIP","floor":13.0},{"not_picked":["Cleave","Dropkick","True Grit"],"picked":"Immolate","floor":14.0},{"not_picked":["Inflame","Sword Boomerang+1","Flame Barrier+1"],"picked":"Headbutt+1","floor":18.0},{"not_picked":["Uppercut","Ghostly Armor","Wild Strike","Sever Soul"],"picked":"SKIP","floor":21.0},{"not_picked":["Shrug It Off","Disarm","Fire Breathing+1"],"picked":"Inflame+1","floor":24.0},{"not_picked":["Thunderclap","Havoc","Armaments"],"picked":"Seeing Red","floor":27.0},{"not_picked":["Rupture","Armaments","Battle Trance","Combust"],"picked":"SKIP","floor":28.0}],"player_experience":72606,"relics_obtained":[{"floor":9.0,"key":"Question Card"},{"floor":11.0,"key":"Odd Mushroom"},{"floor":13.0,"key":"Omamori"},{"floor":26.0,"key":"Ginger"}],"event_choices":[{"damage_healed":26.0,"max_hp_gain":0.0,"max_hp_loss":0.0,"gold_gain":0.0,"event_name":"Wheel of Change","player_choice":"Full Heal","floor":4.0,"gold_loss":0.0,"damage_taken":0.0},{"damage_healed":0.0,"max_hp_gain":0.0,"max_hp_loss":0.0,"gold_gain":0.0,"event_name":"Dead Adventurer","player_choice":"Searched \u00272\u0027 times","floor":7.0,"gold_loss":0.0,"damage_taken":0.0,"relics_obtained":["CaptainsWheel"]},{"damage_healed":0.0,"max_hp_gain":0.0,"max_hp_loss":0.0,"gold_gain":75.0,"event_name":"World of Goop","player_choice":"Gather Gold","floor":8.0,"gold_loss":0.0,"damage_taken":11.0},{"damage_healed":0.0,"max_hp_gain":0.0,"max_hp_loss":0.0,"gold_gain":0.0,"event_name":"Mushrooms","player_choice":"Fought Mushrooms","floor":11.0,"gold_loss":0.0,"damage_taken":0.0},{"damage_healed":0.0,"max_hp_gain":0.0,"max_hp_loss":0.0,"gold_gain":0.0,"event_name":"Addict","player_choice":"Obtained Relic","floor":19.0,"gold_loss":85.0,"damage_taken":0.0,"relics_obtained":["White Beast Statue"]},{"damage_healed":0.0,"max_hp_gain":0.0,"max_hp_loss":0.0,"gold_gain":0.0,"event_name":"The Library","player_choice":"Read","floor":20.0,"gold_loss":0.0,"damage_taken":0.0,"cards_obtained":["Spot Weakness"]},{"damage_healed":0.0,"max_hp_gain":0.0,"max_hp_loss":40.0,"gold_gain":0.0,"event_name":"Ghosts","player_choice":"Became a Ghost","floor":30.0,"gold_loss":0.0,"damage_taken":0.0,"cards_obtained":["Ghostly","Ghostly","Ghostly"]}],"is_beta":false,"boss_relics":[{"not_picked":["Black Star","Fusion Hammer"],"picked":"Black Blood"}],"items_purged_floors":[31],"is_endless":false,"potions_floor_spawned":[11,16,18,21,24,27,28],"killed_by":"Champ","ascension_level":16}}