{"host":"27hat5v0dffgaxzm","time":1607586307,"event":{"gold_per_floor":[111,131,150,170,2,30,30,40,66,66,66],"floor_reached":10,"playtime":407,"items_purged":[],"score":140,"play_id":"601ecd9d-acb8-4104-93e0-616950f1e60c","local_time":"20201210164507","is_ascension_mode":true,"campfire_choices":[{"floor":7.0,"key":"REST"}],"neow_cost":"NONE","seed_source_timestamp":22776855824100,"circlet_count":0,"master_deck":["AscendersBane","Strike_G","Strike_G","Strike_G","Strike_G","Strike_G","Defend_G","Defend_G","Defend_G","Defend_G","Defend_G","Survivor","Neutralize","Predator","Blade Dance","Backflip","Acrobatics","Malaise","Reflex"],"special_seed":0,"relics":["Philosopher\u0027s Stone","Membership Card","Centennial Puzzle","Bronze Scales"],"potions_floor_usage":[],"damage_taken":[{"damage":9.0,"enemies":"Cultist","floor":1.0,"turns":6.0},{"damage":1.0,"enemies":"2 Louse","floor":2.0,"turns":3.0},{"damage":6.0,"enemies":"Jaw Worm","floor":3.0,"turns":3.0},{"damage":0.0,"enemies":"Looter","floor":4.0,"turns":3.0},{"damage":41.0,"enemies":"Gremlin Nob","floor":6.0,"turns":4.0},{"damage":1.0,"enemies":"Gremlin Gang","floor":8.0,"turns":5.0},{"damage":22,"enemies":"3 Sentries","floor":10,"turns":6}],"seed_played":"-3593842649380886065","potions_obtained":[{"floor":3.0,"key":"PowerPotion"},{"floor":4.0,"key":"SkillPotion"}],"is_trial":false,"path_per_floor":["M","M","M","M","$","E","R","M","T","E"],"character_chosen":"THE_SILENT","items_purchased":["Membership Card"],"campfire_rested":1,"item_purchase_floors":[5],"current_hp_per_floor":[50,49,43,43,43,2,21,20,20,0,0],"gold":66,"neow_bonus":"BOSS_RELIC","is_prod":false,"is_daily":false,"chose_seed":false,"campfire_upgraded":0,"win_rate":0,"timestamp":1607586307,"path_taken":["M","M","?","M","?","E","R","M","T","E"],"build_version":"2020-11-30","purchased_purges":0,"victory":false,"max_hp_per_floor":[66,66,66,66,66,66,66,66,66,66,66],"card_choices":[{"not_picked":["Outmaneuver","Sucker Punch"],"picked":"Predator","floor":1.0},{"not_picked":["Slice","Deflect"],"picked":"Blade Dance","floor":2.0},{"not_picked":["Bouncing Flask","Sucker Punch"],"picked":"Backflip","floor":3.0},{"not_picked":["Eviscerate","Reflex"],"picked":"Acrobatics","floor":4.0},{"not_picked":["Dagger Throw","Deflect"],"picked":"Malaise","floor":6.0},{"not_picked":["Underhanded Strike","Bane"],"picked":"Reflex","floor":8.0}],"player_experience":293702,"relics_obtained":[{"floor":6.0,"key":"Centennial Puzzle"},{"floor":9.0,"key":"Bronze Scales"}],"event_choices":[],"is_beta":false,"boss_relics":[],"items_purged_floors":[],"is_endless":false,"potions_floor_spawned":[3,4],"killed_by":"3 Sentries","ascension_level":20}}