{"host":"kos1s9q8ffr8fqos","time":1607629825,"event":{"mods":["BaseMod","AchievementEnabler","Colored Map","Colored Powertips","Random Character Button","StSLib","Curses Come First","Quick Restart","Relic Stats","Minty Spire (QoL Compilation)","Better Altar","Better Match","Better Note","Better Sensory Stone","Better Skull","Better Third Choice","Better Vampires","The Blue Laboratory","Shop Mod","Infinite Spire","Bestiary","2.2 Compatiblity","Hermit","Jorbs\u0027s Wanderer Trilogy","The Disciple","The Hayseed","AlwaysNeverKeys"],"gold_per_floor":[113,113,133,184,194,194,220,220,220,170,35,52,78,78,78,174,174,194,212,212,229,6,41,316,350,350,368,394,394,404,419,419,520,520,537,548,330,350,0,0,0,28,55,55,55,86,86,116,116,116],"floor_reached":51,"playtime":2711,"items_purged":["Flash of Steel"],"score":1000,"play_id":"e8b11a76-b96b-44b5-919c-462feb45c474","local_time":"20201210135025","is_ascension_mode":true,"campfire_choices":[{"data":"hermit:CursedWeapon","floor":6.0,"key":"SMITH"},{"data":"hermit:Brawl","floor":8.0,"key":"SMITH"},{"data":"hermit:Feint","floor":15.0,"key":"SMITH"},{"floor":29.0,"key":"REST"},{"floor":32.0,"key":"REST"},{"data":"hermit:EternalForm","floor":40.0,"key":"SMITH"},{"floor":49,"key":"REST"}],"circlet_count":0,"master_deck":["hermit:Strike_Hermit","hermit:Strike_Hermit","hermit:Defend_Hermit+1","hermit:Defend_Hermit","hermit:Defend_Hermit+1","hermit:Snapshot+1","hermit:CursedWeapon+1","hermit:Brawl+1","hermit:Feint+1","hermit:EternalForm+1","hermit:ItchyTrigger+1","hermit:LuckOfTheDraw","hermit:HighNoon","hermit:Vantage","hermit:TakeAim","hermit:BigShot","Regret","hermit:NoHoldsBarred+1","hermit:LoneWolf+1","hermit:EternalForm+1","hermit:Enervate+1","hermit:TrackingShot+1","hermit:WideOpen","hermit:Spite+1","Writhe","hermit:Roulette+1","hermit:Midnight+1","hermit:Gestalt+1"],"special_seed":0,"relics":["hermit:Momento","infinitespire:Satchel","Letter Opener","StrikeDummy","Bottled Tornado","Empty Cage","Membership Card","War Paint","Smiling Mask","Sundial","Whetstone","Du-Vu Doll","Black Star","hermit:RedScarf","Red Mask","infinitespire:EmpoweringShard","Toy Ornithopter","Ancient Tea Set","Juzu Bracelet","Bottled Flame","Turnip","Bronze Scales"],"acts_visited":["Exordium","TheCity","TheBeyond"],"potions_floor_usage":[50],"damage_taken":[{"damage":0.0,"enemies":"2 Louse","floor":1.0,"turns":2.0},{"damage":4.0,"enemies":"Jaw Worm","floor":3.0,"turns":2.0},{"damage":2.0,"enemies":"Cultist","floor":5.0,"turns":3.0},{"damage":27.0,"enemies":"3 Sentries","floor":7.0,"turns":8.0},{"damage":13.0,"enemies":"Looter","floor":12.0,"turns":2.0},{"damage":16.0,"enemies":"Lagavulin","floor":13.0,"turns":5.0},{"damage":8.0,"enemies":"Hexaghost","floor":16.0,"turns":8.0},{"damage":10.0,"enemies":"2 Thieves","floor":18.0,"turns":3.0},{"damage":7.0,"enemies":"Shell Parasite","floor":19.0,"turns":4.0},{"damage":15.0,"enemies":"Centurion and Healer","floor":21.0,"turns":5.0},{"damage":2.0,"enemies":"Gremlin Leader","floor":23.0,"turns":6.0},{"damage":14.0,"enemies":"Slavers","floor":25.0,"turns":5.0},{"damage":14.0,"enemies":"Sentry and Sphere","floor":27.0,"turns":4.0},{"damage":12.0,"enemies":"Gremlin Leader","floor":28.0,"turns":4.0},{"damage":2.0,"enemies":"3 Cultists","floor":30.0,"turns":3.0},{"damage":12.0,"enemies":"Snake Plant","floor":31.0,"turns":3.0},{"damage":12.0,"enemies":"Automaton","floor":33.0,"turns":6.0},{"damage":6.0,"enemies":"Orb Walker","floor":35.0,"turns":2.0},{"damage":14.0,"enemies":"3 Shapes","floor":36.0,"turns":5.0},{"damage":10.0,"enemies":"Maw","floor":38.0,"turns":5.0},{"damage":15.0,"enemies":"Giant Head","floor":42.0,"turns":5.0},{"damage":2.0,"enemies":"Reptomancer","floor":46.0,"turns":3.0},{"damage":3,"enemies":"Giant Head","floor":48,"turns":4},{"damage":47,"enemies":"Donu and Deca","floor":50,"turns":6}],"seed_played":"7770382619361245351","potions_obtained":[{"floor":7.0,"key":"blueLaboratory:BottleOfVodka"},{"floor":12.0,"key":"hermit:Tonic"},{"floor":13.0,"key":"blueLaboratory:PhilterOfMotion"},{"floor":25.0,"key":"LiquidMemories"},{"floor":27.0,"key":"Explosive Potion"},{"floor":31.0,"key":"EntropicBrew"},{"floor":38.0,"key":"BlessingOfTheForge"},{"floor":42.0,"key":"blueLaboratory:ForbiddenFruitJuice"}],"is_trial":false,"path_per_floor":["M","?","M","T","M","R","E","R","T","?","$","M","E","?","R","B",null,"M","M","?","M","$","E","?","E","T","M","E","R","M","M","R","B",null,"M","M","$","M","?","R","?","E","T","?","?","E","?","E","R","B",null],"character_chosen":"HERMIT","items_purchased":["hermit:EternalForm","Membership Card","War Paint","hermit:RedScarf","hermit:WideOpen"],"campfire_rested":3,"item_purchase_floors":[11,22,22,37,37],"current_hp_per_floor":[75,75,71,71,69,69,42,42,42,42,42,29,13,13,13,5,75,65,58,58,43,43,41,41,27,27,13,1,23,21,9,31,34,75,69,55,55,45,45,45,64,49,49,49,42,45,45,42,64,22],"gold":116,"neow_bonus":"UPGRADE_CARD","is_daily":false,"chose_seed":false,"campfire_upgraded":4,"win_rate":0,"timestamp":1607629825,"path_taken":["M","?","M","?","?","R","E","R","T","?","$","M","E","?","R","BOSS","M","M","?","?","$","E","?","E","T","?","E","R","M","M","R","BOSS","M","M","$","M","?","R","?","E","T","?","?","E","?","E","R","BOSS"],"build_version":"2020-11-30","purchased_purges":1,"victory":true,"max_hp_per_floor":[75,75,75,75,75,75,75,75,75,75,75,75,75,75,75,75,75,75,75,75,75,75,75,75,75,75,75,75,75,75,75,75,75,75,75,75,75,75,75,75,75,75,75,75,75,75,75,75,75,75],"relic_stats":{"counters":[24,103],"Sundial":[10],"Bronze Scales":[18],"Turnip":[0],"Black Star":3,"Juzu Bracelet":1,"Letter Opener":[80],"Whetstone":["hermit:NoHoldsBarred","hermit:ItchyTrigger"],"War Paint":["hermit:Defend_Hermit","hermit:Defend_Hermit"],"Smiling Mask":-12,"obtain_stats":[{"Juzu Bracelet":46,"Letter Opener":7,"Whetstone":26,"Bottled Tornado":13,"War Paint":22,"Empty Cage":17,"Smiling Mask":23,"Ancient Tea Set":43,"Du-Vu Doll":28,"Bottled Flame":46,"Sundial":25,"Bronze Scales":48,"infinitespire:Satchel":4,"Turnip":48,"Black Star":34,"Red Mask":39,"infinitespire:EmpoweringShard":42,"Membership Card":22,"hermit:RedScarf":37,"StrikeDummy":9,"hermit:Momento":0,"Toy Ornithopter":42},{"Juzu Bracelet":22,"Letter Opener":4,"Whetstone":12,"Bottled Tornado":6,"War Paint":10,"Empty Cage":7,"Smiling Mask":11,"Ancient Tea Set":21,"Du-Vu Doll":14,"Bottled Flame":22,"Sundial":12,"Bronze Scales":23,"infinitespire:Satchel":2,"Turnip":23,"Black Star":17,"Red Mask":20,"infinitespire:EmpoweringShard":21,"Membership Card":10,"hermit:RedScarf":19,"StrikeDummy":4,"hermit:Momento":0,"Toy Ornithopter":21},{"Juzu Bracelet":93,"Letter Opener":15,"Whetstone":53,"Bottled Tornado":22,"War Paint":42,"Empty Cage":30,"Smiling Mask":48,"Ancient Tea Set":90,"Du-Vu Doll":61,"Bottled Flame":93,"Sundial":53,"Bronze Scales":97,"infinitespire:Satchel":4,"Turnip":97,"Black Star":73,"Red Mask":85,"infinitespire:EmpoweringShard":90,"Membership Card":42,"hermit:RedScarf":80,"StrikeDummy":15,"hermit:Momento":0,"Toy Ornithopter":90}],"Toy Ornithopter":10},"card_choices":[{"not_picked":["hermit:TakeCover","hermit:Quickdraw"],"picked":"hermit:CursedWeapon","floor":1.0},{"not_picked":["Dark Shackles","Madness"],"picked":"Flash of Steel","floor":2.0},{"not_picked":["hermit:HoleUp","hermit:Coalescence"],"picked":"hermit:SprayPray","floor":3.0},{"not_picked":["hermit:EyeOfTheStorm","hermit:BigShot"],"picked":"hermit:Brawl","floor":5.0},{"not_picked":["hermit:Quickdraw","hermit:EyeOfTheStorm"],"picked":"hermit:Feint","floor":7.0},{"not_picked":["hermit:Headshot","hermit:Cheat"],"picked":"hermit:ItchyTrigger","floor":12.0},{"not_picked":["hermit:LowProfile","hermit:TrackingShot"],"picked":"hermit:LuckOfTheDraw","floor":13.0},{"not_picked":["hermit:Dissolve","hermit:DeadOrAlive"],"picked":"hermit:HighNoon","floor":16.0},{"not_picked":["hermit:Dive","hermit:Roulette"],"picked":"hermit:Vantage","floor":18.0},{"not_picked":["hermit:Deadeye","hermit:Snipe"],"picked":"hermit:TakeAim","floor":19.0},{"not_picked":["hermit:Spite","hermit:Malice"],"picked":"hermit:BigShot","floor":21.0},{"not_picked":["hermit:Headshot","hermit:DeadOrAlive","hermit:Glare"],"picked":"SKIP","floor":23.0},{"not_picked":["hermit:GhostlyPresence","hermit:Quickdraw"],"picked":"hermit:NoHoldsBarred","floor":25.0},{"not_picked":["hermit:ItchyTrigger+1","hermit:Determination","hermit:CalledShot"],"picked":"SKIP","floor":27.0},{"not_picked":["hermit:Gambit","hermit:Ricochet","hermit:BigShot+1"],"picked":"SKIP","floor":28.0},{"not_picked":["hermit:Snipe+1","hermit:Ricochet"],"picked":"hermit:LoneWolf+1","floor":30.0},{"not_picked":["hermit:Coalescence+1","hermit:Misfire","hermit:Deadeye"],"picked":"SKIP","floor":31.0},{"not_picked":["hermit:DeadOrAlive","hermit:Gambit"],"picked":"hermit:EternalForm","floor":33.0},{"not_picked":["hermit:HighCaliber","hermit:Determination+1"],"picked":"hermit:Enervate+1","floor":35.0},{"not_picked":["hermit:Vantage+1","hermit:Desperado"],"picked":"hermit:TrackingShot+1","floor":36.0},{"not_picked":["hermit:Misfire","hermit:GhostlyPresence+1"],"picked":"hermit:Spite+1","floor":38.0},{"not_picked":["hermit:Virtue","hermit:ItchyTrigger"],"picked":"hermit:Roulette+1","floor":42.0},{"not_picked":["hermit:Grudge","hermit:TrackingShot"],"picked":"hermit:Midnight+1","floor":46.0},{"not_picked":["hermit:WideOpen","hermit:ShadowCloak"],"picked":"hermit:Gestalt+1","floor":48}],"player_experience":1199454,"relics_obtained":[{"floor":4.0,"key":"infinitespire:Satchel"},{"floor":7.0,"key":"Letter Opener"},{"floor":9.0,"key":"StrikeDummy"},{"floor":13.0,"key":"Bottled Tornado"},{"floor":23.0,"key":"Smiling Mask"},{"floor":25.0,"key":"Sundial"},{"floor":26.0,"key":"Whetstone"},{"floor":28.0,"key":"Du-Vu Doll"},{"floor":42.0,"key":"infinitespire:EmpoweringShard"},{"floor":42.0,"key":"Toy Ornithopter"},{"floor":43.0,"key":"Ancient Tea Set"},{"floor":46.0,"key":"Juzu Bracelet"},{"floor":46.0,"key":"Bottled Flame"},{"floor":48,"key":"Turnip"},{"floor":48,"key":"Bronze Scales"}],"event_choices":[{"damage_healed":0.0,"max_hp_gain":0.0,"max_hp_loss":0.0,"gold_gain":1.0,"event_name":"betterStone:BetterStone","player_choice":"1","floor":2.0,"gold_loss":0.0,"damage_taken":0.0},{"cards_removed":["hermit:Defend_Hermit"],"damage_healed":0.0,"max_hp_gain":0.0,"max_hp_loss":0.0,"gold_gain":0.0,"event_name":"The Cleric","player_choice":"Card Removal","floor":10.0,"gold_loss":50.0,"damage_taken":0.0},{"damage_healed":0.0,"max_hp_gain":0.0,"max_hp_loss":0.0,"gold_gain":0.0,"event_name":"Living Wall","player_choice":"Grow","floor":14.0,"gold_loss":0.0,"damage_taken":0.0,"cards_upgraded":["hermit:EternalForm"]},{"cards_removed":["hermit:Covet"],"damage_healed":0.0,"max_hp_gain":0.0,"max_hp_loss":0.0,"gold_gain":0.0,"event_name":"Wheel of Change","player_choice":"Card Removal","floor":20.0,"gold_loss":0.0,"damage_taken":0.0},{"damage_healed":0.0,"max_hp_gain":0.0,"max_hp_loss":0.0,"gold_gain":275.0,"event_name":"Golden Shrine","player_choice":"Desecrate","floor":24.0,"gold_loss":0.0,"damage_taken":0.0,"cards_obtained":["Regret"]},{"damage_healed":0.0,"max_hp_gain":0.0,"max_hp_loss":0.0,"gold_gain":0.0,"event_name":"Tomb of Lord Red Mask","player_choice":"Paid","floor":39.0,"gold_loss":350.0,"damage_taken":0.0,"relics_obtained":["Red Mask"]},{"damage_healed":19.0,"max_hp_gain":0.0,"max_hp_loss":0.0,"gold_gain":0.0,"event_name":"Winding Halls","player_choice":"Writhe","floor":41.0,"gold_loss":0.0,"damage_taken":0.0,"cards_obtained":["Writhe"]},{"cards_removed":["hermit:Strike_Hermit"],"damage_healed":0.0,"max_hp_gain":0.0,"max_hp_loss":0.0,"gold_gain":0.0,"event_name":"Falling","player_choice":"Removed Attack","floor":44.0,"gold_loss":0.0,"damage_taken":0.0},{"damage_healed":0.0,"max_hp_gain":0.0,"max_hp_loss":0.0,"gold_gain":0.0,"event_name":"Wheel of Change","player_choice":"Damaged","floor":45.0,"gold_loss":0.0,"damage_taken":7.0}],"is_beta":false,"boss_relics":[{"not_picked":["Fusion Hammer","infinitespire:Cupcake"],"picked":"Empty Cage"},{"not_picked":["SacredBark","Astrolabe"],"picked":"Black Star"}],"items_purged_floors":[37],"is_endless":false,"potions_floor_spawned":[7,12,13,16,19,25,27,31,38,42],"ascension_level":3}}