{"host":"m98e3ia7l93qbhre","time":1607611907,"event":{"gold_per_floor":[111,36,36,36,36,62,23,55,55,90,106,106,121,154,154,226,226,244,244,262,241,241,241,241],"floor_reached":23,"playtime":1765,"items_purged":["Strike_R"],"score":467,"play_id":"5c7881b7-b35a-4b69-9030-59ab17360058","local_time":"20201210225147","is_ascension_mode":true,"campfire_choices":[{"data":"Armaments","floor":15.0,"key":"SMITH"}],"neow_cost":"NONE","seed_source_timestamp":1376404154144408,"circlet_count":0,"master_deck":["AscendersBane","Strike_R","Strike_R","Strike_R","Defend_R","Defend_R+1","Defend_R","Defend_R+1","Bash","Body Slam","Corruption","Metallicize","Whirlwind","Armaments+1","Feel No Pain","Seeing Red","Limit Break+1","Twin Strike+1"],"special_seed":0,"relics":["Burning Blood","NeowsBlessing","Baka","War Paint","Potion Belt","MealTicket","Dream Catcher","Smiling Mask","GodSword1"],"potions_floor_usage":[23,23],"damage_taken":[{"damage":0.0,"enemies":"2 Louse","floor":1.0,"turns":1.0},{"damage":0.0,"enemies":"3 Sentries","floor":6.0,"turns":2.0},{"damage":0.0,"enemies":"Gremlin Nob","floor":8.0,"turns":1.0},{"damage":21.0,"enemies":"Lagavulin","floor":10.0,"turns":5.0},{"damage":3.0,"enemies":"Cultist","floor":11.0,"turns":5.0},{"damage":16.0,"enemies":"Jaw Worm","floor":13.0,"turns":3.0},{"damage":5.0,"enemies":"3 Sentries","floor":14.0,"turns":5.0},{"damage":37.0,"enemies":"Hexaghost","floor":16.0,"turns":12.0},{"damage":10.0,"enemies":"2 Thieves","floor":18.0,"turns":4.0},{"damage":4.0,"enemies":"Shell Parasite","floor":20.0,"turns":3.0},{"damage":6.0,"enemies":"Snake Plant","floor":21.0,"turns":3.0},{"damage":52,"enemies":"Book of Stabbing","floor":23,"turns":3}],"seed_played":"6295305571205084035","potions_obtained":[{"floor":8.0,"key":"Fire Potion"},{"floor":10.0,"key":"SkillPotion"},{"floor":13.0,"key":"DistilledChaos"},{"floor":14.0,"key":"SpeedPotion"},{"floor":16.0,"key":"SkillPotion"},{"floor":18.0,"key":"ElixirPotion"},{"floor":20.0,"key":"SteroidPotion"},{"floor":21.0,"key":"Swift Potion"}],"is_trial":false,"path_per_floor":["M","$","?","$","?","E","$","E","T","E","M","?","M","E","R","B",null,"M","?","M","M","?","E"],"character_chosen":"IRONCLAD","items_purchased":["Metallicize"],"campfire_rested":0,"item_purchase_floors":[7],"current_hp_per_floor":[74,74,74,74,74,75,75,75,75,60,63,58,54,55,55,24,62,58,58,60,60,39,0,0],"gold":241,"neow_bonus":"THREE_ENEMY_KILL","is_prod":false,"is_daily":false,"chose_seed":false,"campfire_upgraded":1,"win_rate":0,"timestamp":1607611907,"path_taken":["M","$","?","?","?","E","$","E","T","E","?","?","M","E","R","BOSS","M","?","M","?","?","E"],"build_version":"2020-11-30","purchased_purges":1,"victory":false,"max_hp_per_floor":[75,75,75,75,75,75,75,75,75,75,75,75,75,75,75,75,75,75,75,75,75,80,80,80],"card_choices":[{"not_picked":["True Grit","Headbutt"],"picked":"Body Slam","floor":1.0},{"not_picked":["True Grit","Headbutt"],"picked":"Corruption","floor":6.0},{"not_picked":["Searing Blow","Wild Strike","Uppercut"],"picked":"SKIP","floor":8.0},{"not_picked":["Rupture","Reckless Charge"],"picked":"Whirlwind","floor":10.0},{"not_picked":["Disarm","Blood for Blood"],"picked":"Armaments","floor":11.0},{"not_picked":["Disarm","Dual Wield"],"picked":"Feel No Pain","floor":13.0},{"not_picked":["Brutality","Blood for Blood"],"picked":"Seeing Red","floor":14.0},{"not_picked":["Immolate","Offering"],"picked":"Limit Break","floor":16.0},{"not_picked":["Pummel","Clash"],"picked":"Twin Strike+1","floor":18.0},{"not_picked":["Armaments","Headbutt+1","Thunderclap"],"picked":"SKIP","floor":20.0},{"not_picked":["Warcry","Armaments","Anger"],"picked":"SKIP","floor":21.0}],"player_experience":352960,"relics_obtained":[{"floor":1.0,"key":"Baka"},{"floor":6.0,"key":"War Paint"},{"floor":8.0,"key":"Potion Belt"},{"floor":9.0,"key":"MealTicket"},{"floor":10.0,"key":"Dream Catcher"},{"floor":14.0,"key":"GodSword1"}],"event_choices":[{"cards_removed":["Strike_R"],"damage_healed":0.0,"max_hp_gain":0.0,"max_hp_loss":0.0,"gold_gain":0.0,"event_name":"Bonfire Elementals","player_choice":"Offered Basic","floor":3.0,"gold_loss":0.0,"damage_taken":0.0},{"damage_healed":0.0,"max_hp_gain":0.0,"max_hp_loss":0.0,"gold_gain":0.0,"event_name":"The Cleric","player_choice":"Leave","floor":5.0,"gold_loss":0.0,"damage_taken":0.0},{"damage_healed":0.0,"max_hp_gain":0.0,"max_hp_loss":0.0,"gold_gain":0.0,"event_name":"Scrap Ooze","player_choice":"Success","floor":12.0,"gold_loss":0.0,"damage_taken":5.0,"relics_obtained":["Smiling Mask"]},{"damage_healed":0.0,"max_hp_gain":0.0,"max_hp_loss":0.0,"gold_gain":0.0,"event_name":"Upgrade Shrine","player_choice":"Upgraded","floor":19.0,"gold_loss":0.0,"damage_taken":0.0,"cards_upgraded":["Limit Break"]},{"damage_healed":0.0,"max_hp_gain":5.0,"max_hp_loss":0.0,"gold_gain":0.0,"event_name":"Forgotten Altar","player_choice":"Shed Blood","floor":22.0,"gold_loss":0.0,"damage_taken":26.0}],"is_beta":false,"boss_relics":[{"not_picked":["Snecko Eye","Ectoplasm","Sozu"]}],"items_purged_floors":[2],"is_endless":false,"potions_floor_spawned":[8,10,13,14,16,18,20,21],"killed_by":"Book of Stabbing","ascension_level":15}}