{"host":"c3kh4y5z2xx8jyu6","time":1607593639,"event":{"gold_per_floor":[112,112,211,226,238,263,107,133,209,209,209,209,190,203,203,302,302,315,315,329,379,379,414,414,414],"floor_reached":24,"playtime":3536,"items_purged":[],"score":246,"play_id":"6454b9aa-71b0-43bc-94f1-e74dc485f70f","local_time":"20201210114719","is_ascension_mode":true,"campfire_choices":[{"data":"Blood_Is_Power","floor":10,"key":"SMITH"},{"data":"Bone_Wall","floor":15,"key":"SMITH"}],"neow_cost":"NONE","seed_source_timestamp":209613170977100,"circlet_count":0,"master_deck":["Strike_W","Strike_W","Strike_W","Strike_W","Defend_W+1","Defend_W","Defend_W","Defend_W","Negative_Energy_Arrows","Bone_Wall+1","Spectral_Armor","Uncharnel","Negative_Energy_Javelin","Blood_Is_Power+1","Bone_Shift+1","Summon_Vampire_Lady","Bone_Armor","Summon_Undead","Summon_Vampire_Lady","Skeleton_Dragon","Toxic_Smoke_Screen","Negative_Energy_Burst","Negative_Energy_Sphere","Corrupt","Consume_Illness"],"relics":["Vampire_Amulet","Dream Catcher","Vajra","Lee\u0027s Waffle","Replay:Baseball","HornCleat","Black Star","Ring of Peace","Ring of Greed","The Courier","Blue Doll","Juzu Bracelet","Replay:Bottled Eggs"],"potions_floor_usage":[14,23],"damage_taken":[{"damage":1,"enemies":"2 Louse","floor":1,"turns":4},{"damage":2,"enemies":"Cultist","floor":4,"turns":3},{"damage":0,"enemies":"Small Slimes","floor":5,"turns":3},{"damage":37,"enemies":"Lagavulin","floor":6,"turns":6},{"damage":3,"enemies":"HollowMod:MossKnight","floor":8,"turns":7},{"damage":4,"enemies":"Exordium Thugs","floor":13,"turns":4},{"damage":2,"enemies":"Lots of Slimes","floor":14,"turns":2},{"damage":73,"enemies":"Fading Forest","floor":16,"turns":11},{"damage":16,"enemies":"Chosen","floor":18,"turns":8},{"damage":28,"enemies":"3 Byrds","floor":20,"turns":5},{"damage":52,"enemies":"Slavers","floor":23,"turns":7},{"damage":54,"enemies":"Cultist and Chosen","floor":24,"turns":8}],"seed_played":"-7780339995302719991","potions_obtained":[{"floor":5,"key":"AttackPotion"},{"floor":6,"key":"Explosive Potion"},{"floor":14,"key":"Venom Potion"},{"floor":16,"key":"SpeedPotion"},{"floor":23,"key":"SkillPotion"}],"is_trial":false,"path_per_floor":["M","?","?","M","M","E","$","E","T","R","$","?","M","M","R","B",null,"M","?","M","?","?","E","M"],"character_chosen":"NECROMANCER","items_purchased":["Lee\u0027s Waffle"],"campfire_rested":0,"item_purchase_floors":[7],"current_hp_per_floor":[75,75,57,57,61,26,82,82,82,82,82,82,80,82,82,30,82,74,74,52,52,52,21,0,0],"gold":414,"neow_bonus":"THREE_CARDS","is_prod":false,"is_daily":false,"chose_seed":false,"campfire_upgraded":2,"win_rate":0,"timestamp":1607593639,"path_taken":["M","?","?","?","M","E","$","E","T","R","$","?","M","M","R","BOSS","M","?","?","?","?","E","M"],"build_version":"2020-11-30","purchased_purges":0,"victory":false,"max_hp_per_floor":[75,75,75,75,75,75,82,82,82,82,82,82,82,82,82,82,82,82,82,82,82,82,82,82,82],"card_choices":[{"not_picked":["Scare","Negative_Energy_Shield"],"picked":"Spectral_Armor","floor":0},{"not_picked":["Bone_Shift","Bone_Bullets"],"picked":"Uncharnel","floor":1},{"not_picked":["Bone_Prison","Finger_Of_Death"],"picked":"Negative_Energy_Javelin","floor":3},{"not_picked":["Consume_Illness","Shade_Step"],"picked":"Blood_Is_Power","floor":3},{"not_picked":["Summon_Undead_Army","Negative_Energy_Javelin"],"picked":"Bone_Shift","floor":4},{"not_picked":["Negative_Energy_Sphere","Blood_Curse"],"picked":"Summon_Vampire_Lady","floor":5},{"not_picked":["Death_March_Dance","Death_Knell","Chill_Blood"],"picked":"SKIP","floor":6},{"not_picked":["Negative_Energy_Mist","Necromantic_Selection"],"picked":"Bone_Armor","floor":8},{"not_picked":["Bone_Armor","Stop_Heart"],"picked":"Summon_Undead","floor":13},{"not_picked":["Life_Drain","Plague_Bolt"],"picked":"Summon_Vampire_Lady","floor":14},{"not_picked":["Blood_Magic","Detonate_Bones"],"picked":"Skeleton_Dragon","floor":16},{"not_picked":["Death_Coil","Vampiric_Strike"],"picked":"Toxic_Smoke_Screen","floor":18},{"not_picked":["Violent_Necrosis","Whirlwind_of_Bones+1"],"picked":"Corrupt","floor":20},{"not_picked":["Summon_Vampire_Lady","Spectral_Walk"],"picked":"Consume_Illness","floor":23}],"player_experience":190520,"relics_obtained":[{"floor":3,"key":"Dream Catcher"},{"floor":6,"key":"Vajra"},{"floor":8,"key":"Replay:Baseball"},{"floor":9,"key":"HornCleat"},{"floor":21,"key":"Ring of Peace"},{"floor":21,"key":"Ring of Greed"},{"floor":21,"key":"The Courier"},{"floor":21,"key":"Blue Doll"},{"floor":23,"key":"Juzu Bracelet"},{"floor":23,"key":"Replay:Bottled Eggs"}],"event_choices":[{"damage_healed":0,"gold_gain":0,"player_choice":"Grow","damage_taken":0,"max_hp_gain":0,"max_hp_loss":0,"event_name":"Living Wall","floor":12,"gold_loss":0,"cards_upgraded":["Bone_Shift"]},{"damage_healed":0,"gold_gain":0,"player_choice":"2 cards matched","damage_taken":0,"max_hp_gain":0,"max_hp_loss":0,"event_name":"Match and Keep!","floor":19,"gold_loss":0,"cards_obtained":["Negative_Energy_Burst","Negative_Energy_Sphere"]},{"cards_removed":["Delirium"],"damage_healed":0,"gold_gain":0,"player_choice":"Elegance","damage_taken":0,"max_hp_gain":0,"max_hp_loss":0,"event_name":"Back to Basics","floor":22,"gold_loss":0}],"is_beta":false,"boss_relics":[{"not_picked":["hubris:RunicObelisk","Runic Dome"],"picked":"Black Star"}],"items_purged_floors":[],"is_endless":false,"potions_floor_spawned":[5,6,14,16,23],"killed_by":"Cultist and Chosen","ascension_level":2}}