{"host":"b88683xd4gm68w6p","time":1607591456,"event":{"gold_per_floor":[113,113,113,127,127,161,181,200,200,215,228,228,228,228],"floor_reached":13,"playtime":639,"items_purged":[],"score":123,"play_id":"12819abc-021d-4ffe-af76-ef647cbd3b5c","local_time":"20201210101056","is_ascension_mode":true,"campfire_choices":[{"data":"infinitespire:Collect","floor":12,"key":"SMITH"}],"neow_cost":"NONE","seed_source_timestamp":3647748718600,"circlet_count":0,"master_deck":["Strike_G","Strike_G","Strike_G","Strike_G","Defend_G","Defend_G","Defend_G","Defend_G","Defend_G+1","Survivor+1","Neutralize","infinitespire:Collect+1","Dodge and Roll","Blur","Escape Plan"],"relics":["Ring of the Snake","NeowsBlessing","Bag of Marbles","infinitespire:Beetle Shell"],"potions_floor_usage":[],"damage_taken":[{"damage":0,"enemies":"Cultist","floor":1,"turns":1},{"damage":0,"enemies":"Small Slimes","floor":4,"turns":1},{"damage":0,"enemies":"3 Sentries","floor":6,"turns":1},{"damage":1,"enemies":"Jaw Worm","floor":7,"turns":5},{"damage":0,"enemies":"Blue Slaver","floor":8,"turns":3},{"damage":0,"enemies":"Lots of Slimes","floor":10,"turns":7},{"damage":1,"enemies":"Exordium Wildlife","floor":11,"turns":4},{"damage":19,"enemies":"Gremlin Nob","floor":13,"turns":5}],"seed_played":"-2422454370044947984","potions_obtained":[{"floor":6,"key":"Swift Potion"},{"floor":7,"key":"Dexterity Potion"},{"floor":10,"key":"SmokeBomb"}],"is_trial":false,"path_per_floor":["M","?","?","M","?","E","M","M","T","M","M","R","E"],"character_chosen":"THE_SILENT","items_purchased":[],"campfire_rested":0,"item_purchase_floors":[],"current_hp_per_floor":[70,56,39,39,39,39,38,38,38,38,37,37,18,18],"gold":228,"neow_bonus":"THREE_ENEMY_KILL","is_prod":false,"is_daily":false,"chose_seed":false,"campfire_upgraded":1,"win_rate":0,"timestamp":1607591456,"path_taken":["M","?","?","M","?","E","M","M","T","M","?","R","E"],"build_version":"2020-11-30","purchased_purges":0,"victory":false,"max_hp_per_floor":[70,70,70,70,70,70,70,70,70,70,70,70,70,70],"card_choices":[{"not_picked":["Blade Dance","Caltrops","Sucker Punch"],"picked":"SKIP","floor":1},{"not_picked":["infinitespire:Oblivion","infinitespire:SevenWalls"],"picked":"infinitespire:Collect","floor":3},{"not_picked":["Endless Agony","Quick Slash"],"picked":"Dodge and Roll","floor":4},{"not_picked":["Choke","Catalyst","Expertise"],"picked":"SKIP","floor":6},{"not_picked":["Flying Knee","Terror"],"picked":"Blur","floor":7},{"not_picked":["All Out Attack","Dash"],"picked":"Escape Plan","floor":8},{"not_picked":["Quick Slash","PiercingWail","Leg Sweep"],"picked":"SKIP","floor":10},{"not_picked":["Dagger Spray","Malaise","Outmaneuver"],"picked":"SKIP","floor":11}],"player_experience":526217,"relics_obtained":[{"floor":6,"key":"Bag of Marbles"},{"floor":9,"key":"infinitespire:Beetle Shell"}],"event_choices":[{"damage_healed":0,"gold_gain":0,"player_choice":"Entered Light","damage_taken":14,"max_hp_gain":0,"max_hp_loss":0,"event_name":"Shining Light","floor":2,"gold_loss":0,"cards_upgraded":["Survivor","Defend_G"]},{"cards_removed":["Strike_G"],"damage_healed":0,"gold_gain":0,"player_choice":"Purged","damage_taken":0,"max_hp_gain":0,"max_hp_loss":0,"event_name":"Purifier","floor":5,"gold_loss":0}],"is_beta":false,"boss_relics":[],"items_purged_floors":[],"is_endless":false,"potions_floor_spawned":[6,7,10],"killed_by":"Gremlin Nob","ascension_level":2}}