{"host":"is2s59edl8twrhoj","time":1607602416,"event":{"gold_per_floor":[110,124,124,137,63,96,96,107,107,119,147,173,200,212,224,236,236],"floor_reached":16,"playtime":785,"items_purged":[],"score":172,"play_id":"775894a0-ec32-4436-8122-ebb0cb05924f","local_time":"20201210121336","is_ascension_mode":true,"campfire_choices":[{"floor":7,"key":"REST"},{"data":"Neutralize","floor":10,"key":"SMITH"},{"floor":15,"key":"REST"}],"neow_cost":"CURSE","seed_source_timestamp":0,"circlet_count":0,"master_deck":["AscendersBane","Strike_G","Strike_G","Strike_G","Strike_G","Strike_G","Defend_G","Defend_G","Defend_G","Defend_G","Defend_G","Survivor","Neutralize+1","Parasite","Footwork","Deadly Poison","Bane","Backflip"],"special_seed":0,"relics":["Ring of the Snake","Shovel","Dream Catcher","MawBank"],"potions_floor_usage":[6,16],"damage_taken":[{"damage":1.0,"enemies":"Cultist","floor":1.0,"turns":4.0},{"damage":10.0,"enemies":"Jaw Worm","floor":2.0,"turns":6.0},{"damage":0.0,"enemies":"Small Slimes","floor":4.0,"turns":4.0},{"damage":25,"enemies":"3 Sentries","floor":6,"turns":11},{"damage":0,"enemies":"Blue Slaver","floor":8,"turns":5},{"damage":11,"enemies":"Exordium Wildlife","floor":11,"turns":5},{"damage":9,"enemies":"2 Fungi Beasts","floor":12,"turns":4},{"damage":6,"enemies":"Blue Slaver","floor":13,"turns":5},{"damage":43,"enemies":"Hexaghost","floor":16,"turns":11}],"seed_played":"2794616465869103089","potions_obtained":[{"floor":1.0,"key":"CultistPotion"},{"floor":8,"key":"EssenceOfSteel"},{"floor":11,"key":"Ancient Potion"},{"floor":12,"key":"Fire Potion"},{"floor":13,"key":"Strength Potion"}],"is_trial":false,"path_per_floor":["M","M","?","M","$","E","R","M","T","R","M","M","M","$","R","B"],"character_chosen":"THE_SILENT","items_purchased":["Footwork"],"campfire_rested":2,"item_purchase_floors":[5],"current_hp_per_floor":[62,52,45,45,45,20,41,41,41,41,30,21,15,15,36,0,0],"gold":236,"neow_bonus":"ONE_RARE_RELIC","is_prod":false,"is_daily":false,"chose_seed":false,"campfire_upgraded":1,"win_rate":0,"timestamp":1607602416,"path_taken":["M","M","?","?","$","E","R","?","T","R","M","M","M","$","R","BOSS"],"build_version":"2020-11-30","purchased_purges":0,"victory":false,"max_hp_per_floor":[70,70,70,70,70,70,70,70,70,70,70,70,70,70,70,70,70],"card_choices":[{"not_picked":["PiercingWail","Bane","Endless Agony"],"picked":"SKIP","floor":1.0},{"not_picked":["Acrobatics","Leg Sweep","Masterful Stab"],"picked":"SKIP","floor":2.0},{"not_picked":["Calculated Gamble","Slice","Outmaneuver"],"picked":"SKIP","floor":4.0},{"not_picked":["Quick Slash","Expertise"],"picked":"Deadly Poison","floor":6},{"not_picked":["Prepared","Concentrate"],"picked":"Bane","floor":8},{"not_picked":["Dodge and Roll","Reflex","Flying Knee"],"picked":"SKIP","floor":11},{"not_picked":["Dagger Throw","Infinite Blades"],"picked":"Backflip","floor":12},{"not_picked":["Cloak And Dagger","Infinite Blades","Slice"],"picked":"SKIP","floor":13}],"player_experience":598299,"relics_obtained":[{"floor":6,"key":"Dream Catcher"},{"floor":9,"key":"MawBank"}],"event_choices":[{"damage_healed":0.0,"max_hp_gain":0.0,"max_hp_loss":0.0,"gold_gain":0.0,"event_name":"Wheel of Change","player_choice":"Damaged","floor":3.0,"gold_loss":0.0,"damage_taken":7.0}],"is_beta":false,"boss_relics":[],"items_purged_floors":[],"is_endless":false,"potions_floor_spawned":[1,8,11,12,13],"killed_by":"Hexaghost","ascension_level":13}}