{"host":"qwttrqaysb380yri","time":1607626325,"event":{"mods":["BaseMod","Custom Start","Puzzle Mod","StSLib","The Hierophant","Minty Spire (QoL Compilation)","Relic Stats","The Cursed"],"gold_per_floor":[111,124,141,112,162,189,189,220,220,254,271,285,285,37,37,90,90,107,107,117,94,109,109,11,11,57,66,79,104,154,170,170,212,212,227,227,248,232,232],"floor_reached":38,"playtime":1776,"items_purged":[],"score":877,"play_id":"a875101d-3794-42be-8088-296936f6c3cf","local_time":"20201210195205","is_ascension_mode":true,"campfire_choices":[{"data":"hierophant:Purify","floor":7.0,"key":"SMITH"},{"floor":15.0,"key":"REST"},{"floor":23,"key":"REST"},{"data":"hierophant:HammerAndAnvil","floor":25,"key":"SMITH"},{"floor":32,"key":"REST"}],"circlet_count":0,"master_deck":["AscendersBane","hierophant:Strike_Hierophant","hierophant:Strike_Hierophant","hierophant:Strike_Hierophant","hierophant:Strike_Hierophant","hierophant:Punish","hierophant:Defend_Hierophant","hierophant:Defend_Hierophant","hierophant:Defend_Hierophant","hierophant:Defend_Hierophant","hierophant:ChurchCoffers","hierophant:Zeal","hierophant:HammerAndAnvil+1","hierophant:Shelter","hierophant:Purify+1","hierophant:ThreeLashes","hierophant:Zeal","hierophant:AuricShield","hierophant:ThreeLashes","hierophant:MorningPrayer","hierophant:Bribe","hierophant:Shelter","hierophant:Batter","CurseOfTheBell","hierophant:ThreeLashes+1","hierophant:Encroach+1","hierophant:Exaltation+1","hierophant:TollTheBells","hierophant:Alms+1","hierophant:Doubloon","hierophant:ConvertCurrency","hierophant:Batter"],"special_seed":0,"relics":["hierophant:PropheticMaskRelic","Vajra","Bottled Lightning","White Beast Statue","Gremlin Horn","Dream Catcher","Membership Card","Calling Bell","Omamori","Pantograph","Girya","Turnip","Sling","CeramicFish","Art of War","Philosopher\u0027s Stone"],"acts_visited":["Exordium","TheCity","TheBeyond"],"potions_floor_usage":[16,16,20,21,22,22,28,29,33],"damage_taken":[{"damage":2.0,"enemies":"Jaw Worm","floor":1.0,"turns":5.0},{"damage":6.0,"enemies":"Cultist","floor":2.0,"turns":3.0},{"damage":0.0,"enemies":"Small Slimes","floor":3.0,"turns":3.0},{"damage":4.0,"enemies":"Looter","floor":4.0,"turns":5.0},{"damage":27.0,"enemies":"3 Sentries","floor":6.0,"turns":7.0},{"damage":34.0,"enemies":"Gremlin Nob","floor":8.0,"turns":4.0},{"damage":0.0,"enemies":"3 Sentries","floor":10.0,"turns":1.0},{"damage":0.0,"enemies":"Exordium Thugs","floor":11.0,"turns":2.0},{"damage":0.0,"enemies":"Gremlin Nob","floor":12.0,"turns":2.0},{"damage":8,"enemies":"Hexaghost","floor":16,"turns":8},{"damage":11,"enemies":"Chosen","floor":18,"turns":4},{"damage":8,"enemies":"3 Byrds","floor":20,"turns":5},{"damage":28,"enemies":"Cultist and Chosen","floor":21,"turns":7},{"damage":8,"enemies":"Centurion and Healer","floor":22,"turns":4},{"damage":11,"enemies":"Snake Plant","floor":28,"turns":4},{"damage":20,"enemies":"Gremlin Leader","floor":29,"turns":4},{"damage":0,"enemies":"Shelled Parasite and Fungi","floor":31,"turns":2},{"damage":60,"enemies":"Champ","floor":33,"turns":16},{"damage":25,"enemies":"3 Shapes","floor":35,"turns":7},{"damage":22,"enemies":"Orb Walker","floor":37,"turns":4},{"damage":46,"enemies":"Spire Growth","floor":38,"turns":6}],"seed_played":"7069598249067708316","potions_obtained":[{"floor":3.0,"key":"DuplicationPotion"},{"floor":4.0,"key":"GamblersBrew"},{"floor":8.0,"key":"FearPotion"},{"floor":10.0,"key":"BlessingOfTheForge"},{"floor":11.0,"key":"Fire Potion"},{"floor":12.0,"key":"SkillPotion"},{"floor":16,"key":"AttackPotion"},{"floor":18,"key":"Energy Potion"},{"floor":20,"key":"Regen Potion"},{"floor":21,"key":"SteroidPotion"},{"floor":22,"key":"Strength Potion"},{"floor":28,"key":"SteroidPotion"},{"floor":29,"key":"ColorlessPotion"},{"floor":31,"key":"FairyPotion"},{"floor":33,"key":"Fire Potion"}],"is_trial":false,"path_per_floor":["M","M","M","M","?","E","R","E","T","E","M","E","?","$","R","B",null,"M","?","M","M","M","R","$","R","T","?","M","E","?","M","R","B",null,"M","?","M","M"],"character_chosen":"HIEROPHANT","items_purchased":["Membership Card","hierophant:MorningPrayer","hierophant:Bribe","CultistPotion","Sling","SteroidPotion"],"campfire_rested":3,"item_purchase_floors":[14,14,14,14,24,24],"current_hp_per_floor":[73,67,67,63,63,36,36,2,2,2,2,2,2,2,26,18,66,55,55,47,34,26,50,50,50,50,50,39,19,19,19,43,8,64,39,55,33,18,18],"gold":232,"neow_bonus":"TEN_PERCENT_HP_BONUS","is_daily":false,"chose_seed":false,"campfire_upgraded":2,"win_rate":0,"timestamp":1607626325,"path_taken":["M","M","M","M","?","E","R","E","T","E","?","E","?","$","R","BOSS","M","?","M","M","M","R","$","R","T","?","?","E","?","M","R","BOSS","M","?","M","M"],"build_version":"2020-11-30","purchased_purges":0,"victory":false,"max_hp_per_floor":[82,82,82,82,82,82,82,82,82,82,82,82,82,82,82,82,82,82,82,82,82,82,82,82,82,82,82,82,82,82,82,82,82,82,82,82,82,82,82],"relic_stats":{"Dream Catcher":3,"Gremlin Horn":[10,10],"counters":[21,103],"Pantograph":25,"CeramicFish":45,"Turnip":[14],"Art of War":[6],"obtain_stats":[{"Girya":17,"Gremlin Horn":10,"hierophant:PropheticMaskRelic":0,"CeramicFish":26,"Vajra":6,"Omamori":17,"Sling":24,"White Beast Statue":9,"Calling Bell":17,"Dream Catcher":12,"Pantograph":17,"Philosopher\u0027s Stone":34,"Turnip":19,"Art of War":29,"Bottled Lightning":8,"Membership Card":14},{"Girya":10,"Gremlin Horn":7,"hierophant:PropheticMaskRelic":0,"CeramicFish":14,"Vajra":5,"Omamori":10,"Sling":14,"White Beast Statue":6,"Calling Bell":10,"Dream Catcher":9,"Pantograph":10,"Philosopher\u0027s Stone":18,"Turnip":11,"Art of War":16,"Bottled Lightning":6,"Membership Card":9},{"Girya":40,"Gremlin Horn":28,"hierophant:PropheticMaskRelic":0,"CeramicFish":60,"Vajra":23,"Omamori":40,"Sling":60,"White Beast Statue":27,"Calling Bell":40,"Dream Catcher":32,"Pantograph":40,"Philosopher\u0027s Stone":86,"Turnip":44,"Art of War":68,"Bottled Lightning":27,"Membership Card":32}]},"card_choices":[{"not_picked":["hierophant:Patience","hierophant:MorningPrayer"],"picked":"hierophant:Zeal","floor":1.0},{"not_picked":["hierophant:Sermon","hierophant:Shelter"],"picked":"hierophant:HammerAndAnvil","floor":2.0},{"not_picked":["hierophant:Community","hierophant:SolarFlare"],"picked":"hierophant:Shelter","floor":3.0},{"not_picked":["hierophant:Shelter","hierophant:ThreeLashes"],"picked":"hierophant:Purify","floor":4.0},{"not_picked":["hierophant:Glossolalia","hierophant:Shelter","hierophant:Endure"],"picked":"SKIP","floor":6.0},{"not_picked":["hierophant:HammerAndAnvil","hierophant:FieryStrike"],"picked":"hierophant:ThreeLashes","floor":8.0},{"not_picked":["hierophant:Flagellation","hierophant:AuricBeam"],"picked":"hierophant:Zeal","floor":10.0},{"not_picked":["hierophant:ConvertCurrency","hierophant:AuricBeam"],"picked":"hierophant:AuricShield","floor":11.0},{"not_picked":["hierophant:Sermon","hierophant:DeathKnell"],"picked":"hierophant:ThreeLashes","floor":12.0},{"not_picked":["hierophant:ThreeLashes","hierophant:Endure"],"picked":"hierophant:Shelter","floor":15.0},{"not_picked":["hierophant:MintersHammer","hierophant:WrathOfGod"],"picked":"hierophant:Batter","floor":16},{"not_picked":["hierophant:CursedGold","hierophant:FieryStrike"],"picked":"hierophant:ThreeLashes+1","floor":18},{"not_picked":["hierophant:RecallFunds","hierophant:RustyCrate"],"picked":"hierophant:Encroach+1","floor":20},{"not_picked":["hierophant:AuricBeam","hierophant:Rebuild","hierophant:Encroach"],"picked":"SKIP","floor":21},{"not_picked":["hierophant:RustyCrate","hierophant:Encroach"],"picked":"hierophant:Exaltation+1","floor":22},{"not_picked":["hierophant:FlamingChariot","hierophant:SealAway","hierophant:Sermon"],"picked":"SKIP","floor":28},{"not_picked":["hierophant:Refuge","hierophant:ArchangelShield"],"picked":"hierophant:Alms+1","floor":29},{"not_picked":["hierophant:Encroach","hierophant:AuricBeam"],"picked":"hierophant:ConvertCurrency","floor":31},{"not_picked":["hierophant:WrathOfGod","hierophant:Cornucopia"],"picked":"hierophant:Batter","floor":33},{"not_picked":["hierophant:Zeal+1","hierophant:MorningPrayer","hierophant:Chorus+1"],"picked":"SKIP","floor":35},{"not_picked":["hierophant:FlamingChariot","hierophant:HammerAndAnvil","hierophant:Sermon"],"picked":"SKIP","floor":37}],"player_experience":1798451,"relics_obtained":[{"floor":6.0,"key":"Vajra"},{"floor":8.0,"key":"Bottled Lightning"},{"floor":9.0,"key":"White Beast Statue"},{"floor":10.0,"key":"Gremlin Horn"},{"floor":12.0,"key":"Dream Catcher"},{"floor":17,"key":"Omamori"},{"floor":17,"key":"Pantograph"},{"floor":17,"key":"Girya"},{"floor":26,"key":"CeramicFish"},{"floor":29,"key":"Art of War"}],"event_choices":[{"damage_healed":0.0,"max_hp_gain":0.0,"max_hp_loss":0.0,"gold_gain":50.0,"event_name":"Golden Shrine","player_choice":"Pray","floor":5.0,"gold_loss":0.0,"damage_taken":0.0},{"damage_healed":0.0,"max_hp_gain":0.0,"max_hp_loss":0.0,"gold_gain":0.0,"event_name":"Dead Adventurer","player_choice":"Searched \u00270\u0027 times","floor":13.0,"gold_loss":0.0,"damage_taken":0.0},{"damage_healed":0,"gold_gain":0,"player_choice":"Opened","damage_taken":0,"relics_obtained":["Turnip"],"max_hp_gain":0,"max_hp_loss":0,"event_name":"The Mausoleum","floor":19,"gold_loss":0,"cards_obtained":["Writhe"]},{"damage_healed":0,"gold_gain":0,"player_choice":"Read","damage_taken":0,"max_hp_gain":0,"max_hp_loss":0,"event_name":"The Library","floor":27,"gold_loss":0,"cards_obtained":["hierophant:TollTheBells"]},{"damage_healed":0,"gold_gain":50,"player_choice":"Stole From Cult","damage_taken":0,"max_hp_gain":0,"max_hp_loss":0,"event_name":"Nest","floor":30,"gold_loss":0},{"damage_healed":16,"gold_gain":0,"player_choice":"Writhe","damage_taken":0,"max_hp_gain":0,"max_hp_loss":0,"event_name":"Winding Halls","floor":36,"gold_loss":0,"cards_obtained":["Writhe"]}],"is_beta":false,"boss_relics":[{"not_picked":["Runic Dome","Ectoplasm"],"picked":"Calling Bell"},{"not_picked":["Black Star","Runic Pyramid"],"picked":"Philosopher\u0027s Stone"}],"items_purged_floors":[],"is_endless":false,"potions_floor_spawned":[3,4,8,10,11,12,16,18,20,21,22,28,29,31,33,35,37],"killed_by":"Spire Growth","ascension_level":15}}