{"host":"ocll6kdfqxraqtza","time":1607621265,"event":{"mods":["2.2 Compatiblity","BaseMod","Act Like it!","StSLib","Aspiration","Gensokyo","Hallownest","Hermit","Hubris","Jorbs\u0027s Wanderer Trilogy","Marisa（霧雨　魔理沙）","Minty Spire (QoL Compilation)","Reimu（博??梦）","Replay The Spire","The Bug Knight","The Cursed","The Hierophant","The Runesmith","TheBandit","Wandering Minibosses","vexMod","Better Third Choice","Luminous","The Alterego"],"gold_per_floor":[12,31,44,55,69,69,34,34,59,59,91,91,106,116,116,216,216,226,151,25,52,69,95,95,95,95],"floor_reached":25,"playtime":1206,"items_purged":["hermit:Strike_Hermit"],"score":236,"play_id":"e723c8b4-04b7-46f1-9216-22010b65aa1b","local_time":"20201211012745","is_ascension_mode":true,"campfire_choices":[{"data":"hermit:GoldenBullet","floor":6,"key":"SMITH"},{"data":"hermit:Enervate","floor":8,"key":"SMITH"},{"data":"hermit:Manifest","floor":10,"key":"SMITH"},{"floor":24,"key":"REST"}],"circlet_count":0,"master_deck":["hermit:Strike_Hermit","hermit:Strike_Hermit","hermit:Strike_Hermit","hermit:Defend_Hermit","hermit:Defend_Hermit","hermit:Defend_Hermit","hermit:Snapshot","hermit:Covet","hermit:Magnum","hermit:GoldenBullet+1","hermit:Manifest+1","hermit:GhostlyPresence","hermit:Horror+1","hermit:Enervate+1","hermit:Adapt","hermit:Maintenance","hermit:Shortfuse","hermit:DeadOrAlive","hermit:GhostlyPresence+1","hermit:Enervate","hermit:Enervate","hermit:Quickdraw","hermit:EternalForm","hermit:TakeAim+1"],"relics":["hermit:Momento","Mastiff:ReiMu","Runesmith:AutoHammer","Bag of Preparation","SlaversCollar","vexMod:ScavengeHelm"],"acts_visited":["Hallownest:Greenpath","TheCity"],"potions_floor_usage":[3,16,22,23],"damage_taken":[{"damage":7,"enemies":"Hallownest:2_Baldur","floor":1,"turns":3},{"damage":8,"enemies":"Hallownest:monsterHuskGuard","floor":2,"turns":5},{"damage":1,"enemies":"Hallownest:2_MossCreeps","floor":3,"turns":5},{"damage":6,"enemies":"Hallownest:MossCreep_and_Mosskin","floor":4,"turns":4},{"damage":6,"enemies":"Hallownest:monsterFoolEater","floor":5,"turns":3},{"damage":5,"enemies":"Hallownest:eliteVengeflyKing","floor":11,"turns":7},{"damage":13,"enemies":"Hallownest:Guard_and_Warrior","floor":13,"turns":4},{"damage":6,"enemies":"Hallownest:1_Baldur_1_Crawlid_1_Warrior","floor":14,"turns":3},{"damage":27,"enemies":"Hallownest:BossBrokenVessel","floor":16,"turns":7},{"damage":10,"enemies":"Spheric Guardian","floor":18,"turns":3},{"damage":27,"enemies":"3 Byrds","floor":21,"turns":5},{"damage":15,"enemies":"Centurion and Healer","floor":22,"turns":3},{"damage":19,"enemies":"Book of Stabbing","floor":23,"turns":5},{"damage":40,"enemies":"Gremlin Leader","floor":25,"turns":5}],"seed_played":"3435228832719021327","potions_obtained":[{"floor":2,"key":"AttackPotion"},{"floor":4,"key":"Dexterity Potion"},{"floor":5,"key":"Elixir"},{"floor":11,"key":"hermit:BlackBile"},{"floor":16,"key":"Explosive Potion"},{"floor":18,"key":"Swift Potion"}],"is_trial":false,"path_per_floor":["M","M","M","M","M","R","?","R","T","R","E","T","M","M","R","B",null,"M","?","$","M","M","E","R","E"],"character_chosen":"HERMIT","items_purchased":["hermit:Enervate"],"campfire_rested":1,"item_purchase_floors":[20],"current_hp_per_floor":[68,60,59,53,47,47,52,52,52,52,47,47,34,28,52,25,80,70,70,70,43,28,9,33,0,0],"gold":95,"neow_bonus":"THREE_RARE_CARDS","is_daily":false,"chose_seed":false,"campfire_upgraded":3,"win_rate":0,"timestamp":1607621265,"path_taken":["M","M","M","?","M","R","?","R","T","R","E","?","M","M","R","BOSS","M","?","$","M","M","E","R","E"],"build_version":"2020-11-30","purchased_purges":1,"victory":false,"max_hp_per_floor":[75,75,75,75,75,75,80,80,80,80,80,80,80,80,80,80,80,80,80,80,80,80,80,80,80,80],"card_choices":[{"not_picked":["hermit:Purgatory","hermit:HeroicBravado"],"picked":"hermit:Magnum","floor":0},{"not_picked":["hermit:Dive","hermit:SprayPray"],"picked":"hermit:GoldenBullet","floor":1},{"not_picked":["hermit:GoldenBullet","hermit:Feint"],"picked":"hermit:Manifest","floor":2},{"not_picked":["hermit:LowProfile","hermit:BodyArmor"],"picked":"hermit:GhostlyPresence","floor":3},{"not_picked":["hermit:TakeCover","hermit:CalledShot"],"picked":"hermit:Horror","floor":4},{"not_picked":["hermit:Showdown","hermit:SprayPray"],"picked":"hermit:Enervate","floor":5},{"not_picked":["hermit:Coalescence","hermit:Glare"],"picked":"hermit:Adapt","floor":11},{"not_picked":["hermit:Desperado","hermit:WideOpen"],"picked":"hermit:Maintenance","floor":13},{"not_picked":["hermit:Dive","hermit:Vantage"],"picked":"hermit:Shortfuse","floor":14},{"not_picked":["hermit:Magnum","hermit:OverwhelmingPower"],"picked":"hermit:DeadOrAlive","floor":16},{"not_picked":["hermit:ItchyTrigger","hermit:Manifest"],"picked":"hermit:GhostlyPresence+1","floor":18},{"not_picked":["hermit:Shortfuse","hermit:CalledShot"],"picked":"hermit:Quickdraw","floor":21},{"not_picked":["hermit:ShadowCloak","hermit:HighCaliber"],"picked":"hermit:EternalForm","floor":22},{"not_picked":["hermit:WideOpen","hermit:SprayPray"],"picked":"hermit:TakeAim+1","floor":23}],"player_experience":432258,"relics_obtained":[{"floor":9,"key":"Mastiff:ReiMu"},{"floor":11,"key":"Runesmith:AutoHammer"},{"floor":12,"key":"Bag of Preparation"},{"floor":23,"key":"vexMod:ScavengeHelm"}],"event_choices":[{"cards_removed":["hermit:Defend_Hermit"],"damage_healed":0,"gold_gain":0,"player_choice":"Gave Gold","damage_taken":0,"max_hp_gain":0,"max_hp_loss":0,"event_name":"Beggar","floor":19,"gold_loss":75}],"is_beta":false,"boss_relics":[{"not_picked":["Kintsugi","aspiration:RunicSpoon"],"picked":"SlaversCollar"}],"items_purged_floors":[20],"is_endless":false,"potions_floor_spawned":[2,4,5,11,13,16,18],"killed_by":"Gremlin Leader","ascension_level":1}}