{"host":"igj4vwc42ivwqexo","time":1607633115,"event":{"mods":["BaseMod","StSLib","Infinite Spire","Koishi","Marisa????????","Minty Spire (QoL Compilation)","Shop Mod","The Disciple","The Hierophant","The Servant 0.9.4"],"gold_per_floor":[13,13,29,46,64,92,92,119,165,165,165,196,215,233,233,338,338,358,433,450,470,920,920,950,413,460,495,513,529,529,548,548,645,645,663,679,690,226,226,226,256,270,270,270,286,321,339,350,350,350],"floor_reached":51,"playtime":7157,"items_purged":["Strike_B","Defend_B","Strike_B"],"score":955,"play_id":"0628d671-1f2a-48f2-ad50-81ef33021675","local_time":"20201210214515","is_ascension_mode":true,"campfire_choices":[{"data":"Zap","floor":7,"key":"SMITH"},{"data":"Static Discharge","floor":11,"key":"SMITH"},{"data":"Double Energy","floor":15,"key":"SMITH"},{"data":"Chaos","floor":23,"key":"SMITH"},{"data":"Capacitor","floor":30,"key":"SMITH"},{"data":"Electrodynamics","floor":32,"key":"SMITH"},{"data":"Buffer","floor":40,"key":"SMITH"},{"data":"infinitespire:Oblivion","floor":44,"key":"SMITH"},{"data":"Defragment","floor":49,"key":"SMITH"}],"circlet_count":0,"master_deck":["Strike_B","Defend_B","Defend_B","Zap+1","Dualcast","Hello World","BootSequence","Double Energy+1","Ball Lightning","Self Repair","Coolheaded","Auto Shields","Static Discharge+1","Doom and Gloom","Hello World","Aggregate","Electrodynamics+1","Chaos+1","Undo+1","Compile Driver+1","Swift Strike","Coolheaded","Capacitor+1","All For One","Coolheaded+1","Steam","Force Field+1","Buffer+1","Force Field","Storm+1","Aggregate+1","Defragment+1","infinitespire:Oblivion+1","Steam Power+1","Lockon+1","Skim"],"relics":["Cracked Core","Centennial Puzzle","Mummified Hand","Strawberry","Oddly Smooth Stone","Nuclear Battery","infinitespire:PuzzleCube","OrangePellets","infinitespire:EmpoweringShard","Blood Vial","InkBottle","Inserter","Calipers","Vajra","infinitespire:Golems Mask","infinitespire:Bottled Soul","Lizard Tail"],"acts_visited":["Exordium","TheCity","TheBeyond"],"potions_floor_usage":[6,8,16,27,33,33,35,48],"damage_taken":[{"damage":1,"enemies":"Cultist","floor":1,"turns":4},{"damage":0,"enemies":"2 Louse","floor":3,"turns":2},{"damage":0,"enemies":"Jaw Worm","floor":4,"turns":2},{"damage":1,"enemies":"Looter","floor":5,"turns":2},{"damage":16,"enemies":"3 Sentries","floor":6,"turns":7},{"damage":8,"enemies":"Gremlin Nob","floor":8,"turns":4},{"damage":11,"enemies":"3 Sentries","floor":12,"turns":5},{"damage":3,"enemies":"Gremlin Gang","floor":13,"turns":3},{"damage":7,"enemies":"Large Slime","floor":14,"turns":5},{"damage":14,"enemies":"Hexaghost","floor":16,"turns":9},{"damage":1,"enemies":"3 Byrds","floor":18,"turns":2},{"damage":4,"enemies":"Chosen","floor":20,"turns":4},{"damage":10,"enemies":"Sentry and Sphere","floor":21,"turns":4},{"damage":17,"enemies":"Slavers","floor":24,"turns":3},{"damage":10,"enemies":"Gremlin Leader","floor":27,"turns":4},{"damage":1,"enemies":"Chosen and Byrds","floor":28,"turns":3},{"damage":3,"enemies":"Shelled Parasite and Fungi","floor":29,"turns":3},{"damage":13,"enemies":"Snake Plant","floor":31,"turns":3},{"damage":11,"enemies":"Collector","floor":33,"turns":9},{"damage":8,"enemies":"3 Darklings","floor":35,"turns":5},{"damage":0,"enemies":"Orb Walker","floor":36,"turns":4},{"damage":0,"enemies":"Jaw Worm Horde","floor":37,"turns":2},{"damage":0,"enemies":"Giant Head","floor":41,"turns":7},{"damage":0,"enemies":"Maw","floor":42,"turns":5},{"damage":0,"enemies":"Sphere and 2 Shapes","floor":45,"turns":4},{"damage":1,"enemies":"Nemesis","floor":46,"turns":5},{"damage":35,"enemies":"4 Shapes","floor":47,"turns":3},{"damage":4,"enemies":"Transient","floor":48,"turns":5},{"damage":0,"enemies":"infinitespire:MassOfShapes","floor":50,"turns":6}],"seed_played":"-4219286571036237412","potions_obtained":[{"floor":1,"key":"Weak Potion"},{"floor":3,"key":"SmokeBomb"},{"floor":4,"key":"SneckoOil"},{"floor":8,"key":"Ancient Potion"},{"floor":14,"key":"FearPotion"},{"floor":18,"key":"BlessingOfTheForge"},{"floor":20,"key":"BlessingOfTheForge"},{"floor":27,"key":"FearPotion"},{"floor":28,"key":"BlessingOfTheForge"},{"floor":33,"key":"GamblersBrew"},{"floor":36,"key":"EssenceOfSteel"},{"floor":41,"key":"EssenceOfSteel"},{"floor":48,"key":"Energy Potion"}],"is_trial":false,"path_per_floor":["M","$","M","M","M","E","R","E","T","?","R","E","M","M","R","B",null,"M","?","M","M","?","R","E","$","T","E","M","M","R","M","R","B",null,"M","M","M","$","AVR","R","E","M","T","R","M","E","M","M","R","B",null],"character_chosen":"DEFECT","items_purchased":["Capacitor","OrangePellets","infinitespire:EmpoweringShard","Calipers","Defragment"],"campfire_rested":0,"item_purchase_floors":[25,25,25,38,38],"current_hp_per_floor":[74,74,74,74,73,64,64,63,70,70,70,66,70,70,70,63,82,82,74,77,74,22,22,12,12,12,14,22,21,21,17,17,15,82,81,82,82,82,82,82,82,82,82,82,82,82,54,59,59,68],"gold":350,"neow_bonus":"TRANSFORM_TWO_CARDS","is_daily":false,"chose_seed":false,"campfire_upgraded":9,"win_rate":0,"timestamp":1607633115,"path_taken":["M","?","M","M","M","E","R","E","T","?","R","E","M","?","R","BOSS","M","?","?","M","?","R","E","$","T","E","M","?","R","M","R","BOSS","M","M","?","?","AVR","R","E","M","T","R","M","E","M","M","R","BOSS"],"build_version":"2020-11-30","purchased_purges":3,"victory":true,"max_hp_per_floor":[75,75,75,75,75,75,75,75,82,82,82,82,82,82,82,82,82,82,82,82,82,82,82,82,82,82,82,82,82,82,82,82,82,82,82,82,82,82,82,82,82,82,82,82,82,82,82,82,82,82],"card_choices":[{"not_picked":["Turbo","Redo"],"picked":"Double Energy","floor":1},{"not_picked":["Leap","Stack"],"picked":"Ball Lightning","floor":3},{"not_picked":["Loop","Recycle"],"picked":"Self Repair","floor":4},{"not_picked":["Redo","Stack"],"picked":"Coolheaded","floor":5},{"not_picked":["Reprogram","Redo"],"picked":"Auto Shields","floor":6},{"not_picked":["Reinforced Body","Streamline"],"picked":"Static Discharge","floor":8},{"not_picked":["Redo","Streamline"],"picked":"Doom and Gloom","floor":12},{"not_picked":["Beam Cell","Coolheaded"],"picked":"Hello World","floor":13},{"not_picked":["Stack","Turbo"],"picked":"Aggregate","floor":14},{"not_picked":["Seek","Buffer"],"picked":"Electrodynamics","floor":16},{"not_picked":["FTL","Go for the Eyes"],"picked":"Chaos","floor":18},{"not_picked":["Scrape","Leap"],"picked":"Undo+1","floor":20},{"not_picked":["Steam+1","Reprogram+1"],"picked":"Compile Driver+1","floor":21},{"not_picked":["Melter","Static Discharge"],"picked":"Coolheaded","floor":24},{"not_picked":["Blizzard","Compile Driver"],"picked":"All For One","floor":27},{"not_picked":["Redo","Thunder Strike"],"picked":"Coolheaded+1","floor":28},{"not_picked":["Lockon","Beam Cell"],"picked":"Steam","floor":29},{"not_picked":["Beam Cell","Undo"],"picked":"Force Field+1","floor":31},{"not_picked":["Fission","Electrodynamics"],"picked":"Buffer","floor":33},{"not_picked":["Stack+1","Conserve Battery"],"picked":"Force Field","floor":35},{"not_picked":["Thunder Strike","Conserve Battery"],"picked":"Storm+1","floor":36},{"not_picked":["Melter","Redo"],"picked":"Aggregate+1","floor":37},{"not_picked":["Undo+1","Ball Lightning"],"picked":"Steam Power+1","floor":41},{"not_picked":["Barrage","Force Field","Doom and Gloom"],"picked":"SKIP","floor":42},{"not_picked":["Gash+1","BootSequence","Auto Shields+1"],"picked":"SKIP","floor":45},{"not_picked":["Turbo+1","Steam Power"],"picked":"Lockon+1","floor":46},{"not_picked":["Rebound","Beam Cell"],"picked":"Skim","floor":47},{"not_picked":["Barrage","Leap+1","Core Surge"],"picked":"SKIP","floor":48}],"player_experience":217496,"relics_obtained":[{"floor":6,"key":"Centennial Puzzle"},{"floor":8,"key":"Mummified Hand"},{"floor":9,"key":"Strawberry"},{"floor":12,"key":"Oddly Smooth Stone"},{"floor":24,"key":"infinitespire:PuzzleCube"},{"floor":26,"key":"Blood Vial"},{"floor":27,"key":"InkBottle"},{"floor":41,"key":"infinitespire:Golems Mask"},{"floor":43,"key":"infinitespire:Bottled Soul"},{"floor":46,"key":"Lizard Tail"}],"event_choices":[{"damage_healed":0,"gold_gain":75,"player_choice":"Touch","damage_taken":8,"max_hp_gain":0,"max_hp_loss":0,"event_name":"FaceTrader","floor":19,"gold_loss":0},{"damage_healed":0,"gold_gain":450,"player_choice":"GOLD GOLD GOLD GOLD GOLD CARD ","damage_taken":52,"max_hp_gain":0,"max_hp_loss":0,"event_name":"Knowing Skull","floor":22,"potions_obtained":[],"gold_loss":0,"cards_obtained":["Swift Strike"]}],"is_beta":false,"boss_relics":[{"not_picked":["Runic Pyramid","Busted Crown"],"picked":"Nuclear Battery"},{"not_picked":["Philosopher\u0027s Stone","SlaversCollar"],"picked":"Inserter"}],"items_purged_floors":[25,38,39],"is_endless":false,"potions_floor_spawned":[1,3,4,8,14,18,20,27,28,33,36,41,48],"ascension_level":2}}