{"host":"dpbt13izwjrcdgd8","time":1607606133,"event":{"mods":["2.2 Compatiblity","BaseMod","Colored Powertips","DeckTracker","Highlight Path","Keyboard Shortcuts","Minty Spire (QoL Compilation)","Quick Restart","StSLib","SuperFastMode"],"gold_per_floor":[114,128,148,163,181,207,218,218,218,249,249,268,268,282,282,381,381,394,394,394,394,409,409,437,456,504,504,523,523,438,451,451,552,552,562,562,579,590,938,938,948,948,997,527,547,574,593,603,603,603,603],"floor_reached":50,"playtime":4520,"items_purged":[],"score":612,"play_id":"dc9036c2-8c0e-4a7e-a48c-7b00fe8ff1aa","local_time":"20201210221533","is_ascension_mode":true,"campfire_choices":[{"floor":13.0,"key":"REST"},{"floor":15.0,"key":"RECALL"},{"data":"After Image","floor":23.0,"key":"SMITH"},{"data":"Footwork","floor":27.0,"key":"SMITH"},{"data":"Backflip","floor":29.0,"key":"SMITH"},{"floor":32.0,"key":"REST"},{"floor":40.0,"key":"REST"},{"floor":49.0,"key":"REST"}],"circlet_count":0,"master_deck":["Survivor","Neutralize","PiercingWail","Leg Sweep","Deadly Poison","Backflip+1","PiercingWail+1","Footwork+1","After Image+1","Bouncing Flask","Infinite Blades","Well Laid Plans+1","Adrenaline+1","Catalyst+1","Flying Knee+1","J.A.X.","Expertise+1","Outmaneuver+1","Dagger Throw+1","Catalyst","Corpse Explosion","Dash","Envenom","Blur","Adrenaline","Predator","Deadly Poison","Reflex","Terror+1","Calculated Gamble","Underhanded Strike","Deflect+1","Tactician","Footwork","Underhanded Strike","After Image","Blade Dance","All Out Attack","Choke+1"],"special_seed":0,"relics":["Ring of the Snake","Juzu Bracelet","Anchor","Astrolabe","Whetstone","Centennial Puzzle","Calipers","Pandora\u0027s Box","Old Coin","PreservedInsect","The Specimen","Tough Bandages"],"acts_visited":[],"potions_floor_usage":[50],"damage_taken":[{"damage":0.0,"enemies":"2 Louse","floor":1.0,"turns":3.0},{"damage":1.0,"enemies":"Cultist","floor":2.0,"turns":4.0},{"damage":3.0,"enemies":"Jaw Worm","floor":3.0,"turns":6.0},{"damage":1.0,"enemies":"3 Louse","floor":4.0,"turns":4.0},{"damage":5.0,"enemies":"2 Fungi Beasts","floor":5.0,"turns":4.0},{"damage":12.0,"enemies":"Lagavulin","floor":6.0,"turns":7.0},{"damage":3.0,"enemies":"Looter","floor":7.0,"turns":4.0},{"damage":16.0,"enemies":"Gremlin Nob","floor":10.0,"turns":5.0},{"damage":0.0,"enemies":"Exordium Wildlife","floor":12.0,"turns":3.0},{"damage":2.0,"enemies":"Exordium Thugs","floor":14.0,"turns":5.0},{"damage":25.0,"enemies":"Slime Boss","floor":16.0,"turns":17.0},{"damage":5.0,"enemies":"Spheric Guardian","floor":18.0,"turns":4.0},{"damage":10.0,"enemies":"3 Byrds","floor":22.0,"turns":6.0},{"damage":9.0,"enemies":"Gremlin Leader","floor":24.0,"turns":5.0},{"damage":13.0,"enemies":"Centurion and Healer","floor":25.0,"turns":8.0},{"damage":19.0,"enemies":"Cultist and Chosen","floor":28.0,"turns":7.0},{"damage":11.0,"enemies":"3 Cultists","floor":31.0,"turns":7.0},{"damage":11.0,"enemies":"Collector","floor":33.0,"turns":5.0},{"damage":5.0,"enemies":"Orb Walker","floor":35.0,"turns":4.0},{"damage":13.0,"enemies":"3 Shapes","floor":37.0,"turns":6.0},{"damage":3.0,"enemies":"Jaw Worm Horde","floor":38.0,"turns":4.0},{"damage":34.0,"enemies":"2 Orb Walkers","floor":39.0,"turns":4.0},{"damage":1.0,"enemies":"3 Darklings","floor":41.0,"turns":5.0},{"damage":0.0,"enemies":"Writhing Mass","floor":45.0,"turns":4.0},{"damage":26.0,"enemies":"Reptomancer","floor":46.0,"turns":5.0},{"damage":5.0,"enemies":"Transient","floor":47.0,"turns":5.0},{"damage":4.0,"enemies":"Sphere and 2 Shapes","floor":48.0,"turns":5.0},{"damage":46,"enemies":"Awakened One","floor":50,"turns":5}],"seed_played":"5558946303540124356","potions_obtained":[{"floor":3.0,"key":"Strength Potion"},{"floor":4.0,"key":"Poison Potion"},{"floor":7.0,"key":"DistilledChaos"},{"floor":10.0,"key":"SteroidPotion"},{"floor":11.0,"key":"CultistPotion"},{"floor":11.0,"key":"Swift Potion"},{"floor":12.0,"key":"Poison Potion"},{"floor":18.0,"key":"Block Potion"},{"floor":24.0,"key":"CunningPotion"},{"floor":33.0,"key":"CunningPotion"},{"floor":45.0,"key":"FearPotion"},{"floor":46.0,"key":"BlessingOfTheForge"},{"floor":47.0,"key":"GamblersBrew"}],"is_trial":false,"path_per_floor":["M","M","M","M","M","E","M","?","T","E","?","M","R","M","R","B",null,"M","?","?","?","M","R","E","M","T","R","M","R","?","M","R","B",null,"M","?","M","M","?","R","M","?","T","$","M","E","M","M","R","B"],"character_chosen":"THE_SILENT","items_purchased":["The Specimen","Tactician","Footwork","Underhanded Strike"],"campfire_rested":4,"item_purchase_floors":[44,44,44,44],"current_hp_per_floor":[70,69,66,65,60,48,45,31,31,15,15,15,36,34,34,9,70,65,80,80,80,70,70,61,48,48,48,29,29,29,18,42,31,80,75,75,62,59,25,49,48,48,48,48,48,22,17,13,37,0,0],"gold":603,"neow_bonus":"THREE_CARDS","is_daily":false,"chose_seed":false,"campfire_upgraded":3,"win_rate":0,"timestamp":1607606133,"path_taken":["M","M","M","M","M","E","M","?","T","E","?","M","R","M","R","BOSS","M","?","?","?","M","R","E","M","T","R","M","R","?","M","R","BOSS","M","?","M","M","?","R","M","?","T","$","M","E","M","M","R","BOSS"],"build_version":"2020-11-30","purchased_purges":0,"victory":false,"max_hp_per_floor":[70,70,70,70,70,70,70,70,70,70,70,70,70,70,70,70,70,70,80,80,80,80,80,80,80,80,80,80,80,80,80,80,80,80,80,80,80,80,80,80,80,80,80,80,80,80,80,80,80,80,80],"card_choices":[{"not_picked":["Flying Knee","Outmaneuver"],"picked":"Deadly Poison","floor":0.0},{"not_picked":["Cloak And Dagger","Quick Slash"],"picked":"PiercingWail","floor":1.0},{"not_picked":["Deadly Poison","Cloak And Dagger"],"picked":"Leg Sweep","floor":2.0},{"not_picked":["Bane","Reflex"],"picked":"Poisoned Stab","floor":3.0},{"not_picked":["Escape Plan","Riddle With Holes"],"picked":"Deadly Poison","floor":4.0},{"not_picked":["Prepared","All Out Attack"],"picked":"Backflip","floor":5.0},{"not_picked":["Escape Plan","Cloak And Dagger"],"picked":"PiercingWail","floor":6.0},{"not_picked":["PiercingWail","Predator"],"picked":"Footwork","floor":7.0},{"not_picked":["Acrobatics","Bouncing Flask"],"picked":"After Image","floor":10.0},{"not_picked":["PiercingWail","Slice"],"picked":"Bouncing Flask","floor":12.0},{"not_picked":["Expertise","Blade Dance"],"picked":"Infinite Blades","floor":14.0},{"not_picked":["Phantasmal Killer","Unload"],"picked":"Adrenaline","floor":16.0},{"not_picked":["Outmaneuver","Bouncing Flask"],"picked":"Flying Knee+1","floor":18.0},{"not_picked":["Dodge and Roll+1","Dagger Spray"],"picked":"Expertise+1","floor":22.0},{"not_picked":["Bouncing Flask","Adrenaline"],"picked":"Outmaneuver+1","floor":24.0},{"not_picked":["Poisoned Stab","Flying Knee"],"picked":"Dagger Throw+1","floor":25.0},{"not_picked":["Bouncing Flask","Deadly Poison"],"picked":"Catalyst","floor":28.0},{"not_picked":["Bouncing Flask","Backflip","Slice"],"picked":"SKIP","floor":31.0},{"not_picked":["After Image","Burst"],"picked":"Corpse Explosion","floor":33.0},{"not_picked":["Deadly Poison","Dodge and Roll+1"],"picked":"Terror+1","floor":35.0},{"not_picked":["Skewer+1","Dodge and Roll+1","Leg Sweep"],"picked":"SKIP","floor":37.0},{"not_picked":["Blade Dance+1","Dodge and Roll"],"picked":"Calculated Gamble","floor":38.0},{"not_picked":["Outmaneuver","Bane"],"picked":"Underhanded Strike","floor":39.0},{"not_picked":["Unload","Slice"],"picked":"Deflect+1","floor":41.0},{"not_picked":["PiercingWail","Cloak And Dagger+1"],"picked":"After Image","floor":45.0},{"not_picked":["Backstab","Outmaneuver"],"picked":"Blade Dance","floor":46.0},{"not_picked":["Heel Hook","Dodge and Roll"],"picked":"All Out Attack","floor":47.0},{"not_picked":["Slice","Terror"],"picked":"Choke+1","floor":48.0}],"player_experience":153067,"relics_obtained":[{"floor":6.0,"key":"Juzu Bracelet"},{"floor":10.0,"key":"Anchor"},{"floor":24.0,"key":"Whetstone"},{"floor":26.0,"key":"Centennial Puzzle"},{"floor":39.0,"key":"Old Coin"},{"floor":43.0,"key":"PreservedInsect"},{"floor":46.0,"key":"Tough Bandages"}],"event_choices":[{"damage_healed":0.0,"max_hp_gain":0.0,"max_hp_loss":0.0,"gold_gain":0.0,"event_name":"Shining Light","player_choice":"Entered Light","floor":8.0,"gold_loss":0.0,"damage_taken":14.0,"cards_upgraded":["Defend_G","PiercingWail"]},{"damage_healed":0.0,"max_hp_gain":0.0,"max_hp_loss":0.0,"gold_gain":0.0,"event_name":"Lab","player_choice":"Got Potions","floor":11.0,"gold_loss":0.0,"damage_taken":0.0},{"cards_removed":["Adrenaline"],"damage_healed":5.0,"max_hp_gain":10.0,"max_hp_loss":0.0,"gold_gain":0.0,"event_name":"Bonfire Elementals","player_choice":"Offered Rare","floor":19.0,"gold_loss":0.0,"damage_taken":0.0},{"damage_healed":0.0,"max_hp_gain":0.0,"max_hp_loss":0.0,"gold_gain":0.0,"event_name":"Drug Dealer","player_choice":"Obtain J.A.X.","floor":20.0,"gold_loss":0.0,"damage_taken":0.0,"cards_obtained":["J.A.X."]},{"cards_removed":["Strike_G"],"damage_healed":0.0,"max_hp_gain":0.0,"max_hp_loss":0.0,"gold_gain":0.0,"event_name":"Back to Basics","player_choice":"Elegance","floor":21.0,"gold_loss":0.0,"damage_taken":0.0},{"damage_healed":0.0,"max_hp_gain":0.0,"max_hp_loss":0.0,"gold_gain":0.0,"event_name":"Addict","player_choice":"Obtained Relic","floor":30.0,"gold_loss":85.0,"damage_taken":0.0,"relics_obtained":["Calipers"]},{"damage_healed":0.0,"max_hp_gain":0.0,"max_hp_loss":0.0,"gold_gain":0.0,"event_name":"Tomb of Lord Red Mask","player_choice":"Ignored","floor":36.0,"gold_loss":0.0,"damage_taken":0.0},{"damage_healed":0.0,"max_hp_gain":0.0,"max_hp_loss":0.0,"gold_gain":0.0,"event_name":"Mysterious Sphere","player_choice":"Fight","floor":39.0,"gold_loss":0.0,"damage_taken":0.0},{"cards_removed":["Poisoned Stab"],"damage_healed":0.0,"max_hp_gain":0.0,"max_hp_loss":0.0,"gold_gain":0.0,"event_name":"Falling","player_choice":"Removed Attack","floor":42.0,"gold_loss":0.0,"damage_taken":0.0}],"is_beta":false,"boss_relics":[{"not_picked":["Runic Pyramid","Tiny House"],"picked":"Astrolabe"},{"not_picked":["Coffee Dripper","SacredBark"],"picked":"Pandora\u0027s Box"}],"items_purged_floors":[],"is_endless":false,"potions_floor_spawned":[3,4,7,10,12,16,18,24,28,33,37,45,46,47],"killed_by":"Awakened One","ascension_level":1}}