{"host":"9h1qbmp5h1ch7u4r","time":1607573009,"event":{"gold_per_floor":[109,34,53,71,20,20,67,67,94,127,139,139,166,193,193,303,303,320,330,240,140,154,182,182,213,237,237,262,272,272,304,304,411,411,425,227,256,277,40,40,94,94,94,94,94,115,159,159,159,167,167,167,460,522,585,663,663,157,244,336,336,178,277,277,277,277,396,396,400],"floor_reached":70,"playtime":6813,"items_purged":["animator:Strike","animator:Strike","animator:Defend"],"score":1599,"play_id":"84e8dc21-07bd-4b62-a6d5-2e6768f0b3d6","local_time":"20201209230329","is_ascension_mode":true,"campfire_choices":[{"data":"animator:IrohaTamaki","floor":6.0,"key":"SMITH"},{"data":"animator:SuzuneAmano","floor":8.0,"key":"SMITH"},{"data":"animator:Kyubey","floor":12.0,"key":"SMITH"},{"data":"animator:MadokaKaname","floor":15.0,"key":"SMITH"},{"data":"animator:Kaijin","floor":24.0,"key":"SMITH"},{"data":"animator:Guy","floor":27.0,"key":"SMITH"},{"data":"animator:HomuraAkemi","floor":32.0,"key":"SMITH"},{"data":"animator:Defend","floor":40.0,"key":"PURGE"},{"data":"animator:Defend+1","floor":42.0,"key":"PURGE"},{"data":"Normality","floor":44.0,"key":"PURGE"},{"floor":49.0,"key":"RECALL"},{"data":"animator:Elsword","floor":52.0,"key":"PURGE"},{"floor":66.0,"key":"REST"},{"data":"animator:Greed","floor":68.0,"key":"SMITH"}],"neow_cost":"NONE","seed_source_timestamp":123328277291600,"circlet_count":0,"master_deck":["animator:Strike_MadokaMagica+1","animator:IrohaTamaki+1","animator:YuiTsuruno+1","animator:Emonzaemon+1","animator:YuiTsuruno+1","animator:ElricEdward+1","animator:SuzuneAmano+1","animator:Kaijin+1","animator:Kyubey+1","animator:Guy+1","animator:MadokaKaname+1","animator:GoblinSlayer+1","animator:ElricAlphonse+1","animator:Scar+1","animator:HomuraAkemi+1","animator:Aisha+1","animator:GuildGirl+1","animator:HomuraAkemi+1","animator:HomuraAkemi+1","animator:Shizu+1","animator:Hitei+1","animator:Shichika+1","animator:IchigoKurosaki+1","animator:HomuraAkemi+1","Parasite","animator:SayakaMiki+1","animator:Elesis+2","animator:GuildGirl+1","animator:Nanami+1","animator:Biyorigo+1","animator:Vesta+1","animator:Greed+1"],"special_seed":0,"relics":["animator:TheEgnaroPiece","animator:AncientMedallion"],"potions_floor_usage":[69,69,69],"damage_taken":[{"damage":0.0,"enemies":"Cultist","floor":1.0,"turns":1.0},{"damage":0.0,"enemies":"Jaw Worm","floor":3.0,"turns":1.0},{"damage":0.0,"enemies":"Small Slimes","floor":4.0,"turns":1.0},{"damage":22.0,"enemies":"Lagavulin","floor":7.0,"turns":6.0},{"damage":18.0,"enemies":"3 Sentries","floor":10.0,"turns":5.0},{"damage":0.0,"enemies":"2 Fungi Beasts","floor":11.0,"turns":2.0},{"damage":0.0,"enemies":"3 Louse","floor":13.0,"turns":2.0},{"damage":0.0,"enemies":"Exordium Thugs","floor":14.0,"turns":3.0},{"damage":11.0,"enemies":"Hexaghost","floor":16.0,"turns":8.0},{"damage":0.0,"enemies":"Spheric Guardian","floor":18.0,"turns":3.0},{"damage":8.0,"enemies":"Shell Parasite","floor":19.0,"turns":5.0},{"damage":0.0,"enemies":"Sentry and Sphere","floor":22.0,"turns":3.0},{"damage":27.0,"enemies":"Gremlin Leader","floor":23.0,"turns":7.0},{"damage":7.0,"enemies":"Masked Bandits","floor":25.0,"turns":4.0},{"damage":17.0,"enemies":"animator:HornedBat","floor":28.0,"turns":6.0},{"damage":3.0,"enemies":"Snecko","floor":29.0,"turns":4.0},{"damage":7.0,"enemies":"Gremlin Leader","floor":31.0,"turns":5.0},{"damage":12.0,"enemies":"Collector","floor":33.0,"turns":9.0},{"damage":1.0,"enemies":"Orb Walker","floor":35.0,"turns":4.0},{"damage":2.0,"enemies":"3 Darklings","floor":37.0,"turns":6.0},{"damage":6.0,"enemies":"Transient","floor":38.0,"turns":8.0},{"damage":1.0,"enemies":"Mind Bloom Boss Battle","floor":41.0,"turns":5.0},{"damage":4.0,"enemies":"Spire Growth","floor":46.0,"turns":4.0},{"damage":0.0,"enemies":"Writhing Mass","floor":47.0,"turns":4.0},{"damage":0.0,"enemies":"Donu and Deca","floor":50.0,"turns":6.0},{"damage":32.0,"enemies":"animator:TRIPLE_SHAPES_WEAK","floor":54.0,"turns":8.0},{"damage":0.0,"enemies":"animator:UNNAMED_CULTIST_1","floor":55.0,"turns":8.0},{"damage":0.0,"enemies":"animator:UNNAMED_CULTIST_2","floor":59.0,"turns":8.0},{"damage":9.0,"enemies":"animator:LARGE_WISP","floor":60.0,"turns":9.0},{"damage":11.0,"enemies":"animator:ULTIMATE_CUBE","floor":63.0,"turns":10.0},{"damage":9.0,"enemies":"animator:ULTIMATE_CRYSTAL","floor":67.0,"turns":8.0}],"seed_played":"6613024004936032883","potions_obtained":[{"floor":4.0,"key":"Strength Potion"},{"floor":7.0,"key":"EntropicBrew"},{"floor":10.0,"key":"Strength Potion"},{"floor":11.0,"key":"SkillPotion"},{"floor":22.0,"key":"Dexterity Potion"},{"floor":25.0,"key":"Ancient Potion"},{"floor":31.0,"key":"Strength Potion"},{"floor":37.0,"key":"BlessingOfTheForge"},{"floor":54.0,"key":"animator:FalseLifePotion"},{"floor":55.0,"key":"animator:FalseLifePotion"},{"floor":59.0,"key":"animator:FalseLifePotion"},{"floor":60.0,"key":"animator:FalseLifePotion"},{"floor":63.0,"key":"animator:FalseLifePotion"},{"floor":67.0,"key":"animator:FalseLifePotion"}],"is_trial":false,"path_per_floor":["M","$","M","M","$","R","E","R","T","E","M","R","M","M","R","B",null,"M","M","?","$","M","E","R","?","T","R","E","M","?","E","R","B",null,"M","$","M","M","$","R","?","R","T","R","?","M","M","?","R","B",null,"R","??","M","M","T","?","$","M","M","?","$","E","T","?","R","E","R","B",null],"character_chosen":"THE_ANIMATOR","items_purchased":["animator:ElricEdward","animator:Hitei","animator:IchigoKurosaki","DollysMirror","animator:AncientMedallion","animator:AncientMedallion","animator:Biyorigo"],"campfire_rested":1,"item_purchase_floors":[5,36,39,39,58,58,62],"current_hp_per_floor":[59,59,59,59,59,59,37,37,37,19,20,20,20,20,20,18,55,55,50,50,50,50,36,36,38,38,38,34,33,33,38,38,44,64,73,73,71,73,73,73,75,75,75,75,75,77,77,77,77,77,77,77,98,75,88,88,88,88,98,98,98,98,98,98,28,57,82,82,98],"gold":400,"neow_bonus":"THREE_ENEMY_KILL","is_prod":false,"is_daily":false,"chose_seed":false,"campfire_upgraded":8,"win_rate":0,"timestamp":1607573009,"path_taken":["M","$","M","?","$","R","E","R","T","E","M","R","M","?","R","BOSS","M","M","?","$","?","E","R","?","T","R","E","M","?","E","R","BOSS","M","$","M","M","$","R","?","R","T","R","?","?","M","?","R","BOSS","R","??","M","M","T","?","$","M","M","?","$","E","T","?","R","E","R","BOSS"],"build_version":"2020-11-30","purchased_purges":3,"victory":true,"max_hp_per_floor":[66,66,66,66,66,66,66,66,66,66,67,67,67,67,67,67,67,67,67,67,67,67,68,68,68,68,68,69,71,71,71,71,71,71,73,73,73,73,73,73,75,75,75,75,75,77,77,77,77,77,77,77,98,98,98,98,98,98,98,98,98,98,98,98,98,98,98,98,98],"card_choices":[{"not_picked":["animator:Ara","animator:Lu","animator:Vesta"],"picked":"SKIP","floor":1.0},{"not_picked":["animator:Souei","animator:Mitsurugi"],"picked":"animator:Emonzaemon","floor":3.0},{"not_picked":["animator:AcuraTooru","animator:Hakurou"],"picked":"animator:YuiTsuruno","floor":4.0},{"not_picked":["animator:YuiTsuruno","animator:MamiTomoe"],"picked":"animator:SuzuneAmano","floor":7.0},{"not_picked":["animator:ChaikaBohdan","animator:IrohaTamaki"],"picked":"animator:Kaijin","floor":10.0},{"not_picked":["animator:Aqua","animator:Viivi"],"picked":"animator:Kyubey","floor":11.0},{"not_picked":["animator:LizardPriest","animator:Ciel"],"picked":"animator:Guy","floor":13.0},{"not_picked":["animator:MamiTomoe","animator:KyokoSakura"],"picked":"animator:MadokaKaname","floor":14.0},{"not_picked":["animator:Rimuru","animator:Father"],"picked":"animator:GoblinSlayer","floor":16.0},{"not_picked":["animator:Viivi+1","animator:Mitsuba"],"picked":"animator:ElricAlphonse","floor":18.0},{"not_picked":["animator:Laby","animator:Vanir","animator:Shion"],"picked":"SKIP","floor":19.0},{"not_picked":["animator:Konayuki+1","animator:Souei"],"picked":"animator:Scar+1","floor":22.0},{"not_picked":["animator:OrikoMikuni","animator:MamiTomoe"],"picked":"animator:HomuraAkemi","floor":23.0},{"not_picked":["animator:Laby+1","animator:CowGirl"],"picked":"animator:Aisha","floor":25.0},{"not_picked":["animator:YunYun","animator:Viivi+1"],"picked":"animator:GuildGirl","floor":28.0},{"not_picked":["animator:OrikoMikuni","animator:Viivi","animator:DwarfShaman"],"picked":"Singing Bowl","floor":29.0},{"not_picked":["animator:Darkness","animator:KyokoSakura"],"picked":"animator:HomuraAkemi","floor":31.0},{"not_picked":["animator:Elesis","animator:MadokaKaname"],"picked":"animator:Shizu","floor":33.0},{"not_picked":["animator:MamiTomoe","animator:OrikoMikuni","animator:YachiyoNanami"],"picked":"Singing Bowl","floor":35.0},{"not_picked":["animator:HiiragiShinya","animator:DwarfShaman"],"picked":"animator:Shichika+1","floor":37.0},{"not_picked":["animator:Chung+1","animator:Mikaela"],"picked":"animator:Elsword","floor":38.0},{"not_picked":["animator:Benimaru+1","animator:Priestess+1","animator:SuzuneAmano"],"picked":"Singing Bowl","floor":41.0},{"not_picked":["animator:RoyMustang+1","animator:ChaikaBohdan","animator:Rena+1"],"picked":"Singing Bowl","floor":46.0},{"not_picked":["animator:OrikoMikuni","animator:YachiyoNanami"],"picked":"animator:SayakaMiki","floor":47.0},{"not_picked":["animator:Emonzaemon+1","animator:IrohaTamaki","animator:Priestess"],"picked":"SKIP","floor":54.0},{"not_picked":["animator:Sloth+1","animator:Chris","animator:OrikoMikuni"],"picked":"SKIP","floor":55.0},{"not_picked":["animator:Guren+1","animator:HigakiRinne+1"],"picked":"animator:Elesis+1","floor":57.0},{"not_picked":["animator:ElricAlphonse","animator:Witch"],"picked":"animator:GuildGirl","floor":59.0},{"not_picked":["animator:WinryRockbell","animator:YunYun+1"],"picked":"animator:Nanami","floor":60.0},{"not_picked":["animator:Chris","animator:MamiTomoe"],"picked":"animator:Vesta","floor":63.0},{"not_picked":["animator:Ciel+1","animator:RoyMustang"],"picked":"animator:Greed","floor":67.0}],"player_experience":929389,"relics_obtained":[{"floor":7.0,"key":"animator:ShionDessert"},{"floor":9.0,"key":"PreservedInsect"},{"floor":10.0,"key":"Gambling Chip"},{"floor":23.0,"key":"Singing Bowl"},{"floor":25.0,"key":"Red Mask"},{"floor":28.0,"key":"Peace Pipe"},{"floor":31.0,"key":"Bird Faced Urn"},{"floor":41.0,"key":"Charon\u0027s Ashes"},{"floor":43.0,"key":"Ornamental Fan"},{"floor":53.0,"key":"animator:TheEgnaroPiece"},{"floor":53.0,"key":"animator:AncientMedallion"},{"floor":56.0,"key":"animator:AncientMedallion"},{"floor":63.0,"key":"animator:AncientMedallion"},{"floor":64.0,"key":"animator:AncientMedallion"},{"floor":67.0,"key":"animator:AncientMedallion"}],"event_choices":[{"cards_removed":["animator:Strike"],"damage_healed":0.0,"max_hp_gain":0.0,"max_hp_loss":0.0,"gold_gain":0.0,"event_name":"Designer","player_choice":"Upgrade and Remove","floor":20.0,"gold_loss":90.0,"damage_taken":0.0,"cards_upgraded":["animator:Strike_MadokaMagica"]},{"damage_healed":0.0,"max_hp_gain":0.0,"max_hp_loss":0.0,"gold_gain":0.0,"event_name":"Masked Bandits","player_choice":"Fought Bandits","floor":25.0,"gold_loss":0.0,"damage_taken":0.0},{"damage_healed":0.0,"max_hp_gain":0.0,"max_hp_loss":0.0,"gold_gain":0.0,"event_name":"The Library","player_choice":"Read","floor":30.0,"gold_loss":0.0,"damage_taken":0.0,"cards_obtained":["animator:HomuraAkemi"]},{"damage_healed":0.0,"max_hp_gain":0.0,"max_hp_loss":0.0,"gold_gain":0.0,"event_name":"MindBloom","player_choice":"Fight","floor":41.0,"gold_loss":0.0,"damage_taken":0.0},{"cards_removed":["animator:Defend_MadokaMagica"],"damage_healed":0.0,"max_hp_gain":0.0,"max_hp_loss":0.0,"gold_gain":0.0,"event_name":"Bonfire Elementals","player_choice":"Offered Basic","floor":45.0,"gold_loss":0.0,"damage_taken":0.0},{"damage_healed":0.0,"max_hp_gain":0.0,"max_hp_loss":0.0,"gold_gain":0.0,"event_name":"Upgrade Shrine","player_choice":"Upgraded","floor":48.0,"gold_loss":0.0,"damage_taken":0.0,"cards_upgraded":["animator:GuildGirl"]}],"is_beta":false,"boss_relics":[{"not_picked":["Astrolabe","Velvet Choker"],"picked":"animator:CursedBlade"},{"not_picked":["Tiny House","Black Star"],"picked":"Cursed Key"}],"items_purged_floors":[2,21,36],"is_endless":false,"potions_floor_spawned":[4,7,10,11,22,25,31,37,38,54,59,63],"ascension_level":6}}