{"host":"8fup84v061vi31le","time":1607612488,"event":{"gold_per_floor":[109,34,34,52,64,64,96,76,147,163,163,163,163,176,176,276,276,289,305,331,341,195,195,20,20,68,87,2,13,13,23,23,120,120,133,133,151,151,151,151,201,214,214,214,230,230,230,230],"floor_reached":47,"playtime":1878,"items_purged":["Defend_G","Strike_G","Strike_G"],"score":493,"play_id":"4e297ff0-76fe-4a32-8233-f28adbd20aa7","local_time":"20201210230128","is_ascension_mode":true,"campfire_choices":[{"data":"Eviscerate","floor":6.0,"key":"SMITH"},{"floor":11.0,"key":"REST"},{"data":"Burst","floor":13.0,"key":"SMITH"},{"data":"All Out Attack","floor":15.0,"key":"SMITH"},{"floor":23.0,"key":"REST"},{"floor":32,"key":"REST"},{"floor":40,"key":"REST"},{"floor":44,"key":"REST"}],"neow_cost":"NONE","seed_source_timestamp":210412505612400,"circlet_count":0,"master_deck":["Strike_G","Defend_G","Survivor","Neutralize","Eviscerate+1","All Out Attack+1","Burst+1","Bullet Time","Glass Knife+1","Heel Hook+1","Acrobatics","Reflex","Underhanded Strike","Prepared","Calculated Gamble","Phantasmal Killer","Corpse Explosion","Unload","Madness","Madness","Outmaneuver","Dagger Throw"],"special_seed":0,"relics":["Runic Pyramid","Boot","InkBottle","Astrolabe","Snake Skull","Bronze Scales","Sundial","Empty Cage","CaptainsWheel","Dream Catcher"],"potions_floor_usage":[33,33],"damage_taken":[{"damage":0.0,"enemies":"Small Slimes","floor":1.0,"turns":3.0},{"damage":3.0,"enemies":"Jaw Worm","floor":4.0,"turns":3.0},{"damage":0.0,"enemies":"Cultist","floor":5.0,"turns":3.0},{"damage":24.0,"enemies":"3 Sentries","floor":7.0,"turns":6.0},{"damage":4.0,"enemies":"Blue Slaver","floor":10.0,"turns":2.0},{"damage":4.0,"enemies":"Red Slaver","floor":14.0,"turns":3.0},{"damage":54.0,"enemies":"Slime Boss","floor":16.0,"turns":12.0},{"damage":0.0,"enemies":"Spheric Guardian","floor":18.0,"turns":3.0},{"damage":29.0,"enemies":"Shell Parasite","floor":19.0,"turns":4.0},{"damage":17.0,"enemies":"Snecko","floor":21.0,"turns":4.0},{"damage":16,"enemies":"Centurion and Healer","floor":27,"turns":4},{"damage":0,"enemies":"Shelled Parasite and Fungi","floor":29,"turns":3},{"damage":0,"enemies":"Cultist and Chosen","floor":31,"turns":3},{"damage":43,"enemies":"Automaton","floor":33,"turns":8},{"damage":0,"enemies":"3 Darklings","floor":35,"turns":2},{"damage":16,"enemies":"Orb Walker","floor":37,"turns":2},{"damage":24,"enemies":"Mind Bloom Boss Battle","floor":41,"turns":6},{"damage":19,"enemies":"Jaw Worm Horde","floor":42,"turns":2},{"damage":34,"enemies":"3 Darklings","floor":45,"turns":2},{"damage":14,"enemies":"Transient","floor":47,"turns":1}],"seed_played":"6273315545539991761","potions_obtained":[{"floor":8.0,"key":"SkillPotion"},{"floor":10.0,"key":"Poison Potion"},{"floor":16.0,"key":"Block Potion"},{"floor":21.0,"key":"Energy Potion"},{"floor":25.0,"key":"GamblersBrew"},{"floor":42,"key":"Poison Potion"},{"floor":45,"key":"Explosive Potion"}],"is_trial":false,"path_per_floor":["M","$","?","M","M","R","E","?","T","M","R","?","R","M","R","B",null,"M","M","T","M","$","R","$","?","T","M","?","M","?","M","R","B",null,"M","?","M","?","?","R","?","M","T","R","M","?","M"],"character_chosen":"THE_SILENT","items_purchased":["Underhanded Strike","Prepared"],"campfire_rested":5,"item_purchase_floors":[22,24],"current_hp_per_floor":[70,70,70,67,67,67,43,43,43,39,60,60,60,56,56,2,70,70,41,41,24,24,45,45,45,45,29,29,29,29,29,50,7,70,70,61,45,45,45,66,42,23,23,44,10,10,0,0],"gold":230,"neow_bonus":"BOSS_RELIC","is_prod":false,"is_daily":false,"chose_seed":false,"campfire_upgraded":3,"win_rate":0,"timestamp":1607612488,"path_taken":["M","$","?","M","M","R","E","?","T","?","R","?","R","M","R","BOSS","M","M","?","M","$","R","$","?","T","?","?","M","?","?","R","BOSS","M","?","M","?","?","R","?","M","T","R","M","?","?"],"build_version":"2020-11-30","purchased_purges":3,"victory":false,"max_hp_per_floor":[70,70,70,70,70,70,70,70,70,70,70,70,70,70,70,70,70,70,70,70,70,70,70,70,70,70,70,70,70,70,70,70,70,70,70,70,70,70,70,70,70,70,70,70,70,70,70,70],"card_choices":[{"not_picked":["Cloak And Dagger","Deadly Poison"],"picked":"Blade Dance","floor":1.0},{"not_picked":["Backflip","Dagger Spray","Flying Knee"],"picked":"SKIP","floor":4.0},{"not_picked":["All Out Attack","Slice"],"picked":"Eviscerate","floor":5.0},{"not_picked":["Leg Sweep","Escape Plan"],"picked":"All Out Attack","floor":7.0},{"not_picked":["Backstab","Corpse Explosion","Skewer"],"picked":"SKIP","floor":10.0},{"not_picked":["Masterful Stab","Bane","Heel Hook"],"picked":"SKIP","floor":14.0},{"not_picked":["Burst","Unload"],"picked":"Bullet Time","floor":16.0},{"not_picked":["Deadly Poison","Catalyst"],"picked":"Acrobatics","floor":18.0},{"not_picked":["Backflip","Prepared"],"picked":"Reflex","floor":19.0},{"not_picked":["PiercingWail","Predator","Dodge and Roll+1"],"picked":"SKIP","floor":21.0},{"not_picked":["Dagger Throw","Riddle With Holes"],"picked":"Calculated Gamble","floor":27},{"not_picked":["Bane","Infinite Blades+1","Backflip"],"picked":"SKIP","floor":29},{"not_picked":["PiercingWail+1","Deadly Poison+1"],"picked":"Corpse Explosion","floor":31},{"not_picked":["Doppelganger","Die Die Die"],"picked":"Unload","floor":33},{"not_picked":["Deflect+1","Blur","Deadly Poison"],"picked":"SKIP","floor":35},{"not_picked":["Backflip","Endless Agony+1","Quick Slash+1"],"picked":"SKIP","floor":37},{"not_picked":["Sucker Punch","Reflex+1"],"picked":"Outmaneuver","floor":42},{"not_picked":["Terror","Blade Dance+1"],"picked":"Dagger Throw","floor":44},{"not_picked":["Cloak And Dagger+1","Bane+1","Slice+1"],"picked":"SKIP","floor":45}],"player_experience":47222,"relics_obtained":[{"floor":7.0,"key":"Boot"},{"floor":9.0,"key":"InkBottle"},{"floor":20.0,"key":"Snake Skull"},{"floor":26.0,"key":"Bronze Scales"},{"floor":41,"key":"CaptainsWheel"},{"floor":43,"key":"Dream Catcher"}],"event_choices":[{"damage_healed":0.0,"max_hp_gain":0.0,"max_hp_loss":0.0,"gold_gain":0.0,"event_name":"betterThird:BetterSerpent","player_choice":"Ignored","floor":3.0,"gold_loss":0.0,"damage_taken":34.0},{"damage_healed":0.0,"max_hp_gain":0.0,"max_hp_loss":0.0,"gold_gain":0.0,"event_name":"The Woman in Blue","player_choice":"Bought 1 Potion","floor":8.0,"gold_loss":0.0,"damage_taken":0.0},{"damage_healed":0.0,"max_hp_gain":0.0,"max_hp_loss":0.0,"gold_gain":0.0,"event_name":"Match and Keep!","player_choice":"1 cards matched","floor":12.0,"gold_loss":0.0,"damage_taken":0.0,"cards_obtained":["Burst"]},{"damage_healed":0.0,"max_hp_gain":0.0,"max_hp_loss":0.0,"gold_gain":0.0,"event_name":"Lab","player_choice":"Got Potions","floor":25.0,"gold_loss":0.0,"damage_taken":0.0},{"damage_healed":0,"gold_gain":0,"player_choice":"Obtained Relic","damage_taken":0,"relics_obtained":["Sundial"],"max_hp_gain":0,"max_hp_loss":0,"event_name":"Addict","floor":28,"gold_loss":85},{"damage_healed":0,"gold_gain":0,"cards_transformed":["Storm of Steel"],"player_choice":"Transformed","damage_taken":0,"max_hp_gain":0,"max_hp_loss":0,"event_name":"Transmorgrifier","floor":30,"gold_loss":0,"cards_obtained":["Phantasmal Killer"]},{"damage_healed":0,"gold_gain":0,"player_choice":"Embrace Madness","damage_taken":9,"max_hp_gain":0,"max_hp_loss":0,"event_name":"Winding Halls","floor":36,"gold_loss":0,"cards_obtained":["Madness","Madness"]},{"damage_healed":0,"gold_gain":0,"player_choice":"Memory 1","damage_taken":0,"max_hp_gain":0,"max_hp_loss":0,"event_name":"SensoryStone","floor":38,"gold_loss":0},{"cards_removed":["Strike_G"],"damage_healed":0,"gold_gain":0,"player_choice":"Removed Attack","damage_taken":0,"max_hp_gain":0,"max_hp_loss":0,"event_name":"Falling","floor":39,"gold_loss":0},{"damage_healed":0,"gold_gain":0,"player_choice":"Fight","damage_taken":0,"max_hp_gain":0,"max_hp_loss":0,"event_name":"MindBloom","floor":41,"gold_loss":0},{"damage_healed":0,"gold_gain":0,"player_choice":"Ignored","damage_taken":0,"max_hp_gain":0,"max_hp_loss":0,"event_name":"Tomb of Lord Red Mask","floor":46,"gold_loss":0}],"is_beta":false,"boss_relics":[{"not_picked":["SlaversCollar","Fusion Hammer"],"picked":"Astrolabe"},{"not_picked":["Black Star","Sozu"],"picked":"Empty Cage"}],"items_purged_floors":[2,22,24],"is_endless":false,"potions_floor_spawned":[10,16,21,27,29,42,45],"killed_by":"Transient","ascension_level":2}}