{"host":"c10fjmjt4zmpjqlg","time":1607596352,"event":{"gold_per_floor":[116,291,311,311,327,362,382,408,489,500,500,500],"floor_reached":11,"playtime":369,"items_purged":[],"score":115,"play_id":"2b0508a3-3636-421a-848d-2953db6103ac","local_time":"20201210213232","is_ascension_mode":true,"campfire_choices":[],"neow_cost":"NONE","seed_source_timestamp":7879329598342166702,"circlet_count":0,"master_deck":["Strike_R","Strike_R","Strike_R","Strike_R","Strike_R","Defend_R","Defend_R","Defend_R","Defend_R","Bash","Uppercut","Clothesline","Shockwave","Iron Wave","Warcry","Havoc","Twin Strike"],"relics":["Black Star","Spirit Poop","TungstenRod","Ice Cream","MealTicket","Nunchaku","Bottled Flame"],"potions_floor_usage":[8,8,8],"damage_taken":[{"damage":1,"enemies":"Cultist","floor":1,"turns":3},{"damage":11,"enemies":"Jaw Worm","floor":3,"turns":6},{"damage":0,"enemies":"2 Louse","floor":5,"turns":3},{"damage":39,"enemies":"Lagavulin","floor":6,"turns":6},{"damage":12,"enemies":"Large Slime","floor":7,"turns":6},{"damage":0,"enemies":"3 Sentries","floor":8,"turns":8},{"damage":11,"enemies":"2 Fungi Beasts","floor":10,"turns":4},{"damage":13,"enemies":"Gremlin Nob","floor":11,"turns":3}],"seed_played":"-7996848984568854088","potions_obtained":[{"floor":1,"key":"SpeedPotion"},{"floor":3,"key":"EssenceOfSteel"},{"floor":6,"key":"Explosive Potion"}],"is_trial":false,"path_per_floor":["M","?","M","?","M","E","M","E","T","M","E"],"character_chosen":"IRONCLAD","items_purchased":[],"campfire_rested":0,"item_purchase_floors":[],"current_hp_per_floor":[79,79,68,68,68,29,17,17,17,6,0,0],"gold":500,"neow_bonus":"BOSS_RELIC","is_prod":false,"is_daily":false,"chose_seed":false,"campfire_upgraded":0,"win_rate":0,"timestamp":1607596352,"path_taken":["M","?","M","?","M","E","M","E","T","M","E"],"build_version":"2020-11-30","purchased_purges":0,"victory":false,"max_hp_per_floor":[80,80,80,80,80,80,80,80,80,80,80,80],"relic_stats":{"Nunchaku":[1],"counters":[8,39],"MealTicket":0,"Black Star":2,"obtain_stats":[{"Ice Cream":6,"Nunchaku":8,"Bottled Flame":9,"Spirit Poop":4,"MealTicket":8,"Black Star":0,"Burning Blood":0,"TungstenRod":6},{"Ice Cream":4,"Nunchaku":6,"Bottled Flame":6,"Spirit Poop":2,"MealTicket":6,"Black Star":0,"Burning Blood":0,"TungstenRod":4},{"Ice Cream":18,"Nunchaku":32,"Bottled Flame":32,"Spirit Poop":9,"MealTicket":32,"Black Star":0,"Burning Blood":0,"TungstenRod":18}],"TungstenRod":7},"card_choices":[{"not_picked":["Body Slam","True Grit"],"picked":"Uppercut","floor":1},{"not_picked":["Seeing Red","Anger"],"picked":"Clothesline","floor":3},{"not_picked":["Armaments","Ghostly Armor"],"picked":"Shockwave","floor":5},{"not_picked":["Reckless Charge","Second Wind"],"picked":"Iron Wave","floor":6},{"not_picked":["Battle Trance","Blood for Blood"],"picked":"Warcry","floor":7},{"not_picked":["Rupture","Wild Strike"],"picked":"Havoc","floor":8},{"not_picked":["Clothesline","Disarm"],"picked":"Twin Strike","floor":10}],"player_experience":303323,"relics_obtained":[{"floor":6,"key":"TungstenRod"},{"floor":6,"key":"Ice Cream"},{"floor":8,"key":"MealTicket"},{"floor":8,"key":"Nunchaku"},{"floor":9,"key":"Bottled Flame"}],"event_choices":[{"damage_healed":0,"gold_gain":175,"player_choice":"AGREE","damage_taken":0,"max_hp_gain":0,"max_hp_loss":0,"event_name":"Liars Game","floor":2,"gold_loss":0,"cards_obtained":["Doubt"]},{"cards_removed":["Doubt"],"damage_healed":0,"gold_gain":0,"player_choice":"Offered Curse","damage_taken":0,"relics_obtained":["Spirit Poop"],"max_hp_gain":0,"max_hp_loss":0,"event_name":"Bonfire Elementals","floor":4,"gold_loss":0}],"is_beta":false,"boss_relics":[],"items_purged_floors":[],"is_endless":false,"potions_floor_spawned":[1,3,6],"killed_by":"Gremlin Nob","ascension_level":1}}