{"host":"wvaiab5ya9pyia0u","time":1607598059,"event":{"gold_per_floor":[109,127,147,186,198,298,318,337,349,362,362,444,450,442,617,597,597],"floor_reached":16,"playtime":1081,"items_purged":[],"score":98,"play_id":"e6ba4c93-e5ca-4245-90a8-6d3b8b7989d5","local_time":"20201210120059","is_ascension_mode":false,"campfire_choices":[{"floor":11,"key":"REST"}],"neow_cost":"BASIC_CARDS","seed_source_timestamp":487406923816800,"circlet_count":0,"master_deck":["hermit:Strike_Hermit","hermit:Strike_Hermit","hermit:Strike_Hermit","hermit:Strike_Hermit","hermit:Defend_Hermit","hermit:Defend_Hermit","hermit:Defend_Hermit","hermit:Defend_Hermit+1","hermit:Snapshot","hermit:Covet","hermit:Defend_Hermit","hierophant:Defend_Hierophant","hermit:Midnight","hermit:ShadowCloak","hermit:HoleUp","hermit:NoHoldsBarred","hermit:Virtue","hermit:BigShot","hermit:SprayPray","hermit:Manifest","hermit:Cheat","hermit:PistolWhip","Doubt"],"special_seed":0,"relics":["hermit:Momento","conspire:InfiniteJournal","Ice Cream","Gremlin Food","Replay:Bottled Steam"],"potions_floor_usage":[7,16,16],"damage_taken":[{"damage":0.0,"enemies":"Cultist","floor":1.0,"turns":4.0},{"damage":0.0,"enemies":"2 Louse","floor":2.0,"turns":2.0},{"damage":2.0,"enemies":"Jaw Worm","floor":3.0,"turns":4.0},{"damage":1.0,"enemies":"conspire:MimicChest","floor":4.0,"turns":8.0},{"damage":0.0,"enemies":"Lots of Slimes","floor":5.0,"turns":1.0},{"damage":3,"enemies":"conspire:2 RoseBushes","floor":7,"turns":1},{"damage":7,"enemies":"Exordium Wildlife","floor":8,"turns":3},{"damage":11,"enemies":"2 Fungi Beasts","floor":9,"turns":9},{"damage":1,"enemies":"2 Fungi Beasts","floor":10,"turns":3},{"damage":5,"enemies":"Lots of Slimes","floor":13,"turns":3},{"damage":4,"enemies":"conspire:2 RoseBushes","floor":14,"turns":5},{"damage":64,"enemies":"The Guardian","floor":16,"turns":15}],"seed_played":"1024034380442245225","potions_obtained":[{"floor":4.0,"key":"DuplicationPotion"},{"floor":5.0,"key":"EssenceOfSteel"},{"floor":8,"key":"Regen Potion"},{"floor":10,"key":"Flashbang"}],"is_trial":false,"path_per_floor":["M","M","M","?","M","?","M","M","MIM","M","R","T","M","M","R","B"],"character_chosen":"HERMIT","items_purchased":[],"campfire_rested":1,"item_purchase_floors":[],"current_hp_per_floor":[75,75,73,72,72,72,69,62,51,50,72,72,67,63,63,0,0],"gold":597,"neow_bonus":"ONE_RARE_RELIC","is_prod":false,"is_daily":false,"chose_seed":false,"campfire_upgraded":0,"win_rate":0,"timestamp":1607598059,"path_taken":["M","M","M","?","M","?","M","M","MIM","M","R","?","M","M","R","BOSS"],"build_version":"2020-11-30","purchased_purges":0,"victory":false,"max_hp_per_floor":[75,75,75,75,75,75,75,75,75,75,75,75,75,75,75,75,75],"card_choices":[{"not_picked":["hermit:WideOpen","hermit:LuckOfTheDraw"],"picked":"hermit:Midnight","floor":1.0},{"not_picked":["hermit:Vantage","hermit:Spite"],"picked":"hermit:ShadowCloak","floor":2.0},{"not_picked":["hermit:Determination","hermit:Feint"],"picked":"hermit:HoleUp","floor":3.0},{"not_picked":["hermit:OverwhelmingPower","hermit:Combo"],"picked":"hermit:NoHoldsBarred","floor":4.0},{"not_picked":["hermit:HighCaliber","hermit:GoldenBullet","hermit:Combo"],"picked":"SKIP","floor":5.0},{"not_picked":["hermit:Desperado","hermit:Ricochet"],"picked":"hermit:Virtue","floor":7},{"not_picked":["hermit:Desperado","hermit:HighCaliber"],"picked":"hermit:BigShot","floor":8},{"not_picked":["hermit:Maintenance","hermit:TakeCover"],"picked":"hermit:SprayPray","floor":9},{"not_picked":["hermit:GoldenBullet","hermit:BigShot"],"picked":"hermit:Manifest","floor":10},{"not_picked":["hermit:DeadMansHand","hermit:EyeOfTheStorm"],"picked":"hermit:Cheat","floor":13},{"not_picked":["hermit:Feint","hermit:Showdown"],"picked":"hermit:PistolWhip","floor":14}],"player_experience":151604,"relics_obtained":[{"floor":4.0,"key":"Ice Cream"},{"floor":9,"key":"Gremlin Food"},{"floor":12,"key":"Replay:Bottled Steam"}],"event_choices":[{"damage_healed":0.0,"max_hp_gain":0.0,"max_hp_loss":0.0,"gold_gain":100.0,"event_name":"Golden Shrine","player_choice":"Pray","floor":6.0,"gold_loss":0.0,"damage_taken":0.0},{"damage_healed":0,"gold_gain":175,"player_choice":"AGREE","damage_taken":0,"max_hp_gain":0,"max_hp_loss":0,"event_name":"Liars Game","floor":15,"gold_loss":0,"cards_obtained":["Doubt"]}],"is_beta":false,"boss_relics":[],"items_purged_floors":[],"is_endless":false,"potions_floor_spawned":[4,5,8,10,13,14],"killed_by":"The Guardian","ascension_level":0}}