{"host":"1c52r9kaxdyo25eq","time":1607633984,"event":{"mods":["BaseMod","AchievementEnabler","Minty Spire (QoL Compilation)","Rare Cards Sparkle","SuperFastMode","everything is the same but u backflip on backflip"],"gold_per_floor":[117,117,117,130,147,147,164,3,28,44,59,84,84,101,101,177,177,195,212,230,245,275,275,275,305,305,305,305],"floor_reached":27,"playtime":829,"items_purged":["Defend_P"],"score":472,"play_id":"7f1e5a4b-38e7-4b80-a606-a9757f76cc45","local_time":"20201211055944","is_ascension_mode":true,"campfire_choices":[{"data":"Eruption","floor":6.0,"key":"SMITH"},{"floor":13.0,"key":"REST"},{"data":"InnerPeace","floor":15.0,"key":"SMITH"},{"data":"Scrawl","floor":23.0,"key":"SMITH"}],"circlet_count":0,"master_deck":["AscendersBane","Strike_P","Strike_P","Defend_P","Defend_P","Eruption+1","Vigilance","BowlingBash","WindmillStrike","MentalFortress","Adaptation","InnerPeace+1","Scrawl+1"],"special_seed":0,"relics":["PureWater","Pen Nib","Dream Catcher","Empty Cage","Red Mask","Damaru","Shuriken"],"acts_visited":["Exordium","TheCity"],"potions_floor_usage":[],"damage_taken":[{"damage":11.0,"enemies":"Small Slimes","floor":1.0,"turns":2.0},{"damage":12.0,"enemies":"2 Louse","floor":4.0,"turns":2.0},{"damage":0.0,"enemies":"Cultist","floor":5.0,"turns":2.0},{"damage":2.0,"enemies":"Gremlin Gang","floor":7.0,"turns":6.0},{"damage":0.0,"enemies":"Large Slime","floor":10.0,"turns":4.0},{"damage":6.0,"enemies":"2 Fungi Beasts","floor":11.0,"turns":3.0},{"damage":29.0,"enemies":"Gremlin Nob","floor":12.0,"turns":5.0},{"damage":0.0,"enemies":"Looter","floor":14.0,"turns":2.0},{"damage":33.0,"enemies":"Slime Boss","floor":16.0,"turns":6.0},{"damage":16.0,"enemies":"3 Byrds","floor":18.0,"turns":4.0},{"damage":4.0,"enemies":"Chosen","floor":19.0,"turns":3.0},{"damage":15.0,"enemies":"Snake Plant","floor":20.0,"turns":4.0},{"damage":6.0,"enemies":"Chosen and Byrds","floor":21.0,"turns":2.0},{"damage":4.0,"enemies":"Masked Bandits","floor":22.0,"turns":2.0},{"damage":7.0,"enemies":"Slavers","floor":25.0,"turns":2.0},{"damage":9,"enemies":"Book of Stabbing","floor":27,"turns":4}],"seed_played":"5300888582889387853","potions_obtained":[{"floor":1.0,"key":"BlessingOfTheForge"},{"floor":4.0,"key":"SpeedPotion"},{"floor":7.0,"key":"BottledMiracle"},{"floor":12.0,"key":"Regen Potion"},{"floor":16.0,"key":"Regen Potion"},{"floor":21.0,"key":"GamblersBrew"},{"floor":22.0,"key":"FearPotion"}],"is_trial":false,"path_per_floor":["M","?","?","M","M","R","M","$","T","M","M","E","R","M","R","B",null,"M","M","M","M","?","R","?","E","T","E"],"character_chosen":"WATCHER","items_purchased":["Adaptation"],"campfire_rested":1,"item_purchase_floors":[8],"current_hp_per_floor":[50,55,55,43,43,43,41,41,41,41,35,6,27,27,27,9,57,41,37,22,21,17,17,17,10,10,1,1],"gold":305,"neow_bonus":"THREE_CARDS","is_daily":false,"chose_seed":false,"campfire_upgraded":3,"win_rate":0,"timestamp":1607633984,"path_taken":["M","?","?","?","M","R","M","$","T","M","M","E","R","M","R","BOSS","M","?","M","M","?","R","?","E","T","E"],"build_version":"2020-11-30","purchased_purges":1,"victory":false,"max_hp_per_floor":[68,73,73,73,73,73,73,73,73,73,73,73,73,73,73,73,73,73,73,73,73,73,73,73,73,73,73,73],"card_choices":[{"not_picked":["ClearTheMind","Protect"],"picked":"BowlingBash","floor":0.0},{"not_picked":["Collect","ClearTheMind"],"picked":"WindmillStrike","floor":1.0},{"not_picked":["FlyingSleeves","Consecrate"],"picked":"MentalFortress","floor":4.0},{"not_picked":["FollowUp","ClearTheMind","FlyingSleeves"],"picked":"SKIP","floor":5.0},{"not_picked":["SandsOfTime","DevaForm","Sanctity"],"picked":"SKIP","floor":7.0},{"not_picked":["WreathOfFlame","Prostrate"],"picked":"InnerPeace","floor":10.0},{"not_picked":["WreathOfFlame","ClearTheMind","FollowUp"],"picked":"SKIP","floor":11.0},{"not_picked":["Worship","ConjureBlade","Evaluate"],"picked":"SKIP","floor":12.0},{"not_picked":["LikeWater","DeceiveReality","ClearTheMind"],"picked":"SKIP","floor":14.0},{"not_picked":["Establishment","Ragnarok"],"picked":"Scrawl","floor":16.0},{"not_picked":["Sanctity","CarveReality","EmptyBody"],"picked":"SKIP","floor":18.0},{"not_picked":["PathToVictory","BowlingBash","LikeWater"],"picked":"SKIP","floor":19.0},{"not_picked":["FollowUp","ForeignInfluence+1","Wallop"],"picked":"SKIP","floor":20.0},{"not_picked":["BattleHymn","FlurryOfBlows","TalkToTheHand"],"picked":"SKIP","floor":21.0},{"not_picked":["Protect","Evaluate","InnerPeace"],"picked":"SKIP","floor":25.0}],"player_experience":452260,"relics_obtained":[{"floor":9.0,"key":"Pen Nib"},{"floor":12.0,"key":"Dream Catcher"},{"floor":22.0,"key":"Red Mask"},{"floor":25.0,"key":"Damaru"},{"floor":26.0,"key":"Shuriken"}],"event_choices":[{"damage_healed":0.0,"max_hp_gain":5.0,"max_hp_loss":0.0,"gold_gain":0.0,"event_name":"Big Fish","player_choice":"Donut","floor":2.0,"gold_loss":0.0,"damage_taken":0.0},{"cards_removed":["Strike_P"],"damage_healed":0.0,"max_hp_gain":0.0,"max_hp_loss":0.0,"gold_gain":0.0,"event_name":"Bonfire Elementals","player_choice":"Offered Basic","floor":3.0,"gold_loss":0.0,"damage_taken":0.0},{"damage_healed":0.0,"max_hp_gain":0.0,"max_hp_loss":0.0,"gold_gain":0.0,"event_name":"Masked Bandits","player_choice":"Fought Bandits","floor":22.0,"gold_loss":0.0,"damage_taken":0.0},{"damage_healed":0.0,"max_hp_gain":0.0,"max_hp_loss":0.0,"gold_gain":0.0,"event_name":"Ghosts","player_choice":"Ignored","floor":24.0,"gold_loss":0.0,"damage_taken":0.0}],"is_beta":false,"boss_relics":[{"not_picked":["Pandora\u0027s Box","Cursed Key"],"picked":"Empty Cage"}],"items_purged_floors":[8],"is_endless":false,"potions_floor_spawned":[1,4,7,12,14,16,21,22],"killed_by":"Book of Stabbing","ascension_level":16}}