{"host":"3m3t6u1636lvefx4","time":1607595621,"event":{"gold_per_floor":[114,129,144,69,69,99,114,114,114,114,129,129,129,144,144,244,244,259,174,174,197,212,212,62,77,102,102,61,61,91,106,106,215,215,230,230,289,364,379,379,379,379,388,88,106,328,328,328,328],"floor_reached":48,"playtime":1505,"items_purged":["Bandage Up","Pain"],"score":494,"play_id":"8d90fb8a-b669-4102-939d-340d15ce4f70","local_time":"20201210132021","daily_mods":["Allstar","Vintage","Night Terrors"],"is_ascension_mode":false,"campfire_choices":[{"data":"Apotheosis","floor":8.0,"key":"SMITH"},{"data":"Master of Strategy","floor":10.0,"key":"SMITH"},{"data":"Eruption","floor":15.0,"key":"SMITH"},{"data":"Vigilance","floor":23,"key":"SMITH"},{"data":"Secret Technique","floor":27,"key":"SMITH"},{"data":"Halt","floor":29,"key":"SMITH"},{"data":"Judgement","floor":32,"key":"SMITH"},{"data":"Omniscience","floor":40,"key":"SMITH"},{"data":"DeceiveReality","floor":42,"key":"SMITH"},{"data":"Madness","floor":47,"key":"SMITH"}],"neow_cost":"","seed_source_timestamp":0,"circlet_count":0,"master_deck":["Strike_P","Strike_P","Strike_P","Defend_P","Defend_P","Defend_P","Defend_P","Eruption+1","Vigilance+1","Master of Strategy+1","The Bomb","Apotheosis+1","Secret Technique+1","Judgement+1","DeceiveReality+1","Halt+1","Omniscience+1","EmptyMind+1","Madness","Madness+1"],"special_seed":18606,"relics":["PureWater","Boot","Bronze Scales","GoldenEye","Smiling Mask","Darkstone Periapt","Eternal Feather","Torii","Frozen Egg 2","Ornamental Fan","Cursed Key","Peace Pipe","Potion Belt","Red Mask","Juzu Bracelet","Omamori","Pantograph","CeramicFish","Du-Vu Doll","Meat on the Bone","VioletLotus","Pen Nib","FossilizedHelix","HornCleat","Damaru","Gremlin Horn","Mercury Hourglass"],"potions_floor_usage":[16,16,33,37],"damage_taken":[{"damage":0.0,"enemies":"Cultist","floor":1.0,"turns":3.0},{"damage":0.0,"enemies":"2 Louse","floor":2.0,"turns":2.0},{"damage":0.0,"enemies":"Jaw Worm","floor":3.0,"turns":2.0},{"damage":6.0,"enemies":"Lagavulin","floor":6.0,"turns":4.0},{"damage":0.0,"enemies":"Blue Slaver","floor":7.0,"turns":3.0},{"damage":8.0,"enemies":"Large Slime","floor":11.0,"turns":3.0},{"damage":1.0,"enemies":"2 Fungi Beasts","floor":14.0,"turns":4.0},{"damage":8,"enemies":"The Guardian","floor":16,"turns":9},{"damage":0,"enemies":"Chosen","floor":18,"turns":5},{"damage":0,"enemies":"Masked Bandits","floor":21,"turns":3},{"damage":0,"enemies":"Shell Parasite","floor":22,"turns":3},{"damage":2,"enemies":"Shelled Parasite and Fungi","floor":25,"turns":5},{"damage":19,"enemies":"Slavers","floor":30,"turns":4},{"damage":9,"enemies":"Snake Plant","floor":31,"turns":4},{"damage":71,"enemies":"Automaton","floor":33,"turns":10},{"damage":5,"enemies":"Orb Walker","floor":35,"turns":3},{"damage":0,"enemies":"Mind Bloom Boss Battle","floor":37,"turns":5},{"damage":0,"enemies":"3 Darklings","floor":39,"turns":3},{"damage":90,"enemies":"Giant Head","floor":48,"turns":8}],"seed_played":"8996604888150855735","potions_obtained":[{"floor":1.0,"key":"EssenceOfSteel"},{"floor":2.0,"key":"StancePotion"},{"floor":6.0,"key":"FearPotion"},{"floor":16,"key":"Weak Potion"},{"floor":25,"key":"LiquidMemories"},{"floor":31,"key":"Energy Potion"},{"floor":39,"key":"EntropicBrew"}],"is_trial":false,"path_per_floor":["M","M","M","$","?","E","M","R","T","R","M","?","?","M","R","B",null,"M","?","?","?","M","R","$","M","T","R","$","R","E","M","R","B",null,"M","$","?","T","M","R","?","R","T","$","?","?","R","E"],"character_chosen":"WATCHER","items_purchased":["Omamori","Halt","Mercury Hourglass"],"campfire_rested":0,"item_purchase_floors":[24,28,44],"current_hp_per_floor":[72,72,72,72,72,66,66,66,66,72,64,64,61,60,66,58,72,72,72,72,72,72,72,72,70,70,72,72,72,53,44,53,13,72,67,67,72,72,72,72,72,72,78,78,68,68,78,0,0],"gold":328,"neow_bonus":"","is_prod":false,"is_daily":true,"chose_seed":false,"campfire_upgraded":10,"win_rate":0,"timestamp":1607595621,"path_taken":["M","M","M","$","?","E","M","R","T","R","M","?","?","M","R","BOSS","M","?","?","?","M","R","?","M","T","R","$","R","E","M","R","BOSS","M","$","?","?","M","R","?","R","T","$","?","?","R","E"],"build_version":"2020-11-30","purchased_purges":2,"victory":false,"max_hp_per_floor":[72,72,72,72,72,72,72,72,72,72,72,72,72,72,72,72,72,72,72,72,72,72,72,72,72,72,72,72,72,72,72,72,72,72,72,72,72,72,72,72,72,72,78,78,78,78,78,78,78],"card_choices":[{"not_picked":["SignatureMove","CutThroughFate","InnerPeace"],"picked":"SKIP","floor":6.0},{"not_picked":["DeusExMachina","Alpha"],"picked":"Judgement","floor":16},{"not_picked":["PathToVictory","Protect+1","FlurryOfBlows"],"picked":"SKIP","floor":30},{"not_picked":["Establishment+1","Devotion+1"],"picked":"Omniscience","floor":33},{"not_picked":["BowlingBash","Collect+1"],"picked":"EmptyMind+1","floor":37}],"player_experience":242271,"relics_obtained":[{"floor":1.0,"key":"Boot"},{"floor":2.0,"key":"Bronze Scales"},{"floor":3.0,"key":"GoldenEye"},{"floor":6.0,"key":"Smiling Mask"},{"floor":7.0,"key":"Darkstone Periapt"},{"floor":9.0,"key":"Eternal Feather"},{"floor":11.0,"key":"Torii"},{"floor":14.0,"key":"Ornamental Fan"},{"floor":18,"key":"Peace Pipe"},{"floor":21,"key":"Red Mask"},{"floor":22,"key":"Juzu Bracelet"},{"floor":25,"key":"Pantograph"},{"floor":26,"key":"CeramicFish"},{"floor":30,"key":"Du-Vu Doll"},{"floor":31,"key":"Meat on the Bone"},{"floor":35,"key":"Pen Nib"},{"floor":37,"key":"FossilizedHelix"},{"floor":38,"key":"HornCleat"},{"floor":39,"key":"Damaru"},{"floor":43,"key":"Gremlin Horn"}],"event_choices":[{"damage_healed":0.0,"max_hp_gain":0.0,"max_hp_loss":0.0,"gold_gain":0.0,"event_name":"Golden Wing","player_choice":"Ignored","floor":5.0,"gold_loss":0.0,"damage_taken":0.0},{"damage_healed":0.0,"max_hp_gain":0.0,"max_hp_loss":0.0,"gold_gain":0.0,"event_name":"Liars Game","player_choice":"Ignored","floor":12.0,"gold_loss":0.0,"damage_taken":0.0},{"damage_healed":0.0,"max_hp_gain":0.0,"max_hp_loss":0.0,"gold_gain":0.0,"event_name":"Scrap Ooze","player_choice":"Success","floor":13.0,"gold_loss":0.0,"damage_taken":3.0,"relics_obtained":["Frozen Egg 2"]},{"damage_healed":0,"gold_gain":0,"player_choice":"Obtained Relic","damage_taken":0,"relics_obtained":["Potion Belt"],"max_hp_gain":0,"max_hp_loss":0,"event_name":"Addict","floor":19,"gold_loss":85},{"damage_healed":0,"gold_gain":0,"player_choice":"Read","damage_taken":0,"max_hp_gain":0,"max_hp_loss":0,"event_name":"The Library","floor":20,"gold_loss":0,"cards_obtained":["DeceiveReality"]},{"damage_healed":0,"gold_gain":0,"player_choice":"Fought Bandits","damage_taken":0,"max_hp_gain":0,"max_hp_loss":0,"event_name":"Masked Bandits","floor":21,"gold_loss":0},{"damage_healed":0,"gold_gain":0,"player_choice":"Fight","damage_taken":0,"max_hp_gain":0,"max_hp_loss":0,"event_name":"MindBloom","floor":37,"gold_loss":0},{"cards_removed":["Strike_P"],"damage_healed":0,"gold_gain":0,"player_choice":"Removed Attack","damage_taken":0,"max_hp_gain":0,"max_hp_loss":0,"event_name":"Falling","floor":41,"gold_loss":0},{"damage_healed":0,"gold_gain":0,"player_choice":"Embrace Madness","damage_taken":10,"max_hp_gain":0,"max_hp_loss":0,"event_name":"Winding Halls","floor":45,"gold_loss":0,"cards_obtained":["Madness","Madness"]},{"damage_healed":0,"gold_gain":222,"player_choice":"Wore Mask","damage_taken":0,"max_hp_gain":0,"max_hp_loss":0,"event_name":"Tomb of Lord Red Mask","floor":46,"gold_loss":0}],"is_beta":false,"boss_relics":[{"not_picked":["Runic Dome","Black Star"],"picked":"Cursed Key"},{"not_picked":["SacredBark","Astrolabe"],"picked":"VioletLotus"}],"items_purged_floors":[4,44],"is_endless":false,"potions_floor_spawned":[1,2,6,11,16,25,31,39],"killed_by":"Giant Head","ascension_level":0}}