{"host":"xodzlm10r37577ou","time":1607569039,"event":{"gold_per_floor":[114,114,2,19,38,38,57,67,67,81,97,108,108,127,127,127,127],"floor_reached":16,"playtime":1348,"items_purged":["Defend_B"],"score":191,"play_id":"9ec32fd1-4e75-4728-8629-9afd8dd11053","local_time":"20201210105719","is_ascension_mode":true,"campfire_choices":[{"data":"Zap","floor":6.0,"key":"SMITH"},{"data":"Dualcast","floor":13.0,"key":"SMITH"},{"floor":15.0,"key":"REST"}],"neow_cost":"NONE","seed_source_timestamp":0,"circlet_count":0,"master_deck":["AscendersBane","Strike_B","Strike_B","Strike_B","Strike_B","Defend_B","Defend_B","Defend_B","Zap+1","Dualcast+1","All For One","Turbo","Redo+1","Chill","Glacier","Panic Button","ReplaySort","Aggregate","Time Bomb","Defragment"],"special_seed":0,"relics":["Cracked Core","Akabeko","Prayer Wheel"],"potions_floor_usage":[16,16],"damage_taken":[{"damage":3.0,"enemies":"2 Louse","floor":1.0,"turns":3.0},{"damage":0.0,"enemies":"Cultist","floor":4.0,"turns":2.0},{"damage":7.0,"enemies":"Jaw Worm","floor":5.0,"turns":3.0},{"damage":12.0,"enemies":"Blue Slaver","floor":7.0,"turns":3.0},{"damage":8.0,"enemies":"Exordium Wildlife","floor":8.0,"turns":3.0},{"damage":11.0,"enemies":"Looter","floor":10.0,"turns":2.0},{"damage":3.0,"enemies":"Blue Slaver","floor":11.0,"turns":2.0},{"damage":0.0,"enemies":"Exordium Thugs","floor":12.0,"turns":3.0},{"damage":11.0,"enemies":"Large Slime","floor":14.0,"turns":5.0},{"damage":26,"enemies":"The Guardian","floor":16,"turns":3}],"seed_played":"-2691720691245001391","potions_obtained":[{"floor":2.0,"key":"ColorlessPotion"},{"floor":2.0,"key":"BlessingOfTheForge"},{"floor":12.0,"key":"Dexterity Potion"}],"is_trial":false,"path_per_floor":["M","?","$","M","M","R","M","M","T","M","M","M","R","M","R","B"],"character_chosen":"DEFECT","items_purchased":["Redo+1"],"campfire_rested":1,"item_purchase_floors":[3],"current_hp_per_floor":[61,61,61,61,54,54,42,34,34,23,20,20,20,9,30,4,4],"gold":127,"neow_bonus":"ONE_RANDOM_RARE_CARD","is_prod":false,"is_daily":false,"chose_seed":false,"campfire_upgraded":2,"win_rate":0,"timestamp":1607569039,"path_taken":["M","?","$","?","M","R","M","M","T","M","M","M","R","M","R","BOSS"],"build_version":"2020-11-30","purchased_purges":1,"victory":false,"max_hp_per_floor":[71,71,71,71,71,71,71,71,71,71,71,71,71,71,71,71,71],"card_choices":[{"not_picked":["Streamline","Force Field"],"picked":"Turbo","floor":1.0},{"not_picked":["Stack","Rebound"],"picked":"Chill","floor":4.0},{"not_picked":["Doom and Gloom","ReplayTheSpireMod:System Scan"],"picked":"Glacier","floor":5.0},{"not_picked":["Genetic Algorithm","Doom and Gloom","Leap"],"picked":"SKIP","floor":7.0},{"not_picked":["Coolheaded","BasicCrystalCard"],"picked":"Panic Button","floor":8.0},{"not_picked":["Steam","Stack"],"picked":"ReplayTheSpireMod:Fabricate Wheel","floor":10.0},{"not_picked":["Sweeping Beam","Panic Button"],"picked":"ReplaySort","floor":11.0},{"not_picked":["Stack","Capacitor"],"picked":"Aggregate","floor":12.0},{"not_picked":["Turbo","BasicCrystalCard","Conserve Battery"],"picked":"SKIP","floor":12.0},{"not_picked":["Sweeping Beam","Meteor Strike"],"picked":"Time Bomb","floor":14.0},{"not_picked":["Leap","Sunder"],"picked":"Defragment","floor":14.0}],"player_experience":407068,"relics_obtained":[{"floor":9.0,"key":"Akabeko"}],"event_choices":[{"damage_healed":0.0,"max_hp_gain":0.0,"max_hp_loss":0.0,"gold_gain":0.0,"event_name":"Lab","player_choice":"Got Potions","floor":2.0,"gold_loss":0.0,"damage_taken":0.0}],"is_beta":false,"boss_relics":[],"items_purged_floors":[3],"is_endless":false,"potions_floor_spawned":[7,8,10,12],"killed_by":"The Guardian","ascension_level":19}}