{"host":"aji03558nlnqydpa","time":1607606213,"event":{"gold_per_floor":[110,129,141,159,171,246,246,262,262,262,322,339,14,14,14,109,109,129,144,144,155,65,65,95,95,148,168,187,88,88,104,104,200,200,213,65,81,95,0,33,33,52,52,64,82,82,96,145,145,145,145,145,27,58,58,58],"floor_reached":55,"playtime":6490,"items_purged":["Strike_MRS"],"score":725,"play_id":"29425f79-3feb-4973-9987-969f0bdaedcd","local_time":"20201210221653","is_ascension_mode":false,"campfire_choices":[{"data":"GasGiant","floor":7.0,"key":"SMITH"},{"floor":10.0,"key":"REST"},{"floor":15.0,"key":"RECALL"},{"floor":23.0,"key":"REST"},{"data":"GasGiant","floor":25.0,"key":"SMITH"},{"floor":32.0,"key":"REST"},{"data":"AsteroidBelt","floor":41.0,"key":"SMITH"},{"floor":46.0,"key":"REST"},{"floor":49.0,"key":"REST"},{"data":"BlazingStar","floor":52.0,"key":"SMITH"}],"neow_cost":"NONE","seed_source_timestamp":50401488769427,"circlet_count":0,"master_deck":["Strike_MRS","Strike_MRS","Defend_MRS","Defend_MRS+1","Defend_MRS","Defend_MRS","MasterSpark","UpSweep","StarBarrage","NonDirectionalLaser","DC+1","WitchLeyline","ShootingEcho","GasGiant+1","GalacticHalo+1","EnergyFlow","SporeBomb+1","BlazingStar+1","GasGiant+1","Finesse","UltimateShortwave","PowerUp","GrandCross","EarthLightRay","EnergyRecoil+1","AsteroidBelt+1","EnergyFlow+1","GasGiant+1","BlazeAway+1","MilkyWay+1","Parasite","GravityBeat+1","StarBarrage+1","LuminesStrike+1","SprinkleStarSeal+1","EnergyFlow","AsteroidBelt+1"],"special_seed":0,"relics":["MiniHakkero","Tiny House","Ice Cream","Orrery","Runic Pyramid","Anchor","Mummified Hand","War Paint","RampagingMagicTools","Toxic Egg 2","Red Mask","AmplifyWand","TungstenRod","Thread and Needle","Eternal Feather"],"potions_floor_usage":[55,55],"damage_taken":[{"damage":1.0,"enemies":"Cultist","floor":1.0,"turns":3.0},{"damage":3.0,"enemies":"Jaw Worm","floor":2.0,"turns":3.0},{"damage":0.0,"enemies":"Small Slimes","floor":3.0,"turns":2.0},{"damage":0.0,"enemies":"3 Louse","floor":4.0,"turns":2.0},{"damage":8.0,"enemies":"Red Slaver","floor":5.0,"turns":3.0},{"damage":17.0,"enemies":"3 Sentries","floor":6.0,"turns":6.0},{"damage":4.0,"enemies":"2 Fungi Beasts","floor":8.0,"turns":3.0},{"damage":11.0,"enemies":"3 Sentries","floor":11.0,"turns":5.0},{"damage":0.0,"enemies":"3 Louse","floor":12.0,"turns":3.0},{"damage":12.0,"enemies":"Hexaghost","floor":16.0,"turns":7.0},{"damage":16.0,"enemies":"3 Byrds","floor":18.0,"turns":5.0},{"damage":10.0,"enemies":"Chosen","floor":19.0,"turns":3.0},{"damage":0.0,"enemies":"Centurion and Healer","floor":21.0,"turns":6.0},{"damage":15.0,"enemies":"Book of Stabbing","floor":24.0,"turns":5.0},{"damage":0.0,"enemies":"Snecko","floor":27.0,"turns":4.0},{"damage":7.0,"enemies":"3 Cultists","floor":28.0,"turns":6.0},{"damage":5.0,"enemies":"Centurion and Healer","floor":31.0,"turns":4.0},{"damage":67.0,"enemies":"Collector","floor":33.0,"turns":10.0},{"damage":0.0,"enemies":"Orb Walker","floor":35.0,"turns":2.0},{"damage":21.0,"enemies":"3 Darklings","floor":37.0,"turns":7.0},{"damage":4.0,"enemies":"Jaw Worm Horde","floor":38.0,"turns":4.0},{"damage":27.0,"enemies":"Nemesis","floor":40.0,"turns":5.0},{"damage":11.0,"enemies":"Writhing Mass","floor":42.0,"turns":6.0},{"damage":0.0,"enemies":"Maw","floor":44.0,"turns":7.0},{"damage":0.0,"enemies":"3 Darklings","floor":45.0,"turns":3.0},{"damage":2.0,"enemies":"Sphere and 2 Shapes","floor":47.0,"turns":5.0},{"damage":30.0,"enemies":"2 Orb Walkers","floor":48.0,"turns":5.0},{"damage":28.0,"enemies":"Awakened One","floor":50.0,"turns":13.0},{"damage":3.0,"enemies":"Shield and Spear","floor":54.0,"turns":6.0},{"damage":89,"enemies":"The Heart","floor":55,"turns":9}],"seed_played":"-1251848623820498720","potions_obtained":[{"floor":4.0,"key":"BottledSpark"},{"floor":6.0,"key":"FearPotion"},{"floor":8.0,"key":"DuplicationPotion"},{"floor":16.0,"key":"Strength Potion"},{"floor":19.0,"key":"Regen Potion"},{"floor":21.0,"key":"Ancient Potion"},{"floor":27.0,"key":"Energy Potion"},{"floor":35.0,"key":"Dexterity Potion"},{"floor":45.0,"key":"Block Potion"},{"floor":47.0,"key":"LiquidBronze"}],"is_trial":false,"path_per_floor":["M","M","M","M","M","E","R","M","T","R","?","M","$","?","R","B",null,"M","M","?","M","?","R","E","R","T","M","M","$","?","M","R","B",null,"M","$","M","M","?","E","R","M","T","M","M","R","M","?","R","B",null,"R","$","E","B"],"character_chosen":"MARISA","items_purchased":["Orrery","GasGiant","Finesse","AsteroidBelt","Toxic Egg 2","EnergyFlow","AsteroidBelt+1"],"campfire_rested":5,"item_purchase_floors":[13,13,13,29,36,53,53],"current_hp_per_floor":[74,71,71,71,63,51,51,47,47,71,60,60,60,65,65,53,85,69,59,59,59,59,84,69,69,69,69,66,66,66,65,85,37,85,85,85,68,68,68,45,45,38,38,42,46,71,73,47,72,48,85,85,85,85,0,0],"gold":58,"neow_bonus":"THREE_CARDS","is_prod":false,"is_daily":false,"chose_seed":false,"campfire_upgraded":4,"win_rate":0,"timestamp":1607606213,"path_taken":["M","M","M","M","M","E","R","M","T","R","?","M","$","?","R","BOSS","M","M","?","M","?","R","E","R","T","M","?","$","?","M","R","BOSS","M","$","M","M","?","E","R","M","T","M","M","R","M","?","R","BOSS","R","$","E","BOSS"],"build_version":"2020-11-30","purchased_purges":1,"victory":false,"max_hp_per_floor":[75,75,75,75,75,80,80,80,80,80,80,80,80,85,85,85,85,85,85,85,85,85,85,85,85,85,85,85,85,85,85,85,85,85,85,85,85,85,85,85,85,85,85,85,85,85,85,85,85,85,85,85,85,85,85,85],"card_choices":[{"not_picked":["UnstableBomb","GravityBeat"],"picked":"StarBarrage","floor":0.0},{"not_picked":["DoubleSpark","DeepEcoloBomb"],"picked":"NonDirectionalLaser","floor":1.0},{"not_picked":["GravityBeat","IllusionStar"],"picked":"DC","floor":2.0},{"not_picked":["DarkSpark","NonDirectionalLaser"],"picked":"WitchLeyline","floor":3.0},{"not_picked":["MeteoricShower","DC"],"picked":"ShootingEcho","floor":4.0},{"not_picked":["StarlightTyphoon","StarBarrage","ManaConvection"],"picked":"SKIP","floor":5.0},{"not_picked":["IllusionStar","ShootingEcho"],"picked":"GasGiant","floor":6.0},{"not_picked":["MysteriousBeam","OrrerysSun","CollectingQuirk"],"picked":"SKIP","floor":8.0},{"not_picked":["MagicChant","GravityBeat"],"picked":"GalacticHalo","floor":11.0},{"not_picked":["UnstableBomb","OpenUniverse","6A"],"picked":"SKIP","floor":12.0},{"not_picked":["WitchOfGreed","MysteriousBeam"],"picked":"EnergyFlow","floor":13.0},{"not_picked":["Acceleration","StarDustReverie"],"picked":"SporeBomb","floor":13.0},{"not_picked":["MysteriousBeam","6A"],"picked":"BlazingStar","floor":13.0},{"not_picked":["SuperNova","BinaryStars"],"picked":"UltimateShortwave","floor":16.0},{"not_picked":["GravityBeat","BlazeAway"],"picked":"PowerUp","floor":18.0},{"not_picked":["WitchOfGreed","MysteriousBeam"],"picked":"GrandCross","floor":19.0},{"not_picked":["DragonMeteor","ManaConvection","6A"],"picked":"SKIP","floor":21.0},{"not_picked":["UnstableBomb","Acceleration","WitchLeyline"],"picked":"SKIP","floor":24.0},{"not_picked":["MilkyWay","MeteoricShower"],"picked":"EarthLightRay","floor":27.0},{"not_picked":["GravityBeat","MagicAbsorber"],"picked":"EnergyRecoil+1","floor":28.0},{"not_picked":["IllusionStar+1","Occultation","BigCrunch"],"picked":"SKIP","floor":31.0},{"not_picked":["AsteroidBelt","IllusionStar+1"],"picked":"EnergyFlow+1","floor":35.0},{"not_picked":["IllusionStar+1","WitchOfGreed"],"picked":"GasGiant+1","floor":37.0},{"not_picked":["OneTimeOff+1","MysteriousBeam"],"picked":"BlazeAway+1","floor":38.0},{"not_picked":["OrrerysSun","JA"],"picked":"MilkyWay+1","floor":40.0},{"not_picked":["GalacticHalo+1","AlicesGift"],"picked":"GravityBeat+1","floor":42.0},{"not_picked":["MysteriousBeam","NonDirectionalLaser+1"],"picked":"StarBarrage+1","floor":44.0},{"not_picked":["WitchOfGreed","SporeBomb+1","ManaConvection+1"],"picked":"SKIP","floor":45.0},{"not_picked":["DragonMeteor+1","SporeBomb+1"],"picked":"LuminesStrike+1","floor":47.0},{"not_picked":["OrrerysSun","PowerUp+1"],"picked":"SprinkleStarSeal+1","floor":48.0},{"not_picked":["DragonMeteor","DC+1","Orbital+1"],"picked":"SKIP","floor":54.0}],"player_experience":681615,"relics_obtained":[{"floor":6.0,"key":"Tiny House"},{"floor":11.0,"key":"Ice Cream"},{"floor":24.0,"key":"Mummified Hand"},{"floor":26.0,"key":"War Paint"},{"floor":40.0,"key":"AmplifyWand"},{"floor":43.0,"key":"TungstenRod"},{"floor":48.0,"key":"Thread and Needle"},{"floor":54.0,"key":"Eternal Feather"}],"event_choices":[{"damage_healed":0.0,"max_hp_gain":0.0,"max_hp_loss":0.0,"gold_gain":0.0,"event_name":"Dead Adventurer","player_choice":"Searched \u00271\u0027 times","floor":11.0,"gold_loss":0.0,"damage_taken":0.0},{"damage_healed":0.0,"max_hp_gain":5.0,"max_hp_loss":0.0,"gold_gain":0.0,"event_name":"Big Fish","player_choice":"Donut","floor":14.0,"gold_loss":0.0,"damage_taken":0.0},{"damage_healed":0.0,"max_hp_gain":0.0,"max_hp_loss":0.0,"gold_gain":0.0,"event_name":"The Mausoleum","player_choice":"Opened","floor":20.0,"gold_loss":0.0,"damage_taken":0.0,"relics_obtained":["Anchor"]},{"cards_removed":["Strike_MRS"],"damage_healed":0.0,"max_hp_gain":0.0,"max_hp_loss":0.0,"gold_gain":0.0,"event_name":"Designer","player_choice":"Upgrade and Remove","floor":22.0,"gold_loss":90.0,"damage_taken":0.0,"cards_upgraded":["Defend_MRS"]},{"damage_healed":0.0,"max_hp_gain":0.0,"max_hp_loss":0.0,"gold_gain":0.0,"event_name":"Vampires","player_choice":"Ignored","floor":30.0,"gold_loss":0.0,"damage_taken":0.0},{"damage_healed":0.0,"max_hp_gain":0.0,"max_hp_loss":0.0,"gold_gain":0.0,"event_name":"Tomb of Lord Red Mask","player_choice":"Paid","floor":39.0,"gold_loss":95.0,"damage_taken":0.0,"relics_obtained":["Red Mask"]},{"damage_healed":0.0,"max_hp_gain":0.0,"max_hp_loss":0.0,"gold_gain":0.0,"event_name":"Mysterious Sphere","player_choice":"Fight","floor":48.0,"gold_loss":0.0,"damage_taken":0.0}],"is_beta":false,"boss_relics":[{"not_picked":["Cursed Key","BewitchedHakkero"],"picked":"Runic Pyramid"},{"not_picked":["ExperimentalFamiliar","Calling Bell"],"picked":"RampagingMagicTools"}],"items_purged_floors":[29],"is_endless":false,"potions_floor_spawned":[4,6,8,16,19,21,27,31,35,45,47],"killed_by":"The Heart","ascension_level":0}}