{"host":"mvlqq966zh3ccmv5","time":1607597453,"event":{"gold_per_floor":[114,127,145,145,158,190,190,190,217,217,217,236,247,270,270,366,366,378,389,409,409],"floor_reached":20,"playtime":368,"items_purged":[],"score":239,"play_id":"7ee2a841-a863-4e58-bbde-9e13bd9f7646","local_time":"20201210195053","is_ascension_mode":true,"campfire_choices":[{"floor":7,"key":"REST"},{"data":"Evolve","floor":15,"key":"SMITH"}],"neow_cost":"NONE","seed_source_timestamp":0,"circlet_count":0,"master_deck":["Strike_R","Strike_R","Strike_R","Strike_R","Defend_R","Defend_R","Defend_R","Defend_R","Bash","Evolve+1","Sentinel","Clash","Sever Soul","Bludgeon","Power Through","Havoc+1","Perfected Strike"],"special_seed":0,"relics":["Mark of Pain"],"potions_floor_usage":[5,16],"damage_taken":[{"damage":7.0,"enemies":"Small Slimes","floor":1.0,"turns":3.0},{"damage":4.0,"enemies":"2 Louse","floor":2.0,"turns":3.0},{"damage":3.0,"enemies":"Jaw Worm","floor":3.0,"turns":4.0},{"damage":6,"enemies":"Exordium Wildlife","floor":5,"turns":2},{"damage":26,"enemies":"Lagavulin","floor":6,"turns":6},{"damage":9,"enemies":"Blue Slaver","floor":12,"turns":4},{"damage":5,"enemies":"2 Fungi Beasts","floor":13,"turns":4},{"damage":0,"enemies":"Slime Boss","floor":16,"turns":7},{"damage":33,"enemies":"Shell Parasite","floor":18,"turns":6},{"damage":20,"enemies":"Spheric Guardian","floor":19,"turns":4},{"damage":25,"enemies":"Snecko","floor":20,"turns":4}],"seed_played":"-119401223192953758","potions_obtained":[{"floor":1.0,"key":"FairyPotion"},{"floor":2.0,"key":"AttackPotion"},{"floor":5,"key":"Energy Potion"},{"floor":6,"key":"AttackPotion"}],"is_trial":false,"path_per_floor":["M","M","M","?","M","E","R","?","T","?","?","M","M","T","R","B",null,"M","M","M"],"character_chosen":"IRONCLAD","items_purchased":[],"campfire_rested":1,"item_purchase_floors":[],"current_hp_per_floor":[73,69,66,71,65,39,64,64,64,57,57,48,43,43,43,43,85,52,32,7,7],"gold":409,"neow_bonus":"BOSS_RELIC","is_prod":false,"is_daily":false,"chose_seed":false,"campfire_upgraded":1,"win_rate":0,"timestamp":1607597453,"path_taken":["M","M","M","?","M","E","R","?","T","?","?","?","M","?","R","BOSS","M","M","M"],"build_version":"2020-11-30","purchased_purges":0,"victory":false,"max_hp_per_floor":[80,80,80,85,85,85,85,85,85,85,85,85,85,85,85,85,85,85,85,85,85],"card_choices":[{"not_picked":["Cleave","Perfected Strike"],"picked":"Evolve","floor":1.0},{"not_picked":["Dark Embrace","Feel No Pain"],"picked":"Sentinel","floor":2.0},{"not_picked":["Dual Wield","Heavy Blade","Body Slam"],"picked":"SKIP","floor":3.0},{"not_picked":["Dropkick","Blood for Blood","Headbutt"],"picked":"SKIP","floor":5},{"not_picked":["Heavy Blade","Demon Form","Metallicize"],"picked":"SKIP","floor":6},{"not_picked":["Bloodletting","Infernal Blade"],"picked":"Clash","floor":12},{"not_picked":["Havoc","Inflame"],"picked":"Sever Soul","floor":13},{"not_picked":["Limit Break","Exhume"],"picked":"Bludgeon","floor":16},{"not_picked":["Clothesline+1","Body Slam"],"picked":"Power Through","floor":18},{"not_picked":["Inflame","Metallicize"],"picked":"Havoc+1","floor":19},{"not_picked":["Headbutt","Body Slam"],"picked":"Perfected Strike","floor":20}],"player_experience":188209,"relics_obtained":[],"event_choices":[{"damage_healed":0,"gold_gain":0,"player_choice":"Donut","damage_taken":0,"max_hp_gain":5,"max_hp_loss":0,"event_name":"Big Fish","floor":4,"gold_loss":0},{"damage_healed":0,"gold_gain":0,"player_choice":"Searched \u00270\u0027 times","damage_taken":0,"max_hp_gain":0,"max_hp_loss":0,"event_name":"Dead Adventurer","floor":8,"gold_loss":0},{"cards_removed":["Strike_R"],"damage_healed":0,"gold_gain":0,"player_choice":"Card Removal","damage_taken":7,"max_hp_gain":0,"max_hp_loss":0,"event_name":"Golden Wing","floor":10,"gold_loss":0},{"damage_healed":0,"gold_gain":0,"player_choice":"Fled","damage_taken":0,"max_hp_gain":0,"max_hp_loss":0,"event_name":"Scrap Ooze","floor":11,"gold_loss":0}],"is_beta":false,"boss_relics":[{"not_picked":["Busted Crown","Runic Pyramid","Tiny House"]}],"items_purged_floors":[],"is_endless":false,"potions_floor_spawned":[1,2,5,6,13],"killed_by":"Snecko","ascension_level":1}}