{"host":"uxx7prhn9zlu6i2v","time":1607629792,"event":{"mods":["BaseMod","StSLib","Act Like it!","Gensokyo","AchievementEnabler","Bard","Colored Powertips","KomeijiMod","Marisa????????","Permanent Neow","Quick Restart","Reimu??????","Relic Filter","Better Note","Minty Spire (QoL Compilation)","Rare Cards Sparkle","Relic Sorter","Relic Stats","CapriCore","The Immortal","Hermit","The Bug Knight","Faster Ascension Climbing","Spicy Shops","Better Altar","Better Match","Better Sensory Stone","Better Skull","RNG Fix","Better Third Choice","ChefMod","Conspire","GifTheSpireLib","Stuff the Spire","The Blue Laboratory","???????????mod","2.2 Compatiblity","Hubris","??????REMEMod","Reworked Bosses","Lobotomy","LobotomyExtend","Replay The Spire"],"gold_per_floor":[113,113,31,31,46,46,63,80,107,107,107,107],"floor_reached":11,"playtime":653,"items_purged":[],"score":126,"play_id":"ac6f18f5-8737-4096-bdf7-dff4dbc6acae","local_time":"20201210134952","is_ascension_mode":true,"campfire_choices":[],"circlet_count":0,"master_deck":["AscendersBane","SpecialBullet","SpecialBullet","SpecialBullet","SpecialBullet","SpecialBullet","SpecialBullet","SpecialBullet","SpecialBullet","InformationCode","DisciplinaryCode","SecurityCode","Gaze","Mimicry","GreenStem","TodaysExpression","Regret_ego","conspire:Banana","UniverseFragment","WristCuter+1","ShyLook","Lamp+3","SpiderBud","Penitence"],"relics":["CogitoBucket","RabbitCall","REME_ComplimentaryCards","LetterFromLob","Whetstone"],"acts_visited":["Exordium"],"potions_floor_usage":[8],"damage_taken":[{"damage":14,"enemies":"conspire:RoseBush","floor":1,"turns":2},{"damage":22,"enemies":"Small Slimes","floor":5,"turns":4},{"damage":10,"enemies":"2 Louse","floor":7,"turns":3},{"damage":17,"enemies":"2 Fungi Beasts","floor":8,"turns":5},{"damage":22,"enemies":"Replay:BlueRogue","floor":11,"turns":3}],"seed_played":"-188161536708123125","potions_obtained":[{"floor":5,"key":"blueLaboratory:PhilterOfMotion"}],"is_trial":false,"path_per_floor":["M","?","$","?","M","R","M","M","T","R","E"],"character_chosen":"Angela","items_purchased":["TodaysExpression","Regret_ego"],"campfire_rested":0,"item_purchase_floors":[3,3],"current_hp_per_floor":[39,39,39,39,26,26,25,17,17,17,0,0],"gold":107,"neow_bonus":"THREE_RARE_CARDS","is_daily":false,"chose_seed":false,"campfire_upgraded":0,"win_rate":0,"timestamp":1607629792,"path_taken":["M","?","$","?","M","R","M","M","T","R","E"],"build_version":"2020-11-30","purchased_purges":0,"victory":false,"max_hp_per_floor":[70,70,70,70,71,71,72,73,73,73,73,73],"relic_stats":{"counters":[5,17],"Whetstone":["Lamp","WristCuter"],"obtain_stats":[{"RabbitCall":0,"CogitoBucket":0,"LetterFromLob":1,"Whetstone":9,"REME_ComplimentaryCards":0},{"RabbitCall":0,"CogitoBucket":0,"LetterFromLob":1,"Whetstone":4,"REME_ComplimentaryCards":0},{"RabbitCall":0,"CogitoBucket":0,"LetterFromLob":2,"Whetstone":14,"REME_ComplimentaryCards":0}]},"card_choices":[{"not_picked":["ParadiseLost","SoundOfStar"],"picked":"Mimicry","floor":0},{"not_picked":["Gaze"],"picked":"GreenStem","floor":1},{"not_picked":["Blind"],"picked":"conspire:Banana","floor":4},{"not_picked":["Murderer","WallGazer"],"picked":"UniverseFragment","floor":5},{"not_picked":["Beak"],"picked":"WristCuter","floor":5},{"not_picked":["WallGazer","Yin"],"picked":"ShyLook","floor":7},{"not_picked":["Gaze"],"picked":"Lamp","floor":7},{"not_picked":["WallGazer","Wellcheers"],"picked":"SpiderBud","floor":8},{"not_picked":["Regret_ego"],"picked":"Penitence","floor":8}],"player_experience":1400080,"relics_obtained":[{"floor":1,"key":"LetterFromLob"},{"floor":9,"key":"Whetstone"}],"event_choices":[{"damage_healed":0,"gold_gain":0,"player_choice":"Disagree","damage_taken":0,"max_hp_gain":0,"max_hp_loss":0,"event_name":"conspire:LoneGhost","floor":2,"gold_loss":0},{"damage_healed":0,"gold_gain":1,"player_choice":"1","damage_taken":0,"max_hp_gain":0,"max_hp_loss":0,"event_name":"betterStone:BetterStone","floor":4,"gold_loss":0}],"is_beta":false,"boss_relics":[],"items_purged_floors":[],"is_endless":false,"potions_floor_spawned":[5],"killed_by":"Replay:BlueRogue","ascension_level":20}}