{"host":"dcj2yvrgcvh5dl2s","time":1607631779,"event":{"mods":["BaseMod","Colored Powertips","Minty Spire (QoL Compilation)","Quick Restart","StSLib","Better Note","Rare Cards Sparkle"],"gold_per_floor":[113,63,27,37,37,37,37,37,37,37,62,106,106,129,129,260,260,243,243,243,243,12,12,45,70,70,70,70,70,70],"floor_reached":29,"playtime":641,"items_purged":["Strike_R"],"score":320,"play_id":"75b3f56f-0f32-467e-b96b-4a6e06c59ecb","local_time":"20201211062259","is_ascension_mode":true,"campfire_choices":[{"data":"Shockwave","floor":6.0,"key":"SMITH"},{"data":"Bash","floor":8.0,"key":"SMITH"},{"data":"Pummel","floor":10.0,"key":"SMITH"},{"floor":13.0,"key":"REST"},{"data":"Metallicize","floor":15.0,"key":"SMITH"},{"data":"Fire Breathing","floor":23.0,"key":"SMITH"},{"data":"Uppercut","floor":28,"key":"SMITH"}],"circlet_count":0,"master_deck":["Defend_R+1","Defend_R+1","Defend_R+1","Defend_R+1","Bash+1","Shockwave+1","Pummel+1","Metallicize+1","Demon Form","Uppercut+1","Shrug It Off","Panacea","Fire Breathing+1","Body Slam","Rampage"],"special_seed":0,"relics":["Burning Blood","Golden Idol","Bronze Scales","War Paint","Nloth\u0027s Gift","StrikeDummy","Darkstone Periapt","HornCleat"],"acts_visited":["Exordium","TheCity"],"potions_floor_usage":[24],"damage_taken":[{"damage":8.0,"enemies":"Jaw Worm","floor":1.0,"turns":4.0},{"damage":4.0,"enemies":"Small Slimes","floor":4.0,"turns":5.0},{"damage":5.0,"enemies":"2 Louse","floor":11.0,"turns":3.0},{"damage":25.0,"enemies":"Lagavulin","floor":12.0,"turns":8.0},{"damage":10.0,"enemies":"2 Fungi Beasts","floor":14.0,"turns":4.0},{"damage":30.0,"enemies":"Hexaghost","floor":16.0,"turns":12.0},{"damage":24.0,"enemies":"2 Thieves","floor":18.0,"turns":4.0},{"damage":15,"enemies":"Book of Stabbing","floor":24,"turns":7},{"damage":0,"enemies":"3 Byrds","floor":25,"turns":5},{"damage":56,"enemies":"Gremlin Leader","floor":29,"turns":7}],"seed_played":"8517853175364475244","potions_obtained":[{"floor":11.0,"key":"GamblersBrew"},{"floor":12.0,"key":"Strength Potion"},{"floor":14.0,"key":"SkillPotion"},{"floor":16.0,"key":"BloodPotion"},{"floor":24,"key":"FearPotion"}],"is_trial":false,"path_per_floor":["M","?","$","M","?","R","?","R","T","R","M","E","R","M","R","B",null,"M","?","?","?","$","R","E","M","T","T","R","E"],"character_chosen":"IRONCLAD","items_purchased":["Pummel","Panacea","Fire Breathing"],"campfire_rested":1,"item_purchase_floors":[3,22,22],"current_hp_per_floor":[70,70,70,72,67,67,54,54,54,54,55,36,56,52,52,28,57,52,52,52,52,52,52,43,49,49,49,49,0,0],"gold":70,"neow_bonus":"REMOVE_TWO","is_daily":false,"chose_seed":false,"campfire_upgraded":6,"win_rate":0,"timestamp":1607631779,"path_taken":["M","?","$","M","?","R","?","R","T","R","M","E","R","M","R","BOSS","M","?","?","?","$","R","E","?","T","?","R","E"],"build_version":"2020-11-30","purchased_purges":1,"victory":false,"max_hp_per_floor":[72,72,72,72,67,67,67,67,67,67,67,67,67,67,67,67,67,67,67,67,67,67,67,67,67,67,67,67,67,67],"card_choices":[{"not_picked":["Wild Strike","Inflame"],"picked":"Shockwave","floor":1.0},{"not_picked":["Blood for Blood","Dark Embrace","Armaments"],"picked":"SKIP","floor":4.0},{"not_picked":["Clash","True Grit"],"picked":"Metallicize","floor":11.0},{"not_picked":["Iron Wave","Brutality","Armaments"],"picked":"SKIP","floor":12.0},{"not_picked":["Iron Wave","Combust","Twin Strike"],"picked":"SKIP","floor":14.0},{"not_picked":["Immolate","Double Tap"],"picked":"Demon Form","floor":16.0},{"not_picked":["Anger+1","Clash"],"picked":"Uppercut","floor":18.0},{"not_picked":["Headbutt","Wild Strike"],"picked":"Body Slam","floor":24},{"not_picked":["Twin Strike+1","Armaments"],"picked":"Rampage","floor":25}],"player_experience":1950869,"relics_obtained":[{"floor":9.0,"key":"Bronze Scales"},{"floor":12.0,"key":"War Paint"},{"floor":24,"key":"StrikeDummy"},{"floor":26,"key":"Darkstone Periapt"},{"floor":27,"key":"HornCleat"}],"event_choices":[{"cards_removed":["Strike_R"],"damage_healed":0.0,"max_hp_gain":0.0,"max_hp_loss":0.0,"gold_gain":0.0,"event_name":"The Cleric","player_choice":"Card Removal","floor":2.0,"gold_loss":50.0,"damage_taken":0.0},{"damage_healed":0.0,"max_hp_gain":0.0,"max_hp_loss":5.0,"gold_gain":0.0,"event_name":"Golden Idol","player_choice":"Lose Max HP","floor":5.0,"gold_loss":0.0,"damage_taken":0.0,"relics_obtained":["Golden Idol"]},{"damage_healed":0.0,"max_hp_gain":0.0,"max_hp_loss":0.0,"gold_gain":0.0,"event_name":"Shining Light","player_choice":"Entered Light","floor":7.0,"gold_loss":0.0,"damage_taken":13.0,"cards_upgraded":["Defend_R","Defend_R"]},{"cards_removed":["Strike_R"],"damage_healed":0.0,"max_hp_gain":0.0,"max_hp_loss":0.0,"gold_gain":0.0,"event_name":"Back to Basics","player_choice":"Elegance","floor":19.0,"gold_loss":0.0,"damage_taken":0.0},{"damage_healed":0.0,"max_hp_gain":0.0,"max_hp_loss":0.0,"gold_gain":0.0,"event_name":"The Library","player_choice":"Read","floor":20.0,"gold_loss":0.0,"damage_taken":0.0,"cards_obtained":["Shrug It Off"]},{"damage_healed":0.0,"max_hp_gain":0.0,"max_hp_loss":0.0,"gold_gain":0.0,"event_name":"N\u0027loth","player_choice":"Traded Relic","floor":21.0,"relics_lost":["Mark of Pain"],"gold_loss":0.0,"damage_taken":0.0,"relics_obtained":["Nloth\u0027s Gift"]}],"is_beta":false,"boss_relics":[{"not_picked":["Coffee Dripper","SacredBark"],"picked":"Mark of Pain"}],"items_purged_floors":[22],"is_endless":false,"potions_floor_spawned":[11,12,14,16,24],"killed_by":"Gremlin Leader","ascension_level":7}}