{"host":"1tkoe3l8wf0xx8if","time":1607574001,"event":{"gold_per_floor":[111,127,144,163,176,203,218,218,267,277,277,277,277],"floor_reached":12,"playtime":395,"items_purged":[],"score":139,"play_id":"1beef9b1-f9da-45ef-b480-41b14c177fea","local_time":"20201210132001","is_ascension_mode":true,"campfire_choices":[{"data":"Rampage","floor":8,"key":"SMITH"}],"neow_cost":"NONE","seed_source_timestamp":636592805075600,"circlet_count":0,"master_deck":["AscendersBane","Strike_R","Strike_R","Strike_R","Strike_R","Defend_R","Defend_R","Defend_R","Defend_R","Bash","Havoc","Rampage+1","Whirlwind","Shrug It Off","Shrug It Off","Feel No Pain","Seeing Red","True Grit"],"special_seed":0,"relics":["Burning Blood","Champion Belt","PreservedInsect","Question Card"],"potions_floor_usage":[7,12],"damage_taken":[{"damage":6,"enemies":"Cultist","floor":1,"turns":3},{"damage":11,"enemies":"2 Louse","floor":2,"turns":3},{"damage":7,"enemies":"Small Slimes","floor":3,"turns":3},{"damage":8,"enemies":"2 Fungi Beasts","floor":4,"turns":3},{"damage":18,"enemies":"Red Slaver","floor":5,"turns":5},{"damage":20,"enemies":"3 Sentries","floor":6,"turns":11},{"damage":6,"enemies":"Looter","floor":7,"turns":4},{"damage":0,"enemies":"Lots of Slimes","floor":10,"turns":1},{"damage":15,"enemies":"Gremlin Nob","floor":12,"turns":2}],"seed_played":"-1987560191544351536","potions_obtained":[{"floor":2,"key":"Dexterity Potion"},{"floor":3,"key":"GamblersBrew"}],"is_trial":false,"path_per_floor":["M","M","M","M","M","E","M","R","T","M","?","E"],"character_chosen":"IRONCLAD","items_purchased":[],"campfire_rested":0,"item_purchase_floors":[],"current_hp_per_floor":[72,67,66,64,52,38,38,38,38,44,11,0,0],"gold":277,"neow_bonus":"TRANSFORM_CARD","is_prod":false,"is_daily":false,"chose_seed":false,"campfire_upgraded":1,"win_rate":0,"timestamp":1607574001,"path_taken":["M","M","M","M","M","E","M","R","T","?","?","E"],"build_version":"2020-11-30","purchased_purges":0,"victory":false,"max_hp_per_floor":[80,80,80,80,80,80,80,80,80,80,80,80,80],"card_choices":[{"not_picked":["Shrug It Off","Thunderclap"],"picked":"Rampage","floor":1},{"not_picked":["Heavy Blade","Wild Strike"],"picked":"Whirlwind","floor":2},{"not_picked":["Combust","Sever Soul"],"picked":"Shrug It Off","floor":3},{"not_picked":["Dual Wield","Armaments"],"picked":"Shrug It Off","floor":4},{"not_picked":["Dark Embrace","Iron Wave"],"picked":"Feel No Pain","floor":5},{"not_picked":["Dual Wield","Feel No Pain","Bloodletting"],"picked":"SKIP","floor":6},{"not_picked":["Sever Soul","Anger"],"picked":"Seeing Red","floor":7},{"not_picked":["Pummel","Blood for Blood"],"picked":"True Grit","floor":10}],"player_experience":290129,"relics_obtained":[{"floor":6,"key":"Champion Belt"},{"floor":9,"key":"PreservedInsect"}],"event_choices":[{"damage_healed":0,"gold_gain":0,"player_choice":"Success","damage_taken":33,"relics_obtained":["Question Card"],"max_hp_gain":0,"max_hp_loss":0,"event_name":"Scrap Ooze","floor":11,"gold_loss":0}],"is_beta":false,"boss_relics":[],"items_purged_floors":[],"is_endless":false,"potions_floor_spawned":[2,3,5,6],"killed_by":"Gremlin Nob","ascension_level":13}}