{"host":"q387i5o1hp66091u","time":1607584581,"event":{"gold_per_floor":[114,124,140,160,178,178,102,119,171,171,184,184,203,235,235,331,381,400,315,315,315,93,125,125,125,178,195,205,219,219,248,248,351,351,361,219,229,242,464,464,483,533,584,598,614,614,614,628,628,628],"floor_reached":51,"playtime":2490,"items_purged":[],"score":800,"play_id":"3eb0e305-1ea0-459e-bd61-aabcbc266edf","local_time":"20201210161621","is_ascension_mode":false,"campfire_choices":[{"data":"Perfected Strike","floor":6.0,"key":"SMITH"},{"data":"Armaments","floor":10.0,"key":"SMITH"},{"data":"Body Slam","floor":15.0,"key":"SMITH"},{"floor":25.0,"key":"REST"},{"floor":30.0,"key":"REST"},{"floor":32.0,"key":"REST"},{"data":"Metallicize","floor":40.0,"key":"SMITH"},{"floor":47.0,"key":"REST"},{"floor":49.0,"key":"REST"}],"neow_cost":"NONE","seed_source_timestamp":0,"circlet_count":0,"master_deck":["Strike_R","Strike_R","Strike_R+1","Strike_R+1","Defend_R","Defend_R","Defend_R","Bash","Shrug It Off","Perfected Strike+1","Iron Wave+1","Metallicize+1","Ghostly Armor","Armaments+1","Wild Strike","Thunderclap","Wild Strike","Body Slam+1","Shockwave+1","Demon Form","Bloodletting+1","Inflame+1","Armaments+1","Wild Strike+1","Shrug It Off+1","Pommel Strike+1","Infernal Blade+1","Heavy Blade+1","Headbutt+1","Feed+1","Power Through+1","Infernal Blade+1","Pommel Strike+1","Parasite","Wild Strike+1","Body Slam+1","Battle Trance+1","Body Slam+1","Heavy Blade+1","Spot Weakness+1"],"special_seed":0,"relics":["Burning Blood","Pen Nib","Potion Belt","StoneCalendar","Toxic Egg 2","Tiny House","The Courier","Molten Egg 2","Vajra","Whetstone","Red Mask","Empty Cage","Membership Card","Ginger","Oddly Smooth Stone","Paper Frog"],"potions_floor_usage":[50,50,50,50,50],"damage_taken":[{"damage":8.0,"enemies":"Cultist","floor":1.0,"turns":6.0},{"damage":0.0,"enemies":"2 Louse","floor":2.0,"turns":2.0},{"damage":3.0,"enemies":"Jaw Worm","floor":3.0,"turns":4.0},{"damage":10.0,"enemies":"Looter","floor":4.0,"turns":2.0},{"damage":3.0,"enemies":"2 Fungi Beasts","floor":5.0,"turns":4.0},{"damage":4.0,"enemies":"Blue Slaver","floor":8.0,"turns":3.0},{"damage":6.0,"enemies":"Exordium Wildlife","floor":11.0,"turns":5.0},{"damage":2.0,"enemies":"Large Slime","floor":13.0,"turns":4.0},{"damage":15.0,"enemies":"3 Sentries","floor":14.0,"turns":7.0},{"damage":31.0,"enemies":"Hexaghost","floor":16.0,"turns":8.0},{"damage":26.0,"enemies":"Spheric Guardian","floor":18.0,"turns":6.0},{"damage":0.0,"enemies":"3 Byrds","floor":21.0,"turns":1.0},{"damage":70.0,"enemies":"Slavers","floor":23.0,"turns":7.0},{"damage":12.0,"enemies":"Shelled Parasite and Fungi","floor":27.0,"turns":3.0},{"damage":22.0,"enemies":"Centurion and Healer","floor":28.0,"turns":7.0},{"damage":0.0,"enemies":"Snecko","floor":29.0,"turns":3.0},{"damage":2.0,"enemies":"Masked Bandits","floor":31.0,"turns":5.0},{"damage":51.0,"enemies":"Automaton","floor":33.0,"turns":8.0},{"damage":8.0,"enemies":"Orb Walker","floor":35.0,"turns":3.0},{"damage":1.0,"enemies":"3 Shapes","floor":37.0,"turns":5.0},{"damage":32.0,"enemies":"Writhing Mass","floor":38.0,"turns":8.0},{"damage":34.0,"enemies":"Sphere and 2 Shapes","floor":41.0,"turns":5.0},{"damage":5.0,"enemies":"Mind Bloom Boss Battle","floor":42.0,"turns":7.0},{"damage":21.0,"enemies":"Maw","floor":44.0,"turns":6.0},{"damage":14.0,"enemies":"4 Shapes","floor":45.0,"turns":6.0},{"damage":24.0,"enemies":"Transient","floor":48.0,"turns":5.0},{"damage":44,"enemies":"Donu and Deca","floor":50,"turns":5}],"seed_played":"-7242341508207851130","potions_obtained":[{"floor":2.0,"key":"LiquidBronze"},{"floor":8.0,"key":"BlessingOfTheForge"},{"floor":13.0,"key":"BloodPotion"},{"floor":14.0,"key":"LiquidMemories"},{"floor":16.0,"key":"Weak Potion"},{"floor":17.0,"key":"SmokeBomb"},{"floor":28.0,"key":"Dexterity Potion"},{"floor":31.0,"key":"DuplicationPotion"},{"floor":35.0,"key":"Weak Potion"},{"floor":44.0,"key":"PowerPotion"},{"floor":48.0,"key":"Energy Potion"}],"is_trial":false,"path_per_floor":["M","M","M","M","M","R","$","M","T","R","M","T","M","E","R","B",null,"M","?","?","M","$","E","$","R","T","M","M","M","R","?","R","B",null,"M","$","M","M","?","R","M","?","T","M","M","T","R","M","R","B",null],"character_chosen":"IRONCLAD","items_purchased":["Armaments","Wild Strike","Molten Egg 2","Wild Strike+1","Membership Card","Infernal Blade+1"],"campfire_rested":5,"item_purchase_floors":[7,7,22,22,36,36],"current_hp_per_floor":[78,80,80,76,79,79,79,80,80,80,80,80,80,71,71,46,85,65,65,65,71,71,7,7,32,32,26,10,33,58,62,85,40,85,83,83,89,63,63,63,39,44,44,29,25,25,55,37,67,29],"gold":628,"neow_bonus":"RANDOM_COMMON_RELIC","is_prod":false,"is_daily":false,"chose_seed":false,"campfire_upgraded":4,"win_rate":0,"timestamp":1607584581,"path_taken":["M","M","M","M","M","R","$","M","T","R","M","?","M","E","R","BOSS","M","?","?","M","$","E","$","R","T","M","M","M","R","?","R","BOSS","M","$","M","M","?","R","M","?","T","M","M","?","R","M","R","BOSS"],"build_version":"2020-11-30","purchased_purges":0,"victory":true,"max_hp_per_floor":[80,80,80,80,80,80,80,80,80,80,80,80,80,80,80,80,85,85,85,85,85,85,85,85,85,85,85,85,85,85,85,85,85,85,85,85,89,89,89,89,93,97,97,97,101,101,101,101,101,101],"card_choices":[{"not_picked":["Wild Strike","Warcry"],"picked":"Shrug It Off","floor":1.0},{"not_picked":["Clothesline","Searing Blow"],"picked":"Perfected Strike","floor":2.0},{"not_picked":["Dual Wield","Clash"],"picked":"Iron Wave","floor":3.0},{"not_picked":["Entrench","Uppercut"],"picked":"Metallicize","floor":4.0},{"not_picked":["Carnage","Sever Soul"],"picked":"Ghostly Armor","floor":5.0},{"not_picked":["Rupture","Searing Blow"],"picked":"Thunderclap","floor":8.0},{"not_picked":["Flex","Thunderclap"],"picked":"Wild Strike","floor":11.0},{"not_picked":["Clash","Bludgeon"],"picked":"Body Slam","floor":13.0},{"not_picked":["Sever Soul","Anger"],"picked":"Shockwave+1","floor":14.0},{"not_picked":["Fiend Fire","Corruption"],"picked":"Demon Form","floor":16.0},{"not_picked":["Iron Wave","Carnage"],"picked":"Bloodletting+1","floor":17.0},{"not_picked":["Clothesline+1","Feel No Pain+1"],"picked":"Inflame+1","floor":18.0},{"not_picked":["Rampage+1","Sever Soul+1"],"picked":"Shrug It Off+1","floor":23.0},{"not_picked":["Twin Strike+1","Thunderclap+1"],"picked":"Pommel Strike+1","floor":27.0},{"not_picked":["Cleave+1","Blood for Blood+1"],"picked":"Infernal Blade+1","floor":28.0},{"not_picked":["Demon Form","Warcry+1"],"picked":"Heavy Blade+1","floor":29.0},{"not_picked":["Cleave+1","Combust+1"],"picked":"Headbutt+1","floor":31.0},{"not_picked":["Impervious+1","Corruption"],"picked":"Feed+1","floor":33.0},{"not_picked":["Clash+1","Iron Wave+1"],"picked":"Power Through+1","floor":35.0},{"not_picked":["Clothesline+1","Feel No Pain+1"],"picked":"Pommel Strike+1","floor":37.0},{"not_picked":["Berserk","Armaments+1"],"picked":"Wild Strike+1","floor":38.0},{"not_picked":["Burning Pact+1","Clothesline+1"],"picked":"Body Slam+1","floor":41.0},{"not_picked":["Ghostly Armor+1","Uppercut+1"],"picked":"Battle Trance+1","floor":42.0},{"not_picked":["Intimidate+1","Searing Blow+1"],"picked":"Body Slam+1","floor":44.0},{"not_picked":["Evolve","Infernal Blade+1"],"picked":"Heavy Blade+1","floor":45.0},{"not_picked":["Sword Boomerang+1","Iron Wave+1"],"picked":"Spot Weakness+1","floor":48.0}],"player_experience":549241,"relics_obtained":[{"floor":9.0,"key":"Potion Belt"},{"floor":12.0,"key":"StoneCalendar"},{"floor":14.0,"key":"Toxic Egg 2"},{"floor":23.0,"key":"Vajra"},{"floor":26.0,"key":"Whetstone"},{"floor":31.0,"key":"Red Mask"},{"floor":42.0,"key":"Ginger"},{"floor":43.0,"key":"Oddly Smooth Stone"},{"floor":46.0,"key":"Paper Frog"}],"event_choices":[{"damage_healed":0.0,"max_hp_gain":0.0,"max_hp_loss":0.0,"gold_gain":0.0,"event_name":"Addict","player_choice":"Obtained Relic","floor":19.0,"gold_loss":85.0,"damage_taken":0.0,"relics_obtained":["The Courier"]},{"damage_healed":0.0,"max_hp_gain":0.0,"max_hp_loss":0.0,"gold_gain":0.0,"event_name":"The Library","player_choice":"Read","floor":20.0,"gold_loss":0.0,"damage_taken":0.0,"cards_obtained":["Armaments"]},{"damage_healed":0.0,"max_hp_gain":0.0,"max_hp_loss":0.0,"gold_gain":0.0,"event_name":"Masked Bandits","player_choice":"Fought Bandits","floor":31.0,"gold_loss":0.0,"damage_taken":0.0},{"damage_healed":0.0,"max_hp_gain":0.0,"max_hp_loss":0.0,"gold_gain":222.0,"event_name":"Tomb of Lord Red Mask","player_choice":"Wore Mask","floor":39.0,"gold_loss":0.0,"damage_taken":0.0},{"damage_healed":0.0,"max_hp_gain":0.0,"max_hp_loss":0.0,"gold_gain":0.0,"event_name":"MindBloom","player_choice":"Fight","floor":42.0,"gold_loss":0.0,"damage_taken":0.0}],"is_beta":false,"boss_relics":[{"not_picked":["Runic Dome","Runic Pyramid"],"picked":"Tiny House"},{"not_picked":["Sozu","Busted Crown"],"picked":"Empty Cage"}],"items_purged_floors":[],"is_endless":false,"potions_floor_spawned":[2,8,13,14,16,28,31,35,44,45,48],"ascension_level":0}}