{"host":"q5586ea2nrmr4nty","time":1607583331,"event":{"gold_per_floor":[113,113,125,140,140,140,104,133,159,159,159,182,182,217,217,343,406,419,419,419,433,433,474,474,514,538,556,303,344,344,392,392,497,497,512,512,564,839,856,856,883,883,883],"floor_reached":42,"playtime":2874,"items_purged":["Strike_B","Injury"],"score":695,"play_id":"63af1973-7c7a-4191-bbaf-0797b05952cc","local_time":"20201210175531","is_ascension_mode":true,"campfire_choices":[{"floor":6,"key":"REST"},{"floor":11,"key":"REST"},{"floor":15,"key":"REST"},{"floor":24,"key":"REST"},{"floor":32,"key":"REST"},{"floor":40,"key":"REST"}],"neow_cost":"","seed_source_timestamp":535064548800,"circlet_count":0,"master_deck":["Strike_B","Strike_B+1","Defend_B","Defend_B","Defend_B","Defend_B","Zap","Dualcast+1","Mayhem","Mayhem","Loop","Turbo","Auto Shields","Storm","Cold Snap+1","Defragment","Leap","Force Field","Lockon","Rainbow","Lockon","Hologram+1","Capacitor","Coolheaded+1","Glacier+1","Ball Lightning","Cold Snap","Heatsinks","Meteor Strike","Beam Cell+1","White Noise","Melter+1","Heatsinks"],"relics":["DollysMirror","Boot","Blood Vial","Centennial Puzzle","Bloody Idol","Anchor","Tiny House","Nilry\u0027s Codex","Regal Pillow","Ginger","Lantern","Bag of Preparation","Runic Capacitor","Peace Pipe","Omamori","Busted Crown","Girya","Toy Ornithopter"],"potions_floor_usage":[4,16,16,25,25,25,37,41],"damage_taken":[{"damage":0,"enemies":"Jaw Worm","floor":1,"turns":7},{"damage":1,"enemies":"Small Slimes","floor":3,"turns":4},{"damage":0,"enemies":"2 Louse","floor":4,"turns":2},{"damage":49,"enemies":"Gremlin Nob","floor":8,"turns":6},{"damage":10,"enemies":"Large Slime","floor":12,"turns":5},{"damage":8,"enemies":"Lagavulin","floor":14,"turns":6},{"damage":31,"enemies":"The Guardian","floor":16,"turns":8},{"damage":2,"enemies":"Shell Parasite","floor":18,"turns":6},{"damage":8,"enemies":"3 Byrds","floor":21,"turns":5},{"damage":29,"enemies":"Book of Stabbing","floor":23,"turns":7},{"damage":32,"enemies":"Gremlin Leader","floor":25,"turns":8},{"damage":7,"enemies":"Snecko","floor":27,"turns":5},{"damage":30,"enemies":"Book of Stabbing","floor":29,"turns":6},{"damage":47,"enemies":"Collector","floor":33,"turns":6},{"damage":0,"enemies":"3 Shapes","floor":35,"turns":5},{"damage":74,"enemies":"2 Orb Walkers","floor":37,"turns":5},{"damage":0,"enemies":"Orb Walker","floor":39,"turns":3},{"damage":57,"enemies":"Reptomancer","floor":41,"turns":5},{"damage":16,"enemies":"Transient","floor":42,"turns":3}],"seed_played":"4040218604691165724","potions_obtained":[{"floor":1,"key":"Fire Potion"},{"floor":3,"key":"Energy Potion"},{"floor":14,"key":"Fire Potion"},{"floor":16,"key":"PowerPotion"},{"floor":17,"key":"GamblersBrew"},{"floor":21,"key":"Energy Potion"},{"floor":23,"key":"Explosive Potion"},{"floor":33,"key":"AttackPotion"},{"floor":39,"key":"Fire Potion"},{"floor":41,"key":"Swift Potion"}],"is_trial":false,"path_per_floor":["M","?","M","M","?","R","$","E","T","?","R","M","?","E","R","B",null,"M","?","?","M","?","E","R","E","T","M","$","E","?","T","R","B",null,"M","?","?","?","M","R","E","M"],"character_chosen":"DEFECT","items_purchased":["Mayhem","DollysMirror","Loop","Turbo","Auto Shields","Defragment","Runic Capacitor"],"campfire_rested":6,"item_purchase_floors":[0,0,0,0,0,7,28],"current_hp_per_floor":[47,47,46,46,31,53,53,4,4,4,26,18,18,12,34,5,80,78,78,62,56,56,29,68,38,38,33,33,5,5,10,49,9,80,80,80,11,16,23,62,12,0,0],"gold":883,"neow_bonus":"","is_prod":false,"is_daily":false,"chose_seed":false,"campfire_upgraded":0,"win_rate":0,"timestamp":1607583331,"path_taken":["M","?","M","M","?","R","?","E","T","?","R","M","?","E","R","BOSS","M","?","?","M","?","E","R","E","T","M","$","E","?","?","R","BOSS","M","?","?","?","M","R","E","M"],"build_version":"2020-11-30","purchased_purges":2,"victory":false,"max_hp_per_floor":[75,75,75,75,75,75,75,75,75,75,75,75,75,75,75,75,80,80,80,80,80,80,80,80,80,80,80,80,80,80,80,80,80,80,80,80,80,80,80,80,80,80,80],"card_choices":[{"not_picked":["Reprogram","Stack"],"picked":"Storm","floor":1},{"not_picked":["Compile Driver","Sweeping Beam","Redo"],"picked":"SKIP","floor":3},{"not_picked":["Rip and Tear","Beam Cell"],"picked":"Cold Snap","floor":4},{"not_picked":["Rebound","Sweeping Beam"],"picked":"Leap","floor":8},{"not_picked":["Aggregate","Ball Lightning"],"picked":"Force Field","floor":12},{"not_picked":["Stack","Rip and Tear"],"picked":"Lockon","floor":14},{"not_picked":["Hyperbeam","All For One"],"picked":"Rainbow","floor":16},{"not_picked":["Reinforced Body","Hologram"],"picked":"Lockon","floor":17},{"not_picked":["Sweeping Beam+1","Redo"],"picked":"Hologram+1","floor":18},{"not_picked":["Go for the Eyes","Stack"],"picked":"Coolheaded+1","floor":21},{"not_picked":["Scrape+1","Ball Lightning+1"],"picked":"Glacier+1","floor":23},{"not_picked":["Meteor Strike","Darkness"],"picked":"Ball Lightning","floor":25},{"not_picked":["Coolheaded+1","Skim"],"picked":"Cold Snap","floor":27},{"not_picked":["Beam Cell","Compile Driver"],"picked":"Heatsinks","floor":29},{"not_picked":["Hyperbeam","Core Surge"],"picked":"Meteor Strike","floor":33},{"not_picked":[],"picked":"Beam Cell+1","floor":35},{"not_picked":[],"picked":"White Noise","floor":37},{"not_picked":[],"picked":"Melter+1","floor":39},{"not_picked":[],"picked":"Heatsinks","floor":41}],"player_experience":101509,"relics_obtained":[{"floor":8,"key":"Blood Vial"},{"floor":9,"key":"Centennial Puzzle"},{"floor":14,"key":"Anchor"},{"floor":20,"key":"Nilry\u0027s Codex"},{"floor":23,"key":"Ginger"},{"floor":25,"key":"Lantern"},{"floor":26,"key":"Bag of Preparation"},{"floor":29,"key":"Peace Pipe"},{"floor":31,"key":"Omamori"},{"floor":37,"key":"Girya"},{"floor":41,"key":"Toy Ornithopter"}],"event_choices":[{"damage_healed":0,"gold_gain":0,"player_choice":"Box","damage_taken":0,"relics_obtained":["Boot"],"max_hp_gain":0,"max_hp_loss":0,"event_name":"Big Fish","floor":2,"gold_loss":0,"cards_obtained":["Regret"]},{"damage_healed":0,"gold_gain":0,"player_choice":"Entered Light","damage_taken":15,"max_hp_gain":0,"max_hp_loss":0,"event_name":"Shining Light","floor":5,"gold_loss":0,"cards_upgraded":["Cold Snap","Dualcast"]},{"damage_healed":0,"gold_gain":0,"player_choice":"Take Wound","damage_taken":0,"relics_obtained":["Golden Idol"],"max_hp_gain":0,"max_hp_loss":0,"event_name":"Golden Idol","floor":10,"gold_loss":0,"cards_obtained":["Injury"]},{"cards_removed":["Regret"],"damage_healed":0,"gold_gain":0,"player_choice":"Forget","damage_taken":0,"max_hp_gain":0,"max_hp_loss":0,"event_name":"Living Wall","floor":13,"gold_loss":0},{"damage_healed":0,"gold_gain":0,"player_choice":"Read","damage_taken":0,"max_hp_gain":0,"max_hp_loss":0,"event_name":"The Library","floor":19,"gold_loss":0,"cards_obtained":["Capacitor"]},{"damage_healed":0,"gold_gain":0,"player_choice":"Obtained Book","damage_taken":16,"max_hp_gain":0,"max_hp_loss":0,"event_name":"Cursed Tome","floor":20,"gold_loss":0},{"damage_healed":0,"gold_gain":0,"player_choice":"Opened","damage_taken":0,"relics_obtained":["Regal Pillow"],"max_hp_gain":0,"max_hp_loss":0,"event_name":"The Mausoleum","floor":22,"gold_loss":0},{"damage_healed":0,"gold_gain":0,"player_choice":"Gave Idol","damage_taken":0,"relics_obtained":["Bloody Idol"],"max_hp_gain":0,"max_hp_loss":0,"event_name":"Forgotten Altar","floor":30,"relics_lost":["Golden Idol"],"gold_loss":0},{"damage_healed":0,"gold_gain":0,"player_choice":"Ignored","damage_taken":0,"max_hp_gain":0,"max_hp_loss":0,"event_name":"Tomb of Lord Red Mask","floor":36,"gold_loss":0},{"damage_healed":0,"gold_gain":0,"player_choice":"Fight","damage_taken":0,"max_hp_gain":0,"max_hp_loss":0,"event_name":"Mysterious Sphere","floor":37,"gold_loss":0},{"damage_healed":0,"gold_gain":275,"player_choice":"Desecrate","damage_taken":0,"max_hp_gain":0,"max_hp_loss":0,"event_name":"Golden Shrine","floor":38,"gold_loss":0,"cards_obtained":["Regret"]}],"is_beta":false,"boss_relics":[{"not_picked":["Runic Pyramid","Velvet Choker"],"picked":"Tiny House"},{"not_picked":["Inserter","Fusion Hammer"],"picked":"Busted Crown"}],"items_purged_floors":[0,28],"is_endless":false,"potions_floor_spawned":[1,3,14,16,21,23,33,39,41],"killed_by":"Transient","ascension_level":1}}