{"host":"n2kcse4gu4kap8to","time":1607623100,"event":{"mods":["BaseMod","StSLib","vexMod","Spicy Shops","¡¾ÒÅÎï¿¨ÅÆ¡¿REMEMod","Dota2Spire","Act Like it!","Pale of the Ancients","Aspiration","Minty Spire (QoL Compilation)","Conspire","TestMod","Replay The Spire","The Cursed","The Gatherer","Hallownest","The Bug Knight","[IsaacMod]ÒÔÈö¼âËþ"],"gold_per_floor":[110,125,125,125,140,184,32,43,43,71,71,71,71,54,54,159,159,173,207,218,218,63,63,109,1107,1107,1107,1107,1032,1032,1081,1081,1184,1184,1201,1219,1229,1278,330,330,47,0,70,70,8,42,57,68,68,79,178,178,194,210,238,238,238,238,238,255,285,285,285,285,299,299,299,77,102,174,174],"floor_reached":55,"playtime":4664,"items_purged":["HollowMod:QuickDashStart","HollowMod:InfectedAttack","HollowMod:QuickDashStart","Strike_G"],"score":1510,"play_id":"6923917c-94d0-49d2-91f8-9e148bbc6879","local_time":"20201211015820","is_ascension_mode":false,"campfire_choices":[{"data":"REME_ACTH","floor":11.0,"key":"SMITH"},{"data":"Sadistic Nature","floor":15.0,"key":"SMITH"},{"data":"HollowMod:AwokenDreamNail","floor":23.0,"key":"SMITH"},{"data":"HollowMod:QuirrelsAssistance","floor":28.0,"key":"SMITH"},{"data":"HollowMod:LordofShades","floor":30.0,"key":"SMITH"},{"data":"HollowMod:FocusHealStart","floor":32.0,"key":"SMITH"},{"data":"HollowMod:HornetsHelp","floor":40,"key":"SMITH"},{"floor":44,"key":"RECALL"},{"data":"HollowMod:theNailsmith","floor":49,"key":"SMITH"},{"data":"HollowMod:MonarchWings","floor":42,"key":"SMITH"},{"data":"HollowMod:HuntersJournal","floor":49,"key":"SMITH"},{"data":"Catalyst","floor":52,"key":"SMITH"}],"circlet_count":0,"master_deck":["HollowMod:QuickDashStart","HollowMod:PogoStrike","BettingIsNotGood","REME_ACTH+1","HollowMod:MantisMark+1","HollowMod:QuirrelsAssistance+1","HollowMod:SoulSplash+1","HollowMod:MonarchWings+1","HollowMod:DescendingDark+1","HollowMod:NewGlowingWomb+1","Sadistic Nature+1","HollowMod:ZotesMagnificence+1","HollowMod:AwokenDreamNail+1","HollowMod:LordofShades+1","HollowMod:CloakDash","HollowMod:PerfectDash+1","HollowMod:InfectedAttack","HollowMod:SoulMaster+1","HollowMod:PureVessel+1","HollowMod:HornetsHelp+1","REME_FirmDetermination+1","testmod-FightingIntention+1","HollowMod:theNailsmith+1","HollowMod:ShapeofUnn+1","HollowMod:SoulVessel+1","HollowMod:Grubsong+1","HollowMod:SoulMaster+1","HollowMod:GoodIntentions+1","HollowMod:CoiledNail+1","HollowMod:QuirrelsAssistance+1","HollowMod:SoulEater+1","HollowMod:NewGlowingWomb+1","HollowMod:LifebloodCocoon+1","Catalyst+1","Distraction","HollowMod:HuntersJournal+1","HollowMod:MawleksShell+1","Parasite"],"special_seed":0,"relics":["HollowMod:VesselMask","REME_ComplimentaryCards","testmod-TestBox","HushsDoor","BookofShadows","testmod-FatalChain","Hallownest:DreamNailRelic","vexMod:FocusSash","Medical Kit","vexMod:Dragonfruit","Pear","BelialBook","SatanicBible","Juzu Bracelet","Replay:Baseball","Lantern","Mango","testmod-Charity","testmod-Acrobat","Mummified Hand","Frozen Egg 2","Replay:Ringing Soul","Pet Ghost","Gremlin Food","Coffee Dripper","GuppysTail","JudasShadow","D6","Vajra","REME_HandOfSuture","ClockworkSouvenir","Dota2Spire:MantaStyle","testmod-AssaultLearning","Bag of Marbles","Red Mask","Chemical X","Nunchaku","Replay:Bottled Flurry","Dota2Spire:BlackKingBar","Dota2Spire:DrumOfEndurance","aspiration:StickyExplosives_weak"],"acts_visited":["Hallownest:Greenpath","TheCity","TheBeyond","TheEnding"],"potions_floor_usage":[33,33,36,48,48,40,55,55,55,55],"damage_taken":[{"damage":4.0,"enemies":"Hallownest:monsterHuskWarrior","floor":1.0,"turns":3.0},{"damage":5.0,"enemies":"Hallownest:2_Baldur","floor":2.0,"turns":2.0},{"damage":4.0,"enemies":"2_ Uuma","floor":5.0,"turns":2.0},{"damage":16.0,"enemies":"Hallownest:eliteCrystalGuardian","floor":6.0,"turns":5.0},{"damage":0.0,"enemies":"Hallownest:1_Ooma_and_2_Uuma","floor":8.0,"turns":1.0},{"damage":22.0,"enemies":"Hallownest:eliteVengeflyKing","floor":10.0,"turns":5.0},{"damage":47.0,"enemies":"Hallownest:BossBrokenVessel","floor":16.0,"turns":8.0},{"damage":10.0,"enemies":"2 Thieves","floor":18.0,"turns":2.0},{"damage":45.0,"enemies":"conspire:MimicChest","floor":19.0,"turns":3.0},{"damage":0.0,"enemies":"Chosen","floor":20.0,"turns":2.0},{"damage":14.0,"enemies":"Replay:Snechameleon","floor":24.0,"turns":3.0},{"damage":0.0,"enemies":"Hiden Room Battle","floor":31.0,"turns":1.0},{"damage":0,"enemies":"Pondfish","floor":33,"turns":8},{"damage":0,"enemies":"3 Darklings","floor":35,"turns":2},{"damage":0,"enemies":"3 Shapes","floor":36,"turns":1},{"damage":0,"enemies":"Writhing Mass","floor":37,"turns":2},{"damage":0,"enemies":"Mind Bloom Boss Battle","floor":38,"turns":2},{"damage":0,"enemies":"Reptomancer","floor":46,"turns":1},{"damage":0,"enemies":"4 Shapes","floor":47,"turns":1},{"damage":0,"enemies":"Spire Growth","floor":48,"turns":1},{"damage":0,"enemies":"3 Shapes","floor":35,"turns":2},{"damage":0,"enemies":"Orb Walker","floor":38,"turns":1},{"damage":0,"enemies":"Sphere and 2 Shapes","floor":39,"turns":1},{"damage":0,"enemies":"Giant Head","floor":40,"turns":2},{"damage":0,"enemies":"Writhing Mass","floor":45,"turns":1},{"damage":0,"enemies":"Nemesis","floor":46,"turns":3},{"damage":0,"enemies":"HollowMod:Radiance","floor":50,"turns":5},{"damage":0,"enemies":"Shield and Spear","floor":54,"turns":1},{"damage":383,"enemies":"Delirium","floor":55,"turns":38}],"seed_played":"7548334432860494926","potions_obtained":[{"floor":5.0,"key":"FearPotion"},{"floor":8.0,"key":"LiquidBronze"},{"floor":16.0,"key":"Dota2Spire:Clarity"},{"floor":18.0,"key":"Fire Potion"},{"floor":24.0,"key":"Block Potion"},{"floor":35,"key":"Explosive Potion"},{"floor":38,"key":"SpeedPotion"},{"floor":47,"key":"Death Potion"},{"floor":48,"key":"testmod-SpacePotion"},{"floor":35,"key":"FearPotion"},{"floor":40,"key":"testmod-SpacePotion"},{"floor":45,"key":"Regen Potion"}],"is_trial":false,"path_per_floor":["M","M","?","?","M","E","$","M","T","E","R","?","?","$","R","B",null,"M","?","M","?","$","R","E","?","T","?","R","?","R","?","R","B",null,"M","M","M","?","$","R","$","?","T","R","$","E","M","M","R","M","?","?","M","M","E","?","R","T","?","M","E","?","?","R","B",null,"R","$","E","B"],"character_chosen":"THE_BUGKNIGHT","items_purchased":["Medical Kit","Sadistic Nature","FairyPotion","Damocles","BelialBook","SatanicBible","HollowMod:AwokenDreamNail","HollowMod:LordofShades","testmod-Charity","GuppysTail","JudasShadow","HollowMod:HornetsHelp","REME_FirmDetermination+1","testmod-FightingIntention+1","HollowMod:theNailsmith","Vajra","REME_HandOfSuture","ClockworkSouvenir","Dota2Spire:MantaStyle","HollowMod:SoulMaster+1","testmod-AssaultLearning","Bag of Marbles","Chemical X","Dota2Spire:DrumOfEndurance","ColorlessPotion"],"campfire_rested":0,"item_purchase_floors":[7,14,17,17,17,17,17,17,22,34,34,34,34,34,34,39,39,39,39,39,41,41,45,53,53],"current_hp_per_floor":[74,69,69,54,50,40,40,40,45,33,33,33,33,33,33,1,44,34,2,16,16,16,16,27,28,28,28,28,28,28,19,19,53,60,5,8,18,37,40,40,40,40,41,41,44,47,51,58,58,66,67,67,73,77,92,92,92,92,95,99,108,108,108,108,131,131,131,131,134,0,0],"gold":174,"neow_bonus":"TRANSFORM_CARD","is_daily":false,"chose_seed":false,"campfire_upgraded":11,"win_rate":0,"timestamp":1607623100,"path_taken":["M","M","?","?","M","E","$","M","T","E","R","?","?","?","R","BOSS","M","?","M","?","$","R","E","?","T","?","R","?","R","?","R","BOSS","M","M","M","?","$","R","$","?","T","R","$","E","M","M","R","M","?","?","M","M","E","?","R","T","?","M","E","?","?","R","BOSS","R","$","E","BOSS"],"build_version":"2020-11-30","purchased_purges":4,"victory":false,"max_hp_per_floor":[75,75,75,75,75,75,75,75,80,90,90,90,90,90,90,90,44,44,44,58,58,58,58,60,61,61,61,61,61,61,67,67,101,60,5,8,18,37,40,40,40,40,41,41,44,47,51,58,58,66,67,67,73,77,92,92,92,92,95,99,108,108,108,108,131,131,131,131,134,249,249],"card_choices":[{"not_picked":[],"picked":"BettingIsNotGood","floor":0.0},{"not_picked":["HollowMod:BlackTendrils","HollowMod:SiblingsShadow"],"picked":"HollowMod:QuirrelsAssistance","floor":1.0},{"not_picked":["HollowMod:Grubsong","HollowMod:SharpenedNail"],"picked":"HollowMod:SoulSplash","floor":2.0},{"not_picked":["HollowMod:TaintedHusks","HollowMod:SoulStrike"],"picked":"HollowMod:MonarchWings","floor":5.0},{"not_picked":["HollowMod:GoodIntentions","HollowMod:SoulSplash"],"picked":"HollowMod:DescendingDark","floor":6.0},{"not_picked":["HollowMod:QuirrelsAssistance","HollowMod:DesolateDive"],"picked":"HollowMod:NewGlowingWomb","floor":8.0},{"not_picked":["HollowMod:DungDefenderAura","HollowMod:LifebloodCocoon"],"picked":"HollowMod:Hiveblood","floor":10.0},{"not_picked":["HollowMod:theNailsmith","HollowMod:LifebloodCore"],"picked":"HollowMod:ZotesMagnificence","floor":16.0},{"not_picked":["HollowMod:SiblingsSouls+1","HollowMod:DashSlash"],"picked":"HollowMod:CloakDash","floor":18.0},{"not_picked":["HollowMod:GoodIntentions","HollowMod:CornifersMapStart+1"],"picked":"HollowMod:PerfectDash+1","floor":19.0},{"not_picked":["HollowMod:PureNailStrike","HollowMod:InfectedCysts","HollowMod:NewLittleFool"],"picked":"SKIP","floor":20.0},{"not_picked":["HollowMod:ShadowDash","HollowMod:SharpenedShadows","HollowMod:CycloneSlash+1"],"picked":"SKIP","floor":24.0},{"not_picked":["HollowMod:DescendingDark+1","HollowMod:WraithStrike+1"],"picked":"HollowMod:SoulMaster+1","floor":31.0},{"not_picked":["HollowMod:SoulMaster+1","HollowMod:MidwifesHunger"],"picked":"HollowMod:PureVessel+1","floor":33},{"not_picked":["HollowMod:DoubleDash","HollowMod:DescendingDark+1"],"picked":"HollowMod:ShapeofUnn+1","floor":35},{"not_picked":["HollowMod:SiblingsShadow","HollowMod:CornifersMapStart+1","HollowMod:WraithStrike+1"],"picked":"SKIP","floor":36},{"not_picked":["HollowMod:ShadowDash","HollowMod:VengefulVoid+1"],"picked":"HollowMod:SoulVessel+1","floor":37},{"not_picked":["HollowMod:DoubleDash+1","HollowMod:InfectionAssault"],"picked":"HollowMod:Grubsong+1","floor":38},{"not_picked":["HollowMod:SoulStrike","HollowMod:DesolateDive+1","HollowMod:HowlingWraiths"],"picked":"SKIP","floor":46},{"not_picked":["HollowMod:WraithStrike","HollowMod:InfectedAttack"],"picked":"HollowMod:GoodIntentions+1","floor":47},{"not_picked":["HollowMod:WraithStrike+1","HollowMod:SiblingsSouls+1"],"picked":"HollowMod:CoiledNail+1","floor":48},{"not_picked":["HollowMod:NewInfectedGuardian","HollowMod:InfectedCysts"],"picked":"HollowMod:QuirrelsAssistance+1","floor":35},{"not_picked":["HollowMod:DungDefenderAura","HollowMod:SharpenedShadows+1"],"picked":"HollowMod:SoulEater+1","floor":38},{"not_picked":["HollowMod:CycloneSlash+1","HollowMod:WraithStrike"],"picked":"HollowMod:NewGlowingWomb+1","floor":39},{"not_picked":["HollowMod:DashSlash","HollowMod:VoidDash"],"picked":"HollowMod:LifebloodCocoon+1","floor":40},{"not_picked":["HollowMod:RecoilStrike+1","HollowMod:ShadowDash"],"picked":"HollowMod:HuntersJournal","floor":45},{"not_picked":["HollowMod:CycloneSlash+1","HollowMod:DashSlash"],"picked":"HollowMod:MawleksShell+1","floor":46},{"not_picked":["HollowMod:NewGlowingWomb+1","HollowMod:HeavyBlow+1","HollowMod:ShadowDash"],"picked":"SKIP","floor":54}],"player_experience":983474,"relics_obtained":[{"floor":6.0,"key":"vexMod:FocusSash"},{"floor":9.0,"key":"vexMod:Dragonfruit"},{"floor":10.0,"key":"Pear"},{"floor":18.0,"key":"Juzu Bracelet"},{"floor":19.0,"key":"Replay:Baseball"},{"floor":19.0,"key":"Lantern"},{"floor":20.0,"key":"Mango"},{"floor":24.0,"key":"testmod-Acrobat"},{"floor":24.0,"key":"Mummified Hand"},{"floor":26.0,"key":"Frozen Egg 2"},{"floor":31.0,"key":"Replay:Ringing Soul"},{"floor":31.0,"key":"Pet Ghost"},{"floor":31.0,"key":"Gremlin Food"},{"floor":38,"key":"D6"},{"floor":46,"key":"ForgetMeNow"},{"floor":40,"key":"Nunchaku"},{"floor":43,"key":"Replay:Bottled Flurry"},{"floor":46,"key":"Dota2Spire:BlackKingBar"},{"floor":54,"key":"aspiration:StickyExplosives_weak"}],"event_choices":[{"damage_healed":0.0,"max_hp_gain":0.0,"max_hp_loss":0.0,"gold_gain":0.0,"event_name":"conspire:Investor","player_choice":"Leave","floor":12.0,"gold_loss":0.0,"damage_taken":0.0},{"damage_healed":0.0,"max_hp_gain":0.0,"max_hp_loss":0.0,"gold_gain":0.0,"event_name":"Upgrade Shrine","player_choice":"Upgraded","floor":21.0,"gold_loss":0.0,"damage_taken":0.0,"cards_upgraded":["HollowMod:MantisMark"]},{"damage_healed":0.0,"max_hp_gain":0.0,"max_hp_loss":0.0,"gold_gain":999.0,"event_name":"¶÷ÂåË¹µÄÅÌ×Ó","player_choice":"Sell","floor":25.0,"relics_lost":["vexMod:ImprovementManual"],"gold_loss":0.0,"damage_taken":0.0},{"cards_removed":["HollowMod:InfectedAttack"],"damage_healed":0.0,"max_hp_gain":0.0,"max_hp_loss":0.0,"gold_gain":0.0,"event_name":"Beggar","player_choice":"Gave Gold","floor":29.0,"gold_loss":75.0,"damage_taken":0.0},{"damage_healed":0.0,"max_hp_gain":0.0,"max_hp_loss":0.0,"gold_gain":0.0,"event_name":"HidenRoomEvent","player_choice":"Fight","floor":31.0,"gold_loss":0.0,"damage_taken":0.0},{"damage_healed":0,"gold_gain":0,"player_choice":"Fight","damage_taken":0,"max_hp_gain":0,"max_hp_loss":0,"event_name":"MindBloom","floor":38,"gold_loss":0},{"damage_healed":0,"gold_gain":0,"player_choice":"Paid","damage_taken":0,"relics_obtained":["Red Mask"],"max_hp_gain":0,"max_hp_loss":0,"event_name":"Tomb of Lord Red Mask","floor":42,"gold_loss":47},{"damage_healed":0,"gold_gain":100,"player_choice":"Pray","damage_taken":0,"max_hp_gain":0,"max_hp_loss":0,"event_name":"Golden Shrine","floor":36,"gold_loss":0},{"damage_healed":0,"gold_gain":0,"player_choice":"0 cards matched","damage_taken":0,"max_hp_gain":0,"max_hp_loss":0,"event_name":"Match and Keep!","floor":37,"gold_loss":0,"cards_obtained":[]},{"cards_removed":["HollowMod:FocusHealStart"],"damage_healed":0,"gold_gain":0,"player_choice":"Removed Skill","damage_taken":0,"max_hp_gain":0,"max_hp_loss":0,"event_name":"Falling","floor":41,"gold_loss":0},{"damage_healed":0,"gold_gain":0,"player_choice":"Full Heal","damage_taken":0,"max_hp_gain":0,"max_hp_loss":0,"event_name":"Wheel of Change","floor":47,"gold_loss":0},{"cards_removed":["Pride"],"damage_healed":0,"gold_gain":0,"player_choice":"Purged","damage_taken":0,"max_hp_gain":0,"max_hp_loss":0,"event_name":"Purifier","floor":48,"gold_loss":0}],"is_beta":false,"boss_relics":[{"not_picked":["aspiration:IroncladSkillbook","testmod-HarvestTotem"],"picked":"vexMod:ImprovementManual"},{"not_picked":[]},{"not_picked":["vexMod:BigBerry","SlaversCollar"],"picked":"Coffee Dripper"},{"not_picked":[]}],"items_purged_floors":[17,34,39,53],"is_endless":false,"potions_floor_spawned":[5,8,16,18,19,20,24,35,38,47,48,35,40,45],"killed_by":"Delirium","ascension_level":0}}