{"host":"ocllwaoi18j60ltd","time":1607617308,"event":{"mods":["BaseMod","Quick Restart","StSLib","SuperFastMode","DeckTracker","Permanent Neow","Minty Spire (QoL Compilation)"],"gold_per_floor":[119,119,136,150,166,166,197,45,71,90,105,118,118,136,136,211,211,225,240,54,80,80,80,91,122,201,201,214,248,262,281,281,355,355,371,371,371,371],"floor_reached":37,"playtime":1085,"items_purged":["Strike_P","Strike_P"],"score":930,"play_id":"11d95cbf-282a-4ff0-923a-5a1fa114f25c","local_time":"20201211012148","is_ascension_mode":true,"campfire_choices":[{"data":"CrushJoints","floor":6.0,"key":"SMITH"},{"data":"Scrawl","floor":13.0,"key":"SMITH"},{"data":"MentalFortress","floor":15.0,"key":"SMITH"},{"floor":23,"key":"REST"},{"data":"Adaptation","floor":32,"key":"SMITH"}],"circlet_count":0,"master_deck":["AscendersBane","Strike_P+1","Defend_P","Defend_P","Defend_P","Defend_P","Eruption+1","Vigilance+1","CrushJoints+1","FlurryOfBlows","EmptyFist","DeusExMachina","WheelKick","FollowUp","Scrawl+1","MentalFortress+1","Ragnarok","Adaptation+1","Swivel","Vengeance","Tantrum","ClearTheMind","Writhe"],"special_seed":0,"relics":["PureWater","MealTicket","Lantern","Runic Pyramid","Red Mask","Blood Vial","Gremlin Horn","Juzu Bracelet","Sozu"],"acts_visited":["Exordium","TheCity","TheBeyond"],"potions_floor_usage":[21,33],"damage_taken":[{"damage":0.0,"enemies":"Cultist","floor":1.0,"turns":3.0},{"damage":0.0,"enemies":"Jaw Worm","floor":3.0,"turns":3.0},{"damage":0.0,"enemies":"2 Louse","floor":4.0,"turns":2.0},{"damage":1.0,"enemies":"Looter","floor":5.0,"turns":3.0},{"damage":20.0,"enemies":"3 Sentries","floor":7.0,"turns":8.0},{"damage":0.0,"enemies":"Exordium Wildlife","floor":10.0,"turns":1.0},{"damage":0.0,"enemies":"Large Slime","floor":11.0,"turns":1.0},{"damage":0.0,"enemies":"Blue Slaver","floor":12.0,"turns":1.0},{"damage":0.0,"enemies":"3 Louse","floor":14.0,"turns":2.0},{"damage":7.0,"enemies":"Hexaghost","floor":16.0,"turns":6.0},{"damage":14,"enemies":"Spheric Guardian","floor":18,"turns":4},{"damage":23,"enemies":"2 Thieves","floor":19,"turns":3},{"damage":7,"enemies":"Masked Bandits","floor":21,"turns":3},{"damage":0,"enemies":"Cultist and Chosen","floor":24,"turns":3},{"damage":0,"enemies":"Slavers","floor":25,"turns":3},{"damage":6,"enemies":"Shelled Parasite and Fungi","floor":28,"turns":4},{"damage":0,"enemies":"Gremlin Leader","floor":29,"turns":3},{"damage":12,"enemies":"Snake Plant","floor":30,"turns":4},{"damage":0,"enemies":"Cultist and Chosen","floor":31,"turns":3},{"damage":112,"enemies":"Collector","floor":33,"turns":9},{"damage":44,"enemies":"3 Shapes","floor":35,"turns":3},{"damage":0,"enemies":"3 Darklings","floor":37,"turns":2}],"seed_played":"7342854580360313855","potions_obtained":[{"floor":3.0,"key":"StancePotion"},{"floor":4.0,"key":"Swift Potion"},{"floor":11.0,"key":"FairyPotion"},{"floor":16.0,"key":"PowerPotion"},{"floor":28,"key":"LiquidMemories"},{"floor":33,"key":"StancePotion"}],"is_trial":false,"path_per_floor":["M","?","M","M","M","R","E","$","T","M","M","M","R","M","R","B",null,"M","M","$","?","?","R","M","E","T","?","M","E","M","M","R","B",null,"M","?","M"],"character_chosen":"WATCHER","items_purchased":["WheelKick","Swivel"],"campfire_rested":1,"item_purchase_floors":[8,20],"current_hp_per_floor":[61,41,41,41,40,40,20,35,35,35,35,35,35,35,35,28,58,44,21,36,29,29,49,49,49,49,49,45,47,37,39,39,20,56,14,28,30,30],"gold":371,"neow_bonus":"UPGRADE_CARD","is_daily":false,"chose_seed":false,"campfire_upgraded":4,"win_rate":0,"timestamp":1607617308,"path_taken":["M","?","M","M","M","R","E","$","T","M","M","M","R","M","R","BOSS","M","M","$","?","?","R","M","E","T","?","M","E","M","M","R","BOSS","M","?","M"],"build_version":"2020-11-30","purchased_purges":2,"victory":false,"max_hp_per_floor":[68,68,68,68,68,68,68,68,68,68,68,68,68,68,68,68,68,68,68,68,68,68,68,68,68,68,68,68,68,68,68,68,68,68,68,68,68,68],"card_choices":[{"not_picked":["ThirdEye","BattleHymn"],"picked":"CrushJoints","floor":1.0},{"not_picked":["JustLucky","Evaluate","ThirdEye"],"picked":"SKIP","floor":3.0},{"not_picked":["CrushJoints","BowlingBash"],"picked":"FlurryOfBlows","floor":4.0},{"not_picked":["Halt","Evaluate"],"picked":"EmptyFist","floor":5.0},{"not_picked":["ClearTheMind","WindmillStrike"],"picked":"DeusExMachina","floor":7.0},{"not_picked":["JustLucky","BowlingBash"],"picked":"FollowUp","floor":10.0},{"not_picked":["Study","Pray"],"picked":"Scrawl","floor":11.0},{"not_picked":["Tantrum","BattleHymn"],"picked":"MentalFortress","floor":12.0},{"not_picked":["BowlingBash","DeceiveReality","Protect"],"picked":"SKIP","floor":14.0},{"not_picked":["Devotion","Scrawl"],"picked":"Ragnarok","floor":16.0},{"not_picked":["JustLucky","Fasting2","Worship"],"picked":"SKIP","floor":18},{"not_picked":["Wallop","Nirvana"],"picked":"Adaptation","floor":19},{"not_picked":["EmptyBody","EmptyFist"],"picked":"Vengeance","floor":24},{"not_picked":["SashWhip","CutThroughFate","BattleHymn"],"picked":"SKIP","floor":25},{"not_picked":["Prostrate","ThirdEye"],"picked":"Tantrum","floor":28},{"not_picked":["Conclude+1","Wish","MentalFortress"],"picked":"SKIP","floor":29},{"not_picked":["BowlingBash","Evaluate"],"picked":"ClearTheMind","floor":30},{"not_picked":["FollowUp","Pray","Perseverance"],"picked":"SKIP","floor":31},{"not_picked":["PathToVictory","ClearTheMind","Crescendo"],"picked":"SKIP","floor":35}],"player_experience":820283,"relics_obtained":[{"floor":7.0,"key":"MealTicket"},{"floor":9.0,"key":"Lantern"},{"floor":21,"key":"Red Mask"},{"floor":25,"key":"Blood Vial"},{"floor":26,"key":"Gremlin Horn"},{"floor":29,"key":"Juzu Bracelet"}],"event_choices":[{"damage_healed":0.0,"max_hp_gain":0.0,"max_hp_loss":0.0,"gold_gain":0.0,"event_name":"Shining Light","player_choice":"Entered Light","floor":2.0,"gold_loss":0.0,"damage_taken":20.0,"cards_upgraded":["Vigilance","Strike_P"]},{"damage_healed":0,"gold_gain":0,"player_choice":"Fought Bandits","damage_taken":0,"max_hp_gain":0,"max_hp_loss":0,"event_name":"Masked Bandits","floor":21,"gold_loss":0},{"damage_healed":0,"gold_gain":0,"player_choice":"Ignored","damage_taken":0,"max_hp_gain":0,"max_hp_loss":0,"event_name":"Ghosts","floor":22,"gold_loss":0},{"cards_removed":["Strike_P"],"damage_healed":0,"gold_gain":0,"player_choice":"Elegance","damage_taken":0,"max_hp_gain":0,"max_hp_loss":0,"event_name":"Back to Basics","floor":27,"gold_loss":0},{"damage_healed":14,"gold_gain":0,"player_choice":"Writhe","damage_taken":0,"max_hp_gain":0,"max_hp_loss":0,"event_name":"Winding Halls","floor":36,"gold_loss":0,"cards_obtained":["Writhe"]}],"is_beta":false,"boss_relics":[{"not_picked":["Empty Cage","Fusion Hammer"],"picked":"Runic Pyramid"},{"not_picked":["Pandora\u0027s Box","Astrolabe"],"picked":"Sozu"}],"items_purged_floors":[8,20],"is_endless":false,"potions_floor_spawned":[3,4,11,12,16,19,28,30,33],"killed_by":"3 Darklings","ascension_level":20}}