{"host":"3m3t6u1636lvefx4","time":1607582127,"event":{"gold_per_floor":[113,128,128,146,158,158,173,173,173,186,250,264,264,279,279,383,383,348,364,242,242,242,242],"floor_reached":22,"playtime":1328,"items_purged":["Malaise+1"],"score":180,"play_id":"cbf3f748-15c0-4d60-9962-5eaf0bddd643","local_time":"20201210093527","is_ascension_mode":false,"campfire_choices":[{"data":"Prepared","floor":8.0,"key":"SMITH"},{"data":"Acrobatics","floor":13.0,"key":"SMITH"},{"data":"Malaise","floor":15.0,"key":"SMITH"}],"neow_cost":"NONE","seed_source_timestamp":0,"circlet_count":0,"master_deck":["Strike_G","Strike_G","Strike_G","Strike_G","Defend_G","Defend_G","Defend_G","Defend_G","Defend_G","Survivor","Neutralize+1","Heel Hook","Deadly Poison","Prepared+1","Cloak And Dagger","Deflect","Prepared","Dagger Spray","Acrobatics+1","Outmaneuver+1","Deadly Poison","Deadly Poison"],"special_seed":0,"relics":["Ring of the Snake","Orichalcum","HornCleat","Incense Burner","HoveringKite"],"potions_floor_usage":[],"damage_taken":[{"damage":0.0,"enemies":"Small Slimes","floor":1.0,"turns":4.0},{"damage":1.0,"enemies":"Cultist","floor":2.0,"turns":4.0},{"damage":0.0,"enemies":"2 Louse","floor":4.0,"turns":2.0},{"damage":0.0,"enemies":"Large Slime","floor":5.0,"turns":7.0},{"damage":2.0,"enemies":"Looter","floor":7.0,"turns":3.0},{"damage":0.0,"enemies":"Red Slaver","floor":10.0,"turns":4.0},{"damage":13.0,"enemies":"3 Sentries","floor":11.0,"turns":14.0},{"damage":0.0,"enemies":"Large Slime","floor":12.0,"turns":6.0},{"damage":0.0,"enemies":"Looter","floor":14.0,"turns":3.0},{"damage":17,"enemies":"The Guardian","floor":16,"turns":15},{"damage":9,"enemies":"2 Thieves","floor":18,"turns":5},{"damage":12,"enemies":"Chosen","floor":19,"turns":7},{"damage":43,"enemies":"Centurion and Healer","floor":22,"turns":9}],"seed_played":"-388369423171378982","potions_obtained":[{"floor":2.0,"key":"SkillPotion"},{"floor":5.0,"key":"Fruit Juice"},{"floor":7.0,"key":"Fire Potion"},{"floor":11.0,"key":"SpeedPotion"}],"is_trial":false,"path_per_floor":["M","M","?","M","M","?","M","R","T","M","?","M","R","M","R","B",null,"M","M","$","?","M"],"character_chosen":"THE_SILENT","items_purchased":["Deadly Poison"],"campfire_rested":0,"item_purchase_floors":[20],"current_hp_per_floor":[70,69,57,57,62,62,60,60,60,60,47,47,47,47,47,30,75,66,54,54,40,0,0],"gold":242,"neow_bonus":"TRANSFORM_CARD","is_prod":false,"is_daily":false,"chose_seed":false,"campfire_upgraded":3,"win_rate":0,"timestamp":1607582127,"path_taken":["M","M","?","M","M","?","?","R","T","M","?","M","R","M","R","BOSS","M","M","$","?","M"],"build_version":"2020-11-30","purchased_purges":1,"victory":false,"max_hp_per_floor":[70,70,70,70,75,75,75,75,75,75,75,75,75,75,75,75,75,75,75,75,80,80,80],"card_choices":[{"not_picked":["Bane","Poisoned Stab"],"picked":"Deadly Poison","floor":1.0},{"not_picked":["Flying Knee","Flechettes","Masterful Stab"],"picked":"SKIP","floor":2.0},{"not_picked":["Catalyst","Dagger Throw"],"picked":"Prepared","floor":4.0},{"not_picked":["PiercingWail","Sucker Punch"],"picked":"Cloak And Dagger","floor":5.0},{"not_picked":["Slice","Flying Knee"],"picked":"Deflect","floor":7.0},{"not_picked":["Underhanded Strike","Cloak And Dagger"],"picked":"Prepared","floor":10.0},{"not_picked":["Prepared","Flying Knee"],"picked":"Dagger Spray","floor":11.0},{"not_picked":["Slice","Underhanded Strike"],"picked":"Acrobatics","floor":12.0},{"not_picked":["Deadly Poison","Bane"],"picked":"Malaise","floor":14.0},{"not_picked":["Crippling Poison","Bane"],"picked":"Outmaneuver+1","floor":18},{"not_picked":["Poisoned Stab","Dodge and Roll+1"],"picked":"Deadly Poison","floor":19}],"player_experience":234357,"relics_obtained":[{"floor":9.0,"key":"HornCleat"},{"floor":11.0,"key":"Incense Burner"}],"event_choices":[{"damage_healed":0.0,"max_hp_gain":0.0,"max_hp_loss":0.0,"gold_gain":0.0,"event_name":"Scrap Ooze","player_choice":"Success","floor":3.0,"gold_loss":0.0,"damage_taken":12.0,"relics_obtained":["Orichalcum"]},{"damage_healed":0.0,"max_hp_gain":0.0,"max_hp_loss":0.0,"gold_gain":0.0,"event_name":"Accursed Blacksmith","player_choice":"Forge","floor":6.0,"gold_loss":0.0,"damage_taken":0.0,"cards_upgraded":["Neutralize"]},{"damage_healed":0.0,"max_hp_gain":0.0,"max_hp_loss":0.0,"gold_gain":0.0,"event_name":"Dead Adventurer","player_choice":"Searched \u00271\u0027 times","floor":11.0,"gold_loss":0.0,"damage_taken":0.0},{"damage_healed":0,"gold_gain":0,"player_choice":"Shed Blood","damage_taken":19,"max_hp_gain":5,"max_hp_loss":0,"event_name":"Forgotten Altar","floor":21,"gold_loss":0}],"is_beta":false,"boss_relics":[{"not_picked":["Coffee Dripper","Philosopher\u0027s Stone"],"picked":"HoveringKite"}],"items_purged_floors":[20],"is_endless":false,"potions_floor_spawned":[2,5,7,11,12,16,18],"killed_by":"Centurion and Healer","ascension_level":0}}