{"host":"1krvlh4vk1vybq4t","time":1607618451,"event":{"mods":["BaseMod","StSLib","Googly Eyes","everything is the same but u backflip on backflip","2.2 Compatiblity","Better Synergies","Block Reminder","SuperFastMode","Custom Start","slay the spire mod where everything is the same but ironclad has a cowboy hat","Act Like it!","Waifu the Spire","Relic Stats","Ironclad Rager","Virulent Crown","Better Altar","Better Match","Better Note","Better Sensory Stone","Better Skull","Better Third Choice","BetterRewards","Booster Modes","Challenge The Spire","Minty Spire (QoL Compilation)","Quick Restart","Swap Starting Deck Mod","Transform Curses","Defective Defect","GifTheSpireLib","Better-Laid Plans","Alarm Clock","Filter the Spire","Shop Mod","Colored Map","Trackpad"],"gold_per_floor":[113,91,91,103,113,113,113,148,175,175,216,235,260,185,185,272,281,291,308,323,332,355,355,355,355],"floor_reached":24,"playtime":520,"items_purged":["Regret"],"score":356,"play_id":"e1730bfc-4900-4801-9a6f-ae08b9e788ab","local_time":"20201210174051","is_ascension_mode":true,"campfire_choices":[{"data":"Demon Form","floor":6,"key":"SMITH"},{"floor":10,"key":"REST"},{"floor":15,"key":"REST"},{"data":"Limit Break","floor":23,"key":"SMITH"}],"circlet_count":0,"master_deck":["AscendersBane","Strike_R","Strike_R","Strike_R","Strike_R","Defend_R","Defend_R","Defend_R","Defend_R","Bash","Demon Form+1","Rage","Heavy Blade","Sword Boomerang","Sword Boomerang","Feed","CurseOfTheBell","J.A.X.","Limit Break+1"],"relics":["Burning Blood","PreservedInsect","Anchor","CeramicFish","Oddly Smooth Stone","trackpad:Mousetrap","Calling Bell","Pen Nib","trackpad:ByrdBGone","trackpad:FieryHotPepper"],"acts_visited":["Exordium","TheCity"],"potions_floor_usage":[4,20,24],"damage_taken":[{"damage":1,"enemies":"Small Slimes","floor":1,"turns":5},{"damage":12,"enemies":"Jaw Worm","floor":4,"turns":3},{"damage":0,"enemies":"2 Louse","floor":5,"turns":5},{"damage":42,"enemies":"3 Sentries","floor":8,"turns":6},{"damage":30,"enemies":"Gremlin Nob","floor":11,"turns":4},{"damage":4,"enemies":"Large Slime","floor":12,"turns":6},{"damage":17,"enemies":"Lagavulin","floor":13,"turns":7},{"damage":29,"enemies":"Slime Boss","floor":16,"turns":6},{"damage":0,"enemies":"Chosen","floor":18,"turns":4},{"damage":11,"enemies":"Spheric Guardian","floor":19,"turns":3},{"damage":12,"enemies":"Chosen and Byrds","floor":20,"turns":5},{"damage":37,"enemies":"Snake Plant","floor":22,"turns":4},{"damage":35,"enemies":"Slavers","floor":24,"turns":4}],"seed_played":"-8890828810694051910","potions_obtained":[{"floor":1,"key":"PowerPotion"},{"floor":5,"key":"BlessingOfTheForge"},{"floor":11,"key":"Swift Potion"},{"floor":18,"key":"DistilledChaos"}],"is_trial":false,"path_per_floor":["M","?","?","M","M","R","?","E","T","R","E","M","E","$","R","B",null,"M","M","M","?","M","R","E"],"character_chosen":"IRONCLAD","items_purchased":[],"campfire_rested":2,"item_purchase_floors":[],"current_hp_per_floor":[77,77,70,64,70,70,70,34,34,58,34,36,25,25,49,26,67,73,68,62,62,31,31,0,0],"gold":355,"neow_bonus":"ONE_RANDOM_RARE_CARD","is_daily":false,"chose_seed":false,"campfire_upgraded":2,"win_rate":0,"timestamp":1607618451,"path_taken":["M","?","?","M","M","R","?","E","T","R","E","M","E","$","R","BOSS","M","M","M","?","M","R","E"],"build_version":"2020-11-30","purchased_purges":1,"victory":false,"max_hp_per_floor":[80,80,80,80,80,80,80,80,80,80,80,80,80,80,80,80,80,80,80,80,80,80,80,83,83],"relic_stats":{"counters":[13,62],"CeramicFish":45,"PreservedInsect":123,"Pen Nib":[2],"obtain_stats":[{"Calling Bell":17,"trackpad:Mousetrap":13,"Anchor":8,"trackpad:FieryHotPepper":17,"CeramicFish":9,"Oddly Smooth Stone":11,"PreservedInsect":7,"Pen Nib":17,"trackpad:ByrdBGone":17,"Burning Blood":0},{"Calling Bell":8,"trackpad:Mousetrap":7,"Anchor":4,"trackpad:FieryHotPepper":8,"CeramicFish":4,"Oddly Smooth Stone":5,"PreservedInsect":3,"Pen Nib":8,"trackpad:ByrdBGone":8,"Burning Blood":0},{"Calling Bell":42,"trackpad:Mousetrap":36,"Anchor":19,"trackpad:FieryHotPepper":42,"CeramicFish":19,"Oddly Smooth Stone":23,"PreservedInsect":13,"Pen Nib":42,"trackpad:ByrdBGone":42,"Burning Blood":0}],"Burning Blood":72},"card_choices":[{"not_picked":["Iron Wave","Bloodletting","Sentinel"],"picked":"SKIP","floor":1},{"not_picked":["Shockwave","Dark Embrace"],"picked":"Rage","floor":4},{"not_picked":["Whirlwind","Reckless Charge"],"picked":"Heavy Blade","floor":5},{"not_picked":["Shrug It Off","Evolve"],"picked":"Sword Boomerang","floor":8},{"not_picked":["Perfected Strike","Clothesline"],"picked":"Sword Boomerang","floor":11},{"not_picked":["Evolve","Armaments","True Grit"],"picked":"SKIP","floor":12},{"not_picked":["True Grit","Barricade","Carnage"],"picked":"SKIP","floor":13},{"not_picked":["Corruption","Fiend Fire"],"picked":"Feed","floor":16},{"not_picked":["Spot Weakness","Inflame","Shrug It Off"],"picked":"SKIP","floor":18},{"not_picked":["Clash+1","Warcry","Battle Trance"],"picked":"SKIP","floor":19},{"not_picked":["Spot Weakness","Power Through","Perfected Strike"],"picked":"SKIP","floor":20},{"not_picked":["Perfected Strike","Warcry"],"picked":"Limit Break","floor":22}],"player_experience":427392,"relics_obtained":[{"floor":8,"key":"Anchor"},{"floor":9,"key":"CeramicFish"},{"floor":11,"key":"Oddly Smooth Stone"},{"floor":13,"key":"trackpad:Mousetrap"},{"floor":17,"key":"Pen Nib"},{"floor":17,"key":"trackpad:ByrdBGone"},{"floor":17,"key":"trackpad:FieryHotPepper"}],"event_choices":[{"damage_healed":0,"gold_gain":0,"player_choice":"Left","damage_taken":0,"max_hp_gain":0,"max_hp_loss":0,"event_name":"betterThird:BetterGoop","floor":2,"gold_loss":22},{"cards_removed":["Strike_R"],"damage_healed":0,"gold_gain":0,"player_choice":"Card Removal","damage_taken":7,"max_hp_gain":0,"max_hp_loss":0,"event_name":"Golden Wing","floor":3,"gold_loss":0},{"damage_healed":0,"gold_gain":0,"player_choice":"Box","damage_taken":0,"relics_obtained":["PreservedInsect"],"max_hp_gain":0,"max_hp_loss":0,"event_name":"Big Fish","floor":7,"gold_loss":0,"cards_obtained":["Regret"]},{"damage_healed":0,"gold_gain":0,"player_choice":"Obtain J.A.X.","damage_taken":0,"max_hp_gain":0,"max_hp_loss":0,"event_name":"Drug Dealer","floor":21,"gold_loss":0,"cards_obtained":["J.A.X."]}],"is_beta":false,"boss_relics":[{"not_picked":["Velvet Choker","trackpad:Coffee"],"picked":"Calling Bell"}],"items_purged_floors":[14],"is_endless":false,"potions_floor_spawned":[1,5,11,12,18],"killed_by":"Slavers","ascension_level":13}}