{"host":"nptej036rrbiurf5","time":1607571133,"event":{"gold_per_floor":[118,2,22,22,41,41,69,86,86,86,105,60,101,176,176,259,259,288,19,45,45,45,54,54,54,54,54,78,94,94,111,111,197,197,211,224,23,41,51,51,80,80,80,80,80,80],"floor_reached":45,"playtime":1997,"items_purged":["Strike_B","Strike_B","Defend_B"],"score":861,"play_id":"b592fa8c-b296-4670-b8a6-9908a30ddebd","local_time":"20201210123213","is_ascension_mode":true,"campfire_choices":[{"data":"Defragment","floor":6.0,"key":"SMITH"},{"floor":15.0,"key":"REST"},{"data":"Heatsinks","floor":24.0,"key":"SMITH"},{"floor":30.0,"key":"REST"},{"floor":32.0,"key":"REST"},{"data":"Creative AI","floor":40,"key":"SMITH"},{"floor":42,"key":"REST"},{"data":"Skim","floor":44,"key":"SMITH"}],"neow_cost":"NONE","seed_source_timestamp":1291259662189400,"circlet_count":0,"master_deck":["AscendersBane","Defend_B","Defend_B","Defend_B","Zap","Dualcast","Cold Snap","Skim+1","Defragment+1","Compile Driver","Beam Cell","Defragment+1","Genetic Algorithm","Ball Lightning","Echo Form","Core Surge","Auto Shields","Glacier","Heatsinks+1","Coolheaded+1","Creative AI+1","Self Repair"],"special_seed":0,"relics":["Cracked Core","NeowsBlessing","Matryoshka","CeramicFish","Blue Candle","Mummified Hand","Sozu","Runic Capacitor","Oddly Smooth Stone","Akabeko","Empty Cage","Nunchaku","Art of War"],"potions_floor_usage":[],"damage_taken":[{"damage":0.0,"enemies":"Cultist","floor":1.0,"turns":1.0},{"damage":0.0,"enemies":"Jaw Worm","floor":3.0,"turns":1.0},{"damage":0.0,"enemies":"Small Slimes","floor":5.0,"turns":1.0},{"damage":24.0,"enemies":"3 Sentries","floor":7.0,"turns":7.0},{"damage":8.0,"enemies":"Blue Slaver","floor":8.0,"turns":2.0},{"damage":9.0,"enemies":"Looter","floor":11.0,"turns":3.0},{"damage":11.0,"enemies":"Gremlin Nob","floor":13.0,"turns":4.0},{"damage":4.0,"enemies":"The Guardian","floor":16.0,"turns":11.0},{"damage":0.0,"enemies":"Chosen","floor":18.0,"turns":3.0},{"damage":17.0,"enemies":"2 Thieves","floor":20.0,"turns":4.0},{"damage":0.0,"enemies":"Sentry and Sphere","floor":28.0,"turns":5.0},{"damage":13.0,"enemies":"Cultist and Chosen","floor":29.0,"turns":6.0},{"damage":6.0,"enemies":"Chosen and Byrds","floor":31.0,"turns":5.0},{"damage":17.0,"enemies":"Collector","floor":33.0,"turns":8.0},{"damage":9.0,"enemies":"Orb Walker","floor":35.0,"turns":4.0},{"damage":22.0,"enemies":"3 Darklings","floor":36.0,"turns":6.0},{"damage":3,"enemies":"Transient","floor":38,"turns":6},{"damage":5,"enemies":"Writhing Mass","floor":39,"turns":6},{"damage":7,"enemies":"Giant Head","floor":41,"turns":6},{"damage":66,"enemies":"Reptomancer","floor":45,"turns":3}],"seed_played":"7925599205600870149","potions_obtained":[{"floor":4.0,"key":"Weak Potion"},{"floor":4.0,"key":"Fire Potion"},{"floor":5.0,"key":"Explosive Potion"},{"floor":7.0,"key":"Block Potion"},{"floor":16.0,"key":"SteroidPotion"}],"is_trial":false,"path_per_floor":["M","$","M","?","M","R","E","M","T","?","M","$","E","?","R","B",null,"M","$","M","?","?","?","R","?","T","?","M","M","R","M","R","B",null,"M","M","$","M","M","R","E","R","T","R","E"],"character_chosen":"DEFECT","items_purchased":["Skim","Ball Lightning","Runic Capacitor","Self Repair"],"campfire_rested":4,"item_purchase_floors":[2,12,19,37],"current_hp_per_floor":[64,64,64,64,64,64,40,32,32,32,23,23,12,1,22,18,58,58,58,41,41,41,41,41,41,41,21,21,8,30,24,46,29,64,55,33,33,37,39,39,39,61,61,61,0,0],"gold":80,"neow_bonus":"THREE_ENEMY_KILL","is_prod":false,"is_daily":false,"chose_seed":false,"campfire_upgraded":4,"win_rate":0,"timestamp":1607571133,"path_taken":["M","$","M","?","?","R","E","M","T","?","M","?","E","?","R","BOSS","M","$","M","?","?","?","R","?","T","?","M","?","R","M","R","BOSS","M","M","$","M","M","R","E","R","T","R","E"],"build_version":"2020-11-30","purchased_purges":3,"victory":false,"max_hp_per_floor":[71,71,71,71,71,71,71,71,71,71,71,71,71,71,71,71,71,71,71,71,71,71,71,71,71,71,76,76,76,76,76,76,76,76,76,76,76,76,76,76,76,76,76,76,76,76],"card_choices":[{"not_picked":["Redo","Recycle"],"picked":"Cold Snap","floor":1.0},{"not_picked":["Leap","Streamline"],"picked":"Defragment","floor":3.0},{"not_picked":["Fusion","Cold Snap"],"picked":"Compile Driver","floor":5.0},{"not_picked":["Amplify","Turbo"],"picked":"Beam Cell","floor":7.0},{"not_picked":["Sweeping Beam","Conserve Battery"],"picked":"Defragment","floor":8.0},{"not_picked":["Compile Driver","Beam Cell"],"picked":"Genetic Algorithm","floor":11.0},{"not_picked":["Sweeping Beam","Beam Cell"],"picked":"Echo Form","floor":13.0},{"not_picked":["Thunder Strike","Seek"],"picked":"Core Surge","floor":16.0},{"not_picked":["Stack","Consume"],"picked":"Auto Shields","floor":18.0},{"not_picked":["Cold Snap","Lockon+1"],"picked":"Glacier","floor":20.0},{"not_picked":["Leap","Force Field"],"picked":"Coolheaded+1","floor":28.0},{"not_picked":["Hologram","Fusion","Rebound+1"],"picked":"SKIP","floor":29.0},{"not_picked":["FTL","All For One","Stack"],"picked":"SKIP","floor":31.0},{"not_picked":["Core Surge","Machine Learning"],"picked":"Creative AI","floor":33.0},{"not_picked":["Rebound","Compile Driver","BootSequence"],"picked":"SKIP","floor":35.0},{"not_picked":["Beam Cell","Rebound","White Noise"],"picked":"SKIP","floor":36.0},{"not_picked":["Hologram+1","Cold Snap","Conserve Battery"],"picked":"SKIP","floor":38},{"not_picked":["Rebound","Hologram","Barrage+1"],"picked":"SKIP","floor":39},{"not_picked":["Compile Driver","Conserve Battery","Coolheaded"],"picked":"SKIP","floor":41}],"player_experience":818622,"relics_obtained":[{"floor":7.0,"key":"Matryoshka"},{"floor":9.0,"key":"CeramicFish"},{"floor":9.0,"key":"Blue Candle"},{"floor":13.0,"key":"Mummified Hand"},{"floor":26.0,"key":"Oddly Smooth Stone"},{"floor":26.0,"key":"Akabeko"},{"floor":41,"key":"Nunchaku"},{"floor":43,"key":"Art of War"}],"event_choices":[{"damage_healed":0.0,"max_hp_gain":0.0,"max_hp_loss":0.0,"gold_gain":0.0,"event_name":"Lab","player_choice":"Got Potions","floor":4.0,"gold_loss":0.0,"damage_taken":0.0},{"damage_healed":0.0,"max_hp_gain":0.0,"max_hp_loss":0.0,"gold_gain":0.0,"event_name":"Living Wall","player_choice":"Grow","floor":10.0,"gold_loss":0.0,"damage_taken":0.0,"cards_upgraded":["Defragment"]},{"damage_healed":0.0,"max_hp_gain":0.0,"max_hp_loss":0.0,"gold_gain":75.0,"event_name":"World of Goop","player_choice":"Gather Gold","floor":14.0,"gold_loss":0.0,"damage_taken":11.0},{"damage_healed":0.0,"max_hp_gain":0.0,"max_hp_loss":0.0,"gold_gain":0.0,"event_name":"Vampires","player_choice":"Ignored","floor":22.0,"gold_loss":0.0,"damage_taken":0.0},{"damage_healed":0.0,"max_hp_gain":0.0,"max_hp_loss":0.0,"gold_gain":0.0,"event_name":"The Library","player_choice":"Read","floor":23.0,"gold_loss":0.0,"damage_taken":0.0,"cards_obtained":["Heatsinks"]},{"damage_healed":0.0,"max_hp_gain":0.0,"max_hp_loss":0.0,"gold_gain":0.0,"event_name":"Ghosts","player_choice":"Ignored","floor":25.0,"gold_loss":0.0,"damage_taken":0.0},{"damage_healed":0.0,"max_hp_gain":5.0,"max_hp_loss":0.0,"gold_gain":0.0,"event_name":"Forgotten Altar","player_choice":"Shed Blood","floor":27.0,"gold_loss":0.0,"damage_taken":25.0}],"is_beta":false,"boss_relics":[{"not_picked":["SacredBark","Cursed Key"],"picked":"Sozu"},{"not_picked":["Inserter","Runic Dome"],"picked":"Empty Cage"}],"items_purged_floors":[2,19,37],"is_endless":false,"potions_floor_spawned":[5,7,16,28,29,31,35,39,41],"killed_by":"Reptomancer","ascension_level":18}}