{"host":"t75twhtg6c476ygg","time":1607636593,"event":{"mods":["BaseMod","StSLib","Quick Restart","Colored Powertips","Minty Spire (QoL Compilation)"],"gold_per_floor":[114,114,129,129,144,174,204,234,234,249,249,279,279,309,309,409,409,424,85,85,85,100,130,145,145,145,145,160,190,205,218,218,318,318,333,348,98,113,128,158,173,203,203,203,425,425,25,55,55,55],"floor_reached":51,"playtime":5431,"items_purged":[],"score":913,"play_id":"24492663-5f5e-46ba-aee3-c787abbe5876","local_time":"20201210214313","daily_mods":["SealedDeck","Purple Cards","Elite Swarm"],"is_ascension_mode":false,"campfire_choices":[{"floor":11.0,"key":"REST"},{"data":"Scrape","floor":13.0,"key":"SMITH"},{"data":"TalkToTheHand","floor":15.0,"key":"SMITH"},{"data":"Creative AI","floor":27.0,"key":"SMITH"},{"data":"Storm","floor":32.0,"key":"SMITH"},{"data":"Double Energy","floor":44,"key":"SMITH"},{"data":"Seek","floor":46,"key":"SMITH"},{"data":"DevaForm","floor":49,"key":"SMITH"}],"circlet_count":0,"master_deck":["Recycle","Hologram","EmptyFist","Double Energy+1","FlurryOfBlows","EmptyFist","FearNoEvil","WaveOfTheHand","TalkToTheHand+1","ThirdEye","Consume","Scrape+1","Wish","Seek+1","Gash+1","Gash+1","Gash+1","Gash+1","Gash+1","Evaluate","Hologram","BattleHymn","Panache","Creative AI+1","Storm+1","DevaForm+1","Gash+1","Consecrate+1","Electrodynamics","ClearTheMind","LessonLearned","Consecrate","Biased Cognition"],"special_seed":18605,"relics":["FrozenCore","WingedGreaves","Dream Catcher","Bottled Flame","Orichalcum","Centennial Puzzle","Ginger","Bag of Preparation","InkBottle","Mummified Hand","MutagenicStrength","Meat on the Bone","Dead Branch","Red Mask","Calling Bell","Nunchaku","Pantograph","StoneCalendar","Gremlin Horn","Singing Bowl","White Beast Statue","Unceasing Top","DataDisk","Symbiotic Virus","Boot"],"acts_visited":["TheBeyond"],"potions_floor_usage":[50],"damage_taken":[{"damage":6.0,"enemies":"2 Louse","floor":1.0,"turns":2.0},{"damage":0.0,"enemies":"Cultist","floor":3.0,"turns":3.0},{"damage":3.0,"enemies":"Jaw Worm","floor":5.0,"turns":3.0},{"damage":15.0,"enemies":"Lagavulin","floor":6.0,"turns":6.0},{"damage":16.0,"enemies":"Gremlin Nob","floor":7.0,"turns":6.0},{"damage":15.0,"enemies":"Lagavulin","floor":8.0,"turns":4.0},{"damage":3.0,"enemies":"Lots of Slimes","floor":10.0,"turns":3.0},{"damage":0.0,"enemies":"Gremlin Nob","floor":12.0,"turns":3.0},{"damage":1.0,"enemies":"Lagavulin","floor":14.0,"turns":3.0},{"damage":5.0,"enemies":"Hexaghost","floor":16.0,"turns":5.0},{"damage":0.0,"enemies":"3 Byrds","floor":18.0,"turns":4.0},{"damage":0.0,"enemies":"Spheric Guardian","floor":22.0,"turns":3.0},{"damage":11.0,"enemies":"Gremlin Leader","floor":23.0,"turns":4.0},{"damage":10.0,"enemies":"Snake Plant","floor":24.0,"turns":4.0},{"damage":1.0,"enemies":"Centurion and Healer","floor":28.0,"turns":3.0},{"damage":22.0,"enemies":"Slavers","floor":29.0,"turns":3.0},{"damage":7.0,"enemies":"Shelled Parasite and Fungi","floor":30.0,"turns":2.0},{"damage":5.0,"enemies":"Masked Bandits","floor":31.0,"turns":3.0},{"damage":5.0,"enemies":"Automaton","floor":33.0,"turns":5.0},{"damage":0.0,"enemies":"Orb Walker","floor":35.0,"turns":2.0},{"damage":7.0,"enemies":"3 Darklings","floor":36.0,"turns":2.0},{"damage":0.0,"enemies":"Spire Growth","floor":38.0,"turns":3.0},{"damage":0.0,"enemies":"Writhing Mass","floor":39.0,"turns":3.0},{"damage":1.0,"enemies":"Reptomancer","floor":40.0,"turns":2.0},{"damage":0.0,"enemies":"4 Shapes","floor":41.0,"turns":2.0},{"damage":31,"enemies":"Nemesis","floor":42,"turns":4},{"damage":0,"enemies":"Giant Head","floor":48,"turns":4},{"damage":25,"enemies":"Awakened One","floor":50,"turns":4}],"seed_played":"4494449258677458329","potions_obtained":[{"floor":1.0,"key":"Energy Potion"},{"floor":5.0,"key":"EssenceOfSteel"},{"floor":6.0,"key":"FearPotion"},{"floor":10.0,"key":"Swift Potion"},{"floor":18.0,"key":"LiquidMemories"},{"floor":28.0,"key":"FairyPotion"},{"floor":30.0,"key":"Regen Potion"},{"floor":38.0,"key":"DistilledChaos"},{"floor":41.0,"key":"Explosive Potion"}],"is_trial":false,"path_per_floor":["M","?","M","?","M","E","E","E","T","M","R","E","R","E","R","B",null,"M","$","?","?","M","E","M","?","T","R","M","E","M","?","R","B",null,"M","M","$","M","M","E","M","E","T","R","?","R","$","E","R","B",null],"character_chosen":"DEFECT","items_purchased":["Panache","Bag of Preparation","Gremlin Horn","DataDisk","Symbiotic Virus"],"campfire_rested":1,"item_purchase_floors":[19,19,37,47,47],"current_hp_per_floor":[69,69,69,69,66,51,35,20,20,17,39,39,39,38,38,33,75,75,75,61,61,61,50,40,40,40,40,51,41,46,41,41,48,80,80,73,73,73,73,72,72,41,41,41,41,41,41,43,43,57],"gold":55,"neow_bonus":"","is_daily":true,"chose_seed":false,"campfire_upgraded":7,"win_rate":0,"timestamp":1607636593,"path_taken":["M","?","?","?","?","E","E","E","T","M","R","E","R","E","R","BOSS","M","$","?","?","M","E","M","?","T","R","M","E","M","?","R","BOSS","M","M","$","M","M","E","M","E","T","R","?","R","$","E","R","BOSS"],"build_version":"2020-11-30","purchased_purges":0,"victory":true,"max_hp_per_floor":[75,75,75,75,75,75,75,75,75,75,75,75,75,75,75,75,75,75,75,80,80,80,80,80,80,80,80,80,80,80,80,80,80,80,80,80,80,80,80,80,80,80,80,80,80,80,80,82,82,82],"card_choices":[{"not_picked":["CrushJoints","Evaluate"],"picked":"ThirdEye","floor":1.0},{"not_picked":["Auto Shields","DeceiveReality"],"picked":"Consume","floor":3.0},{"not_picked":["FlyingSleeves","Doom and Gloom"],"picked":"Scrape","floor":5.0},{"not_picked":["Thunder Strike","Scrawl"],"picked":"Wish","floor":6.0},{"not_picked":["All For One","Meteor Strike"],"picked":"Seek","floor":7.0},{"not_picked":["Ragnarok","Biased Cognition","ConjureBlade"],"picked":"SKIP","floor":8.0},{"not_picked":["Collect","CutThroughFate"],"picked":"Evaluate","floor":10.0},{"not_picked":["Streamline","CutThroughFate"],"picked":"Hologram","floor":11.0},{"not_picked":["Seek","SpiritShield","Hyperbeam"],"picked":"SKIP","floor":12.0},{"not_picked":["Judgement","Brilliance","Hyperbeam"],"picked":"SKIP","floor":14.0},{"not_picked":["Turbo","Sanctity"],"picked":"BattleHymn","floor":18.0},{"not_picked":["Reprogram","Barrage+1","Vengeance"],"picked":"SKIP","floor":22.0},{"not_picked":["Electrodynamics","Machine Learning"],"picked":"Creative AI","floor":23.0},{"not_picked":["Halt","Coolheaded","Protect"],"picked":"SKIP","floor":24.0},{"not_picked":["ClearTheMind","CutThroughFate+1"],"picked":"Storm","floor":28.0},{"not_picked":["Blasphemy","Scrawl"],"picked":"DevaForm","floor":29.0},{"not_picked":["ThirdEye","Vengeance"],"picked":"Gash+1","floor":30.0},{"not_picked":["SignatureMove+1","Study"],"picked":"Consecrate+1","floor":31.0},{"not_picked":["Rainbow","DeusExMachina"],"picked":"Electrodynamics","floor":33.0},{"not_picked":["FollowUp+1","Stack","Streamline"],"picked":"SKIP","floor":35.0},{"not_picked":["Perseverance","Genetic Algorithm+1"],"picked":"ClearTheMind","floor":36.0},{"not_picked":["Steam Power","Sweeping Beam","Hologram+1"],"picked":"SKIP","floor":38.0},{"not_picked":["WheelKick+1","Turbo","ThirdEye+1"],"picked":"SKIP","floor":39.0},{"not_picked":["Biased Cognition","Brilliance"],"picked":"LessonLearned","floor":40.0},{"not_picked":["Ball Lightning","WheelKick"],"picked":"Consecrate","floor":41.0},{"not_picked":["Fission","Scrawl"],"picked":"Biased Cognition","floor":42},{"not_picked":["Electrodynamics","Blasphemy","Biased Cognition"],"picked":"Singing Bowl","floor":48}],"player_experience":164922,"relics_obtained":[{"floor":6.0,"key":"WingedGreaves"},{"floor":7.0,"key":"Dream Catcher"},{"floor":8.0,"key":"Bottled Flame"},{"floor":9.0,"key":"Orichalcum"},{"floor":12.0,"key":"Centennial Puzzle"},{"floor":14.0,"key":"Ginger"},{"floor":23.0,"key":"InkBottle"},{"floor":26.0,"key":"Meat on the Bone"},{"floor":29.0,"key":"Dead Branch"},{"floor":31.0,"key":"Red Mask"},{"floor":34.0,"key":"Nunchaku"},{"floor":34.0,"key":"Pantograph"},{"floor":34.0,"key":"StoneCalendar"},{"floor":40.0,"key":"Singing Bowl"},{"floor":42,"key":"White Beast Statue"},{"floor":43,"key":"Unceasing Top"},{"floor":48,"key":"Boot"}],"event_choices":[{"damage_healed":0.0,"max_hp_gain":0.0,"max_hp_loss":0.0,"gold_gain":0.0,"event_name":"Match and Keep!","player_choice":"0 cards matched","floor":2.0,"gold_loss":0.0,"damage_taken":0.0,"cards_obtained":[]},{"damage_healed":0.0,"max_hp_gain":0.0,"max_hp_loss":0.0,"gold_gain":0.0,"event_name":"The Woman in Blue","player_choice":"Bought 0 Potions","floor":4.0,"gold_loss":0.0,"damage_taken":0.0},{"damage_healed":0.0,"max_hp_gain":5.0,"max_hp_loss":0.0,"gold_gain":0.0,"event_name":"Forgotten Altar","player_choice":"Shed Blood","floor":20.0,"gold_loss":0.0,"damage_taken":19.0},{"cards_removed":["Double Energy"],"damage_healed":0.0,"max_hp_gain":0.0,"max_hp_loss":0.0,"gold_gain":0.0,"event_name":"Back to Basics","player_choice":"Elegance","floor":21.0,"gold_loss":0.0,"damage_taken":0.0},{"damage_healed":0.0,"max_hp_gain":0.0,"max_hp_loss":0.0,"gold_gain":0.0,"event_name":"Drug Dealer","player_choice":"Inject Mutagens","floor":25.0,"gold_loss":0.0,"damage_taken":0.0,"relics_obtained":["MutagenicStrength"]},{"damage_healed":0.0,"max_hp_gain":0.0,"max_hp_loss":0.0,"gold_gain":0.0,"event_name":"Masked Bandits","player_choice":"Fought Bandits","floor":31.0,"gold_loss":0.0,"damage_taken":0.0},{"damage_healed":0,"gold_gain":222,"player_choice":"Wore Mask","damage_taken":0,"max_hp_gain":0,"max_hp_loss":0,"event_name":"Tomb of Lord Red Mask","floor":45,"gold_loss":0}],"is_beta":false,"boss_relics":[{"not_picked":["SlaversCollar","Empty Cage"],"picked":"FrozenCore"},{"not_picked":["Runic Dome","Coffee Dripper"],"picked":"Calling Bell"}],"items_purged_floors":[],"is_endless":false,"potions_floor_spawned":[1,5,6,10,14,18,28,30,31,33,35,38,41,48],"ascension_level":0}}