{"host":"ypphcgdomtfqpc2w","time":1607599088,"event":{"gold_per_floor":[119,133,133,144,144,144,160,160,160,171,203,218,218,253,253,330,330,340,340,340,183,183,183,211,211,211,254,254,179,191,211,211,298,298,314,2,2,21,37,37,66,66,99,133,83,95,105,105,105,105,105],"floor_reached":50,"playtime":3653,"items_purged":["Bite","Bite","Normality"],"score":1086,"play_id":"d287e538-2d0b-42f2-bf26-bbe4601da4b9","local_time":"20201210201808","is_ascension_mode":true,"campfire_choices":[{"data":"Bouncing Flask","floor":6.0,"key":"SMITH"},{"data":"Burst","floor":8.0,"key":"SMITH"},{"floor":13.0,"key":"REST"},{"floor":15.0,"key":"REST"},{"data":"Acrobatics","floor":23.0,"key":"SMITH"},{"floor":25.0,"key":"REST"},{"data":"Bullet Time","floor":32.0,"key":"SMITH"},{"data":"Survivor","floor":40.0,"key":"SMITH"},{"floor":42.0,"key":"RECALL"},{"data":"Acrobatics","floor":49.0,"key":"SMITH"}],"neow_cost":"NONE","seed_source_timestamp":29829556840700,"circlet_count":0,"master_deck":["AscendersBane","Defend_G","Defend_G","Defend_G","Defend_G","Survivor+1","Neutralize+1","Endless Agony","Bouncing Flask+1","Burst+1","Predator","Bullet Time+1","Bite","Bite","Acrobatics+1","Acrobatics+1","Escape Plan+1","Wraith Form v2+1","Backflip+1"],"special_seed":0,"relics":["Ring of the Snake","Potion Belt","Singing Bowl","Smiling Mask","Cursed Key","Happy Flower","CeramicFish","Snecko Eye","White Beast Statue","The Specimen","Pocketwatch"],"potions_floor_usage":[50,50],"damage_taken":[{"damage":1.0,"enemies":"Jaw Worm","floor":1.0,"turns":3.0},{"damage":0.0,"enemies":"2 Louse","floor":2.0,"turns":4.0},{"damage":12.0,"enemies":"Small Slimes","floor":4.0,"turns":4.0},{"damage":2.0,"enemies":"3 Louse","floor":7.0,"turns":4.0},{"damage":10.0,"enemies":"2 Fungi Beasts","floor":10.0,"turns":2.0},{"damage":12.0,"enemies":"Gremlin Nob","floor":11.0,"turns":3.0},{"damage":3.0,"enemies":"Looter","floor":12.0,"turns":2.0},{"damage":12.0,"enemies":"Lagavulin","floor":14.0,"turns":6.0},{"damage":50.0,"enemies":"Slime Boss","floor":16.0,"turns":12.0},{"damage":19.0,"enemies":"2 Thieves","floor":18.0,"turns":5.0},{"damage":43.0,"enemies":"Slavers","floor":24.0,"turns":8.0},{"damage":13.0,"enemies":"Book of Stabbing","floor":27.0,"turns":4.0},{"damage":1.0,"enemies":"Spheric Guardian","floor":30.0,"turns":4.0},{"damage":7.0,"enemies":"3 Cultists","floor":31.0,"turns":5.0},{"damage":14.0,"enemies":"Champ","floor":33.0,"turns":7.0},{"damage":8.0,"enemies":"3 Shapes","floor":35.0,"turns":6.0},{"damage":0.0,"enemies":"3 Darklings","floor":38.0,"turns":3.0},{"damage":0.0,"enemies":"Maw","floor":39.0,"turns":7.0},{"damage":14.0,"enemies":"Giant Head","floor":41.0,"turns":6.0},{"damage":0.0,"enemies":"Mind Bloom Boss Battle","floor":44.0,"turns":7.0},{"damage":6.0,"enemies":"Writhing Mass","floor":46.0,"turns":5.0},{"damage":0.0,"enemies":"Spire Growth","floor":47.0,"turns":4.0},{"damage":87,"enemies":"Time Eater","floor":50,"turns":12}],"seed_played":"-1952074166331432555","potions_obtained":[{"floor":4.0,"key":"DistilledChaos"},{"floor":10.0,"key":"Explosive Potion"},{"floor":12.0,"key":"SkillPotion"},{"floor":16.0,"key":"Dexterity Potion"},{"floor":18.0,"key":"GamblersBrew"},{"floor":31.0,"key":"Ancient Potion"},{"floor":33.0,"key":"Poison Potion"},{"floor":35.0,"key":"Swift Potion"},{"floor":38.0,"key":"SneckoOil"},{"floor":39.0,"key":"CunningPotion"},{"floor":41.0,"key":"DistilledChaos"},{"floor":46.0,"key":"SpeedPotion"}],"is_trial":false,"path_per_floor":["M","M","?","M","?","R","M","R","T","M","E","M","R","E","R","B",null,"M","?","?","$","?","R","E","R","T","E","?","?","M","M","R","B",null,"M","$","?","M","M","R","E","R","T","?","$","M","M","?","R","B"],"character_chosen":"THE_SILENT","items_purchased":["Acrobatics","PowerPotion","White Beast Statue"],"campfire_rested":3,"item_purchase_floors":[21,21,36],"current_hp_per_floor":[58,58,58,46,46,46,44,44,44,34,22,21,41,31,52,4,55,38,38,38,38,25,25,8,25,25,24,24,24,39,46,46,52,58,62,62,62,64,66,66,57,57,57,68,68,70,72,72,72,0,0],"gold":105,"neow_bonus":"UPGRADE_CARD","is_prod":false,"is_daily":false,"chose_seed":false,"campfire_upgraded":6,"win_rate":0,"timestamp":1607599088,"path_taken":["M","M","?","M","?","R","M","R","T","M","E","?","R","E","R","BOSS","M","?","?","$","?","R","E","R","T","E","?","?","M","M","R","BOSS","M","$","?","M","?","R","E","R","T","?","$","M","M","?","R","BOSS"],"build_version":"2020-11-30","purchased_purges":3,"victory":false,"max_hp_per_floor":[66,66,66,66,66,66,66,66,66,66,66,68,68,70,70,72,72,74,51,51,51,56,56,58,58,58,58,58,58,60,60,60,60,60,62,62,62,64,66,66,68,68,68,68,68,70,72,72,72,72,72],"relic_stats":{"Singing Bowl":24,"Happy Flower":[23],"counters":[23,123],"CeramicFish":45,"Snecko Eye":[158,116,158,147],"Smiling Mask":150,"Cursed Key":1,"obtain_stats":[{"Potion Belt":9,"Singing Bowl":11,"Happy Flower":24,"The Specimen":41,"CeramicFish":27,"Snecko Eye":34,"Smiling Mask":14,"Cursed Key":17,"White Beast Statue":36,"Ring of the Snake":0,"Pocketwatch":44},{"Potion Belt":4,"Singing Bowl":6,"Happy Flower":11,"The Specimen":19,"CeramicFish":12,"Snecko Eye":15,"Smiling Mask":8,"Cursed Key":9,"White Beast Statue":16,"Ring of the Snake":0,"Pocketwatch":20},{"Potion Belt":15,"Singing Bowl":20,"Happy Flower":53,"The Specimen":95,"CeramicFish":57,"Snecko Eye":73,"Smiling Mask":28,"Cursed Key":40,"White Beast Statue":79,"Ring of the Snake":0,"Pocketwatch":102}],"Ring of the Snake":[49],"Pocketwatch":[6]},"card_choices":[{"not_picked":["Deflect","Accuracy","Outmaneuver"],"picked":"SKIP","floor":1.0},{"not_picked":["Cloak And Dagger","Slice"],"picked":"Endless Agony","floor":2.0},{"not_picked":["Deadly Poison","Escape Plan"],"picked":"Slice","floor":4.0},{"not_picked":["Deflect","Dagger Spray"],"picked":"Burst","floor":7.0},{"not_picked":["Dash","Flying Knee"],"picked":"Predator","floor":10.0},{"not_picked":["Accuracy","Flechettes"],"picked":"Bullet Time","floor":11.0},{"not_picked":["Flying Knee","Calculated Gamble","Cloak And Dagger"],"picked":"Singing Bowl","floor":12.0},{"not_picked":["Dodge and Roll","Outmaneuver","Bouncing Flask"],"picked":"Singing Bowl","floor":14.0},{"not_picked":["Burst","Glass Knife","Storm of Steel"],"picked":"Singing Bowl","floor":16.0},{"not_picked":["Terror","Prepared","Slice"],"picked":"Singing Bowl","floor":18.0},{"not_picked":["PiercingWail","Setup","Deflect+1"],"picked":"Singing Bowl","floor":24.0},{"not_picked":["Heel Hook","Eviscerate"],"picked":"Acrobatics","floor":27.0},{"not_picked":["Slice","Deadly Poison","Bane"],"picked":"Singing Bowl","floor":30.0},{"not_picked":["Terror","Dagger Spray"],"picked":"Escape Plan+1","floor":31.0},{"not_picked":["Grand Finale","Night Terror"],"picked":"Wraith Form v2","floor":33.0},{"not_picked":["Expertise","Deflect+1","Dodge and Roll"],"picked":"Singing Bowl","floor":35.0},{"not_picked":["Sucker Punch","Terror","Outmaneuver"],"picked":"Singing Bowl","floor":38.0},{"not_picked":["Dagger Throw","Dash","Tactician"],"picked":"Singing Bowl","floor":39.0},{"not_picked":["Sucker Punch","Burst","Flying Knee"],"picked":"Singing Bowl","floor":41.0},{"not_picked":["Expertise","Deadly Poison"],"picked":"Backflip+1","floor":44.0},{"not_picked":["Infinite Blades","Dodge and Roll","Dagger Spray+1"],"picked":"Singing Bowl","floor":46.0},{"not_picked":["Infinite Blades","Deadly Poison","Concentrate"],"picked":"Singing Bowl","floor":47.0}],"player_experience":1929533,"relics_obtained":[{"floor":9.0,"key":"Potion Belt"},{"floor":11.0,"key":"Singing Bowl"},{"floor":14.0,"key":"Smiling Mask"},{"floor":24.0,"key":"Happy Flower"},{"floor":27.0,"key":"CeramicFish"},{"floor":41.0,"key":"The Specimen"},{"floor":44.0,"key":"Pocketwatch"}],"event_choices":[{"damage_healed":0.0,"max_hp_gain":0.0,"max_hp_loss":0.0,"gold_gain":0.0,"cards_transformed":["Defend_G"],"event_name":"Living Wall","player_choice":"Change","floor":3.0,"gold_loss":0.0,"damage_taken":0.0,"cards_obtained":["Bouncing Flask"]},{"damage_healed":0.0,"max_hp_gain":0.0,"max_hp_loss":0.0,"gold_gain":0.0,"event_name":"Liars Game","player_choice":"Ignored","floor":5.0,"gold_loss":0.0,"damage_taken":0.0},{"damage_healed":0.0,"max_hp_gain":0.0,"max_hp_loss":23.0,"gold_gain":0.0,"event_name":"Vampires","player_choice":"Became a vampire","floor":19.0,"gold_loss":0.0,"damage_taken":0.0,"cards_obtained":["Bite","Bite","Bite","Bite","Bite"]},{"cards_removed":["Slice"],"damage_healed":0.0,"max_hp_gain":0.0,"max_hp_loss":0.0,"gold_gain":0.0,"event_name":"Back to Basics","player_choice":"Elegance","floor":20.0,"gold_loss":0.0,"damage_taken":0.0},{"damage_healed":0.0,"max_hp_gain":5.0,"max_hp_loss":0.0,"gold_gain":0.0,"event_name":"Forgotten Altar","player_choice":"Shed Blood","floor":22.0,"gold_loss":0.0,"damage_taken":18.0},{"damage_healed":0.0,"max_hp_gain":0.0,"max_hp_loss":0.0,"gold_gain":0.0,"event_name":"The Mausoleum","player_choice":"Ignored","floor":28.0,"gold_loss":0.0,"damage_taken":0.0},{"cards_removed":["Bite"],"damage_healed":0.0,"max_hp_gain":0.0,"max_hp_loss":0.0,"gold_gain":0.0,"event_name":"Beggar","player_choice":"Gave Gold","floor":29.0,"gold_loss":75.0,"damage_taken":0.0},{"damage_healed":0.0,"max_hp_gain":0.0,"max_hp_loss":0.0,"gold_gain":0.0,"event_name":"Upgrade Shrine","player_choice":"Upgraded","floor":37.0,"gold_loss":0.0,"damage_taken":0.0,"cards_upgraded":["Wraith Form v2"]},{"damage_healed":0.0,"max_hp_gain":0.0,"max_hp_loss":0.0,"gold_gain":0.0,"event_name":"MindBloom","player_choice":"Fight","floor":44.0,"gold_loss":0.0,"damage_taken":0.0},{"damage_healed":0.0,"max_hp_gain":0.0,"max_hp_loss":0.0,"gold_gain":0.0,"event_name":"Tomb of Lord Red Mask","player_choice":"Ignored","floor":48.0,"gold_loss":0.0,"damage_taken":0.0}],"is_beta":false,"boss_relics":[{"not_picked":["Philosopher\u0027s Stone","Tiny House"],"picked":"Cursed Key"},{"not_picked":["Pandora\u0027s Box","Runic Dome"],"picked":"Snecko Eye"}],"items_purged_floors":[21,36,45],"is_endless":false,"potions_floor_spawned":[4,10,12,16,18,31,33,35,38,39,41,44,46,47],"killed_by":"Time Eater","ascension_level":20}}