{"host":"poop","time":1607636511,"event":{"mods":["BaseMod","Minty Spire (QoL Compilation)","StSLib","Permanent Neow","Shop Mod"],"gold_per_floor":[19,36,51,51,65,65,82,96,167,178,192,192,225,237,237,237,237],"floor_reached":16,"playtime":1107,"items_purged":[],"score":187,"play_id":"e9847740-9146-45ab-8f3f-a7241acbe609","local_time":"20201210154151","is_ascension_mode":true,"campfire_choices":[{"data":"Entrench","floor":6,"key":"SMITH"},{"floor":15,"key":"REST"}],"circlet_count":0,"master_deck":["AscendersBane","Strike_R","Strike_R","Strike_R","Strike_R","Defend_R","Defend_R","Defend_R","Defend_R","Bash","Flame Barrier","Entrench+1","Disarm","Exhume"],"relics":["Burning Blood","Ornamental Fan","Mummified Hand"],"acts_visited":["Exordium"],"potions_floor_usage":[5,7,10,11,13,13,16],"damage_taken":[{"damage":4,"enemies":"Small Slimes","floor":1,"turns":4},{"damage":1,"enemies":"Cultist","floor":2,"turns":4},{"damage":7,"enemies":"Jaw Worm","floor":3,"turns":6},{"damage":15,"enemies":"Lots of Slimes","floor":5,"turns":4},{"damage":1,"enemies":"Looter","floor":7,"turns":5},{"damage":20,"enemies":"2 Fungi Beasts","floor":8,"turns":5},{"damage":20,"enemies":"Exordium Thugs","floor":10,"turns":8},{"damage":13,"enemies":"3 Louse","floor":11,"turns":4},{"damage":31,"enemies":"Lagavulin","floor":13,"turns":12},{"damage":19,"enemies":"Blue Slaver","floor":14,"turns":6},{"damage":68,"enemies":"The Guardian","floor":16,"turns":16}],"seed_played":"-4460563193892619072","potions_obtained":[{"floor":1,"key":"LiquidMemories"},{"floor":4,"key":"CultistPotion"},{"floor":4,"key":"LiquidMemories"},{"floor":7,"key":"BloodPotion"},{"floor":8,"key":"Block Potion"},{"floor":10,"key":"LiquidMemories"},{"floor":14,"key":"Strength Potion"}],"is_trial":false,"path_per_floor":["M","M","M","?","M","R","M","M","T","M","M","?","E","M","R","B"],"character_chosen":"IRONCLAD","items_purchased":[],"campfire_rested":1,"item_purchase_floors":[],"current_hp_per_floor":[90,95,94,94,85,85,90,76,76,62,74,74,49,36,64,0,0],"gold":237,"neow_bonus":"TWENTY_PERCENT_HP_BONUS","is_daily":false,"chose_seed":false,"campfire_upgraded":1,"win_rate":0,"timestamp":1607636511,"path_taken":["M","M","M","?","M","R","M","M","T","M","?","?","E","M","R","BOSS"],"build_version":"2020-12-07","purchased_purges":0,"victory":false,"max_hp_per_floor":[96,96,96,96,96,96,96,96,96,96,96,96,96,96,96,96,96],"card_choices":[{"not_picked":["Whirlwind","Heavy Blade","Warcry"],"picked":"SKIP","floor":1},{"not_picked":["Flex","Armaments"],"picked":"Flame Barrier","floor":2},{"not_picked":["Feel No Pain","Bloodletting","Uppercut"],"picked":"SKIP","floor":3},{"not_picked":["Rampage","Clothesline"],"picked":"Entrench","floor":5},{"not_picked":["Havoc","Metallicize","Sentinel"],"picked":"SKIP","floor":7},{"not_picked":["Blood for Blood","Dropkick","Fire Breathing"],"picked":"SKIP","floor":8},{"not_picked":["Shrug It Off","True Grit","Dual Wield"],"picked":"SKIP","floor":10},{"not_picked":["Pommel Strike","Iron Wave"],"picked":"Disarm","floor":11},{"not_picked":["Heavy Blade","Shrug It Off","Anger"],"picked":"SKIP","floor":13},{"not_picked":["Searing Blow","Perfected Strike"],"picked":"Exhume","floor":14}],"player_experience":506801,"relics_obtained":[{"floor":9,"key":"Ornamental Fan"},{"floor":13,"key":"Mummified Hand"}],"event_choices":[{"damage_healed":0,"gold_gain":0,"player_choice":"Got Potions","damage_taken":0,"max_hp_gain":0,"max_hp_loss":0,"event_name":"Lab","floor":4,"gold_loss":0},{"cards_removed":["Strike_R"],"damage_healed":0,"gold_gain":0,"player_choice":"Offered Basic","damage_taken":0,"max_hp_gain":0,"max_hp_loss":0,"event_name":"Bonfire Elementals","floor":12,"gold_loss":0}],"is_beta":true,"boss_relics":[],"items_purged_floors":[],"is_endless":false,"potions_floor_spawned":[1,7,8,10,14],"killed_by":"The Guardian","ascension_level":10}}