{"host":"41aiv3xl31ieaegf","time":1607635210,"event":{"mods":["BaseMod","AchievementEnabler","Colored Powertips","Highlight Path","Minty Spire (QoL Compilation)","Quick Restart","Rare Cards Sparkle","StSLib","Colored Map","Shop Mod"],"gold_per_floor":[114,114,114,114,129,159,15,15,15,0,15,15,34,53,53,178,178,197,197,222,222,241,241,241,260,335,335,21,21,21,21],"floor_reached":30,"playtime":1307,"items_purged":[],"score":251,"play_id":"08ad29cf-7d54-4d9b-a32d-4d122abb469b","local_time":"20201210162010","daily_mods":["Allstar","Vintage","Night Terrors"],"is_ascension_mode":false,"campfire_choices":[{"data":"Bandage Up","floor":8,"key":"SMITH"},{"floor":15,"key":"REST"},{"data":"Alpha","floor":23,"key":"SMITH"},{"data":"Secret Technique","floor":27,"key":"SMITH"},{"data":"Pray","floor":29,"key":"SMITH"}],"circlet_count":0,"master_deck":["Defend_P+1","Defend_P+1","Defend_P+1","Defend_P+1","Eruption","Vigilance","Master of Strategy","The Bomb","Bandage Up+1","Apotheosis+1","Secret Technique+1","Consecrate","CutThroughFate","WindmillStrike","ClearTheMind","Injury","Alpha+1","Pain","Bite","Bite","Bite","Bite","Bite","Shame","Pray+1","BattleHymn+1","Magnetism+1"],"special_seed":18606,"relics":["PureWater","Boot","Bronze Scales","GoldenEye","Darkstone Periapt","Smiling Mask","Golden Idol","Eternal Feather","Torii","Cursed Key","Frozen Egg 2","Potion Belt","Ornamental Fan","MutagenicStrength","Peace Pipe","Pantograph"],"acts_visited":["Exordium","TheCity"],"potions_floor_usage":[6,6,16,22],"damage_taken":[{"damage":6,"enemies":"Cultist","floor":1,"turns":3},{"damage":15,"enemies":"2 Louse","floor":5,"turns":3},{"damage":13,"enemies":"Lagavulin","floor":6,"turns":4},{"damage":0,"enemies":"Jaw Worm","floor":11,"turns":3},{"damage":7,"enemies":"Blue Slaver","floor":13,"turns":3},{"damage":18,"enemies":"Large Slime","floor":14,"turns":7},{"damage":37,"enemies":"The Guardian","floor":16,"turns":8},{"damage":0,"enemies":"Chosen","floor":18,"turns":4},{"damage":5,"enemies":"Shell Parasite","floor":22,"turns":4},{"damage":46,"enemies":"Shelled Parasite and Fungi","floor":25,"turns":4},{"damage":71,"enemies":"Slavers","floor":30,"turns":3}],"seed_played":"8996604888150855735","potions_obtained":[{"floor":1,"key":"EssenceOfSteel"},{"floor":5,"key":"StancePotion"},{"floor":11,"key":"FearPotion"},{"floor":14,"key":"SpeedPotion"},{"floor":18,"key":"Weak Potion"}],"is_trial":false,"path_per_floor":["M","?","?","?","M","E","$","R","T","?","M","?","M","M","R","B",null,"M","?","T","?","M","R","?","M","T","R","$","R","E"],"character_chosen":"WATCHER","items_purchased":["CutThroughFate","WindmillStrike","ClearTheMind","Pray","BattleHymn+1","Magnetism+1"],"campfire_rested":1,"item_purchase_floors":[7,7,7,28,28,28],"current_hp_per_floor":[66,66,52,52,41,34,34,34,34,34,40,46,45,33,73,42,73,73,73,79,55,50,55,55,19,25,37,37,52,0,0],"gold":21,"neow_bonus":"","is_daily":true,"chose_seed":false,"campfire_upgraded":4,"win_rate":0.0,"timestamp":1607635210,"path_taken":["M","?","?","?","M","E","?","R","T","?","M","?","?","M","R","BOSS","M","?","?","?","M","R","?","M","T","R","$","R","E"],"build_version":"2020-11-30","purchased_purges":0,"victory":false,"max_hp_per_floor":[72,72,72,72,72,72,72,72,72,72,72,78,78,78,73,73,73,73,73,79,55,55,55,55,55,61,61,61,61,61,61],"card_choices":[{"not_picked":["FlurryOfBlows","Collect"],"picked":"Consecrate","floor":6},{"not_picked":["DeusExMachina","Judgement"],"picked":"Alpha","floor":16}],"player_experience":156824,"relics_obtained":[{"floor":1,"key":"Boot"},{"floor":5,"key":"Bronze Scales"},{"floor":6,"key":"GoldenEye"},{"floor":9,"key":"Darkstone Periapt"},{"floor":11,"key":"Smiling Mask"},{"floor":13,"key":"Eternal Feather"},{"floor":14,"key":"Torii"},{"floor":18,"key":"Frozen Egg 2"},{"floor":20,"key":"Potion Belt"},{"floor":22,"key":"Ornamental Fan"},{"floor":25,"key":"Peace Pipe"},{"floor":26,"key":"Pantograph"}],"event_choices":[{"damage_healed":0,"gold_gain":0,"player_choice":"Ignored","damage_taken":0,"max_hp_gain":0,"max_hp_loss":0,"event_name":"Golden Wing","floor":2,"gold_loss":0},{"damage_healed":0,"gold_gain":0,"player_choice":"Entered Light","damage_taken":14,"max_hp_gain":0,"max_hp_loss":0,"event_name":"Shining Light","floor":3,"gold_loss":0,"cards_upgraded":["Defend_P","Strike_P"]},{"damage_healed":0,"gold_gain":0,"player_choice":"Grow","damage_taken":0,"max_hp_gain":0,"max_hp_loss":0,"event_name":"Living Wall","floor":4,"gold_loss":0,"cards_upgraded":["Apotheosis"]},{"damage_healed":0,"gold_gain":0,"player_choice":"Left Gold","damage_taken":0,"max_hp_gain":0,"max_hp_loss":0,"event_name":"World of Goop","floor":10,"gold_loss":15},{"damage_healed":0,"gold_gain":0,"player_choice":"Take Wound","damage_taken":0,"relics_obtained":["Golden Idol"],"max_hp_gain":0,"max_hp_loss":0,"event_name":"Golden Idol","floor":12,"gold_loss":0,"cards_obtained":["Injury"]},{"damage_healed":0,"gold_gain":0,"player_choice":"Simplicity","damage_taken":0,"max_hp_gain":0,"max_hp_loss":0,"event_name":"Back to Basics","floor":19,"gold_loss":0,"cards_upgraded":["Strike_P","Strike_P","Strike_P","Defend_P","Defend_P","Defend_P"]},{"damage_healed":0,"gold_gain":0,"player_choice":"Became a vampire","damage_taken":0,"max_hp_gain":0,"max_hp_loss":24,"event_name":"Vampires","floor":21,"gold_loss":0,"cards_obtained":["Bite","Bite","Bite","Bite","Bite"]},{"damage_healed":0,"gold_gain":0,"player_choice":"Inject Mutagens","damage_taken":0,"relics_obtained":["MutagenicStrength"],"max_hp_gain":0,"max_hp_loss":0,"event_name":"Drug Dealer","floor":24,"gold_loss":0}],"is_beta":false,"boss_relics":[{"not_picked":["Runic Dome","Black Star"],"picked":"Cursed Key"}],"items_purged_floors":[],"is_endless":false,"potions_floor_spawned":[1,5,11,14,18],"killed_by":"Slavers","ascension_level":0}}