{"host":"9el4dfae55z5uwq4","time":1607639169,"event":{"mods":["BaseMod","Colored Map","StSLib","Colored Powertips","Custom Start","DeckTracker","Minty Spire (QoL Compilation)","SuperFastMode","Lobotomy"],"gold_per_floor":[112,112,123,48,61,89,89,89,89,89,123,135,135,147,147,147,147],"floor_reached":16,"playtime":349,"items_purged":["Defend_G"],"score":220,"play_id":"de67c2ca-619d-4fe4-9bbc-a1c6b899e627","local_time":"20201211072609","is_ascension_mode":true,"campfire_choices":[{"data":"Neutralize","floor":8.0,"key":"SMITH"},{"floor":10.0,"key":"REST"},{"floor":15.0,"key":"REST"}],"circlet_count":0,"master_deck":["AscendersBane","Strike_G","Strike_G","Strike_G","Defend_G","Defend_G","Defend_G","Defend_G","Survivor","Neutralize+1","Sucker Punch","Heel Hook","Backflip","Venomology","Grand Finale"],"special_seed":0,"relics":["Ring of the Snake","Gambling Chip","Turnip","InkBottle","FaceOfCleric"],"acts_visited":["Exordium"],"potions_floor_usage":[16,16],"damage_taken":[{"damage":0.0,"enemies":"2 Louse","floor":1.0,"turns":3.0},{"damage":4.0,"enemies":"Small Slimes","floor":3.0,"turns":4.0},{"damage":0.0,"enemies":"Cultist","floor":5.0,"turns":3.0},{"damage":42.0,"enemies":"Gremlin Nob","floor":6.0,"turns":5.0},{"damage":29.0,"enemies":"3 Sentries","floor":11.0,"turns":8.0},{"damage":0.0,"enemies":"Large Slime","floor":12.0,"turns":1.0},{"damage":0.0,"enemies":"Blue Slaver","floor":14.0,"turns":1.0},{"damage":25,"enemies":"The Guardian","floor":16,"turns":14}],"seed_played":"4645865561389640892","potions_obtained":[{"floor":5.0,"key":"Energy Potion"},{"floor":11.0,"key":"SpeedPotion"},{"floor":12.0,"key":"Ancient Potion"}],"is_trial":false,"path_per_floor":["M","?","M","$","M","E","?","R","T","R","E","M","?","M","R","B"],"character_chosen":"THE_SILENT","items_purchased":[],"campfire_rested":2,"item_purchase_floors":[],"current_hp_per_floor":[59,59,55,55,55,13,13,13,13,32,3,3,3,4,24,0,0],"gold":147,"neow_bonus":"REMOVE_CARD","is_daily":false,"chose_seed":true,"campfire_upgraded":1,"win_rate":0,"timestamp":1607639169,"path_taken":["M","?","M","$","M","E","?","R","T","R","E","M","?","M","R","BOSS"],"build_version":"2020-11-30","purchased_purges":1,"victory":false,"max_hp_per_floor":[66,66,66,66,66,66,66,66,66,66,66,66,66,67,67,67,67],"card_choices":[{"not_picked":["Dagger Throw","Outmaneuver"],"picked":"Sucker Punch","floor":1.0},{"not_picked":["Prepared","Flying Knee"],"picked":"Heel Hook","floor":3.0},{"not_picked":["Quick Slash","Eviscerate"],"picked":"Backflip","floor":5.0},{"not_picked":["All Out Attack","Accuracy"],"picked":"Venomology","floor":6.0},{"not_picked":["Outmaneuver","Dash"],"picked":"Grand Finale","floor":11.0},{"not_picked":["Dodge and Roll","Predator","Deflect"],"picked":"SKIP","floor":12.0},{"not_picked":["Poisoned Stab","Bane","Underhanded Strike"],"picked":"SKIP","floor":14.0}],"player_experience":1546278,"relics_obtained":[{"floor":6.0,"key":"Gambling Chip"},{"floor":9.0,"key":"Turnip"},{"floor":11.0,"key":"InkBottle"}],"event_choices":[{"cards_removed":["Strike_G"],"damage_healed":0.0,"max_hp_gain":0.0,"max_hp_loss":0.0,"gold_gain":0.0,"event_name":"Living Wall","player_choice":"Forget","floor":2.0,"gold_loss":0.0,"damage_taken":0.0},{"damage_healed":0.0,"max_hp_gain":0.0,"max_hp_loss":0.0,"gold_gain":0.0,"event_name":"Shining Light","player_choice":"Ignored","floor":7.0,"gold_loss":0.0,"damage_taken":0.0},{"damage_healed":0.0,"max_hp_gain":0.0,"max_hp_loss":0.0,"gold_gain":0.0,"event_name":"FaceTrader","player_choice":"Trade","floor":13.0,"gold_loss":0.0,"damage_taken":0.0,"relics_obtained":["FaceOfCleric"]}],"is_beta":false,"boss_relics":[],"items_purged_floors":[4],"is_endless":false,"potions_floor_spawned":[5,11,12],"killed_by":"The Guardian","ascension_level":20}}