{"host":"bg0cyinkrjnqf173","time":1607641835,"event":{"mods":["Aspiration","BaseMod","Beaked The Cultist","Better Third Choice","BetterRewards","Colored Map","Conspire","Custom Start","Defuse TimeMaze Blight","Displayed Cursed Tome","Googly Eyes","Halation","Hermit","Hubris","Infinite Spire","Jedi Mod","Minty Spire (QoL Compilation)","Permanent Neow","Quick Restart","Rare Cards Sparkle","Relic Sorter","Replay The Spire","Shop Mod","Spicy Shops","Spikes Relics","StSLib","The Bladedancer","The Construct","The Valiant"],"gold_per_floor":[114,114,124,78,96,96,109,135,158,158,181,181,194,213,213,318,318,318,318],"floor_reached":18,"playtime":1055,"items_purged":[],"score":195,"play_id":"50116c8b-6812-44d0-83f2-09d30fd394a5","local_time":"20201210181035","is_ascension_mode":true,"campfire_choices":[{"data":"beaked:Insight","floor":6,"key":"SMITH"},{"data":"beaked:Windmill","floor":15,"key":"SMITH"}],"circlet_count":0,"master_deck":["beaked:Strike_Y","beaked:Strike_Y","beaked:Strike_Y","beaked:Strike_Y","beaked:Strike_Y","beaked:Strike_Y","beaked:Defend_Y","beaked:Defend_Y","beaked:Defend_Y","beaked:Defend_Y","beaked:Ceremony","beaked:Ceremony","beaked:Ceremony","beaked:Windmill+1","beaked:TuckingFeathers","beaked:Insight+1","beaked:Struggle","beaked:VigorBurst","beaked:CursingBlood","ReplayTheSpireMod:Wings of Steel","beaked:CheekyTricks"],"relics":["beaked:MendingPlumage","hubris:Icosahedron","Toy Ornithopter","Mango","Centennial Puzzle","hubris:Towel","Odd Mushroom","jedi:paperlyon"],"acts_visited":["Exordium","TheCity"],"potions_floor_usage":[],"damage_taken":[{"damage":7,"enemies":"2 Louse","floor":1,"turns":4},{"damage":11,"enemies":"infinitespire:Voidling","floor":3,"turns":4},{"damage":0,"enemies":"Small Slimes","floor":5,"turns":5},{"damage":14,"enemies":"2 Fungi Beasts","floor":7,"turns":4},{"damage":43,"enemies":"3 Sentries","floor":8,"turns":7},{"damage":27,"enemies":"The Mushroom Lair","floor":11,"turns":5},{"damage":22,"enemies":"conspire:2 RoseBushes","floor":13,"turns":5},{"damage":32,"enemies":"3 Louse","floor":14,"turns":5},{"damage":59,"enemies":"Hexaghost","floor":16,"turns":16},{"damage":0,"enemies":"3 Byrds","floor":18,"turns":1}],"seed_played":"-2317892190937466978","potions_obtained":[{"floor":5,"key":"jedi:hoardpotion"},{"floor":7,"key":"DuplicationPotion"},{"floor":8,"key":"Regen Potion"}],"is_trial":false,"path_per_floor":["M","?","M","$","M","R","M","E","T","?","?","?","M","M","R","B",null,"M"],"character_chosen":"BEAKED_THE_CULTIST","items_purchased":["beaked:TuckingFeathers"],"campfire_rested":0,"item_purchase_floors":[4],"current_hp_per_floor":[50,50,46,46,50,50,46,40,40,40,35,35,64,45,45,41,69,69,69],"gold":318,"neow_bonus":"RANDOM_EVENT","is_daily":false,"chose_seed":false,"campfire_upgraded":2,"win_rate":0.0,"timestamp":1607641835,"path_taken":["M","?","?","$","M","R","M","E","T","?","?","?","M","?","R","BOSS","M"],"items_purchased_type":["Card"],"build_version":"2020-11-30","purchased_purges":0,"victory":false,"max_hp_per_floor":[50,50,50,50,50,50,50,69,69,69,69,69,69,69,69,69,69,69,69],"card_choices":[{"not_picked":["beaked:Struggle","beaked:CursingBlood"],"picked":"beaked:Windmill","floor":1},{"not_picked":["beaked:Tweet","beaked:Flinch","beaked:Molting"],"picked":"SKIP","floor":3},{"not_picked":["beaked:BarbedWire","beaked:CheekyTricks"],"picked":"beaked:Insight","floor":5},{"not_picked":["beaked:Flinch","beaked:TuckingFeathers"],"picked":"beaked:Struggle","floor":7},{"not_picked":["beaked:SurvivalInstinct","beaked:Cower"],"picked":"beaked:VigorBurst","floor":8},{"not_picked":["beaked:MachineSpirit","beaked:MimicWarrior"],"picked":"beaked:CursingBlood","floor":11},{"not_picked":["beaked:Resilience","beaked:WarriorEssence"],"picked":"ReplayTheSpireMod:Wings of Steel","floor":13},{"not_picked":["beaked:Struggle","ReplayTheSpireMod:RavenHex","beaked:FeelMyPain"],"picked":"SKIP","floor":14},{"not_picked":["beaked:MachineEssence","beaked:ShadowFade"],"picked":"beaked:CheekyTricks","floor":16}],"player_experience":739223,"relics_obtained":[{"floor":8,"key":"Mango"},{"floor":9,"key":"Centennial Puzzle"},{"floor":11,"key":"Odd Mushroom"}],"event_choices":[{"damage_healed":0,"gold_gain":0,"player_choice":"Box","damage_taken":0,"relics_obtained":["Toy Ornithopter"],"max_hp_gain":0,"max_hp_loss":0,"event_name":"Big Fish","floor":0,"gold_loss":0,"cards_obtained":["Regret"]},{"cards_removed":["Regret"],"damage_healed":0,"gold_gain":0,"player_choice":"Removed Curses","damage_taken":0,"max_hp_gain":0,"max_hp_loss":0,"event_name":"Fountain of Cleansing","floor":2,"gold_loss":0},{"damage_healed":0,"gold_gain":0,"player_choice":"Fought Mushrooms","damage_taken":0,"max_hp_gain":0,"max_hp_loss":0,"event_name":"Mushrooms","floor":11,"gold_loss":0}],"is_beta":false,"boss_relics":[{"not_picked":["conspire:RoyalGoblet","jedi:battlestandard"],"picked":"jedi:paperlyon"}],"items_purged_floors":[],"is_endless":false,"potions_floor_spawned":[5,7,8,13],"killed_by":"3 Byrds","ascension_level":1}}