{"host":"ecaj4hn004xnnrw9","time":1607643316,"event":{"mods":["BaseMod","AchievementEnabler","StSLib","Hermit","Quick Restart","Minty Spire (QoL Compilation)","Replay The Spire","The Cursed"],"gold_per_floor":[109,109,37,52,65,98,117,150,226,326,46,57,71,95,95,193,193,207,220,230,230,240,268,268,279,351,351,383,398,408,419,419,520,570,580,40,40,51,51,51,80,114,114,130,147,181,197,217,217,217,217,217,39,73,73],"floor_reached":56,"playtime":6706,"items_purged":["ReplayTheSpireMod:Restless Dread","ReplayTheSpireMod:Doomed","Injury"],"score":1875,"play_id":"693233ad-59f6-427b-860b-597373aa6294","local_time":"20201210233516","is_ascension_mode":true,"campfire_choices":[{"floor":15,"key":"DIG"},{"data":"Tantrum","floor":24,"key":"SMITH"},{"data":"DeusExMachina","floor":32,"key":"SMITH"},{"data":"Vault","floor":40,"key":"SMITH"},{"floor":49,"key":"RECALL"}],"circlet_count":0,"master_deck":["Strike_P+1","Defend_P+1","Defend_P+1","Defend_P+1","Eruption+1","Vigilance+1","TalkToTheHand+1","LessonLearned+1","Consecrate+1","BowlingBash+1","CarveReality+1","EmptyBody+1","WreathOfFlame+1","WreathOfFlame+1","Halt+1","FlurryOfBlows+1","Conclude+1","CommonCold","Tantrum+1","Consecrate+1","FlurryOfBlows+1","TalkToTheHand+1","Vault+1","Halt+1","Vault+1","TheCursedMod:Dregs","ClearTheMind+1","FollowUp+1","Consecrate+1","Omniscience+1"],"relics":["Cursed Key","ReplayFunnel","Gambling Chip","Quantum Egg","PreservedInsect","Odd Mushroom","Centennial Puzzle","Replay:Grab Bag","Replay:Bronze Core","Coffee Dripper","Runic Pyramid","Replay:Drink Me","The Courier","Replay:Mystery Machine","Eternal Feather","FossilizedHelix","Tiny House","Pen Nib","Anchor","Melange","Ancient Tea Set","Prayer Wheel","Ice Cream","ReplayTheSpireMod:Ninjato","ReplayTheSpireMod:Lightbulb"],"acts_visited":["Exordium","TheCity","TheBeyond","TheEnding"],"potions_floor_usage":[4,7,18,19,23,28,31,33,50,50,55,55],"damage_taken":[{"damage":2,"enemies":"Jaw Worm","floor":1,"turns":2},{"damage":4,"enemies":"Cultist","floor":4,"turns":5},{"damage":0,"enemies":"Small Slimes","floor":5,"turns":2},{"damage":19,"enemies":"3 Sentries","floor":6,"turns":11},{"damage":0,"enemies":"Exordium Thugs","floor":7,"turns":3},{"damage":26,"enemies":"Gremlin Nob","floor":8,"turns":3},{"damage":0,"enemies":"3 Louse","floor":12,"turns":3},{"damage":0,"enemies":"2 Fungi Beasts","floor":13,"turns":2},{"damage":0,"enemies":"The Mushroom Lair","floor":14,"turns":3},{"damage":0,"enemies":"Slime Boss","floor":16,"turns":4},{"damage":0,"enemies":"2 Thieves","floor":18,"turns":2},{"damage":4,"enemies":"3 Byrds","floor":19,"turns":3},{"damage":0,"enemies":"Snake Plant","floor":20,"turns":4},{"damage":0,"enemies":"Centurion and Healer","floor":22,"turns":3},{"damage":9,"enemies":"Book of Stabbing","floor":23,"turns":5},{"damage":0,"enemies":"Sentry and Sphere","floor":25,"turns":2},{"damage":12,"enemies":"Slavers","floor":28,"turns":1},{"damage":0,"enemies":"Cultist and Chosen","floor":29,"turns":2},{"damage":0,"enemies":"Snake Plant","floor":30,"turns":1},{"damage":12,"enemies":"Chosen and Byrds","floor":31,"turns":2},{"damage":0,"enemies":"Automaton","floor":33,"turns":4},{"damage":0,"enemies":"Orb Walker","floor":35,"turns":1},{"damage":0,"enemies":"3 Shapes","floor":38,"turns":2},{"damage":0,"enemies":"Nemesis","floor":41,"turns":3},{"damage":0,"enemies":"Sphere and 2 Shapes","floor":44,"turns":4},{"damage":0,"enemies":"Spire Growth","floor":45,"turns":3},{"damage":0,"enemies":"R_Hoarder","floor":46,"turns":2},{"damage":0,"enemies":"3 Darklings","floor":47,"turns":3},{"damage":0,"enemies":"Transient","floor":48,"turns":7},{"damage":0,"enemies":"Time Eater","floor":50,"turns":3},{"damage":0,"enemies":"Shield and Spear","floor":54,"turns":1},{"damage":62,"enemies":"The Heart","floor":55,"turns":7}],"seed_played":"-3508350488080889208","potions_obtained":[{"floor":1,"key":"Adrenaline Potion"},{"floor":6,"key":"AttackPotion"},{"floor":8,"key":"LifebloodPotion"},{"floor":13,"key":"StancePotion"},{"floor":16,"key":"Elixir"},{"floor":19,"key":"Death Potion"},{"floor":22,"key":"StancePotion"},{"floor":25,"key":"Swift Potion"},{"floor":29,"key":"Swift Potion"},{"floor":30,"key":"EntropicBrew"},{"floor":31,"key":"AttackPotion"},{"floor":34,"key":"Ambrosia"}],"is_trial":false,"path_per_floor":["M","?","$","M","M","E","M","E","T","?","$","M","M","?","R","B",null,"M","M","M","?","M","E","R","M","T","?","E","M","M","M","R","B",null,"M","$","?","M","T","R","E","?","T","M","M","E","M","M","R","B",null,"R","$","E","B",null],"character_chosen":"WATCHER","items_purchased":["LessonLearned","WreathOfFlame","PreservedInsect","Halt","Pen Nib","Anchor","Melange","Vault","Strength Potion","Strength Potion"],"campfire_rested":0,"item_purchase_floors":[3,11,11,36,36,36,36,36,53,53],"current_hp_per_floor":[70,70,70,66,66,47,47,21,21,21,21,21,21,21,21,21,46,46,42,42,42,42,33,33,33,33,54,42,42,42,30,42,42,56,56,56,56,56,56,59,59,36,36,36,36,36,36,36,54,54,58,59,59,59,17],"gold":73,"neow_bonus":"BOSS_RELIC","is_daily":false,"chose_seed":false,"campfire_upgraded":3,"win_rate":0,"timestamp":1607643316,"path_taken":["M","?","?","M","M","E","M","E","T","?","$","?","M","?","R","BOSS","M","M","M","?","M","E","R","M","T","?","E","?","M","M","R","BOSS","M","$","?","M","?","R","E","?","T","?","M","E","M","M","R","BOSS","R","$","E","BOSS"],"build_version":"2020-11-30","purchased_purges":3,"victory":true,"max_hp_per_floor":[72,72,72,72,72,72,72,72,72,72,72,72,72,72,72,72,54,54,54,54,54,54,54,54,54,54,54,54,54,54,54,54,54,59,59,59,59,59,59,59,59,59,59,59,59,59,59,59,59,59,59,59,59,59,59],"card_choices":[{"not_picked":["DeceiveReality","Perseverance"],"picked":"TalkToTheHand","floor":1},{"not_picked":["Perseverance","PathToVictory"],"picked":"Consecrate","floor":4},{"not_picked":["FollowUp","Adaptation"],"picked":"BowlingBash","floor":5},{"not_picked":["FlurryOfBlows","Replay:Anticipation"],"picked":"CarveReality","floor":6},{"not_picked":["Study","Swivel","ClearTheMind"],"picked":"SKIP","floor":7},{"not_picked":["Replay:ManipulateFuture","CrushJoints"],"picked":"EmptyBody","floor":8},{"not_picked":["Prostrate","BowlingBash"],"picked":"Halt","floor":12},{"not_picked":["CutThroughFate","Prostrate","Crescendo"],"picked":"SKIP","floor":13},{"not_picked":["Replay:ManipulateFuture","CrushJoints"],"picked":"FlurryOfBlows","floor":14},{"not_picked":["Replay:BluntJabs+1","EmptyMind+1"],"picked":"Conclude","floor":18},{"not_picked":["Replay:ManipulateFuture+1","Indignation","InnerPeace"],"picked":"SKIP","floor":19},{"not_picked":["EmptyFist","FollowUp","Nirvana"],"picked":"SKIP","floor":20},{"not_picked":["CutThroughFate","Collect+1","Replay:ManipulateFuture"],"picked":"SKIP","floor":22},{"not_picked":["Prostrate+1","EmptyFist"],"picked":"Tantrum","floor":23},{"not_picked":["Replay:ManipulateFuture+1","JustLucky"],"picked":"Consecrate+1","floor":25},{"not_picked":["Protect+1","PathToVictory"],"picked":"FlurryOfBlows","floor":28},{"not_picked":["PathToVictory","BowlingBash"],"picked":"DeusExMachina","floor":29},{"not_picked":["Pray","Replay:BluntJabs"],"picked":"TalkToTheHand","floor":30},{"not_picked":["FollowUp","JustLucky","EmptyBody+1"],"picked":"SKIP","floor":31},{"not_picked":["Replay:AllIn","Establishment"],"picked":"Vault","floor":33},{"not_picked":["Weave+1","Protect","Tantrum"],"picked":"SKIP","floor":35},{"not_picked":["Halt+1","Replay:BluntJabs","LikeWater"],"picked":"SKIP","floor":38},{"not_picked":["Crescendo","ThirdEye+1"],"picked":"ClearTheMind+1","floor":41},{"not_picked":["LikeWater+1","InnerPeace+1","Replay:Cycle"],"picked":"SKIP","floor":44},{"not_picked":["FlyingSleeves+1","ThirdEye+1","Fasting2+1"],"picked":"SKIP","floor":44},{"not_picked":["EmptyFist+1","Halt"],"picked":"FollowUp+1","floor":45},{"not_picked":["LikeWater","Evaluate+1","Devotion"],"picked":"SKIP","floor":45},{"not_picked":["Replay:AtTheReady+1","JustLucky","Collect+1"],"picked":"SKIP","floor":46},{"not_picked":["SashWhip","Evaluate+1"],"picked":"Consecrate+1","floor":47},{"not_picked":["Perseverance","Study+1","SandsOfTime"],"picked":"SKIP","floor":47},{"not_picked":["CutThroughFate","ThirdEye+1"],"picked":"Omniscience","floor":48},{"not_picked":["FlurryOfBlows+1","JustLucky","ClearTheMind"],"picked":"SKIP","floor":48},{"not_picked":["Indignation+1","Crescendo","EmptyBody"],"picked":"SKIP","floor":54}],"player_experience":160981,"relics_obtained":[{"floor":6,"key":"ReplayFunnel"},{"floor":8,"key":"Gambling Chip"},{"floor":9,"key":"Quantum Egg"},{"floor":14,"key":"Odd Mushroom"},{"floor":15,"key":"Centennial Puzzle"},{"floor":23,"key":"Replay:Mystery Machine"},{"floor":26,"key":"Eternal Feather"},{"floor":28,"key":"FossilizedHelix"},{"floor":41,"key":"Ancient Tea Set"},{"floor":42,"key":"Prayer Wheel"},{"floor":43,"key":"Ice Cream"},{"floor":46,"key":"ReplayTheSpireMod:Ninjato"},{"floor":54,"key":"ReplayTheSpireMod:Lightbulb"}],"event_choices":[{"cards_removed":["Strike_P"],"damage_healed":0,"gold_gain":0,"player_choice":"Purged","damage_taken":0,"max_hp_gain":0,"max_hp_loss":0,"event_name":"Purifier","floor":2,"gold_loss":0},{"damage_healed":0,"gold_gain":100,"player_choice":"Pray","damage_taken":0,"max_hp_gain":0,"max_hp_loss":0,"event_name":"Golden Shrine","floor":10,"gold_loss":0},{"damage_healed":0,"gold_gain":0,"player_choice":"Fought Mushrooms","damage_taken":0,"max_hp_gain":0,"max_hp_loss":0,"event_name":"Mushrooms","floor":14,"gold_loss":0},{"damage_healed":21,"gold_gain":0,"player_choice":"Full Heal","damage_taken":0,"max_hp_gain":0,"max_hp_loss":0,"event_name":"Wheel of Change","floor":27,"gold_loss":0},{"cards_removed":["DeusExMachina"],"damage_healed":0,"gold_gain":0,"player_choice":"Removed Skill","damage_taken":0,"max_hp_gain":0,"max_hp_loss":0,"event_name":"Falling","floor":37,"gold_loss":0}],"is_beta":false,"boss_relics":[{"not_picked":["Ectoplasm","Ring of Chaos"],"picked":"Replay:Grab Bag"},{"not_picked":["Replay:Wanted Poster","Velvet Choker"],"picked":"Replay:Bronze Core"},{"not_picked":["ReplayTheSpireMod:Onyx Gauntlets","Painkiller Herb"],"picked":"Coffee Dripper"},{"not_picked":["SacredBark","Black Star"],"picked":"Runic Pyramid"},{"not_picked":["Astrolabe","Pandora\u0027s Box"],"picked":"Replay:Drink Me"},{"not_picked":["Abe\u0027s Treasure","Philosopher\u0027s Stone"],"picked":"Tiny House"}],"items_purged_floors":[11,36,53],"is_endless":false,"potions_floor_spawned":[1,6,8,13,16,19,22,25,29,30,31,38,44,45,47],"ascension_level":5}}