{"host":"kpyf5rnb72uwap8k","time":1607605805,"event":{"gold_per_floor":[110,39,54,4,4,33,33,33,33,33,47,47,47,59,59,156,156,175,193,205,27,39,39,59,59,59,158,158,173,205,230,230,333,383,396,396,411,421,433,433,444,479,479,479,492,492,512,524,524,524,524],"floor_reached":50,"playtime":25969,"items_purged":["Strike_R"],"score":573,"play_id":"4c2aef8f-0355-4281-b69d-da2e86a06a51","local_time":"20201210221005","is_ascension_mode":true,"campfire_choices":[{"data":"Pommel Strike","floor":10.0,"key":"SMITH"},{"data":"Rupture","floor":13.0,"key":"SMITH"},{"data":"Bloodletting","floor":15.0,"key":"SMITH"},{"data":"Offering","floor":23.0,"key":"SMITH"},{"data":"True Grit","floor":25,"key":"SMITH"},{"data":"Seeing Red","floor":28,"key":"SMITH"},{"data":"True Grit","floor":32,"key":"SMITH"},{"data":"Power Through","floor":40,"key":"SMITH"},{"data":"Bash","floor":44,"key":"SMITH"},{"floor":49,"key":"REST"}],"neow_cost":"NONE","seed_source_timestamp":247170140614300,"circlet_count":0,"master_deck":["Strike_R","Strike_R+1","Defend_R","Defend_R","Defend_R+1","Defend_R","Bash+1","Bloodletting+1","Wild Strike","Pommel Strike+1","Rupture+1","Fire Breathing","Offering+1","Seeing Red+1","Anger+1","Anger","True Grit+1","Ghostly Armor","Iron Wave+1","True Grit+1","Feel No Pain+1","Power Through+1","Flex+1","Sentinel+1","Ghostly Armor+1","Feel No Pain+1","Flex","Double Tap","Shrug It Off"],"special_seed":0,"relics":["Burning Blood","NeowsBlessing","Self Forming Clay","Meat on the Bone","Shuriken","Matryoshka","Runic Cube","Happy Flower","Molten Egg 2","Bottled Flame","Red Mask","Tiny House","Red Skull","Bag of Preparation","Torii"],"potions_floor_usage":[33,33,33,42,42,50],"damage_taken":[{"damage":0.0,"enemies":"Jaw Worm","floor":1.0,"turns":1.0},{"damage":0.0,"enemies":"2 Louse","floor":3.0,"turns":1.0},{"damage":0.0,"enemies":"Lagavulin","floor":6.0,"turns":2.0},{"damage":0.0,"enemies":"Small Slimes","floor":11.0,"turns":2.0},{"damage":5.0,"enemies":"2 Fungi Beasts","floor":14.0,"turns":3.0},{"damage":41.0,"enemies":"Hexaghost","floor":16.0,"turns":6.0},{"damage":19.0,"enemies":"Chosen","floor":18.0,"turns":2.0},{"damage":31.0,"enemies":"2 Thieves","floor":19.0,"turns":3.0},{"damage":17.0,"enemies":"3 Cultists","floor":20.0,"turns":4.0},{"damage":19.0,"enemies":"Chosen and Byrds","floor":22.0,"turns":2.0},{"damage":12,"enemies":"Cultist and Chosen","floor":24,"turns":3},{"damage":19,"enemies":"Snecko","floor":29,"turns":3},{"damage":19,"enemies":"Book of Stabbing","floor":30,"turns":3},{"damage":17,"enemies":"Masked Bandits","floor":31,"turns":4},{"damage":42,"enemies":"Champ","floor":33,"turns":7},{"damage":9,"enemies":"Orb Walker","floor":35,"turns":4},{"damage":9,"enemies":"3 Shapes","floor":37,"turns":3},{"damage":45,"enemies":"Sphere and 2 Shapes","floor":38,"turns":6},{"damage":15,"enemies":"4 Shapes","floor":39,"turns":4},{"damage":46,"enemies":"Jaw Worm Horde","floor":41,"turns":4},{"damage":36,"enemies":"Reptomancer","floor":42,"turns":7},{"damage":9,"enemies":"Spire Growth","floor":45,"turns":3},{"damage":12,"enemies":"3 Darklings","floor":47,"turns":7},{"damage":30,"enemies":"Jaw Worm Horde","floor":48,"turns":6},{"damage":74,"enemies":"Donu and Deca","floor":50,"turns":9}],"seed_played":"1992185121433910038","potions_obtained":[{"floor":1.0,"key":"Dexterity Potion"},{"floor":16.0,"key":"SneckoOil"},{"floor":18.0,"key":"EssenceOfSteel"},{"floor":20.0,"key":"ColorlessPotion"},{"floor":30,"key":"BloodPotion"},{"floor":33,"key":"ElixirPotion"},{"floor":34,"key":"BloodPotion"},{"floor":38,"key":"Fruit Juice"}],"is_trial":false,"path_per_floor":["M","$","M","?","T","E","?","?","T","R","M","?","R","M","R","B",null,"M","M","M","$","M","R","M","R","T","?","R","M","E","?","R","B",null,"M","?","M","M","M","R","M","E","T","R","M","?","M","M","R","B"],"character_chosen":"IRONCLAD","items_purchased":["Sever Soul","CultistPotion"],"campfire_rested":1,"item_purchase_floors":[2,21],"current_hp_per_floor":[80,80,80,80,80,80,64,57,57,57,63,63,63,64,64,41,80,67,54,55,55,54,54,48,48,48,48,48,47,46,47,47,39,85,82,82,79,52,55,55,27,31,31,31,40,40,46,34,61,0,0],"gold":524,"neow_bonus":"THREE_ENEMY_KILL","is_prod":false,"is_daily":false,"chose_seed":false,"campfire_upgraded":9,"win_rate":0,"timestamp":1607605805,"path_taken":["M","$","M","?","?","E","?","?","T","R","M","?","R","M","R","BOSS","M","M","M","$","M","R","M","R","T","?","R","M","E","?","R","BOSS","M","?","?","M","M","R","M","E","T","R","M","?","M","?","R","BOSS"],"build_version":"2020-11-30","purchased_purges":1,"victory":false,"max_hp_per_floor":[80,80,80,80,80,80,80,80,80,80,80,80,80,80,80,80,80,80,80,80,80,80,80,80,80,80,80,80,80,80,80,80,80,85,85,85,85,85,85,85,85,90,90,90,90,90,90,90,90,90,90],"card_choices":[{"not_picked":["Burning Pact","Metallicize"],"picked":"Bloodletting","floor":1.0},{"not_picked":["Armaments","Iron Wave"],"picked":"Wild Strike","floor":3.0},{"not_picked":["Warcry","Inflame"],"picked":"Pommel Strike","floor":6.0},{"not_picked":["Iron Wave","Headbutt"],"picked":"Rupture","floor":11.0},{"not_picked":["Infernal Blade","Shrug It Off"],"picked":"Fire Breathing","floor":14.0},{"not_picked":["Immolate","Berserk"],"picked":"Offering","floor":16.0},{"not_picked":["Pummel","Twin Strike+1"],"picked":"Seeing Red","floor":18.0},{"not_picked":["Rage","Cleave+1"],"picked":"Anger+1","floor":19.0},{"not_picked":["Ghostly Armor","Infernal Blade"],"picked":"Anger","floor":20.0},{"not_picked":["Warcry","Body Slam","Berserk"],"picked":"SKIP","floor":22.0},{"not_picked":["Iron Wave","Cleave"],"picked":"True Grit","floor":24},{"not_picked":["Whirlwind+1","Body Slam+1"],"picked":"Ghostly Armor","floor":29},{"not_picked":["Carnage+1","Intimidate"],"picked":"Iron Wave+1","floor":30},{"not_picked":["Wild Strike+1","Twin Strike+1"],"picked":"True Grit","floor":31},{"not_picked":["Body Slam+1","Clothesline+1"],"picked":"Feel No Pain+1","floor":34},{"not_picked":["Sword Boomerang+1","Warcry+1","Havoc"],"picked":"SKIP","floor":35},{"not_picked":["Clothesline+1","Rampage+1","Thunderclap+1"],"picked":"SKIP","floor":37},{"not_picked":["Spot Weakness","Feed+1"],"picked":"Power Through","floor":38},{"not_picked":["Clash+1","Sever Soul+1"],"picked":"Flex+1","floor":39},{"not_picked":["Dual Wield+1","Metallicize+1"],"picked":"Sentinel+1","floor":41},{"not_picked":["Warcry+1","Spot Weakness"],"picked":"Ghostly Armor+1","floor":42},{"not_picked":["Perfected Strike+1","Armaments"],"picked":"Feel No Pain+1","floor":45},{"not_picked":["Headbutt+1","Carnage+1"],"picked":"Double Tap","floor":47},{"not_picked":["Heavy Blade+1","Warcry+1"],"picked":"Shrug It Off","floor":48}],"player_experience":204745,"relics_obtained":[{"floor":5.0,"key":"Self Forming Clay"},{"floor":6.0,"key":"Meat on the Bone"},{"floor":9.0,"key":"Shuriken"},{"floor":26,"key":"Happy Flower"},{"floor":26,"key":"Molten Egg 2"},{"floor":30,"key":"Bottled Flame"},{"floor":31,"key":"Red Mask"},{"floor":42,"key":"Red Skull"},{"floor":43,"key":"Bag of Preparation"},{"floor":43,"key":"Torii"}],"event_choices":[{"cards_removed":["Strike_R"],"damage_healed":0.0,"max_hp_gain":0.0,"max_hp_loss":0.0,"gold_gain":0.0,"event_name":"The Cleric","player_choice":"Card Removal","floor":4.0,"gold_loss":50.0,"damage_taken":0.0},{"damage_healed":0.0,"max_hp_gain":0.0,"max_hp_loss":0.0,"gold_gain":0.0,"event_name":"Shining Light","player_choice":"Entered Light","floor":7.0,"gold_loss":0.0,"damage_taken":16.0,"cards_upgraded":["Sever Soul","Strike_R"]},{"cards_removed":["Strike_R"],"damage_healed":0.0,"max_hp_gain":0.0,"max_hp_loss":0.0,"gold_gain":0.0,"event_name":"Golden Wing","player_choice":"Card Removal","floor":8.0,"gold_loss":0.0,"damage_taken":7.0},{"damage_healed":0.0,"max_hp_gain":0.0,"max_hp_loss":0.0,"gold_gain":0.0,"event_name":"Dead Adventurer","player_choice":"Searched \u00271\u0027 times","floor":12.0,"gold_loss":0.0,"damage_taken":0.0,"relics_obtained":["Matryoshka"]},{"damage_healed":0,"gold_gain":99,"player_choice":"Stole From Cult","damage_taken":0,"max_hp_gain":0,"max_hp_loss":0,"event_name":"Nest","floor":27,"gold_loss":0},{"damage_healed":0,"gold_gain":0,"player_choice":"Fought Bandits","damage_taken":0,"max_hp_gain":0,"max_hp_loss":0,"event_name":"Masked Bandits","floor":31,"gold_loss":0},{"damage_healed":0,"gold_gain":0,"player_choice":"Ignored","damage_taken":0,"max_hp_gain":0,"max_hp_loss":0,"event_name":"SecretPortal","floor":36,"gold_loss":0},{"damage_healed":0,"gold_gain":0,"cards_transformed":["Sever Soul"],"player_choice":"Transformed","damage_taken":0,"max_hp_gain":0,"max_hp_loss":0,"event_name":"Transmorgrifier","floor":46,"gold_loss":0,"cards_obtained":["Flex"]}],"is_beta":false,"boss_relics":[{"not_picked":["Calling Bell","SacredBark"],"picked":"Runic Cube"},{"not_picked":["Pandora\u0027s Box","Black Star"],"picked":"Tiny House"}],"items_purged_floors":[21],"is_endless":false,"potions_floor_spawned":[1,16,18,20,22,30,33,38,39,41],"killed_by":"Donu and Deca","ascension_level":2}}