{"host":"cjhtzh7tp54jdfyv","time":1607643674,"event":{"gold_per_floor":[114,128,148,159,159,193,208,208,208,222,247,247,281,299,299,376,376,393,393,412,452,488,520,555,83,163,223,223,274,346,388,388,519,519,591,669,743,815,892,985,985,1079,1132,1226,1301,1373,1373,1451,1451,1511,1571,1571,1571,624,651,651],"floor_reached":57,"playtime":11262,"items_purged":["Bite","Bite"],"score":3068,"play_id":"0acbffea-7662-4c39-bc4f-89cbd88bde79","local_time":"20201210184114","is_ascension_mode":true,"campfire_choices":[{"floor":8.0,"key":"REST"},{"data":"Eruption","floor":12.0,"key":"SMITH"},{"data":"LikeWater","floor":15.0,"key":"SMITH"},{"data":"Apotheosis","floor":32,"key":"SMITH"},{"floor":41,"key":"RECALL"},{"data":"CutThroughFate","floor":47,"key":"SMITH"},{"data":"LikeWater","floor":49,"key":"SMITH"},{"data":"DeusExMachina","floor":53,"key":"SMITH"}],"neow_cost":"NONE","seed_source_timestamp":783191026473100,"circlet_count":0,"master_deck":["AscendersBane","Defend_P","Defend_P","Defend_P","Eruption+1","Vigilance","LikeWater+1","Tantrum","Establishment","FearNoEvil","DeusExMachina+1","LikeWater+1","CutThroughFate+1","Wish","WheelKick","Bite","Bite","Bite+1","Study+1","DeceiveReality","FlurryOfBlows","Apotheosis+1","FearNoEvil+1","Wish","Adaptation","WaveOfTheHand","InnerPeace","FlurryOfBlows","ClearTheMind","ClearTheMind","Wallop+1","Meditate","TalkToTheHand+1","Wish","ClearTheMind","Tantrum"],"special_seed":0,"relics":["Runic Pyramid","Centennial Puzzle","Matryoshka","Pear","Thread and Needle","Philosopher\u0027s Stone","Lizard Tail","OrangePellets","Damaru","Bottled Tornado","Meat on the Bone","Akabeko","VioletLotus","Mango","TeardropLocket","Pen Nib","Whetstone","Frozen Eye","Bottled Flame","Sundial"],"potions_floor_usage":[23,27,29,40,50,54,56],"damage_taken":[{"damage":5.0,"enemies":"Small Slimes","floor":1.0,"turns":4.0},{"damage":0.0,"enemies":"Cultist","floor":2.0,"turns":3.0},{"damage":2.0,"enemies":"Jaw Worm","floor":3.0,"turns":3.0},{"damage":14.0,"enemies":"Gremlin Gang","floor":4.0,"turns":7.0},{"damage":24.0,"enemies":"3 Sentries","floor":6.0,"turns":11.0},{"damage":10.0,"enemies":"Lots of Slimes","floor":7.0,"turns":4.0},{"damage":5.0,"enemies":"2 Fungi Beasts","floor":10.0,"turns":3.0},{"damage":0.0,"enemies":"Lagavulin","floor":11.0,"turns":5.0},{"damage":10.0,"enemies":"3 Sentries","floor":13.0,"turns":10.0},{"damage":0.0,"enemies":"Blue Slaver","floor":14.0,"turns":3.0},{"damage":0,"enemies":"Slime Boss","floor":16,"turns":7},{"damage":0,"enemies":"Chosen","floor":18,"turns":3},{"damage":19,"enemies":"Shell Parasite","floor":20,"turns":10},{"damage":3,"enemies":"Chosen and Byrds","floor":21,"turns":5},{"damage":5,"enemies":"Snecko","floor":22,"turns":4},{"damage":12,"enemies":"Book of Stabbing","floor":23,"turns":2},{"damage":4,"enemies":"Sentry and Sphere","floor":24,"turns":4},{"damage":20,"enemies":"Slavers","floor":27,"turns":5},{"damage":19,"enemies":"Book of Stabbing","floor":29,"turns":5},{"damage":4,"enemies":"Centurion and Healer","floor":30,"turns":7},{"damage":0,"enemies":"3 Cultists","floor":31,"turns":4},{"damage":16,"enemies":"Collector","floor":33,"turns":8},{"damage":39,"enemies":"3 Shapes","floor":35,"turns":10},{"damage":19,"enemies":"Orb Walker","floor":36,"turns":5},{"damage":27,"enemies":"Sphere and 2 Shapes","floor":37,"turns":10},{"damage":25,"enemies":"Spire Growth","floor":38,"turns":8},{"damage":5,"enemies":"Jaw Worm Horde","floor":39,"turns":5},{"damage":22,"enemies":"Reptomancer","floor":40,"turns":10},{"damage":0,"enemies":"Giant Head","floor":42,"turns":6},{"damage":3,"enemies":"Reptomancer","floor":44,"turns":5},{"damage":17,"enemies":"4 Shapes","floor":45,"turns":9},{"damage":1,"enemies":"Sphere and 2 Shapes","floor":46,"turns":11},{"damage":1,"enemies":"3 Darklings","floor":48,"turns":14},{"damage":10,"enemies":"Awakened One","floor":50,"turns":9},{"damage":36,"enemies":"Donu and Deca","floor":51,"turns":9},{"damage":53,"enemies":"Shield and Spear","floor":55,"turns":20},{"damage":36,"enemies":"The Heart","floor":56,"turns":9}],"seed_played":"1905134472056389664","potions_obtained":[{"floor":4.0,"key":"Regen Potion"},{"floor":7.0,"key":"Ambrosia"},{"floor":10.0,"key":"Strength Potion"},{"floor":11.0,"key":"Weak Potion"},{"floor":13.0,"key":"BlessingOfTheForge"},{"floor":23,"key":"Explosive Potion"},{"floor":27,"key":"LiquidMemories"},{"floor":29,"key":"Energy Potion"},{"floor":31,"key":"DuplicationPotion"},{"floor":36,"key":"GamblersBrew"},{"floor":44,"key":"BlessingOfTheForge"},{"floor":46,"key":"DistilledChaos"}],"is_trial":false,"path_per_floor":["M","M","M","M","?","E","M","R","T","M","E","R","E","M","R","B",null,"M","?","M","M","M","E","M","$","T","E","?","E","M","M","R","B",null,"M","M","M","M","M","E","R","E","T","E","M","M","R","M","R","B","B",null,"R","$","E","B",null],"character_chosen":"WATCHER","items_purchased":["OrangePellets","FlurryOfBlows","Apotheosis","Frozen Eye","Bottled Flame","Fruit Juice","Ancient Potion","Wish","ClearTheMind"],"campfire_rested":1,"item_purchase_floors":[25,25,25,54,54,54,54,54,54],"current_hp_per_floor":[56,56,54,40,40,16,18,38,38,33,43,43,33,33,33,33,67,67,54,54,51,51,49,54,54,54,54,54,41,54,54,54,54,54,36,38,31,29,37,53,53,68,68,68,60,68,68,68,68,68,68,68,68,73,73,64],"gold":651,"neow_bonus":"BOSS_RELIC","is_prod":false,"is_daily":false,"chose_seed":false,"campfire_upgraded":6,"win_rate":0,"timestamp":1607643674,"path_taken":["M","M","M","M","?","E","M","R","T","M","E","R","E","M","R","BOSS","M","?","M","M","M","E","M","$","T","E","?","E","M","M","R","BOSS","M","M","M","M","M","E","R","E","T","E","?","M","R","?","R","BOSS","BOSS","R","$","E","BOSS"],"build_version":"2020-11-30","purchased_purges":2,"victory":true,"max_hp_per_floor":[68,68,68,68,68,68,68,68,68,68,78,78,78,78,78,78,78,78,54,54,54,54,54,54,54,54,54,54,54,54,54,54,54,54,54,54,54,54,54,68,68,68,68,68,68,68,68,68,68,68,68,68,68,73,73,73],"card_choices":[{"not_picked":["Evaluate","CrushJoints","Protect"],"picked":"SKIP","floor":1.0},{"not_picked":["FollowUp","Sanctity","Evaluate"],"picked":"SKIP","floor":2.0},{"not_picked":["FlyingSleeves","BattleHymn"],"picked":"LikeWater","floor":3.0},{"not_picked":["Evaluate","SashWhip"],"picked":"Tantrum","floor":4.0},{"not_picked":["BowlingBash","Wireheading"],"picked":"FearNoEvil","floor":6.0},{"not_picked":["WreathOfFlame","CrushJoints","FlyingSleeves"],"picked":"SKIP","floor":7.0},{"not_picked":["Prostrate","PathToVictory"],"picked":"DeusExMachina","floor":10.0},{"not_picked":["ClearTheMind","JustLucky"],"picked":"LikeWater","floor":11.0},{"not_picked":["ClearTheMind","Ragnarok"],"picked":"CutThroughFate","floor":13.0},{"not_picked":["WindmillStrike","Protect","EmptyBody"],"picked":"SKIP","floor":14.0},{"not_picked":["Judgement","Scrawl"],"picked":"Wish","floor":16},{"not_picked":["CrushJoints","Crescendo+1"],"picked":"WheelKick","floor":18},{"not_picked":["ForeignInfluence","Weave"],"picked":"Study+1","floor":20},{"not_picked":["CrushJoints","EmptyBody","Weave"],"picked":"SKIP","floor":21},{"not_picked":["CrushJoints","EmptyFist","Study"],"picked":"SKIP","floor":22},{"not_picked":["EmptyBody","FollowUp+1","Blasphemy"],"picked":"SKIP","floor":23},{"not_picked":["FlyingSleeves","Study"],"picked":"DeceiveReality","floor":24},{"not_picked":["EmptyFist","PathToVictory"],"picked":"FearNoEvil+1","floor":27},{"not_picked":["Swivel","Nirvana"],"picked":"Adaptation","floor":29},{"not_picked":["ThirdEye+1","CarveReality"],"picked":"WaveOfTheHand","floor":30},{"not_picked":["Pray+1","SignatureMove","Consecrate+1"],"picked":"SKIP","floor":31},{"not_picked":["ForeignInfluence","Protect"],"picked":"InnerPeace","floor":35},{"not_picked":["ThirdEye","Worship"],"picked":"FlurryOfBlows","floor":36},{"not_picked":["Alpha","Consecrate+1","ThirdEye"],"picked":"SKIP","floor":37},{"not_picked":["FollowUp+1","JustLucky"],"picked":"ClearTheMind","floor":38},{"not_picked":["Sanctity+1","Nirvana"],"picked":"ClearTheMind","floor":39},{"not_picked":["Evaluate+1","EmptyBody"],"picked":"Wallop","floor":40},{"not_picked":["Adaptation","Vengeance"],"picked":"Meditate","floor":42},{"not_picked":["Prostrate","Crescendo","JustLucky"],"picked":"SKIP","floor":44},{"not_picked":["Vengeance","Crescendo","Consecrate"],"picked":"SKIP","floor":45},{"not_picked":["EmptyFist","BowlingBash","LessonLearned"],"picked":"SKIP","floor":46},{"not_picked":["EmptyFist","FearNoEvil"],"picked":"TalkToTheHand+1","floor":48},{"not_picked":["Worship","Crescendo"],"picked":"Tantrum","floor":55}],"player_experience":4095838,"relics_obtained":[{"floor":6.0,"key":"Centennial Puzzle"},{"floor":9.0,"key":"Matryoshka"},{"floor":11.0,"key":"Pear"},{"floor":13.0,"key":"Thread and Needle"},{"floor":23,"key":"Lizard Tail"},{"floor":26,"key":"Damaru"},{"floor":26,"key":"Bottled Tornado"},{"floor":27,"key":"Meat on the Bone"},{"floor":29,"key":"Akabeko"},{"floor":40,"key":"Mango"},{"floor":42,"key":"TeardropLocket"},{"floor":43,"key":"Pen Nib"},{"floor":44,"key":"Whetstone"},{"floor":55,"key":"Sundial"}],"event_choices":[{"damage_healed":0.0,"max_hp_gain":0.0,"max_hp_loss":0.0,"gold_gain":0.0,"cards_transformed":["Defend_P"],"event_name":"Transmorgrifier","player_choice":"Transformed","floor":5.0,"gold_loss":0.0,"damage_taken":0.0,"cards_obtained":["Establishment"]},{"damage_healed":0,"gold_gain":0,"player_choice":"Became a vampire","damage_taken":0,"max_hp_gain":0,"max_hp_loss":24,"event_name":"Vampires","floor":19,"gold_loss":0,"cards_obtained":["Bite","Bite","Bite","Bite","Bite"]},{"damage_healed":0,"gold_gain":0,"player_choice":"Copied","damage_taken":0,"max_hp_gain":0,"max_hp_loss":0,"event_name":"Duplicator","floor":28,"gold_loss":0,"cards_obtained":["Wish"]}],"is_beta":false,"boss_relics":[{"not_picked":["Runic Dome","Astrolabe"],"picked":"Philosopher\u0027s Stone"},{"not_picked":["Pandora\u0027s Box","Busted Crown"],"picked":"VioletLotus"}],"items_purged_floors":[25,54],"is_endless":false,"potions_floor_spawned":[4,7,10,11,13,14,23,27,29,31,36,39,44,46,55],"ascension_level":20}}