{"host":"b4asi0laiv85suj9","time":1607573111,"event":{"gold_per_floor":[99,111,122,72,72,72,102,27,53,53,53,73,73,91,91,187,187,203,219,318,329,329,355,315,344,344,344,379,397,317,317,317,421,421,431,431,331,331,93,93,118,118,186,218,218,248,266,276,276,276,276,276,21,56,60],"floor_reached":56,"playtime":1551,"items_purged":["Defend_G","Strike_G","Strike_G","Defend_G"],"score":1965,"play_id":"6a31714f-fca8-434f-8286-434a3f29cb27","local_time":"20201210120511","is_ascension_mode":true,"campfire_choices":[{"data":"MostiFishMod:SparklingWater","floor":6.0,"key":"SMITH"},{"data":"MostiFishMod:NightSea","floor":13.0,"key":"SMITH"},{"data":"MostiFishMod:FrostNova","floor":15.0,"key":"SMITH"},{"data":"MostiFishMod:HiddenBlade","floor":27.0,"key":"SMITH"},{"floor":32.0,"key":"RECALL"},{"data":"MostiFishMod:HiddenBlade","floor":40,"key":"SMITH"},{"data":"MostiFishMod:GrandStart","floor":45,"key":"SMITH"},{"data":"MostiFishMod:FantasySummer","floor":49,"key":"SMITH"},{"data":"Terror","floor":52,"key":"SMITH"}],"neow_cost":"NONE","seed_source_timestamp":5621091100439968,"circlet_count":0,"master_deck":["Strike_G","Strike_G","Defend_G","Survivor","MostiFishMod:Neptune","MostiFishMod:TheEndOfMoonlight","MostiFishMod:SparklingWater+1","MostiFishMod:FantasySummer+1","MostiFishMod:NightSea+1","MostiFishMod:FrostNova+1","MostiFishMod:HiddenBlade+1","Expertise","Terror+1","MostiFishMod:HiddenBlade+1","Backflip","MostiFishMod:GrandStart+1","MostiFishMod:KingOfFree"],"special_seed":0,"relics":["testmod-TestBox","DaveBox","ice","ShadowXiaoBlade","testmod-Motorcycle","MoonlightInvasionPlan","Lantern","ImportantClient","WristBlade","Potion Belt","Happy Flower","testmod-AssaultLearning","InkBottle","SacredBark","testmod-IndustrialRevolution","Nunchaku","Paper Crane","Blue Candle","testmod-Déjàvu","Vajra","Ying","Eternal Feather"],"potions_floor_usage":[41,55,55,55],"damage_taken":[{"damage":0.0,"enemies":"Small Slimes","floor":1.0,"turns":1.0},{"damage":0.0,"enemies":"Jaw Worm","floor":2.0,"turns":2.0},{"damage":0.0,"enemies":"2 Louse","floor":3.0,"turns":3.0},{"damage":5.0,"enemies":"Gremlin Nob","floor":7.0,"turns":3.0},{"damage":0.0,"enemies":"Exordium Thugs","floor":12.0,"turns":2.0},{"damage":0.0,"enemies":"Exordium Wildlife","floor":14.0,"turns":2.0},{"damage":3.0,"enemies":"The Guardian","floor":16.0,"turns":4.0},{"damage":0.0,"enemies":"Spheric Guardian","floor":18.0,"turns":2.0},{"damage":0.0,"enemies":"Chosen","floor":19.0,"turns":2.0},{"damage":0.0,"enemies":"Snake Plant","floor":21.0,"turns":1.0},{"damage":0.0,"enemies":"Slavers","floor":23.0,"turns":2.0},{"damage":0.0,"enemies":"Book of Stabbing","floor":25.0,"turns":2.0},{"damage":0.0,"enemies":"Gremlin Leader","floor":28.0,"turns":2.0},{"damage":0.0,"enemies":"3 Cultists","floor":29.0,"turns":3.0},{"damage":0.0,"enemies":"Champ","floor":33.0,"turns":2.0},{"damage":0.0,"enemies":"Orb Walker","floor":35.0,"turns":1.0},{"damage":0,"enemies":"Nemesis","floor":41,"turns":3},{"damage":5,"enemies":"Reptomancer","floor":44,"turns":3},{"damage":13,"enemies":"Nemesis","floor":46,"turns":3},{"damage":0,"enemies":"3 Darklings","floor":47,"turns":1},{"damage":7,"enemies":"4 Shapes","floor":48,"turns":1},{"damage":9,"enemies":"Awakened One","floor":50,"turns":6},{"damage":5,"enemies":"Shield and Spear","floor":54,"turns":2},{"damage":12,"enemies":"The Heart","floor":55,"turns":5}],"seed_played":"6527136519650092148","potions_obtained":[{"floor":2.0,"key":"GhostInAJar"},{"floor":3.0,"key":"Poison Potion"},{"floor":18.0,"key":"Ancient Potion"},{"floor":23.0,"key":"Strength Potion"},{"floor":24.0,"key":"Fruit Juice"},{"floor":24.0,"key":"GhostInAJar"},{"floor":24.0,"key":"Regen Potion"},{"floor":41,"key":"testmod-SpacePotion"},{"floor":44,"key":"SteroidPotion"}],"is_trial":false,"path_per_floor":["M","M","M","?","?","R","E","$","T","?","?","M","R","M","R","B",null,"M","M","?","M","?","E","?","E","T","R","E","M","$","?","R","B",null,"M","?","$","?","$","R","E","T","T","E","R","E","M","M","R","B",null,"R","$","E","B",null],"character_chosen":"THE_SILENT","items_purchased":["testmod-IndustrialRevolution","Ying","MostiFishMod:KingOfFree"],"campfire_rested":0,"item_purchase_floors":[39,53,53],"current_hp_per_floor":[63,63,63,63,56,56,51,51,51,51,51,51,51,51,51,48,65,65,65,65,65,52,52,57,57,57,57,57,57,57,57,57,57,74,74,74,74,74,74,74,74,74,74,69,69,56,56,49,49,40,70,70,70,66,78],"gold":60,"neow_bonus":"BOSS_RELIC","is_prod":false,"is_daily":false,"chose_seed":false,"campfire_upgraded":8,"win_rate":0,"timestamp":1607573111,"path_taken":["M","M","M","?","?","R","E","$","T","?","?","M","R","M","R","BOSS","M","M","?","M","?","E","?","E","T","R","E","?","$","?","R","BOSS","M","?","$","?","$","R","E","?","T","E","R","E","M","M","R","BOSS","R","$","E","BOSS"],"build_version":"2020-11-30","purchased_purges":4,"victory":true,"max_hp_per_floor":[70,70,70,70,70,70,70,70,70,70,70,70,70,70,70,70,70,70,70,70,70,75,75,80,80,80,80,80,80,80,80,80,80,80,80,80,80,80,80,80,80,80,80,80,80,80,80,80,80,80,80,80,80,80,80],"relic_stats":{"Nunchaku":[4],"Happy Flower":[10],"counters":[24,58],"Blue Candle":[0],"Eternal Feather":0,"obtain_stats":[{"Potion Belt":23,"Lantern":7,"testmod-TestBox":0,"Ying":53,"DaveBox":0,"Happy Flower":25,"SacredBark":34,"Blue Candle":43,"MoonlightInvasionPlan":0,"Vajra":46,"ShadowXiaoBlade":0,"Eternal Feather":54,"ice":0,"Paper Crane":42,"testmod-IndustrialRevolution":39,"Nunchaku":41,"WristBlade":17,"testmod-Motorcycle":0,"testmod-AssaultLearning":26,"testmod-Déjàvu":44,"InkBottle":28,"Ring of the Snake":0,"ImportantClient":16},{"Potion Belt":11,"Lantern":4,"testmod-TestBox":0,"Ying":22,"DaveBox":0,"Happy Flower":12,"SacredBark":15,"Blue Candle":17,"MoonlightInvasionPlan":0,"Vajra":19,"ShadowXiaoBlade":0,"Eternal Feather":23,"ice":0,"Paper Crane":17,"testmod-IndustrialRevolution":16,"Nunchaku":17,"WristBlade":7,"testmod-Motorcycle":0,"testmod-AssaultLearning":12,"testmod-Déjàvu":18,"InkBottle":13,"Ring of the Snake":0,"ImportantClient":7},{"Potion Belt":24,"Lantern":9,"testmod-TestBox":0,"Ying":51,"DaveBox":0,"Happy Flower":26,"SacredBark":33,"Blue Candle":37,"MoonlightInvasionPlan":0,"Vajra":43,"ShadowXiaoBlade":0,"Eternal Feather":53,"ice":0,"Paper Crane":37,"testmod-IndustrialRevolution":34,"Nunchaku":37,"WristBlade":17,"testmod-Motorcycle":0,"testmod-AssaultLearning":26,"testmod-Déjàvu":40,"InkBottle":28,"Ring of the Snake":0,"ImportantClient":17}],"InkBottle":[14]},"card_choices":[{"not_picked":["Dagger Spray","Bane","Heel Hook"],"picked":"SKIP","floor":2.0},{"not_picked":["Bane","MostiFishMod:ThornCasing","Bouncing Flask"],"picked":"SKIP","floor":3.0},{"not_picked":["Tools of the Trade","Malaise","Deflect"],"picked":"SKIP","floor":7.0},{"not_picked":["Skewer","MostiFishMod:PoisonShield"],"picked":"MostiFishMod:FrostNova","floor":12.0},{"not_picked":["Flying Knee","Infinite Blades","Heel Hook"],"picked":"SKIP","floor":14.0},{"not_picked":["MostiFishMod:SpreadingSpore","Grand Finale"],"picked":"MostiFishMod:HiddenBlade","floor":16.0},{"not_picked":["Poisoned Stab","Deflect","Dodge and Roll"],"picked":"SKIP","floor":18.0},{"not_picked":["Bane","Concentrate","Deadly Poison"],"picked":"SKIP","floor":19.0},{"not_picked":["Backstab","Predator"],"picked":"Expertise","floor":21.0},{"not_picked":["Underhanded Strike","Deflect"],"picked":"Terror","floor":23.0},{"not_picked":["Tools of the Trade","Dash","Outmaneuver"],"picked":"SKIP","floor":25.0},{"not_picked":["Bullet Time","Calculated Gamble","Terror"],"picked":"SKIP","floor":28.0},{"not_picked":["Outmaneuver","Terror","Quick Slash+1"],"picked":"SKIP","floor":29.0},{"not_picked":["Glass Knife","Bullet Time"],"picked":"MostiFishMod:HiddenBlade","floor":33.0},{"not_picked":["Slice+1","All Out Attack+1"],"picked":"Backflip","floor":35.0},{"not_picked":["Calculated Gamble+1","Backstab+1","Quick Slash"],"picked":"SKIP","floor":41},{"not_picked":["Quick Slash+1","Footwork+1"],"picked":"MostiFishMod:GrandStart","floor":44},{"not_picked":["Flechettes","Deflect+1","MostiFishMod:FrostNova+1"],"picked":"SKIP","floor":46},{"not_picked":["Bane","Outmaneuver+1","MostiFishMod:PerfectParry"],"picked":"SKIP","floor":47},{"not_picked":["MostiFishMod:GrandStart","Caltrops","Catalyst+1"],"picked":"SKIP","floor":48},{"not_picked":["Dagger Throw+1","Tactician+1","Dodge and Roll"],"picked":"SKIP","floor":54}],"player_experience":158861,"relics_obtained":[{"floor":7.0,"key":"Lantern"},{"floor":16.0,"key":"ImportantClient"},{"floor":23.0,"key":"Potion Belt"},{"floor":25.0,"key":"Happy Flower"},{"floor":26.0,"key":"testmod-AssaultLearning"},{"floor":28.0,"key":"InkBottle"},{"floor":41,"key":"Nunchaku"},{"floor":42,"key":"Paper Crane"},{"floor":43,"key":"Blue Candle"},{"floor":44,"key":"testmod-Déjàvu"},{"floor":46,"key":"Vajra"},{"floor":54,"key":"Eternal Feather"}],"event_choices":[{"cards_removed":["Defend_G"],"damage_healed":0.0,"max_hp_gain":0.0,"max_hp_loss":0.0,"gold_gain":0.0,"event_name":"The Cleric","player_choice":"Card Removal","floor":4.0,"gold_loss":50.0,"damage_taken":0.0},{"cards_removed":["Strike_G"],"damage_healed":0.0,"max_hp_gain":0.0,"max_hp_loss":0.0,"gold_gain":0.0,"event_name":"Golden Wing","player_choice":"Card Removal","floor":5.0,"gold_loss":0.0,"damage_taken":7.0},{"damage_healed":0.0,"max_hp_gain":0.0,"max_hp_loss":0.0,"gold_gain":0.0,"event_name":"Living Wall","player_choice":"Grow","floor":10.0,"gold_loss":0.0,"damage_taken":0.0,"cards_upgraded":["Neutralize"]},{"damage_healed":0.0,"max_hp_gain":0.0,"max_hp_loss":0.0,"gold_gain":0.0,"event_name":"给自己的盒子","player_choice":"Ignored","floor":11.0,"gold_loss":0.0,"damage_taken":0.0},{"damage_healed":0.0,"max_hp_gain":0.0,"max_hp_loss":0.0,"gold_gain":99.0,"event_name":"Nest","player_choice":"Stole From Cult","floor":20.0,"gold_loss":0.0,"damage_taken":0.0},{"damage_healed":0.0,"max_hp_gain":5.0,"max_hp_loss":0.0,"gold_gain":0.0,"event_name":"Forgotten Altar","player_choice":"Shed Blood","floor":22.0,"gold_loss":0.0,"damage_taken":18.0},{"damage_healed":0.0,"max_hp_gain":0.0,"max_hp_loss":0.0,"gold_gain":0.0,"event_name":"The Woman in Blue","player_choice":"Bought 3 Potions","floor":24.0,"gold_loss":0.0,"damage_taken":0.0},{"cards_removed":["Defend_G"],"damage_healed":0.0,"max_hp_gain":0.0,"max_hp_loss":0.0,"gold_gain":0.0,"event_name":"Purifier","player_choice":"Purged","floor":31.0,"gold_loss":0.0,"damage_taken":0.0},{"cards_removed":["Neutralize"],"damage_healed":0.0,"max_hp_gain":0.0,"max_hp_loss":0.0,"gold_gain":0.0,"event_name":"Falling","player_choice":"Removed Attack","floor":36.0,"gold_loss":0.0,"damage_taken":0.0},{"damage_healed":0,"gold_gain":0,"player_choice":"Memory 1","damage_taken":0,"max_hp_gain":0,"max_hp_loss":0,"event_name":"SensoryStone","floor":38,"gold_loss":0}],"is_beta":false,"boss_relics":[{"not_picked":["FixedStarFall","testmod-DreamHouse"],"picked":"WristBlade"},{"not_picked":["RhineFirstAidKit","MostiFishMod:Hod"],"picked":"SacredBark"}],"items_purged_floors":[8,30,37,39],"is_endless":false,"potions_floor_spawned":[2,3,18,23,25,33,41,44],"ascension_level":8}}