{"host":"d7qmn60fs48wu5y6","time":1607637005,"event":{"mods":["BaseMod","Minty Spire (QoL Compilation)","StSLib","The Cursed","The Servant 0.9.4","Shade Mod","Downfall"],"gold_per_floor":[19,119,139,157,157,188,208,221,221,241,241,241,94,112,112,112,112],"floor_reached":16,"playtime":571,"items_purged":["Strike_R"],"score":109,"play_id":"a34f3988-0746-4cda-8be0-d1352f27380f","local_time":"20201210135005","is_ascension_mode":true,"campfire_choices":[{"floor":12,"key":"REST"},{"floor":15,"key":"REST"}],"circlet_count":0,"master_deck":["Strike_R","Strike_R","Strike_R","Defend_R","Defend_R","Defend_R","Defend_R","Bash","Immolate","Iron Wave","Thunderclap","Intimidate","Reckless Charge","Shrug It Off","Shrug It Off","Inflame","Dark Embrace"],"relics":["Burning Blood","Toy Ornithopter","Singing Bowl"],"acts_visited":["Exordium"],"potions_floor_usage":[16,16],"damage_taken":[{"damage":0,"enemies":"Cultist","floor":1,"turns":2},{"damage":6,"enemies":"Jaw Worm","floor":3,"turns":2},{"damage":0,"enemies":"2 Louse","floor":4,"turns":1},{"damage":56,"enemies":"Lagavulin","floor":6,"turns":7},{"damage":1,"enemies":"Exordium Wildlife","floor":7,"turns":2},{"damage":7,"enemies":"3 Louse","floor":8,"turns":2},{"damage":4,"enemies":"Blue Slaver","floor":10,"turns":4},{"damage":3,"enemies":"Red Slaver","floor":14,"turns":3},{"damage":108,"enemies":"Hexaghost","floor":16,"turns":14}],"seed_played":"-4457232782238482027","potions_obtained":[{"floor":7,"key":"SpeedPotion"},{"floor":10,"key":"Regen Potion"},{"floor":14,"key":"GamblersBrew"}],"is_trial":false,"path_per_floor":["M","?","M","M","?","E","M","M","T","M","?","R","$","M","R","B"],"character_chosen":"IRONCLAD","items_purchased":["Inflame"],"campfire_rested":2,"item_purchase_floors":[13],"current_hp_per_floor":[80,80,80,80,73,23,28,27,27,29,29,53,53,56,80,0,0],"gold":112,"neow_bonus":"THREE_RARE_CARDS","is_daily":false,"chose_seed":false,"campfire_upgraded":0,"win_rate":0,"timestamp":1607637005,"path_taken":["M","?","?","M","?","E","M","M","T","M","?","R","?","M","R","BOSS"],"build_version":"2020-11-30","purchased_purges":1,"victory":false,"max_hp_per_floor":[80,80,80,80,80,80,80,80,80,80,80,80,80,80,80,80,80],"card_choices":[{"not_picked":["Limit Break","Impervious"],"picked":"Immolate","floor":0},{"not_picked":["Heavy Blade","Intimidate"],"picked":"Iron Wave","floor":1},{"not_picked":["Anger","Clothesline","Armaments"],"picked":"SKIP","floor":3},{"not_picked":["Heavy Blade","Headbutt"],"picked":"Thunderclap","floor":4},{"not_picked":["Bloodletting","Sever Soul"],"picked":"Intimidate","floor":6},{"not_picked":["Warcry","Heavy Blade"],"picked":"Reckless Charge","floor":7},{"not_picked":["Carnage","Metallicize"],"picked":"Shrug It Off","floor":8},{"not_picked":["Heavy Blade","Perfected Strike"],"picked":"Shrug It Off","floor":10},{"not_picked":["Armaments","Corruption"],"picked":"Dark Embrace","floor":14}],"player_experience":829488,"relics_obtained":[{"floor":6,"key":"Toy Ornithopter"},{"floor":9,"key":"Singing Bowl"}],"event_choices":[{"damage_healed":0,"gold_gain":100,"player_choice":"Gold","damage_taken":0,"max_hp_gain":0,"max_hp_loss":0,"event_name":"Wheel of Change","floor":2,"gold_loss":0},{"cards_removed":["Strike_R"],"damage_healed":0,"gold_gain":0,"player_choice":"Card Removal","damage_taken":7,"max_hp_gain":0,"max_hp_loss":0,"event_name":"Golden Wing","floor":5,"gold_loss":0},{"damage_healed":0,"gold_gain":0,"player_choice":"Searched \u00270\u0027 times","damage_taken":0,"max_hp_gain":0,"max_hp_loss":0,"event_name":"Dead Adventurer","floor":11,"gold_loss":0}],"is_beta":false,"boss_relics":[],"items_purged_floors":[13],"is_endless":false,"potions_floor_spawned":[7,8,10,14],"killed_by":"Hexaghost","ascension_level":1}}