{"host":"fq1bpa5mgr3rtgnr","time":1607590927,"event":{"gold_per_floor":[117,117,136,61,78,105,105,134,161,161,161,161,179,210,210,311,311,327,347,378,391,391,391,402,402,453,453,453,453,131,150,150,150,150],"floor_reached":33,"playtime":1291,"items_purged":["Strike_B","Defend_B"],"score":431,"play_id":"23c4fc1c-0c01-44f3-a2c2-09e15cff3803","local_time":"20201210040207","is_ascension_mode":true,"campfire_choices":[{"data":"Zap","floor":7.0,"key":"SMITH"},{"data":"Hologram","floor":10.0,"key":"SMITH"},{"floor":15.0,"key":"REST"},{"data":"Fission","floor":23.0,"key":"SMITH"},{"data":"Conserve Battery","floor":25.0,"key":"SMITH"},{"data":"Ball Lightning","floor":27.0,"key":"SMITH"},{"data":"Coolheaded","floor":32,"key":"SMITH"}],"neow_cost":"TEN_PERCENT_HP_LOSS","seed_source_timestamp":261941244903400,"circlet_count":0,"master_deck":["Defend_B","Defend_B","Zap+1","Dualcast","Storm","Rainbow","Compile Driver+1","Thunder Strike","Hologram+1","Tempest","Seek","Ball Lightning+1","Conserve Battery+1","Fission+1","Loop","Glacier+1","Ball Lightning","Bite","Bite","Bite","Bite","Bite","Capacitor","Coolheaded+1"],"special_seed":0,"relics":["Cracked Core","Smiling Mask","Ancient Tea Set","Whetstone","PreservedInsect","White Beast Statue","Bottled Flame","Coffee Dripper","Red Mask","DataDisk","MutagenicStrength","Membership Card","MealTicket"],"potions_floor_usage":[33],"damage_taken":[{"damage":0.0,"enemies":"Cultist","floor":1.0,"turns":3.0},{"damage":10.0,"enemies":"Jaw Worm","floor":3.0,"turns":2.0},{"damage":4.0,"enemies":"2 Louse","floor":5.0,"turns":2.0},{"damage":38.0,"enemies":"Lagavulin","floor":6.0,"turns":5.0},{"damage":10.0,"enemies":"Gremlin Nob","floor":8.0,"turns":3.0},{"damage":2.0,"enemies":"2 Fungi Beasts","floor":13.0,"turns":3.0},{"damage":0.0,"enemies":"Lagavulin","floor":14.0,"turns":2.0},{"damage":0.0,"enemies":"Slime Boss","floor":16.0,"turns":6.0},{"damage":12.0,"enemies":"Shell Parasite","floor":18.0,"turns":2.0},{"damage":6.0,"enemies":"Spheric Guardian","floor":19.0,"turns":3.0},{"damage":12.0,"enemies":"Masked Bandits","floor":20.0,"turns":3.0},{"damage":15.0,"enemies":"Shelled Parasite and Fungi","floor":21.0,"turns":4.0},{"damage":15.0,"enemies":"3 Cultists","floor":24.0,"turns":4.0},{"damage":0,"enemies":"Chosen and Byrds","floor":31,"turns":3},{"damage":25,"enemies":"Automaton","floor":33,"turns":4}],"seed_played":"-6316310313414150915","potions_obtained":[{"floor":5.0,"key":"FearPotion"},{"floor":6.0,"key":"Dexterity Potion"},{"floor":13.0,"key":"PowerPotion"},{"floor":14.0,"key":"CultistPotion"},{"floor":16.0,"key":"PotionOfCapacity"},{"floor":18.0,"key":"PowerPotion"},{"floor":19.0,"key":"Energy Potion"},{"floor":20.0,"key":"Dexterity Potion"},{"floor":21.0,"key":"Dexterity Potion"},{"floor":24.0,"key":"Block Potion"}],"is_trial":false,"path_per_floor":["M","?","M","$","M","E","R","E","T","R","T","T","M","E","R","B",null,"M","M","?","M","?","R","M","R","T","R","?","?","$","M","R","B"],"character_chosen":"DEFECT","items_purchased":["Membership Card","Capacitor","MealTicket","Coolheaded"],"campfire_rested":1,"item_purchase_floors":[30,30,30,30],"current_hp_per_floor":[68,68,58,58,54,16,16,6,6,6,6,6,4,4,24,24,68,56,50,38,23,23,23,20,20,20,20,20,13,13,17,17,0,0],"gold":150,"neow_bonus":"TRANSFORM_TWO_CARDS","is_prod":false,"is_daily":false,"chose_seed":false,"campfire_upgraded":6,"win_rate":0,"timestamp":1607590927,"path_taken":["M","?","M","$","M","E","R","E","T","R","?","?","?","E","R","BOSS","M","?","?","M","?","R","M","R","T","R","?","?","?","?","R","BOSS"],"build_version":"2020-11-30","purchased_purges":2,"victory":false,"max_hp_per_floor":[68,68,68,68,68,68,68,68,68,68,68,68,68,68,68,68,68,68,68,68,68,47,47,47,47,47,47,47,52,52,52,52,52,52],"relic_stats":{"counters":[15,49],"MealTicket":0,"PreservedInsect":28,"Whetstone":["Strike_B","Compile Driver"],"Smiling Mask":0,"obtain_stats":[{"PreservedInsect":11,"Whetstone":9,"Smiling Mask":6,"Ancient Tea Set":8,"White Beast Statue":12,"Bottled Flame":14,"DataDisk":26,"MutagenicStrength":28,"MealTicket":30,"Coffee Dripper":17,"Red Mask":20,"Membership Card":30,"Cracked Core":0},{"PreservedInsect":5,"Whetstone":5,"Smiling Mask":4,"Ancient Tea Set":5,"White Beast Statue":5,"Bottled Flame":7,"DataDisk":13,"MutagenicStrength":13,"MealTicket":13,"Coffee Dripper":8,"Red Mask":11,"Membership Card":13,"Cracked Core":0},{"PreservedInsect":15,"Whetstone":15,"Smiling Mask":12,"Ancient Tea Set":15,"White Beast Statue":15,"Bottled Flame":20,"DataDisk":42,"MutagenicStrength":42,"MealTicket":42,"Coffee Dripper":26,"Red Mask":34,"Membership Card":42,"Cracked Core":0}]},"card_choices":[{"not_picked":["Barrage","Leap"],"picked":"Compile Driver","floor":1.0},{"not_picked":["Gash","Compile Driver"],"picked":"Hologram","floor":3.0},{"not_picked":["Stack","Hologram"],"picked":"Tempest","floor":5.0},{"not_picked":["FTL","Steam","Force Field"],"picked":"SKIP","floor":6.0},{"not_picked":["Scrape","Melter"],"picked":"Seek","floor":8.0},{"not_picked":["Capacitor","Coolheaded"],"picked":"Ball Lightning","floor":13.0},{"not_picked":["Beam Cell","Hologram"],"picked":"Conserve Battery","floor":14.0},{"not_picked":["Hyperbeam","Amplify"],"picked":"Fission","floor":16.0},{"not_picked":["Coolheaded","Rebound"],"picked":"Loop","floor":18.0},{"not_picked":["Reinforced Body","Turbo"],"picked":"Glacier+1","floor":19.0},{"not_picked":["Barrage","Sweeping Beam"],"picked":"Ball Lightning","floor":21.0},{"not_picked":["Rebound","Go for the Eyes+1","Biased Cognition"],"picked":"SKIP","floor":24.0},{"not_picked":["Redo","Lockon","Coolheaded"],"picked":"SKIP","floor":31}],"player_experience":340953,"relics_obtained":[{"floor":6.0,"key":"Smiling Mask"},{"floor":8.0,"key":"Ancient Tea Set"},{"floor":9.0,"key":"Whetstone"},{"floor":11.0,"key":"PreservedInsect"},{"floor":12.0,"key":"White Beast Statue"},{"floor":14.0,"key":"Bottled Flame"},{"floor":20.0,"key":"Red Mask"},{"floor":26.0,"key":"DataDisk"}],"event_choices":[{"damage_healed":0.0,"max_hp_gain":0.0,"max_hp_loss":0.0,"gold_gain":0.0,"cards_transformed":["Strike_B"],"event_name":"Living Wall","player_choice":"Change","floor":2.0,"gold_loss":0.0,"damage_taken":0.0,"cards_obtained":["Thunder Strike"]},{"damage_healed":0.0,"max_hp_gain":0.0,"max_hp_loss":0.0,"gold_gain":0.0,"event_name":"Masked Bandits","player_choice":"Fought Bandits","floor":20.0,"gold_loss":0.0,"damage_taken":0.0},{"damage_healed":0.0,"max_hp_gain":0.0,"max_hp_loss":21.0,"gold_gain":0.0,"event_name":"Vampires","player_choice":"Became a vampire","floor":22.0,"gold_loss":0.0,"damage_taken":0.0,"cards_obtained":["Bite","Bite","Bite","Bite","Bite"]},{"damage_healed":0.0,"max_hp_gain":0.0,"max_hp_loss":0.0,"gold_gain":0.0,"event_name":"Drug Dealer","player_choice":"Inject Mutagens","floor":28.0,"gold_loss":0.0,"damage_taken":0.0,"relics_obtained":["MutagenicStrength"]},{"damage_healed":0.0,"max_hp_gain":5.0,"max_hp_loss":0.0,"gold_gain":0.0,"event_name":"Forgotten Altar","player_choice":"Shed Blood","floor":29.0,"gold_loss":0.0,"damage_taken":12.0}],"is_beta":false,"boss_relics":[{"not_picked":["Runic Dome","Fusion Hammer"],"picked":"Coffee Dripper"}],"items_purged_floors":[4,30],"is_endless":false,"potions_floor_spawned":[5,6,13,14,16,18,19,20,21,24,31],"killed_by":"Automaton","ascension_level":4}}