{"host":"3a1ypf1irl30q4k8","time":1607636528,"event":{"mods":["BaseMod","Bestiary","AchievementEnabler","Relic Stats","Colored Map","Minty Spire (QoL Compilation)"],"gold_per_floor":[118,118,128,78,88,114,114,124,124,155,181,211,211,237,237,332,332,344,100,100,114,114,114,142,142,196,225,254,272,291,304,304,404,404,416,638,658,658,237,237,271,271,271,271,298,318,318,339,339,339],"floor_reached":51,"playtime":2735,"items_purged":["Strike_G","Strike_G"],"score":1259,"play_id":"d1ce71ce-5036-4aef-b393-487c3b36ed93","local_time":"20201210214208","is_ascension_mode":true,"campfire_choices":[{"floor":7,"key":"REST"},{"floor":13,"key":"REST"},{"data":"Dagger Spray","floor":15,"key":"SMITH"},{"data":"Wraith Form v2","floor":23,"key":"SMITH"},{"data":"Predator","floor":25,"key":"SMITH"},{"floor":32,"key":"REST"},{"data":"Sadistic Nature","floor":44,"key":"SMITH"},{"floor":49,"key":"REST"}],"circlet_count":0,"master_deck":["AscendersBane","Strike_G","Defend_G","Defend_G","Defend_G","Defend_G+1","Defend_G","Survivor+1","Neutralize","Dagger Spray+1","Dagger Spray+1","Predator+1","Terror","Flying Knee","Dagger Throw","Skewer","Wraith Form v2+1","Dash+1","Backflip","Crippling Poison","Riddle With Holes","Acrobatics+1","PiercingWail","Malaise","Night Terror","Metamorphosis","Wraith Form v2+1","Writhe","Dash+1","Sadistic Nature+1","Terror"],"relics":["SlaversCollar","War Paint","Question Card","White Beast Statue","Centennial Puzzle","Bag of Preparation","Bag of Marbles","Snecko Eye","Sling","Regal Pillow","PreservedInsect","Lizard Tail","Red Mask","Sozu","DollysMirror","Vajra","Pear","CeramicFish","Darkstone Periapt"],"acts_visited":["Exordium","TheCity","TheBeyond"],"potions_floor_usage":[6,10,10,14,21,24,27,33,33,50],"damage_taken":[{"damage":3,"enemies":"Jaw Worm","floor":1,"turns":5},{"damage":11,"enemies":"Small Slimes","floor":3,"turns":4},{"damage":3,"enemies":"2 Louse","floor":5,"turns":3},{"damage":26,"enemies":"Gremlin Nob","floor":6,"turns":4},{"damage":7,"enemies":"2 Fungi Beasts","floor":8,"turns":4},{"damage":20,"enemies":"Lagavulin","floor":10,"turns":5},{"damage":6,"enemies":"Gremlin Nob","floor":12,"turns":3},{"damage":1,"enemies":"3 Sentries","floor":14,"turns":4},{"damage":6,"enemies":"Slime Boss","floor":16,"turns":7},{"damage":6,"enemies":"Spheric Guardian","floor":18,"turns":4},{"damage":2,"enemies":"2 Thieves","floor":21,"turns":2},{"damage":0,"enemies":"Gremlin Leader","floor":24,"turns":3},{"damage":1,"enemies":"Book of Stabbing","floor":27,"turns":3},{"damage":0,"enemies":"Masked Bandits","floor":28,"turns":1},{"damage":0,"enemies":"Snake Plant","floor":29,"turns":4},{"damage":1,"enemies":"3 Cultists","floor":30,"turns":4},{"damage":9,"enemies":"Cultist and Chosen","floor":31,"turns":7},{"damage":0,"enemies":"Automaton","floor":33,"turns":8},{"damage":18,"enemies":"3 Darklings","floor":35,"turns":4},{"damage":3,"enemies":"3 Shapes","floor":37,"turns":2},{"damage":3,"enemies":"Reptomancer","floor":41,"turns":3},{"damage":1,"enemies":"Giant Head","floor":45,"turns":6},{"damage":5,"enemies":"Maw","floor":46,"turns":7},{"damage":7,"enemies":"4 Shapes","floor":48,"turns":3},{"damage":47,"enemies":"Time Eater","floor":50,"turns":9}],"seed_played":"4018697559508948001","potions_obtained":[{"floor":3,"key":"CunningPotion"},{"floor":6,"key":"Regen Potion"},{"floor":8,"key":"DistilledChaos"},{"floor":12,"key":"Strength Potion"},{"floor":14,"key":"Energy Potion"},{"floor":16,"key":"DuplicationPotion"},{"floor":21,"key":"Dexterity Potion"},{"floor":24,"key":"GhostInAJar"},{"floor":27,"key":"PowerPotion"},{"floor":33,"key":"CultistPotion"}],"is_trial":false,"path_per_floor":["M","?","M","?","M","E","R","M","T","E","T","E","R","E","R","B",null,"M","$","?","M","?","R","E","R","T","E","?","M","M","M","R","B",null,"M","?","M","?","$","?","E","?","T","R","E","M","T","M","R","B",null],"character_chosen":"THE_SILENT","items_purchased":["Sling","Backflip","Metamorphosis","DollysMirror"],"campfire_rested":4,"item_purchase_floors":[19,19,39,39],"current_hp_per_floor":[60,60,49,49,46,20,41,34,34,28,28,22,43,42,42,36,62,56,56,56,54,54,54,54,54,54,53,53,53,52,43,70,70,70,52,52,49,49,49,67,64,64,74,74,73,68,68,61,80,33],"gold":339,"neow_bonus":"BOSS_RELIC","is_daily":false,"chose_seed":false,"campfire_upgraded":4,"win_rate":0,"timestamp":1607636528,"path_taken":["M","?","M","?","M","E","R","M","T","E","?","E","R","E","R","BOSS","M","$","?","M","?","R","E","R","T","E","?","M","M","M","R","BOSS","M","?","M","?","$","?","E","?","T","R","E","M","?","M","R","BOSS"],"build_version":"2020-11-30","purchased_purges":2,"victory":true,"max_hp_per_floor":[70,70,70,70,70,70,70,70,70,70,70,70,70,70,70,70,70,70,70,70,70,70,70,70,70,70,70,70,70,70,70,70,70,70,70,70,70,70,70,70,70,70,80,80,80,80,80,80,80,80],"relic_stats":{"Darkstone Periapt":0,"Regal Pillow":6,"counters":[25,109],"CeramicFish":9,"PreservedInsect":233,"Bag of Preparation":[36],"War Paint":["Defend_G","Survivor"],"Question Card":20,"Sozu":6,"Centennial Puzzle":[45],"Lizard Tail":0,"Snecko Eye":[130,149,134,134],"obtain_stats":[{"Darkstone Periapt":47,"Regal Pillow":24,"Pear":43,"CeramicFish":45,"Vajra":41,"PreservedInsect":26,"Bag of Preparation":12,"War Paint":6,"Question Card":9,"Sling":19,"White Beast Statue":10,"Sozu":34,"SlaversCollar":0,"Centennial Puzzle":11,"Lizard Tail":27,"DollysMirror":39,"Snecko Eye":17,"Bag of Marbles":14,"Red Mask":28,"Ring of the Snake":0},{"Darkstone Periapt":23,"Regal Pillow":12,"Pear":21,"CeramicFish":22,"Vajra":21,"PreservedInsect":12,"Bag of Preparation":7,"War Paint":4,"Question Card":5,"Sling":10,"White Beast Statue":6,"Sozu":18,"SlaversCollar":0,"Centennial Puzzle":6,"Lizard Tail":13,"DollysMirror":20,"Snecko Eye":9,"Bag of Marbles":8,"Red Mask":14,"Ring of the Snake":0},{"Darkstone Periapt":97,"Regal Pillow":48,"Pear":84,"CeramicFish":90,"Vajra":84,"PreservedInsect":48,"Bag of Preparation":28,"War Paint":16,"Question Card":20,"Sling":43,"White Beast Statue":25,"Sozu":75,"SlaversCollar":0,"Centennial Puzzle":25,"Lizard Tail":51,"DollysMirror":81,"Snecko Eye":39,"Bag of Marbles":32,"Red Mask":52,"Ring of the Snake":0}]},"card_choices":[{"not_picked":["Deadly Poison","Slice"],"picked":"Dagger Spray","floor":1},{"not_picked":["Dodge and Roll","Acrobatics"],"picked":"Dagger Spray","floor":3},{"not_picked":["Setup","Finisher"],"picked":"Predator","floor":5},{"not_picked":["Riddle With Holes","Underhanded Strike"],"picked":"Terror","floor":6},{"not_picked":["Dodge and Roll","Acrobatics"],"picked":"Flying Knee","floor":8},{"not_picked":["All Out Attack","Eviscerate","Infinite Blades"],"picked":"Dagger Throw","floor":10},{"not_picked":["Finisher","Calculated Gamble","Reflex"],"picked":"Skewer","floor":12},{"not_picked":["Prepared","Setup","Backstab","Poisoned Stab"],"picked":"SKIP","floor":14},{"not_picked":["Glass Knife","Storm of Steel","Die Die Die"],"picked":"Wraith Form v2","floor":16},{"not_picked":["Cloak And Dagger","Deflect+1","Acrobatics"],"picked":"Dash+1","floor":18},{"not_picked":["Accuracy","Cloak And Dagger","Flying Knee"],"picked":"Crippling Poison","floor":21},{"not_picked":["Caltrops+1","Deadly Poison","Dagger Spray"],"picked":"Riddle With Holes","floor":24},{"not_picked":["Quick Slash+1","Outmaneuver","Backstab"],"picked":"Acrobatics+1","floor":27},{"not_picked":["Sucker Punch+1","Deflect","Bane"],"picked":"PiercingWail","floor":29},{"not_picked":["Endless Agony","Deadly Poison","Underhanded Strike"],"picked":"Malaise","floor":30},{"not_picked":["Dash+1","Prepared+1","Dodge and Roll","Sucker Punch"],"picked":"SKIP","floor":31},{"not_picked":["Malaise","Unload","Burst"],"picked":"Night Terror","floor":33},{"not_picked":["Deflect+1","Setup","Flechettes+1","Skewer"],"picked":"SKIP","floor":35},{"not_picked":["Finisher+1","Slice+1","All Out Attack+1","Prepared+1"],"picked":"SKIP","floor":37},{"not_picked":["Catalyst+1","Endless Agony","Deadly Poison"],"picked":"Dash+1","floor":41},{"not_picked":["Master of Strategy","Violence","Trip"],"picked":"Sadistic Nature","floor":42},{"not_picked":["Dagger Throw","Sucker Punch","Tactician","Catalyst"],"picked":"SKIP","floor":45},{"not_picked":["Choke+1","Heel Hook+1","Catalyst","Deflect"],"picked":"SKIP","floor":46},{"not_picked":["Flechettes+1","Finisher+1","Dash+1"],"picked":"Terror","floor":48}],"player_experience":810130,"relics_obtained":[{"floor":6,"key":"War Paint"},{"floor":9,"key":"Question Card"},{"floor":10,"key":"White Beast Statue"},{"floor":11,"key":"Centennial Puzzle"},{"floor":12,"key":"Bag of Preparation"},{"floor":14,"key":"Bag of Marbles"},{"floor":24,"key":"Regal Pillow"},{"floor":26,"key":"PreservedInsect"},{"floor":27,"key":"Lizard Tail"},{"floor":28,"key":"Red Mask"},{"floor":41,"key":"Vajra"},{"floor":43,"key":"Pear"},{"floor":45,"key":"CeramicFish"},{"floor":47,"key":"Darkstone Periapt"}],"event_choices":[{"damage_healed":0,"gold_gain":0,"player_choice":"Grow","damage_taken":0,"max_hp_gain":0,"max_hp_loss":0,"event_name":"Living Wall","floor":2,"gold_loss":0,"cards_upgraded":["Dagger Spray"]},{"cards_removed":["Strike_G"],"damage_healed":0,"gold_gain":0,"player_choice":"Card Removal","damage_taken":0,"max_hp_gain":0,"max_hp_loss":0,"event_name":"The Cleric","floor":4,"gold_loss":50},{"damage_healed":0,"gold_gain":0,"player_choice":"Ignored","damage_taken":0,"max_hp_gain":0,"max_hp_loss":0,"event_name":"Ghosts","floor":20,"gold_loss":0},{"cards_removed":["Strike_G"],"damage_healed":0,"gold_gain":0,"player_choice":"Elegance","damage_taken":0,"max_hp_gain":0,"max_hp_loss":0,"event_name":"Back to Basics","floor":22,"gold_loss":0},{"damage_healed":0,"gold_gain":0,"player_choice":"Fought Bandits","damage_taken":0,"max_hp_gain":0,"max_hp_loss":0,"event_name":"Masked Bandits","floor":28,"gold_loss":0},{"damage_healed":0,"gold_gain":222,"player_choice":"Wore Mask","damage_taken":0,"max_hp_gain":0,"max_hp_loss":0,"event_name":"Tomb of Lord Red Mask","floor":36,"gold_loss":0},{"damage_healed":0,"gold_gain":0,"player_choice":"Ignored","damage_taken":0,"max_hp_gain":0,"max_hp_loss":0,"event_name":"Mysterious Sphere","floor":38,"gold_loss":0},{"damage_healed":18,"gold_gain":0,"player_choice":"Writhe","damage_taken":0,"max_hp_gain":0,"max_hp_loss":0,"event_name":"Winding Halls","floor":40,"gold_loss":0,"cards_obtained":["Writhe"]},{"damage_healed":0,"gold_gain":0,"player_choice":"Memory 1","damage_taken":0,"max_hp_gain":0,"max_hp_loss":0,"event_name":"SensoryStone","floor":42,"gold_loss":0}],"is_beta":false,"boss_relics":[{"not_picked":["Calling Bell","Empty Cage"],"picked":"Snecko Eye"},{"not_picked":["SacredBark","Runic Dome"],"picked":"Sozu"}],"items_purged_floors":[19,39],"is_endless":false,"potions_floor_spawned":[3,6,8,12,14,16,18,21,24,27,28,29,30,31,33,35,37,41,45,46,48],"ascension_level":11}}