{"host":"x1qj4d8ympd5jdqh","time":1607612008,"event":{"gold_per_floor":[115,115,133,133,147,178,178,208,233,233,233,233,262,262,262,262,262],"floor_reached":16,"playtime":298,"items_purged":[],"score":232,"play_id":"9c9f6383-166e-4802-b8a1-3becb139ca91","local_time":"20201210235328","is_ascension_mode":true,"campfire_choices":[{"floor":7,"key":"REST"},{"data":"Rampage","floor":10,"key":"SMITH"},{"data":"Wild Strike","floor":12,"key":"SMITH"},{"floor":15,"key":"REST"}],"neow_cost":"NONE","seed_source_timestamp":15865540014500,"circlet_count":0,"master_deck":["AscendersBane","Strike_R","Strike_R","Strike_R","Strike_R","Strike_R","Defend_R","Defend_R","Defend_R","Defend_R","Bash+1","Headbutt","Wild Strike+1","Clothesline","Body Slam","Rampage+1","Anger"],"relics":["Burning Blood","Blood Vial","Nunchaku","Omamori","Ginger","Matryoshka","Sundial"],"potions_floor_usage":[6,8,13],"damage_taken":[{"damage":19,"enemies":"Jaw Worm","floor":1,"turns":4},{"damage":10,"enemies":"Small Slimes","floor":3,"turns":3},{"damage":8,"enemies":"2 Louse","floor":5,"turns":3},{"damage":35,"enemies":"3 Sentries","floor":6,"turns":10},{"damage":8,"enemies":"Gremlin Nob","floor":8,"turns":3},{"damage":30,"enemies":"Lagavulin","floor":13,"turns":6},{"damage":39,"enemies":"Hexaghost","floor":16,"turns":7}],"seed_played":"-5613428252068349633","potions_obtained":[{"floor":3,"key":"GamblersBrew"},{"floor":5,"key":"EssenceOfSteel"},{"floor":6,"key":"Strength Potion"}],"is_trial":false,"path_per_floor":["M","?","M","?","M","E","R","E","T","R","T","R","E","?","R","B"],"character_chosen":"IRONCLAD","items_purchased":[],"campfire_rested":2,"item_purchase_floors":[],"current_hp_per_floor":[55,55,51,56,54,25,49,49,49,49,49,49,27,16,40,3,3],"gold":262,"neow_bonus":"UPGRADE_CARD","is_prod":false,"is_daily":false,"chose_seed":false,"campfire_upgraded":2,"win_rate":0,"timestamp":1607612008,"path_taken":["M","?","M","?","M","E","R","E","T","R","?","R","E","?","R","BOSS"],"build_version":"2020-11-30","purchased_purges":0,"victory":false,"max_hp_per_floor":[75,75,75,80,80,80,80,80,80,80,80,80,80,80,80,80,80],"card_choices":[{"not_picked":["Warcry","Combust"],"picked":"Headbutt","floor":1},{"not_picked":["Iron Wave","Reckless Charge"],"picked":"Wild Strike","floor":3},{"not_picked":["Havoc","Armaments"],"picked":"Clothesline","floor":5},{"not_picked":["Headbutt","Warcry"],"picked":"Body Slam","floor":6},{"not_picked":["Sword Boomerang","Seeing Red"],"picked":"Rampage","floor":8},{"not_picked":["Cleave","Iron Wave"],"picked":"Anger","floor":13}],"player_experience":1307113,"relics_obtained":[{"floor":6,"key":"Blood Vial"},{"floor":8,"key":"Nunchaku"},{"floor":9,"key":"Omamori"},{"floor":11,"key":"Ginger"},{"floor":13,"key":"Matryoshka"}],"event_choices":[{"damage_healed":0,"gold_gain":0,"player_choice":"Ignored","damage_taken":0,"max_hp_gain":0,"max_hp_loss":0,"event_name":"Liars Game","floor":2,"gold_loss":0},{"damage_healed":0,"gold_gain":0,"player_choice":"Donut","damage_taken":0,"max_hp_gain":5,"max_hp_loss":0,"event_name":"Big Fish","floor":4,"gold_loss":0},{"damage_healed":0,"gold_gain":0,"player_choice":"Success","damage_taken":11,"relics_obtained":["Sundial"],"max_hp_gain":0,"max_hp_loss":0,"event_name":"Scrap Ooze","floor":14,"gold_loss":0}],"is_beta":false,"boss_relics":[],"items_purged_floors":[],"is_endless":false,"potions_floor_spawned":[3,5,6],"killed_by":"Hexaghost","ascension_level":20}}