{"host":"wvaiab5ya9pyia0u","time":1607634231,"event":{"mods":["BaseMod","StSLib","Hermit","Bestiary","Colored Powertips","Highlight Path","Infinite Spire","Replay The Spire","SacredBarkPlus","Shop Mod","Spicy Shops","The Cursed","The Disciple","The Hierophant","BetterRewards","Conspire","Mimic Mod","Minty Spire (QoL Compilation)","Rare Cards Sparkle","Reworked Bosses","The Runesmith","The Servant 0.9.4","Wandering Minibosses","Aspiration","Hubris","HumanHunterMod(????mod)","Humility","The Construct","The Mystic","everything is the same but u backflip on backflip","slay the spire mod where everything is the same but ironclad has a cowboy hat","Quick Restart","Challenge The Spire","Custom Start","DeckTracker","Practice Mode","The Blue Laboratory","The Factory","The Jungle","TheBandit","Thieving Mod"],"gold_per_floor":[218,35,62,74,74],"floor_reached":4,"playtime":274,"items_purged":["Pain"],"score":30,"play_id":"b9e4d896-a592-478f-8818-8ebaeca67974","local_time":"20201210220351","daily_mods":["challengethespire:Bronze Difficulty","challengethespire:Elite Rush","Uncertain Future"],"is_ascension_mode":false,"campfire_choices":[],"circlet_count":0,"master_deck":["construct:Strike_Gold","construct:Strike_Gold","construct:Strike_Gold","construct:Strike_Gold","construct:Strike_Gold","construct:Defend_Gold","construct:Defend_Gold","construct:Defend_Gold","construct:Defend_Gold","construct:Defend_Gold","construct:AttackMode","construct:DefenseMode","ReplayUltimateDefense+1","construct:Failsafe+1","construct:Anticipate","construct:UnbalancingBlast","construct:CripplingShot+1","construct:Anticipate","construct:Enhance"],"relics":["construct:Cogwheel","Black Star","Sling","PreservedInsect","Calipers","Replay:Rubber Ducky","Guide Book","Bronze Scales","MawBank"],"acts_visited":["Exordium"],"potions_floor_usage":[],"damage_taken":[{"damage":63,"enemies":"Gremlin Nob","floor":3,"turns":5},{"damage":41,"enemies":"Lagavulin","floor":4,"turns":5}],"seed_played":"9154129601735281269","potions_obtained":[],"is_trial":true,"path_per_floor":["$","$","E","E"],"character_chosen":"THE_CONSTRUCT_MOD","items_purchased":["ReplayUltimateDefense","Calipers","construct:Failsafe","Replay:Rubber Ducky","construct:Anticipate","Guide Book","construct:UnbalancingBlast","construct:CripplingShot+1","construct:Anticipate"],"campfire_rested":0,"item_purchase_floors":[1,1,1,1,1,1,2,2,2],"current_hp_per_floor":[85,85,22,0,0],"gold":74,"neow_bonus":"","is_daily":false,"chose_seed":false,"campfire_upgraded":0,"win_rate":0.0,"timestamp":1607634231,"path_taken":["$","$","E","E"],"build_version":"2020-11-30","purchased_purges":1,"victory":false,"max_hp_per_floor":[85,85,85,85,85],"card_choices":[],"player_experience":163841,"relics_obtained":[{"floor":3,"key":"Bronze Scales"},{"floor":3,"key":"MawBank"}],"event_choices":[],"is_beta":false,"boss_relics":[],"items_purged_floors":[1],"is_endless":false,"potions_floor_spawned":[],"killed_by":"Lagavulin","ascension_level":0}}