{"host":"mfnmuqrd82gyb59l","time":1607504047,"event":{"mods":["BaseMod","StSLib","Hermit","Minty Spire (QoL Compilation)","Robot Space Explorer","The Dragon Tamer","The Hierophant"],"gold_per_floor":[113,131,206,206,219,250,258,258,258,289,289,301,301,46,46,99,99,131,131,131,56,56,73,73,73],"floor_reached":24,"playtime":40740,"items_purged":[],"score":174,"play_id":"05a3a20c-0dbe-4a73-a5e7-fd8dd0577a7d","local_time":"20201209195407","is_ascension_mode":false,"campfire_choices":[{"floor":8.0,"key":"REST"},{"floor":11.0,"key":"REST"},{"floor":15.0,"key":"REST"}],"circlet_count":0,"master_deck":["hierophant:Strike_Hierophant","hierophant:Strike_Hierophant","hierophant:Strike_Hierophant","hierophant:Punish+1","hierophant:Defend_Hierophant","hierophant:Defend_Hierophant","hierophant:Defend_Hierophant","hierophant:Defend_Hierophant","hierophant:ChurchCoffers","hierophant:FaithHealing","hierophant:ThreeLashes","hierophant:Doubloon+1","hierophant:Remorse","hierophant:Zeal","hierophant:Smite","hierophant:MintersHammer","hierophant:Glossolalia","hierophant:Refuge","hierophant:Doubloon+1","hierophant:Alms","hierophant:Determination","hierophant:DisplayOfPower","hierophant:Doubloon+1","hierophant:SealAway+1","hierophant:Zeal+1"],"special_seed":0,"relics":["hierophant:PropheticMaskRelic","NeowsBlessing","Bottled Lightning","Singing Bowl","Juzu Bracelet","Gremlin Horn","Boot","Velvet Choker","Bronze Scales"],"acts_visited":[],"potions_floor_usage":[],"damage_taken":[{"damage":0.0,"enemies":"Cultist","floor":1.0,"turns":1.0},{"damage":0.0,"enemies":"2 Louse","floor":2.0,"turns":1.0},{"damage":0.0,"enemies":"Jaw Worm","floor":5.0,"turns":1.0},{"damage":22.0,"enemies":"3 Sentries","floor":6.0,"turns":6.0},{"damage":8.0,"enemies":"Exordium Wildlife","floor":7.0,"turns":4.0},{"damage":32.0,"enemies":"Gremlin Nob","floor":10.0,"turns":4.0},{"damage":26.0,"enemies":"Blue Slaver","floor":12.0,"turns":4.0},{"damage":32.0,"enemies":"Slime Boss","floor":16.0,"turns":8.0},{"damage":0.0,"enemies":"Spheric Guardian","floor":18.0,"turns":2.0},{"damage":17.0,"enemies":"3 Byrds","floor":22.0,"turns":6.0},{"damage":45.0,"enemies":"Gremlin Leader","floor":23.0,"turns":7.0}],"seed_played":"-8398585901363938638","potions_obtained":[{"floor":2.0,"key":"SkillPotion"},{"floor":7.0,"key":"Ancient Potion"},{"floor":10.0,"key":"PowerPotion"},{"floor":12.0,"key":"Swift Potion"},{"floor":22.0,"key":"Dexterity Potion"}],"is_trial":false,"path_per_floor":["M","M","?","?","M","E","M","R","T","E","R","M","?","$","R","B",null,"M","?","?","?","M","E","R"],"character_chosen":"HIEROPHANT","items_purchased":["Boot","hierophant:Refuge","hierophant:Alms"],"campfire_rested":3,"item_purchase_floors":[14,14,14],"current_hp_per_floor":[75,75,64,64,64,42,34,56,56,24,46,20,17,17,39,7,75,75,61,61,61,47,19,19,19],"gold":73,"neow_bonus":"THREE_ENEMY_KILL","is_daily":false,"chose_seed":false,"campfire_upgraded":0,"win_rate":0.0,"timestamp":1607504047,"path_taken":["M","?","?","?","?","E","M","R","T","E","R","M","?","?","R","BOSS","M","?","?","?","M","E","R"],"build_version":"2020-11-30","purchased_purges":0,"victory":false,"max_hp_per_floor":[75,75,75,75,75,75,75,75,75,75,75,75,75,75,75,75,75,75,80,80,80,80,80,80,80],"card_choices":[{"not_picked":["hierophant:HolyVerse","hierophant:FlamingChariot"],"picked":"hierophant:FaithHealing","floor":1.0},{"not_picked":["hierophant:EyeForCoin","hierophant:Exaltation"],"picked":"hierophant:ThreeLashes","floor":2.0},{"not_picked":["hierophant:Smite","hierophant:Charity"],"picked":"hierophant:Remorse","floor":5.0},{"not_picked":["hierophant:Alms","hierophant:HolyVerse"],"picked":"hierophant:Zeal","floor":6.0},{"not_picked":["hierophant:MorningPrayer","hierophant:AuricBeam"],"picked":"hierophant:Smite","floor":7.0},{"not_picked":["hierophant:Anathema","hierophant:SecretStash"],"picked":"hierophant:MintersHammer","floor":10.0},{"not_picked":["hierophant:Embezzle","hierophant:PassingBell"],"picked":"hierophant:Glossolalia","floor":12.0},{"not_picked":["hierophant:Anathema","hierophant:LocustPlague"],"picked":"hierophant:Determination","floor":16.0},{"not_picked":["hierophant:Remorse","hierophant:Sermon"],"picked":"hierophant:DisplayOfPower","floor":18.0},{"not_picked":["hierophant:AuricShield","hierophant:Racketeering"],"picked":"hierophant:SealAway+1","floor":22.0},{"not_picked":["hierophant:Doomsaying+1","hierophant:Rebuild"],"picked":"hierophant:Zeal+1","floor":23.0}],"player_experience":2077884,"relics_obtained":[{"floor":6.0,"key":"Bottled Lightning"},{"floor":9.0,"key":"Singing Bowl"},{"floor":10.0,"key":"Juzu Bracelet"},{"floor":23.0,"key":"Bronze Scales"}],"event_choices":[{"damage_healed":0.0,"max_hp_gain":0.0,"max_hp_loss":0.0,"gold_gain":75.0,"event_name":"World of Goop","player_choice":"Gather Gold","floor":3.0,"gold_loss":0.0,"damage_taken":11.0},{"damage_healed":0.0,"max_hp_gain":0.0,"max_hp_loss":0.0,"gold_gain":0.0,"event_name":"Accursed Blacksmith","player_choice":"Forge","floor":4.0,"gold_loss":0.0,"damage_taken":0.0,"cards_upgraded":["hierophant:Punish"]},{"damage_healed":0.0,"max_hp_gain":0.0,"max_hp_loss":0.0,"gold_gain":0.0,"event_name":"Scrap Ooze","player_choice":"Success","floor":13.0,"gold_loss":0.0,"damage_taken":3.0,"relics_obtained":["Gremlin Horn"]},{"damage_healed":0.0,"max_hp_gain":5.0,"max_hp_loss":0.0,"gold_gain":0.0,"event_name":"Forgotten Altar","player_choice":"Shed Blood","floor":19.0,"gold_loss":0.0,"damage_taken":19.0},{"damage_healed":0.0,"max_hp_gain":0.0,"max_hp_loss":0.0,"gold_gain":0.0,"event_name":"Duplicator","player_choice":"Copied","floor":20.0,"gold_loss":0.0,"damage_taken":0.0,"cards_obtained":["hierophant:Doubloon"]},{"cards_removed":["hierophant:Strike_Hierophant"],"damage_healed":0.0,"max_hp_gain":0.0,"max_hp_loss":0.0,"gold_gain":0.0,"event_name":"Beggar","player_choice":"Gave Gold","floor":21.0,"gold_loss":75.0,"damage_taken":0.0}],"is_beta":false,"boss_relics":[{"not_picked":["SlaversCollar","Snecko Eye"],"picked":"Velvet Choker"}],"items_purged_floors":[],"is_endless":false,"potions_floor_spawned":[2,7,10,12,22],"ascension_level":0}}