{"host":"6jcxerjfmuawfds2","time":1607605595,"event":{"gold_per_floor":[110,185,205,60,77,106,106,123,123,23,23,38,38,54,54,150,150,161,36,36,49,64,64,78,89,89,89,89],"floor_reached":27,"playtime":878,"items_purged":["Strike_G","Strike_G","Strike_G"],"score":239,"play_id":"8593261e-3d91-40e6-b1cc-a2f2e326ea0b","local_time":"20201210220635","is_ascension_mode":true,"campfire_choices":[{"data":"Accuracy","floor":7,"key":"SMITH"},{"data":"Blade Dance","floor":11,"key":"SMITH"},{"floor":13,"key":"REST"},{"data":"Neutralize","floor":15,"key":"SMITH"},{"floor":23,"key":"REST"}],"neow_cost":"NONE","seed_source_timestamp":42358306239000,"circlet_count":0,"master_deck":["Strike_G","Strike_G","Defend_G","Defend_G","Defend_G","Defend_G","Defend_G","Survivor","Neutralize+1","Blade Dance+1","Well Laid Plans+1","Accuracy+1","Dagger Spray","Backflip","PiercingWail","Quick Slash+1","Backflip","Dodge and Roll"],"relics":["Ring of the Snake","Centennial Puzzle","Du-Vu Doll","Torii","SacredBark","Matryoshka"],"potions_floor_usage":[16,24,24,25,27],"damage_taken":[{"damage":0,"enemies":"Jaw Worm","floor":1,"turns":5},{"damage":3,"enemies":"Cultist","floor":3,"turns":4},{"damage":1,"enemies":"Small Slimes","floor":5,"turns":3},{"damage":13,"enemies":"Lagavulin","floor":6,"turns":10},{"damage":12,"enemies":"Exordium Thugs","floor":8,"turns":4},{"damage":1,"enemies":"Blue Slaver","floor":12,"turns":2},{"damage":1,"enemies":"Large Slime","floor":14,"turns":3},{"damage":32,"enemies":"Slime Boss","floor":16,"turns":9},{"damage":13,"enemies":"Spheric Guardian","floor":18,"turns":5},{"damage":12,"enemies":"2 Thieves","floor":21,"turns":3},{"damage":37,"enemies":"Sentry and Sphere","floor":22,"turns":6},{"damage":20,"enemies":"Shelled Parasite and Fungi","floor":24,"turns":3},{"damage":7,"enemies":"Cultist and Chosen","floor":25,"turns":6},{"damage":2,"enemies":"Snake Plant","floor":27,"turns":2}],"seed_played":"7741055048792827830","potions_obtained":[{"floor":3,"key":"Dexterity Potion"},{"floor":8,"key":"LiquidBronze"},{"floor":12,"key":"Ancient Potion"},{"floor":16,"key":"SteroidPotion"},{"floor":25,"key":"Dexterity Potion"}],"is_trial":false,"path_per_floor":["M","?","M","$","M","E","R","M","T","$","R","M","R","M","R","B",null,"M","$","?","M","M","R","M","M","T","M"],"character_chosen":"THE_SILENT","items_purchased":["Accuracy"],"campfire_rested":2,"item_purchase_floors":[4],"current_hp_per_floor":[70,59,56,56,55,42,42,30,30,30,30,29,50,49,49,17,70,57,57,57,45,8,29,9,2,2,0,0],"gold":89,"neow_bonus":"RANDOM_COMMON_RELIC","is_prod":false,"is_daily":false,"chose_seed":false,"campfire_upgraded":3,"win_rate":0,"timestamp":1607605595,"path_taken":["M","?","M","$","M","E","R","M","T","$","R","M","R","M","R","BOSS","M","$","?","?","M","R","M","M","T","M"],"build_version":"2020-11-30","purchased_purges":3,"victory":false,"max_hp_per_floor":[70,70,70,70,70,70,70,70,70,70,70,70,70,70,70,70,70,70,70,70,70,70,70,70,70,70,70,70],"card_choices":[{"not_picked":["Dagger Throw","Sucker Punch"],"picked":"Blade Dance","floor":1},{"not_picked":["Tactician","Underhanded Strike"],"picked":"Well Laid Plans","floor":3},{"not_picked":["Slice","Catalyst"],"picked":"Dagger Spray","floor":5},{"not_picked":["Well Laid Plans","Dodge and Roll","Distraction"],"picked":"SKIP","floor":6},{"not_picked":["Riddle With Holes","Deadly Poison"],"picked":"Backflip","floor":8},{"not_picked":["Leg Sweep","Dagger Spray","Backflip"],"picked":"SKIP","floor":12},{"not_picked":["Dagger Throw","Sucker Punch","Eviscerate"],"picked":"SKIP","floor":14},{"not_picked":["Flying Knee","Deadly Poison"],"picked":"PiercingWail","floor":18},{"not_picked":["Dagger Throw","Bouncing Flask"],"picked":"Quick Slash+1","floor":21},{"not_picked":["Escape Plan+1","Bane"],"picked":"Backflip","floor":22},{"not_picked":["Sucker Punch","Riddle With Holes"],"picked":"Dodge and Roll","floor":24},{"not_picked":["Bouncing Flask","Flying Knee+1","Prepared"],"picked":"SKIP","floor":25}],"player_experience":119149,"relics_obtained":[{"floor":6,"key":"Du-Vu Doll"},{"floor":9,"key":"Torii"},{"floor":26,"key":"Matryoshka"}],"event_choices":[{"damage_healed":0,"gold_gain":75,"player_choice":"Gather Gold","damage_taken":11,"max_hp_gain":0,"max_hp_loss":0,"event_name":"World of Goop","floor":2,"gold_loss":0},{"damage_healed":0,"gold_gain":0,"player_choice":"Forge","damage_taken":0,"max_hp_gain":0,"max_hp_loss":0,"event_name":"Accursed Blacksmith","floor":20,"gold_loss":0,"cards_upgraded":["Well Laid Plans"]}],"is_beta":false,"boss_relics":[{"not_picked":["Pandora\u0027s Box","Tiny House"],"picked":"SacredBark"}],"items_purged_floors":[4,10,19],"is_endless":false,"potions_floor_spawned":[3,8,12,16,21,22,25],"killed_by":"Snake Plant","ascension_level":2}}