{"host":"74dd5wft8qrvuqwb","time":1607601276,"event":{"gold_per_floor":[119,135,135,154,170,196,208,208,282,293,304,324,324,324,324,425,425,445,461,472,472,472,472,472],"floor_reached":22,"playtime":1294,"items_purged":[],"score":192,"play_id":"afa583a1-4ab6-4c5d-8aa7-f2eac1d419d7","local_time":"20201210125436","is_ascension_mode":true,"campfire_choices":[{"floor":8,"key":"REST"},{"floor":13,"key":"REST"},{"data":"MokouMod:Extinguish","floor":15,"key":"SMITH"}],"neow_cost":"NONE","seed_source_timestamp":4612699068700,"circlet_count":0,"master_deck":["MokouMod:Strike","MokouMod:Strike","MokouMod:Strike","MokouMod:Strike","MokouMod:Strike","MokouMod:Defend","MokouMod:Defend","MokouMod:Defend","MokouMod:Defend","MokouMod:HeatSpark","MokouMod:IcarusDive","MokouMod:IgnitionBlast","MokouMod:FusionFlare","MokouMod:Sear","MokouMod:Extinguish+1","MokouMod:Fireball","MokouMod:ControlledCombustion","MokouMod:FlareStarter","MokouMod:Ventilation","MokouMod:HouraiForge","MokouMod:ThermalPressure","MokouMod:HeartofFire+1","MokouMod:EternalBurstReactor","MokouMod:RetainTemperature"],"relics":["MokouMod:PhoenixFeather","Pocketwatch","Pantograph","hubris:Icosahedron","Fusion Hammer","PrismaticShard"],"potions_floor_usage":[6,16,16,22],"damage_taken":[{"damage":1,"enemies":"Jaw Worm","floor":1,"turns":4},{"damage":6,"enemies":"2 Louse","floor":2,"turns":3},{"damage":7,"enemies":"Small Slimes","floor":4,"turns":5},{"damage":11,"enemies":"Blue Slaver","floor":5,"turns":5},{"damage":49,"enemies":"Lagavulin","floor":6,"turns":9},{"damage":2,"enemies":"Large Slime","floor":7,"turns":5},{"damage":0,"enemies":"3 Louse","floor":10,"turns":1},{"damage":19,"enemies":"Blue Slaver","floor":11,"turns":4},{"damage":10,"enemies":"Looter","floor":12,"turns":3},{"damage":52,"enemies":"The Guardian","floor":16,"turns":7},{"damage":28,"enemies":"3 Byrds","floor":18,"turns":5},{"damage":63,"enemies":"Chosen and Byrds","floor":19,"turns":7},{"damage":44,"enemies":"Centurion and Healer","floor":20,"turns":7},{"damage":10,"enemies":"Sentry and Sphere","floor":22,"turns":2}],"seed_played":"-3853926475586862249","potions_obtained":[{"floor":2,"key":"SkillPotion"},{"floor":7,"key":"Ancient Potion"},{"floor":10,"key":"Regen Potion"},{"floor":12,"key":"ColorlessPotion"},{"floor":19,"key":"Explosive Potion"}],"is_trial":false,"path_per_floor":["M","M","?","M","M","E","M","R","T","M","M","M","R","?","R","B",null,"M","M","M","?","M"],"character_chosen":"MKU","items_purchased":[],"campfire_rested":2,"item_purchase_floors":[],"current_hp_per_floor":[81,75,75,68,57,8,6,30,30,30,11,1,25,25,25,13,82,54,13,11,3,0,0,0],"gold":472,"neow_bonus":"TEN_PERCENT_HP_BONUS","is_prod":false,"is_daily":false,"chose_seed":false,"campfire_upgraded":1,"win_rate":0.0,"timestamp":1607601276,"path_taken":["M","M","?","M","M","E","M","R","T","M","M","M","R","?","R","BOSS","M","M","M","?","M"],"build_version":"2020-11-30","purchased_purges":0,"victory":false,"max_hp_per_floor":[82,82,82,82,82,82,82,82,82,82,82,82,82,82,82,82,82,82,82,82,82,82,82,82],"relic_stats":{"counters":[14,67],"Pantograph":25,"obtain_stats":[{"hubris:Icosahedron":14,"Pantograph":9,"MokouMod:PhoenixFeather":0,"Fusion Hammer":17,"PrismaticShard":21,"Pocketwatch":6},{"hubris:Icosahedron":9,"Pantograph":6,"MokouMod:PhoenixFeather":0,"Fusion Hammer":10,"PrismaticShard":13,"Pocketwatch":5},{"hubris:Icosahedron":39,"Pantograph":31,"MokouMod:PhoenixFeather":0,"Fusion Hammer":46,"PrismaticShard":65,"Pocketwatch":26}],"Pocketwatch":[39]},"card_choices":[{"not_picked":["MokouMod:ScorchingColumn","MokouMod:Stoke"],"picked":"MokouMod:IcarusDive","floor":1},{"not_picked":["MokouMod:HeatTransfer","MokouMod:PhoenixFeathers"],"picked":"MokouMod:IgnitionBlast","floor":2},{"not_picked":["MokouMod:HeatTransfer","MokouMod:FujiyamaVolcano"],"picked":"MokouMod:FusionFlare","floor":4},{"not_picked":["MokouMod:PhoenixFeathers","MokouMod:BurningDraft"],"picked":"MokouMod:Sear","floor":5},{"not_picked":["MokouMod:UncontrollableSolarReaction","MokouMod:Stoke"],"picked":"MokouMod:Extinguish","floor":6},{"not_picked":["MokouMod:Firecracker","MokouMod:ShiftIgnition"],"picked":"MokouMod:Fireball","floor":7},{"not_picked":["MokouMod:ShiftIgnition","MokouMod:BlazingComet"],"picked":"MokouMod:ControlledCombustion","floor":10},{"not_picked":["MokouMod:FlickeringFlame","MokouMod:HeatFactory"],"picked":"MokouMod:FlareStarter","floor":11},{"not_picked":["MokouMod:UncontrollableSolarReaction","MokouMod:BlazingComet"],"picked":"MokouMod:Ventilation","floor":12},{"not_picked":["MokouMod:Ventilation","MokouMod:ProfanedFlare"],"picked":"MokouMod:HouraiForge","floor":16},{"not_picked":["MokouMod:Singe","MokouMod:HeatTransfer"],"picked":"MokouMod:ThermalPressure","floor":18},{"not_picked":["MokouMod:FusionFlare+1","MokouMod:EternalBurstReactor"],"picked":"MokouMod:HeartofFire+1","floor":19},{"not_picked":["MokouMod:Firecracker","MokouMod:BlazingComet"],"picked":"MokouMod:EternalBurstReactor","floor":20},{"not_picked":["MokouMod:BlazingComet","MokouMod:FlareStarter"],"picked":"MokouMod:RetainTemperature","floor":21}],"player_experience":363119,"relics_obtained":[{"floor":6,"key":"Pocketwatch"},{"floor":9,"key":"Pantograph"},{"floor":21,"key":"PrismaticShard"}],"event_choices":[],"is_beta":false,"boss_relics":[{"not_picked":["Ectoplasm","hubris:HollowSoul"],"picked":"Fusion Hammer"}],"items_purged_floors":[],"is_endless":false,"potions_floor_spawned":[2,7,10,12,19],"killed_by":"Sentry and Sphere","ascension_level":0}}