{"host":"11728qvdvolffudn","time":1607613139,"event":{"mods":["BaseMod","Block Reminder","Colored Powertips","Minty Spire (QoL Compilation)","Permanent Neow","Quick Restart","Rare Cards Sparkle","Relic Stats","Highlight Path","Custom Start","Displayed Cursed Tome"],"gold_per_floor":[116,126,126,142,105,105,130,130,130,130,145,95,109,34,34,133,133,133],"floor_reached":17,"playtime":686,"items_purged":["Strike_R"],"score":155,"play_id":"182a00b5-4bdb-4161-b900-2eff070f6ea3","local_time":"20201210151219","is_ascension_mode":false,"campfire_choices":[{"data":"Whirlwind","floor":6,"key":"SMITH"},{"data":"Infernal Blade","floor":10,"key":"SMITH"},{"data":"Flex","floor":15,"key":"SMITH"}],"circlet_count":0,"master_deck":["Strike_R","Strike_R","Defend_R","Defend_R","Defend_R","Defend_R","Bash","Iron Wave","Infernal Blade+1","Shrug It Off","Whirlwind+1","Battle Trance","Flex+1"],"relics":["Burning Blood","Pantograph","Ornamental Fan","Philosopher\u0027s Stone"],"acts_visited":["Exordium","TheCity"],"potions_floor_usage":[7,16],"damage_taken":[{"damage":5,"enemies":"Cultist","floor":1,"turns":4},{"damage":5,"enemies":"Small Slimes","floor":2,"turns":4},{"damage":11,"enemies":"Jaw Worm","floor":4,"turns":4},{"damage":24,"enemies":"Gremlin Nob","floor":7,"turns":4},{"damage":5,"enemies":"Lots of Slimes","floor":11,"turns":2},{"damage":0,"enemies":"Blue Slaver","floor":13,"turns":1},{"damage":71,"enemies":"The Guardian","floor":16,"turns":11}],"seed_played":"1787580000470349000","potions_obtained":[{"floor":4,"key":"Weak Potion"},{"floor":11,"key":"Strength Potion"},{"floor":16,"key":"Weak Potion"}],"is_trial":false,"path_per_floor":["M","M","$","M","$","R","E","?","T","R","M","?","M","$","R","B",null],"character_chosen":"IRONCLAD","items_purchased":["Battle Trance"],"campfire_rested":0,"item_purchase_floors":[5],"current_hp_per_floor":[80,80,80,75,75,75,57,57,57,57,58,58,64,64,64,15,80,80],"gold":133,"neow_bonus":"TRANSFORM_CARD","is_daily":false,"chose_seed":false,"campfire_upgraded":3,"win_rate":0,"timestamp":1607613139,"path_taken":["M","M","$","M","$","R","E","?","T","R","M","?","M","$","R","BOSS"],"build_version":"2020-11-30","purchased_purges":1,"victory":false,"max_hp_per_floor":[80,80,80,80,80,80,80,80,80,80,80,80,80,80,80,80,80,80],"relic_stats":{"counters":[7,30],"Ornamental Fan":[4],"Pantograph":16,"obtain_stats":[{"Ornamental Fan":9,"Pantograph":7,"Philosopher\u0027s Stone":17,"Burning Blood":0},{"Ornamental Fan":4,"Pantograph":4,"Philosopher\u0027s Stone":7,"Burning Blood":0},{"Ornamental Fan":16,"Pantograph":16,"Philosopher\u0027s Stone":30,"Burning Blood":0}],"Burning Blood":40},"card_choices":[{"not_picked":["Shrug It Off","Cleave"],"picked":"Infernal Blade","floor":1},{"not_picked":["Sword Boomerang","Twin Strike"],"picked":"Shrug It Off","floor":2},{"not_picked":["Clash","Iron Wave"],"picked":"Whirlwind","floor":4},{"not_picked":["Thunderclap","Shrug It Off","Dark Embrace"],"picked":"SKIP","floor":7},{"not_picked":["Seeing Red","Metallicize"],"picked":"Flex","floor":11},{"not_picked":["Headbutt","Clash","Body Slam"],"picked":"SKIP","floor":13}],"player_experience":110545,"relics_obtained":[{"floor":7,"key":"Pantograph"},{"floor":9,"key":"Ornamental Fan"}],"event_choices":[{"damage_healed":0,"gold_gain":0,"player_choice":"Ignored","damage_taken":0,"max_hp_gain":0,"max_hp_loss":0,"event_name":"Liars Game","floor":8,"gold_loss":0},{"cards_removed":["Strike_R"],"damage_healed":0,"gold_gain":0,"player_choice":"Card Removal","damage_taken":0,"max_hp_gain":0,"max_hp_loss":0,"event_name":"The Cleric","floor":12,"gold_loss":50}],"is_beta":false,"boss_relics":[{"not_picked":["Tiny House","Empty Cage"],"picked":"Philosopher\u0027s Stone"}],"items_purged_floors":[14],"is_endless":false,"potions_floor_spawned":[4,11,16],"ascension_level":0}}