{"host":"0azimyi6n3ugndj4","time":1607601785,"event":{"gold_per_floor":[99,249,306,306,351,438,438,438,438,522,87,189,189,273,273,507,507,540,540,30,90,169,169,169],"floor_reached":23,"playtime":584,"items_purged":[],"score":751,"play_id":"bc476aa3-57ae-4812-8886-f3333d0a69bf","local_time":"20201210210305","daily_mods":["Draft","Hoarder","Insanity","Chimera","Specialized","Vintage","ControlledChaos","Allstar","Diverse","Colorless Cards","Heirloom","Time Dilation","Flight","DeadlyEvents","Cursed Run","Elite Swarm","Lethality","Midas","Night Terrors","Binary"],"is_ascension_mode":true,"campfire_choices":[{"floor":7,"key":"REST"},{"floor":13,"key":"REST"},{"floor":15,"key":"REST"}],"neow_cost":"","seed_source_timestamp":0,"circlet_count":0,"master_deck":["Demon Form","Wraith Form v2","Echo Form","DevaForm","AscendersBane","Bash","Survivor","Zap","Strike_G","Strike_B","Defend_R","Defend_G","Defend_P","Protect","Leap","Flex","Wild Strike","Halt","Gash","Headbutt","Dark Shackles","Outmaneuver","Skim","Replay:Undeath\u0027s Touch","Perseverance","Streamline","Dagger Throw","True Grit","Evaluate","Replay:ManipulateFuture","Warcry","Coolheaded","Redo","Fluid Movement","ThirdEye","Protect","Perfected Strike","Cleave","Quick Slash","Prepared","Run Through","Backstab","Cold Snap","Streamline","Predator","BasicCrystalCard","Clothesline","Combust","Setup","Burning Pact","Prepared","Prostrate","Specialist","Catalyst","Barrage","BowlingBash","Dual Wield","Rebound","Ball Lightning","Replay:Undeath\u0027s Touch","ReplayTheSpireMod:Stacked","Malaise+1","Malaise+1","Malaise+1","Malaise+1","Malaise+1","Malaise+1","Malaise+1","Malaise+1","Malaise+1","Malaise+1","Malaise+1","Malaise+1","Malaise+1","Malaise+1","Malaise+1","Fluid Movement","Fluid Movement","Fluid Movement","PiercingWail","PiercingWail","PiercingWail","Replay:Poison Smokescreen","Replay:Poison Smokescreen","Replay:Poison Smokescreen","Quick Slash","Quick Slash","Quick Slash","Flying Knee","Flying Knee","Flying Knee","Slice","Slice","Slice","Armaments","Armaments","Armaments","REME_DataAnalysis","REME_DataAnalysis","REME_DataAnalysis","Havoc","Havoc","Havoc","Intimidate","Intimidate","Intimidate","Stack","Stack","Stack","BasicCrystalCard","BasicCrystalCard","BasicCrystalCard","Barrage","Barrage","Barrage","FollowUp","FollowUp","FollowUp","REME_Scribble","REME_Scribble","REME_Scribble","REME_Shoggoth","REME_Shoggoth","REME_Shoggoth","Study+1","Study+1","Study+1","Replay:Hysterical Blindness","Replay:Hysterical Blindness","Replay:Hysterical Blindness","Wild Strike+1","Wild Strike+1","Wild Strike+1","Rainbow","Rainbow","Rainbow","Doubt","Doubt","Doubt"],"relics":["Snecko Eye","Unceasing Top","Busted Crown","REME_ComplimentaryCards","conspire:GlowingRock","ReplayTheSpireMod:CursedCoin","ReplayTheSpireMod:Ninjato","Replay:Bottled Eggs","zeldaRelics:CourageTriforce","infinitespire:CursedDice","zeldaRelics:WisdomTriforce","conspire:RunicOctahedron","MealTicket","Blood Vial","conspire:TreasureMap","Blue Doll","Vajra"],"potions_floor_usage":[12,18,23],"damage_taken":[{"damage":6,"enemies":"2 Louse","floor":3,"turns":2},{"damage":0,"enemies":"Small Slimes","floor":5,"turns":1},{"damage":23,"enemies":"Lagavulin","floor":6,"turns":8},{"damage":24,"enemies":"3 Sentries","floor":10,"turns":7},{"damage":74,"enemies":"Gremlin Nob","floor":12,"turns":6},{"damage":14,"enemies":"Replay:BlueRogue","floor":14,"turns":5},{"damage":40,"enemies":"Slime Boss","floor":16,"turns":12},{"damage":35,"enemies":"2 Thieves","floor":18,"turns":3},{"damage":19,"enemies":"Shell Parasite","floor":21,"turns":6},{"damage":24,"enemies":"Gremlin Leader","floor":23,"turns":4}],"seed_played":"-6246023052363160009","potions_obtained":[{"floor":5,"key":"DuplicationPotion"},{"floor":12,"key":"Explosive Potion"}],"is_trial":true,"path_per_floor":["?","$","M","?","M","E","R","?","T","E","$","E","R","E","R","B",null,"M","?","$","M","T","E"],"character_chosen":"WATCHER","items_purchased":["ReplayTheSpireMod:CursedCoin","Fruit Juice","infinitespire:CursedDice","Blood Vial","conspire:TreasureMap","Blue Doll"],"campfire_rested":3,"item_purchase_floors":[2,11,11,20,20,20],"current_hp_per_floor":[61,61,55,55,55,34,65,65,65,43,43,26,67,53,62,26,56,21,21,36,21,21,0,0],"gold":169,"neow_bonus":"","is_prod":false,"is_daily":false,"chose_seed":false,"campfire_upgraded":0,"win_rate":0,"timestamp":1607601785,"path_taken":["?","$","M","?","M","E","R","?","T","?","$","E","R","E","R","BOSS","M","?","?","M","?","E"],"build_version":"2020-11-30","purchased_purges":0,"victory":false,"max_hp_per_floor":[68,68,68,68,68,70,65,65,65,67,67,72,67,67,62,66,66,66,66,66,68,68,68,68],"relic_stats":{"Blood Vial":4,"Busted Crown":14,"counters":[10,54],"Snecko Eye":[104,95,106,74],"MealTicket":15,"obtain_stats":[{"zeldaRelics:WisdomPiece":12,"conspire:TreasureMap":20,"ReplayTheSpireMod:Ninjato":3,"ReplayTheSpireMod:CursedCoin":2,"infinitespire:CursedDice":11,"Vajra":21,"conspire:RunicOctahedron":17,"Blue Doll":20,"zeldaRelics:CourageTriforce":10,"zeldaRelics:WisdomTriforce":22,"Blood Vial":20,"conspire:GlowingRock":0,"Busted Crown":0,"Snecko Eye":0,"MealTicket":18,"zeldaRelics:CouragePiece":6,"Replay:Bottled Eggs":5,"Unceasing Top":0,"REME_ComplimentaryCards":0},{"zeldaRelics:WisdomPiece":5,"conspire:TreasureMap":8,"ReplayTheSpireMod:Ninjato":1,"ReplayTheSpireMod:CursedCoin":0,"infinitespire:CursedDice":4,"Vajra":9,"conspire:RunicOctahedron":7,"Blue Doll":8,"zeldaRelics:CourageTriforce":4,"zeldaRelics:WisdomTriforce":9,"Blood Vial":8,"conspire:GlowingRock":0,"Busted Crown":0,"Snecko Eye":0,"MealTicket":8,"zeldaRelics:CouragePiece":3,"Replay:Bottled Eggs":2,"Unceasing Top":0,"REME_ComplimentaryCards":0},{"zeldaRelics:WisdomPiece":24,"conspire:TreasureMap":44,"ReplayTheSpireMod:Ninjato":2,"ReplayTheSpireMod:CursedCoin":0,"infinitespire:CursedDice":18,"Vajra":50,"conspire:RunicOctahedron":41,"Blue Doll":44,"zeldaRelics:CourageTriforce":18,"zeldaRelics:WisdomTriforce":50,"Blood Vial":44,"conspire:GlowingRock":0,"Busted Crown":0,"Snecko Eye":0,"MealTicket":44,"zeldaRelics:CouragePiece":11,"Replay:Bottled Eggs":3,"Unceasing Top":0,"REME_ComplimentaryCards":0}],"Unceasing Top":[5]},"card_choices":[{"not_picked":["Go for the Eyes","Havoc"],"picked":"Fluid Movement","floor":0},{"not_picked":["Wild Strike","ThirdEye"],"picked":"PiercingWail","floor":0},{"not_picked":["Armaments","FlyingSleeves"],"picked":"Replay:Poison Smokescreen","floor":0},{"not_picked":["Searing Blow","ReplayReversal"],"picked":"Quick Slash","floor":0},{"not_picked":["Expertise","Blade Dance"],"picked":"Flying Knee","floor":0},{"not_picked":["Forethought","Loop"],"picked":"Slice","floor":0},{"not_picked":["Thunderclap","Warcry"],"picked":"Armaments","floor":0},{"not_picked":["infinitespire:OneForAll","Redo"],"picked":"REME_DataAnalysis","floor":0},{"not_picked":["BasicCrystalCard","Leap"],"picked":"Havoc","floor":0},{"not_picked":["Wallop","ThirdEye"],"picked":"Intimidate","floor":0},{"not_picked":["Undo","Poisoned Stab"],"picked":"Stack","floor":0},{"not_picked":["Madness","ReplayTheSpireMod:Uncanny Aura"],"picked":"BasicCrystalCard","floor":0},{"not_picked":["Protect","Panic Button"],"picked":"Barrage","floor":0},{"not_picked":["Sweeping Beam","Searing Blow"],"picked":"FollowUp","floor":0},{"not_picked":["WindmillStrike","Steam"],"picked":"REME_Scribble","floor":0}],"player_experience":1418941,"relics_obtained":[{"floor":3,"key":"ReplayTheSpireMod:Ninjato"},{"floor":5,"key":"Replay:Bottled Eggs"},{"floor":6,"key":"zeldaRelics:CouragePiece"},{"floor":9,"key":"zeldaRelics:CouragePiece"},{"floor":10,"key":"zeldaRelics:CouragePiece"},{"floor":12,"key":"zeldaRelics:WisdomPiece"},{"floor":14,"key":"zeldaRelics:WisdomPiece"},{"floor":18,"key":"MealTicket"},{"floor":21,"key":"Vajra"},{"floor":22,"key":"zeldaRelics:WisdomPiece"}],"event_choices":[{"damage_healed":0,"gold_gain":0,"cards_transformed":["Replay:Anticipation"],"player_choice":"Change","damage_taken":0,"max_hp_gain":0,"max_hp_loss":0,"event_name":"Living Wall","floor":8,"gold_loss":0,"cards_obtained":["Rainbow"]},{"cards_removed":["Eruption"],"damage_healed":0,"gold_gain":0,"player_choice":"Elegance","damage_taken":0,"max_hp_gain":0,"max_hp_loss":0,"event_name":"Back to Basics","floor":19,"gold_loss":0}],"is_beta":false,"boss_relics":[{"not_picked":["Philosopher\u0027s Stone","Ectoplasm"],"picked":"conspire:RunicOctahedron"}],"items_purged_floors":[],"is_endless":false,"potions_floor_spawned":[5,12],"killed_by":"Gremlin Leader","ascension_level":20}}