{"host":"hemshb5b6cie9gjx","time":1607574381,"event":{"gold_per_floor":[109,109,34,50,68,68,100,100,100,127,145,145,145,156,156,254,254,271,271,346,346,346,375,386,402,402,402,420,380,391,416,416,515,515,530,530,141,0,0,0,0,0,0,16,34,46,72,87,87,87],"floor_reached":51,"playtime":1420,"items_purged":["Strike_R","Parasite","Blood for Blood","Twin Strike"],"score":700,"play_id":"0699ff3f-1dbd-47d4-a5bc-1b2c57b7c290","local_time":"20201210152621","is_ascension_mode":false,"campfire_choices":[{"floor":6,"key":"REST"},{"floor":8,"key":"REST"},{"floor":15,"key":"REST"},{"floor":27,"key":"REST"},{"floor":32,"key":"REST"},{"data":"Barricade","floor":40,"key":"SMITH"},{"data":"Armaments","floor":42,"key":"SMITH"},{"floor":49,"key":"REST"}],"neow_cost":"PERCENT_DAMAGE","seed_source_timestamp":18516430418186,"circlet_count":0,"master_deck":["Strike_R","Strike_R","Strike_R","Defend_R","Defend_R+1","Defend_R","Headbutt","Ghostly Armor","Berserk+1","Carnage","Uppercut+1","infinitespire:Collect","Twin Strike","Body Slam","Iron Wave+1","Barricade+1","Armaments+1","Body Slam","Finesse","Impatience","Shrug It Off+1","Body Slam"],"relics":["Cracked Core","Mango","Ancient Tea Set","White Beast Statue","infinitespire:CheckeredPen","infinitespire:Cubic Diamond","Black Star","Orichalcum","Magic Flower","infinitespire:FocusingShard","Self Forming Clay","Potion Belt","Empty Cage","HornCleat","Red Mask","Bronze Scales","Blood Vial"],"potions_floor_usage":[16,25,25,28,33,45,48,50,50,50,50],"damage_taken":[{"damage":15,"enemies":"Jaw Worm","floor":1,"turns":4},{"damage":0,"enemies":"Small Slimes","floor":4,"turns":2},{"damage":0,"enemies":"2 Louse","floor":5,"turns":2},{"damage":44,"enemies":"Lagavulin","floor":7,"turns":6},{"damage":27,"enemies":"Gremlin Nob","floor":10,"turns":4},{"damage":30,"enemies":"Exordium Wildlife","floor":11,"turns":4},{"damage":7,"enemies":"3 Louse","floor":14,"turns":3},{"damage":28,"enemies":"Slime Boss","floor":16,"turns":9},{"damage":27,"enemies":"Shell Parasite","floor":18,"turns":4},{"damage":56,"enemies":"Slavers","floor":23,"turns":6},{"damage":0,"enemies":"Spheric Guardian","floor":24,"turns":3},{"damage":6,"enemies":"3 Cultists","floor":25,"turns":5},{"damage":17,"enemies":"Centurion and Healer","floor":28,"turns":4},{"damage":6,"enemies":"Chosen and Byrds","floor":30,"turns":6},{"damage":61,"enemies":"Champ","floor":33,"turns":11},{"damage":21,"enemies":"Orb Walker","floor":35,"turns":4},{"damage":10,"enemies":"3 Darklings","floor":44,"turns":6},{"damage":0,"enemies":"Jaw Worm Horde","floor":45,"turns":5},{"damage":8,"enemies":"Sphere and 2 Shapes","floor":46,"turns":6},{"damage":0,"enemies":"3 Darklings","floor":48,"turns":7},{"damage":13,"enemies":"infinitespire:MassOfShapes","floor":50,"turns":19}],"seed_played":"-5405948255421084934","potions_obtained":[{"floor":4,"key":"FairyPotion"},{"floor":7,"key":"ColorlessPotion"},{"floor":10,"key":"infinitespire:BlackPotion"},{"floor":16,"key":"PowerPotion"},{"floor":23,"key":"LiquidMemories"},{"floor":24,"key":"Regen Potion"},{"floor":25,"key":"PowerPotion"},{"floor":28,"key":"ElixirPotion"},{"floor":30,"key":"Dexterity Potion"},{"floor":33,"key":"SpeedPotion"},{"floor":35,"key":"SpeedPotion"},{"floor":44,"key":"ColorlessPotion"},{"floor":45,"key":"LiquidMemories"},{"floor":46,"key":"BlessingOfTheForge"},{"floor":48,"key":"Strength Potion"}],"is_trial":false,"path_per_floor":["M","?","$","M","M","R","E","R","T","E","M","?","?","M","R","B",null,"M","?","?","?","AVR","E","M","M","T","R","M","?","M","T","R","B",null,"M","?","$","?","AVR","R","?","R","T","M","M","M","T","M","R","B",null],"character_chosen":"IRONCLAD","items_purchased":["Body Slam","HornCleat"],"campfire_rested":6,"item_purchase_floors":[37,37],"current_hp_per_floor":[47,43,43,49,55,83,45,73,73,52,28,28,51,44,72,44,94,67,67,58,58,58,2,2,15,15,42,25,25,19,19,46,29,91,70,70,70,70,70,70,65,65,65,55,55,47,47,50,77,67],"gold":87,"neow_bonus":"REMOVE_TWO","is_prod":false,"is_daily":false,"chose_seed":false,"campfire_upgraded":2,"win_rate":0,"timestamp":1607574381,"path_taken":["M","?","$","M","M","R","E","R","T","E","M","?","?","M","R","BOSS","M","?","?","?","AVR","E","M","M","T","R","M","?","M","?","R","BOSS","M","?","?","?","AVR","R","?","R","T","M","M","M","?","M","R","BOSS"],"build_version":"2020-11-30","purchased_purges":4,"victory":true,"max_hp_per_floor":[80,94,94,94,94,94,94,94,94,94,94,94,94,94,94,94,94,94,94,94,94,91,91,91,91,91,91,91,91,91,91,91,91,91,91,91,91,91,91,91,91,91,91,91,91,91,91,91,91,91],"relic_stats":{"Blood Vial":6,"counters":[21,120],"Self Forming Clay":[57],"Bronze Scales":[113],"Magic Flower":[23],"Black Star":1,"Orichalcum":[72],"obtain_stats":[{"Potion Belt":31,"Self Forming Clay":26,"Magic Flower":23,"Mango":2,"infinitespire:Cubic Diamond":12,"infinitespire:FocusingShard":23,"infinitespire:CheckeredPen":10,"Orichalcum":21,"Ancient Tea Set":7,"Empty Cage":34,"Burning Blood":0,"White Beast Statue":9,"Blood Vial":47,"HornCleat":37,"Bronze Scales":43,"Black Star":17,"Red Mask":38,"Cracked Core":12},{"Potion Belt":14,"Self Forming Clay":12,"Magic Flower":10,"Mango":1,"infinitespire:Cubic Diamond":6,"infinitespire:FocusingShard":10,"infinitespire:CheckeredPen":5,"Orichalcum":9,"Ancient Tea Set":4,"Empty Cage":15,"Burning Blood":0,"White Beast Statue":4,"Blood Vial":19,"HornCleat":16,"Bronze Scales":16,"Black Star":8,"Red Mask":16,"Cracked Core":6},{"Potion Belt":62,"Self Forming Clay":52,"Magic Flower":44,"Mango":4,"infinitespire:Cubic Diamond":22,"infinitespire:FocusingShard":44,"infinitespire:CheckeredPen":18,"Orichalcum":38,"Ancient Tea Set":14,"Empty Cage":73,"Burning Blood":0,"White Beast Statue":14,"Blood Vial":94,"HornCleat":77,"Bronze Scales":77,"Black Star":34,"Red Mask":77,"Cracked Core":22}]},"card_choices":[{"not_picked":["Body Slam","Perfected Strike"],"picked":"Headbutt","floor":1},{"not_picked":["Disarm","Sever Soul"],"picked":"Headbutt","floor":4},{"not_picked":["Carnage","Dual Wield"],"picked":"Ghostly Armor","floor":5},{"not_picked":["Warcry","Heavy Blade"],"picked":"Berserk","floor":7},{"not_picked":["Warcry","Headbutt"],"picked":"Carnage","floor":10},{"not_picked":["Hemokinesis","Armaments","Fire Breathing"],"picked":"SKIP","floor":11},{"not_picked":["Rage","Pommel Strike"],"picked":"Twin Strike","floor":14},{"not_picked":["Rupture","Intimidate"],"picked":"Uppercut","floor":18},{"not_picked":["Uppercut","Rupture"],"picked":"Twin Strike","floor":23},{"not_picked":["Anger+1","Heavy Blade"],"picked":"Body Slam","floor":24},{"not_picked":["Anger+1","Shrug It Off"],"picked":"Blood for Blood","floor":25},{"not_picked":["Rupture","Sword Boomerang"],"picked":"Clothesline","floor":28},{"not_picked":["Warcry+1","Offering"],"picked":"Iron Wave+1","floor":30},{"not_picked":["Limit Break","Immolate"],"picked":"Barricade","floor":33},{"not_picked":["Perfected Strike+1","Dual Wield"],"picked":"Armaments","floor":35},{"not_picked":["Transmutation","Flash of Steel"],"picked":"Finesse","floor":41},{"not_picked":["Flash of Steel","Mayhem"],"picked":"Impatience","floor":41},{"not_picked":["Wild Strike+1","Carnage"],"picked":"Shrug It Off+1","floor":44},{"not_picked":["Headbutt+1","Pommel Strike","Uppercut"],"picked":"SKIP","floor":45},{"not_picked":["Dark Embrace","Inflame+1"],"picked":"Body Slam","floor":46},{"not_picked":["Carnage+1","Clothesline","Spot Weakness+1"],"picked":"SKIP","floor":48}],"player_experience":439698,"relics_obtained":[{"floor":7,"key":"Ancient Tea Set"},{"floor":9,"key":"White Beast Statue"},{"floor":10,"key":"infinitespire:CheckeredPen"},{"floor":23,"key":"Magic Flower"},{"floor":23,"key":"infinitespire:FocusingShard"},{"floor":26,"key":"Self Forming Clay"},{"floor":31,"key":"Potion Belt"},{"floor":43,"key":"Bronze Scales"},{"floor":47,"key":"Blood Vial"}],"event_choices":[{"damage_healed":0,"gold_gain":0,"player_choice":"Success","damage_taken":18,"relics_obtained":["Mango"],"max_hp_gain":0,"max_hp_loss":0,"event_name":"Scrap Ooze","floor":2,"gold_loss":0},{"damage_healed":23,"gold_gain":0,"player_choice":"Healed and dodged fight","damage_taken":0,"max_hp_gain":0,"max_hp_loss":0,"event_name":"Mushrooms","floor":13,"gold_loss":0,"cards_obtained":["Parasite"]},{"damage_healed":0,"gold_gain":0,"player_choice":"Upgraded","damage_taken":0,"max_hp_gain":0,"max_hp_loss":0,"event_name":"Upgrade Shrine","floor":19,"gold_loss":0,"cards_upgraded":["Berserk"]},{"damage_healed":0,"gold_gain":75,"player_choice":"Touch","damage_taken":9,"max_hp_gain":0,"max_hp_loss":0,"event_name":"FaceTrader","floor":20,"gold_loss":0},{"damage_healed":0,"gold_gain":0,"player_choice":"Gave Potion","damage_taken":0,"relics_obtained":["Orichalcum"],"max_hp_gain":0,"max_hp_loss":0,"event_name":"WeMeetAgain","floor":21,"gold_loss":0},{"damage_healed":0,"gold_gain":0,"player_choice":"Upgraded Two","damage_taken":0,"max_hp_gain":0,"max_hp_loss":0,"event_name":"Designer","floor":29,"gold_loss":40,"cards_upgraded":["Defend_R","Uppercut"]},{"cards_removed":["Headbutt"],"damage_healed":0,"gold_gain":0,"player_choice":"Purged","damage_taken":0,"max_hp_gain":0,"max_hp_loss":0,"event_name":"Purifier","floor":36,"gold_loss":0},{"damage_healed":0,"gold_gain":0,"player_choice":"Paid","damage_taken":0,"relics_obtained":["Red Mask"],"max_hp_gain":0,"max_hp_loss":0,"event_name":"Tomb of Lord Red Mask","floor":38,"gold_loss":141},{"damage_healed":0,"gold_gain":0,"player_choice":"Memory 2","damage_taken":5,"max_hp_gain":0,"max_hp_loss":0,"event_name":"SensoryStone","floor":41,"gold_loss":0}],"is_beta":false,"boss_relics":[{"not_picked":["Pandora\u0027s Box","Sozu"],"picked":"Black Star"},{"not_picked":["Fusion Hammer","Busted Crown"],"picked":"Empty Cage"}],"items_purged_floors":[3,22,37,39],"is_endless":false,"potions_floor_spawned":[4,7,10,11,14,16,18,23,24,25,28,30,33,35,44,45,46,48],"ascension_level":0}}