{"host":"2n2g1vowfllvjtvi","time":1607629404,"event":{"mods":["BaseMod","AchievementEnabler","Custom Start","GifTheSpireLib","Keyboard Shortcuts","Minty Spire (QoL Compilation)","Quick Restart","Rare Cards Sparkle","StSLib","SuperFastMode"],"gold_per_floor":[109,124,124,144,69,69,99,99,149,178,198,24,35,35,35,140,140,140,140],"floor_reached":18,"playtime":384,"items_purged":["Defend_G","Strike_G"],"score":224,"play_id":"6fd4401e-53c3-4ab2-bc61-8d1b00f8fdbd","local_time":"20201211044324","is_ascension_mode":true,"campfire_choices":[{"data":"Riddle With Holes","floor":6.0,"key":"SMITH"},{"data":"Terror","floor":8.0,"key":"SMITH"},{"data":"Skewer","floor":15,"key":"SMITH"}],"circlet_count":0,"master_deck":["Strike_G","Strike_G","Strike_G","Strike_G","Defend_G","Defend_G","Defend_G","Defend_G","Survivor","Neutralize","Terror+1","Reflex","Riddle With Holes+1","Skewer+1","Dagger Throw","Prepared","Acrobatics","After Image"],"special_seed":0,"relics":["Ring of the Snake","NeowsBlessing","MealTicket","Centennial Puzzle","SsserpentHead","SlaversCollar"],"acts_visited":["Exordium","TheCity"],"potions_floor_usage":[16,16,17],"damage_taken":[{"damage":0.0,"enemies":"Jaw Worm","floor":1.0,"turns":1.0},{"damage":0.0,"enemies":"Cultist","floor":2.0,"turns":1.0},{"damage":0.0,"enemies":"2 Louse","floor":4.0,"turns":1.0},{"damage":11.0,"enemies":"Gremlin Nob","floor":10.0,"turns":4.0},{"damage":8,"enemies":"Blue Slaver","floor":11,"turns":2},{"damage":13,"enemies":"Lots of Slimes","floor":13,"turns":5},{"damage":29,"enemies":"The Guardian","floor":16,"turns":13},{"damage":1,"enemies":"Shell Parasite","floor":18,"turns":4}],"seed_played":"-24380891822990843","potions_obtained":[{"floor":1.0,"key":"LiquidBronze"},{"floor":3.0,"key":"GhostInAJar"},{"floor":3.0,"key":"Dexterity Potion"},{"floor":3.0,"key":"Explosive Potion"},{"floor":11,"key":"EntropicBrew"}],"is_trial":false,"path_per_floor":["M","M","?","M","$","R","?","R","T","E","M","$","M","?","R","B",null,"M"],"character_chosen":"THE_SILENT","items_purchased":["Prepared","Acrobatics"],"campfire_rested":0,"item_purchase_floors":[12,12],"current_hp_per_floor":[63,63,63,63,63,63,63,63,63,52,44,59,46,46,46,17,57,56,56],"gold":140,"neow_bonus":"THREE_ENEMY_KILL","is_daily":false,"chose_seed":false,"campfire_upgraded":3,"win_rate":0,"timestamp":1607629404,"path_taken":["M","M","?","?","$","R","?","R","T","E","M","$","M","?","R","BOSS","M"],"build_version":"2020-11-30","purchased_purges":2,"victory":false,"max_hp_per_floor":[70,70,70,70,70,70,70,70,70,70,70,70,70,70,70,70,70,70,70],"card_choices":[{"not_picked":["Outmaneuver","Caltrops"],"picked":"Terror","floor":1.0},{"not_picked":["Deflect","Backflip"],"picked":"Reflex","floor":2.0},{"not_picked":["Dodge and Roll","Caltrops"],"picked":"Riddle With Holes","floor":4.0},{"not_picked":["Storm of Steel","Heel Hook"],"picked":"Skewer","floor":10.0},{"not_picked":["Quick Slash","Flying Knee"],"picked":"Dagger Throw","floor":11},{"not_picked":["Outmaneuver","Dagger Throw","Quick Slash"],"picked":"SKIP","floor":13},{"not_picked":["Envenom","Tools of the Trade"],"picked":"After Image","floor":16}],"player_experience":441290,"relics_obtained":[{"floor":9.0,"key":"MealTicket"},{"floor":10.0,"key":"Centennial Puzzle"}],"event_choices":[{"damage_healed":0.0,"max_hp_gain":0.0,"max_hp_loss":0.0,"gold_gain":0.0,"event_name":"Lab","player_choice":"Got Potions","floor":3.0,"gold_loss":0.0,"damage_taken":0.0},{"damage_healed":0.0,"max_hp_gain":0.0,"max_hp_loss":0.0,"gold_gain":30.0,"event_name":"Dead Adventurer","player_choice":"Searched \u00271\u0027 times","floor":7.0,"gold_loss":0.0,"damage_taken":0.0},{"damage_healed":0,"gold_gain":0,"player_choice":"Trade","damage_taken":0,"relics_obtained":["SsserpentHead"],"max_hp_gain":0,"max_hp_loss":0,"event_name":"FaceTrader","floor":14,"gold_loss":0}],"is_beta":false,"boss_relics":[{"not_picked":["Black Star","Calling Bell"],"picked":"SlaversCollar"}],"items_purged_floors":[5,12],"is_endless":false,"potions_floor_spawned":[1,11],"killed_by":"Shell Parasite","ascension_level":8}}