{"host":"g4jqqbmo30rq7cal","time":1607590913,"event":{"gold_per_floor":[110,110,125,145,155,155,173,173,173,73,111,111,126,68,68,188,188,212,275,275,289,289,289],"floor_reached":22,"playtime":1225,"items_purged":[],"score":186,"play_id":"fb1a25f0-8a99-4232-aa70-05201409415b","local_time":"20201210140153","is_ascension_mode":false,"campfire_choices":[{"data":"mysticmod:LightningBolt","floor":6,"key":"SMITH"},{"floor":12,"key":"RECALL"},{"floor":15,"key":"REST"}],"neow_cost":"CURSE","seed_source_timestamp":82375165698600,"circlet_count":0,"master_deck":["mysticmod:Strike_Mystic","mysticmod:Strike_Mystic","mysticmod:Strike_Mystic","mysticmod:Strike_Mystic","mysticmod:Defend_Mystic","mysticmod:Defend_Mystic","mysticmod:Defend_Mystic","mysticmod:Defend_Mystic","mysticmod:ArcaneDodge","mysticmod:ShockingGrasp","Pain","mysticmod:Riposte","mysticmod:LightningBolt+1","mysticmod:Riposte","Injury","Ghostly","mysticmod:MirrorStrike","mysticmod:SuddenClarity","mysticmod:ComboCaster","mysticmod:MagicWeapon","mysticmod:SpontaneousCaster","mysticmod:TomeOfSpells+1","mysticmod:Dedication","mysticmod:Snowball"],"relics":["mysticmod:SpellBook","HushsDoor","TungstenRod","SteamSale","Golden Idol","conspire:BottledYoYo","Tiny Chest","Blue Candle","Nilry\u0027s Codex"],"potions_floor_usage":[11,19,19,19,19,21,21],"damage_taken":[{"damage":5,"enemies":"Cultist","floor":1,"turns":6},{"damage":0,"enemies":"Jaw Worm","floor":3,"turns":5},{"damage":0,"enemies":"2 Louse","floor":4,"turns":2},{"damage":18,"enemies":"Large Slime","floor":5,"turns":7},{"damage":4,"enemies":"Looter","floor":7,"turns":3},{"damage":9,"enemies":"Gremlin Nob","floor":11,"turns":3},{"damage":0,"enemies":"Exordium Thugs","floor":13,"turns":4},{"damage":51,"enemies":"Slime Boss","floor":16,"turns":11},{"damage":20,"enemies":"Shell Parasite","floor":18,"turns":10},{"damage":5,"enemies":"Hiden Room Battle","floor":19,"turns":4},{"damage":10,"enemies":"3 Byrds","floor":21,"turns":6},{"damage":18,"enemies":"3 Cultists","floor":22,"turns":4}],"seed_played":"-2899054753677526265","potions_obtained":[{"floor":5,"key":"Explosive Potion"},{"floor":16,"key":"FearPotion"},{"floor":18,"key":"EntropicBrew"},{"floor":19,"key":"Block Potion"}],"is_trial":false,"path_per_floor":["M","?","M","M","M","R","M","?","T","?","E","R","M","$","R","B",null,"M","?","?","M","M"],"character_chosen":"MYSTIC_CLASS","items_purchased":["mysticmod:ComboCaster","mysticmod:MagicWeapon"],"campfire_rested":1,"item_purchase_floors":[14,14],"current_hp_per_floor":[72,72,72,72,54,54,50,50,50,50,41,41,41,41,64,13,77,57,38,26,16,0,0],"gold":289,"neow_bonus":"ONE_RARE_RELIC","is_prod":false,"is_daily":false,"chose_seed":false,"campfire_upgraded":1,"win_rate":0,"timestamp":1607590913,"path_taken":["M","?","M","M","M","R","M","?","T","?","E","R","?","$","R","BOSS","M","?","?","M","M"],"build_version":"2020-11-30","purchased_purges":0,"victory":false,"max_hp_per_floor":[77,77,77,77,77,77,77,77,77,77,77,77,77,77,77,77,77,77,77,77,77,77,77],"card_choices":[{"not_picked":["mysticmod:VorpalThrust","mysticmod:Stoneskin","mysticmod:MagicMissile"],"picked":"SKIP","floor":1},{"not_picked":["mysticmod:Fly","mysticmod:ComponentsPouch"],"picked":"mysticmod:Riposte","floor":3},{"not_picked":["mysticmod:Sideswipe","mysticmod:Daze"],"picked":"mysticmod:LightningBolt","floor":4},{"not_picked":["mysticmod:AllIn","mysticmod:Alacrity"],"picked":"Bomb","floor":5},{"not_picked":["mysticmod:HunkerDown","mysticmod:BulkUp"],"picked":"mysticmod:Riposte","floor":7},{"not_picked":["mysticmod:Snowball","mysticmod:IllusionOfCalm"],"picked":"mysticmod:MirrorStrike","floor":11},{"not_picked":["mysticmod:TomeOfSpells","mysticmod:MagicMissile"],"picked":"mysticmod:SuddenClarity","floor":13},{"not_picked":["mysticmod:GeminiForm","mysticmod:Doublecast"],"picked":"mysticmod:SpontaneousCaster","floor":16},{"not_picked":["mysticmod:PowerSlash","mysticmod:Flourish+1"],"picked":"mysticmod:TomeOfSpells+1","floor":18},{"not_picked":["mysticmod:CureLightWounds","mysticmod:LightningBolt+1"],"picked":"mysticmod:Dedication","floor":19},{"not_picked":["mysticmod:Sideswipe","mysticmod:CorrosiveTouch"],"picked":"mysticmod:Snowball","floor":21}],"player_experience":274133,"relics_obtained":[{"floor":11,"key":"conspire:BottledYoYo"},{"floor":19,"key":"Tiny Chest"},{"floor":19,"key":"Blue Candle"},{"floor":20,"key":"Nilry\u0027s Codex"}],"event_choices":[{"damage_healed":0,"gold_gain":0,"player_choice":"Leave","damage_taken":0,"max_hp_gain":0,"max_hp_loss":0,"event_name":"conspire:Investor","floor":2,"gold_loss":0},{"damage_healed":0,"gold_gain":0,"player_choice":"Take Wound","damage_taken":0,"relics_obtained":["Golden Idol"],"max_hp_gain":0,"max_hp_loss":0,"event_name":"Golden Idol","floor":8,"gold_loss":0,"cards_obtained":["Injury"]},{"damage_healed":0,"gold_gain":0,"player_choice":"Argue","damage_taken":0,"max_hp_gain":0,"max_hp_loss":0,"event_name":"conspire:LoneGhost","floor":10,"gold_loss":0},{"damage_healed":0,"gold_gain":0,"player_choice":"Fight","damage_taken":0,"max_hp_gain":0,"max_hp_loss":0,"event_name":"HidenRoomEvent","floor":19,"gold_loss":0},{"damage_healed":0,"gold_gain":0,"player_choice":"Obtained Book","damage_taken":16,"max_hp_gain":0,"max_hp_loss":0,"event_name":"Cursed Tome","floor":20,"gold_loss":0}],"is_beta":false,"boss_relics":[{"not_picked":["conspire:SeveredTorchhead","Pandora\u0027s Box","mysticmod:DeckOfManyThings"]}],"items_purged_floors":[],"is_endless":false,"potions_floor_spawned":[5,16,18,19],"killed_by":"3 Cultists","ascension_level":0}}