{"host":"9el4dfae55z5uwq4","time":1607637485,"event":{"mods":["BaseMod","Colored Map","StSLib","Colored Powertips","Custom Start","DeckTracker","Minty Spire (QoL Compilation)","SuperFastMode","Lobotomy"],"gold_per_floor":[115,265,283,283,121,152,152,166,166,166,193,207,221,238,238,238,238],"floor_reached":16,"playtime":289,"items_purged":["Strike_G"],"score":274,"play_id":"ce16d088-39e3-4a30-9096-277968a9d088","local_time":"20201211065805","is_ascension_mode":true,"campfire_choices":[{"data":"Skewer","floor":7.0,"key":"SMITH"},{"floor":15,"key":"REST"}],"circlet_count":0,"master_deck":["AscendersBane","Strike_G","Strike_G","Strike_G","Strike_G","Defend_G","Defend_G","Defend_G","Defend_G","Survivor","Neutralize","Skewer+1","Footwork","Tactician","Prepared","Blur","Endless Agony","Masterful Stab"],"special_seed":0,"relics":["Ring of the Snake","NeowsBlessing","Kunai","Du-Vu Doll"],"acts_visited":["Exordium"],"potions_floor_usage":[14,16],"damage_taken":[{"damage":0.0,"enemies":"Jaw Worm","floor":1.0,"turns":1.0},{"damage":0.0,"enemies":"Small Slimes","floor":3.0,"turns":1.0},{"damage":0.0,"enemies":"3 Sentries","floor":6.0,"turns":1.0},{"damage":4.0,"enemies":"Cultist","floor":8.0,"turns":3.0},{"damage":32.0,"enemies":"Gremlin Nob","floor":11.0,"turns":4.0},{"damage":0.0,"enemies":"3 Louse","floor":12.0,"turns":3.0},{"damage":10.0,"enemies":"Large Slime","floor":13.0,"turns":4.0},{"damage":0,"enemies":"Exordium Thugs","floor":14,"turns":4},{"damage":31,"enemies":"Slime Boss","floor":16,"turns":6}],"seed_played":"-4671274025969008132","potions_obtained":[{"floor":1.0,"key":"SpeedPotion"},{"floor":6.0,"key":"DuplicationPotion"},{"floor":11.0,"key":"AttackPotion"}],"is_trial":false,"path_per_floor":["M","?","M","?","$","E","R","M","T","?","E","M","M","M","R","B"],"character_chosen":"THE_SILENT","items_purchased":["Footwork"],"campfire_rested":1,"item_purchase_floors":[5],"current_hp_per_floor":[59,59,59,52,52,52,52,48,48,48,16,16,6,6,25,0,0],"gold":238,"neow_bonus":"THREE_ENEMY_KILL","is_daily":false,"chose_seed":false,"campfire_upgraded":1,"win_rate":0,"timestamp":1607637485,"path_taken":["M","?","M","?","$","E","R","M","T","?","E","M","M","M","R","BOSS"],"build_version":"2020-11-30","purchased_purges":1,"victory":false,"max_hp_per_floor":[66,66,66,66,66,66,66,66,66,66,66,66,66,66,66,66,66],"card_choices":[{"not_picked":["Concentrate","Dodge and Roll"],"picked":"Skewer","floor":1.0},{"not_picked":["PiercingWail","Concentrate","Dodge and Roll"],"picked":"SKIP","floor":3.0},{"not_picked":["PiercingWail","Concentrate","Dodge and Roll"],"picked":"SKIP","floor":3.0},{"not_picked":["Predator","Eviscerate"],"picked":"Tactician","floor":6.0},{"not_picked":["Bane","Dagger Throw"],"picked":"Prepared","floor":8.0},{"not_picked":["Accuracy","Flying Knee"],"picked":"Endless Agony","floor":11.0},{"not_picked":["Tactician","Dagger Throw"],"picked":"Masterful Stab","floor":12.0},{"not_picked":["Outmaneuver","PiercingWail","Flechettes"],"picked":"SKIP","floor":13.0},{"not_picked":["Quick Slash","Poisoned Stab","Eviscerate"],"picked":"SKIP","floor":14}],"player_experience":1545049,"relics_obtained":[{"floor":6.0,"key":"Kunai"},{"floor":11.0,"key":"Du-Vu Doll"}],"event_choices":[{"damage_healed":0.0,"max_hp_gain":0.0,"max_hp_loss":0.0,"gold_gain":150.0,"event_name":"Liars Game","player_choice":"AGREE","floor":2.0,"gold_loss":0.0,"damage_taken":0.0,"cards_obtained":["Doubt"]},{"cards_removed":["Doubt"],"damage_healed":0.0,"max_hp_gain":0.0,"max_hp_loss":0.0,"gold_gain":0.0,"event_name":"Golden Wing","player_choice":"Card Removal","floor":4.0,"gold_loss":0.0,"damage_taken":7.0},{"damage_healed":0.0,"max_hp_gain":0.0,"max_hp_loss":0.0,"gold_gain":0.0,"cards_transformed":["Defend_G"],"event_name":"Transmorgrifier","player_choice":"Transformed","floor":10.0,"gold_loss":0.0,"damage_taken":0.0,"cards_obtained":["Blur"]}],"is_beta":false,"boss_relics":[],"items_purged_floors":[5],"is_endless":false,"potions_floor_spawned":[1,6,11,13],"killed_by":"Slime Boss","ascension_level":20}}