{"host":"spdo1rkrnctwf3z7","time":1607608385,"event":{"gold_per_floor":[114,114,114,125,125,125,46,46,46,46,81,91,108,124,124,228,528,542,560,576,30,30,30,46,46,94,113,133,149,3,18,18,18,18],"floor_reached":33,"playtime":953,"items_purged":[],"score":276,"play_id":"228d6266-eeb3-4a6b-b98d-86fc0acc1d84","local_time":"20201210225305","is_ascension_mode":false,"campfire_choices":[{"data":"Deadly Poison","floor":6,"key":"SMITH"},{"data":"Footwork","floor":8,"key":"SMITH"},{"data":"Survivor","floor":10,"key":"SMITH"},{"data":"Poisoned Stab","floor":15,"key":"SMITH"},{"data":"Envenom","floor":23,"key":"SMITH"},{"data":"Neutralize","floor":25,"key":"SMITH"},{"floor":32,"key":"REST"}],"neow_cost":"NONE","seed_source_timestamp":176766384850000,"circlet_count":0,"master_deck":["Strike_G","Strike_G","Strike_G","Strike_G","Defend_G","Defend_G","Defend_G","Defend_G","Defend_G","Survivor+1","Neutralize+1","Cloak And Dagger","Deadly Poison+1","Footwork+1","Poisoned Stab+1","Bane","Slice","Underhanded Strike","Envenom+1","CurseOfTheBell","Acrobatics","Dodge and Roll+1","Poisoned Stab","Escape Plan+1","Deadly Poison"],"relics":["Ring of the Snake","NeowsBlessing","The Specimen","Blue Candle","Orichalcum","Calling Bell","PreservedInsect","Gremlin Horn","Old Coin","TheAbacus","Mercury Hourglass","Happy Flower","Strawberry","Bag of Marbles"],"potions_floor_usage":[16,20,33],"damage_taken":[{"damage":0,"enemies":"Small Slimes","floor":1,"turns":1},{"damage":0,"enemies":"Jaw Worm","floor":4,"turns":1},{"damage":0,"enemies":"3 Sentries","floor":11,"turns":1},{"damage":0,"enemies":"Cultist","floor":12,"turns":4},{"damage":10,"enemies":"Gremlin Gang","floor":13,"turns":6},{"damage":0,"enemies":"Exordium Thugs","floor":14,"turns":5},{"damage":15,"enemies":"The Guardian","floor":16,"turns":11},{"damage":3,"enemies":"Chosen","floor":18,"turns":6},{"damage":30,"enemies":"Spheric Guardian","floor":19,"turns":7},{"damage":11,"enemies":"Snecko","floor":20,"turns":5},{"damage":11,"enemies":"3 Cultists","floor":24,"turns":5},{"damage":8,"enemies":"Cultist and Chosen","floor":27,"turns":7},{"damage":10,"enemies":"Snake Plant","floor":28,"turns":3},{"damage":4,"enemies":"3 Cultists","floor":29,"turns":6},{"damage":12,"enemies":"Centurion and Healer","floor":31,"turns":6},{"damage":62,"enemies":"Automaton","floor":33,"turns":6}],"seed_played":"-8542587100417766801","potions_obtained":[{"floor":11,"key":"SpeedPotion"},{"floor":12,"key":"Ancient Potion"},{"floor":16,"key":"Weak Potion"},{"floor":19,"key":"GamblersBrew"},{"floor":24,"key":"BlessingOfTheForge"},{"floor":29,"key":"DuplicationPotion"}],"is_trial":false,"path_per_floor":["M","?","?","M","?","R","$","R","T","R","E","M","M","M","R","B",null,"M","M","M","$","?","R","M","R","T","M","M","M","$","M","R","B"],"character_chosen":"THE_SILENT","items_purchased":["Footwork","TheAbacus","Mercury Hourglass","Happy Flower","Bag of Marbles"],"campfire_rested":1,"item_purchase_floors":[7,21,21,21,30],"current_hp_per_floor":[70,70,63,63,56,56,56,56,56,56,56,56,46,46,46,31,70,67,37,26,26,70,70,59,59,66,58,48,44,44,32,55,0,0],"gold":18,"neow_bonus":"THREE_ENEMY_KILL","is_prod":false,"is_daily":false,"chose_seed":false,"campfire_upgraded":6,"win_rate":0,"timestamp":1607608385,"path_taken":["M","?","?","M","?","R","?","R","T","R","E","M","M","M","R","BOSS","M","M","M","$","?","R","M","R","T","?","M","M","$","?","R","BOSS"],"build_version":"2020-11-30","purchased_purges":0,"victory":false,"max_hp_per_floor":[70,70,70,70,70,70,70,70,70,70,70,70,70,70,70,70,70,70,70,70,70,70,70,70,70,77,77,77,77,77,77,77,77,77],"card_choices":[{"not_picked":["Acrobatics","Deflect"],"picked":"Cloak And Dagger","floor":1},{"not_picked":["Heel Hook","Tactician"],"picked":"Deadly Poison","floor":4},{"not_picked":["Dagger Throw","Concentrate"],"picked":"Poisoned Stab","floor":11},{"not_picked":["Dash","Dodge and Roll"],"picked":"Bane","floor":12},{"not_picked":["Dodge and Roll","Well Laid Plans"],"picked":"Slice","floor":13},{"not_picked":["Endless Agony","Reflex"],"picked":"Underhanded Strike","floor":14},{"not_picked":["Grand Finale","Unload"],"picked":"Envenom","floor":16},{"not_picked":["Dagger Throw","Leg Sweep","PiercingWail"],"picked":"SKIP","floor":18},{"not_picked":["Reflex","Flying Knee","Heel Hook"],"picked":"SKIP","floor":19},{"not_picked":["Prepared+1","Dagger Throw+1"],"picked":"Acrobatics","floor":20},{"not_picked":["Flechettes","Backflip+1"],"picked":"Dodge and Roll+1","floor":24},{"not_picked":["Eviscerate+1","Finisher"],"picked":"Poisoned Stab","floor":27},{"not_picked":["Heel Hook","Sucker Punch"],"picked":"Escape Plan+1","floor":28},{"not_picked":["Sucker Punch+1","Riddle With Holes"],"picked":"Deadly Poison","floor":29},{"not_picked":["Flying Knee","Blade Dance+1","Expertise+1"],"picked":"SKIP","floor":31}],"player_experience":109290,"relics_obtained":[{"floor":9,"key":"Blue Candle"},{"floor":11,"key":"Orichalcum"},{"floor":17,"key":"PreservedInsect"},{"floor":17,"key":"Gremlin Horn"},{"floor":17,"key":"Old Coin"},{"floor":26,"key":"Strawberry"}],"event_choices":[{"damage_healed":0,"gold_gain":0,"player_choice":"Ignored","damage_taken":0,"max_hp_gain":0,"max_hp_loss":0,"event_name":"Liars Game","floor":2,"gold_loss":0},{"damage_healed":0,"gold_gain":0,"player_choice":"Success","damage_taken":7,"relics_obtained":["The Specimen"],"max_hp_gain":0,"max_hp_loss":0,"event_name":"Scrap Ooze","floor":3,"gold_loss":0},{"cards_removed":["Strike_G"],"damage_healed":0,"gold_gain":0,"player_choice":"Card Removal","damage_taken":7,"max_hp_gain":0,"max_hp_loss":0,"event_name":"Golden Wing","floor":5,"gold_loss":0},{"damage_healed":44,"gold_gain":0,"player_choice":"Full Heal","damage_taken":0,"max_hp_gain":0,"max_hp_loss":0,"event_name":"Wheel of Change","floor":22,"gold_loss":0}],"is_beta":false,"boss_relics":[{"not_picked":["Philosopher\u0027s Stone","Velvet Choker"],"picked":"Calling Bell"}],"items_purged_floors":[],"is_endless":false,"potions_floor_spawned":[11,12,16,19,24,27,29,31],"killed_by":"Automaton","ascension_level":0}}