{"host":"ve1tu2pxpq596wfw","time":1607559610,"event":{"gold_per_floor":[109,109,124,135,135,170,194,221,233,245,292,304,329,341,341],"floor_reached":14,"playtime":837,"items_purged":[],"score":112,"play_id":"8652dada-7d9d-4894-a3d5-22b5ddac2fb3","local_time":"20201210002010","is_ascension_mode":true,"campfire_choices":[{"floor":10,"key":"REST"}],"neow_cost":"NONE","seed_source_timestamp":104982912247239,"circlet_count":0,"master_deck":["Strike_B","Strike_B","Strike_B","Defend_B","Defend_B","Defend_B","Defend_B","Zap","Dualcast","Capacitor","Coolheaded","Capacitor+1","Consume","Conserve Battery","Leap","Turbo"],"special_seed":0,"relics":["Cracked Core","infinitespire:EmpoweringShard","MawBank","TungstenRod"],"potions_floor_usage":[8],"damage_taken":[{"damage":0,"enemies":"Cultist","floor":1,"turns":3},{"damage":0,"enemies":"Small Slimes","floor":3,"turns":3},{"damage":0,"enemies":"Jaw Worm","floor":4,"turns":5},{"damage":22,"enemies":"Lagavulin","floor":6,"turns":10},{"damage":16,"enemies":"3 Louse","floor":7,"turns":3},{"damage":8,"enemies":"Lots of Slimes","floor":8,"turns":2},{"damage":35,"enemies":"Gremlin Nob","floor":11,"turns":6},{"damage":2,"enemies":"Blue Slaver","floor":13,"turns":4},{"damage":15,"enemies":"3 Sentries","floor":14,"turns":4}],"seed_played":"1692793140917856964","potions_obtained":[{"floor":3,"key":"Explosive Potion"},{"floor":11,"key":"blueLaboratory:Moonshine"},{"floor":13,"key":"blueLaboratory:EnragingPotion"}],"is_trial":false,"path_per_floor":["M","?","M","M","?","E","M","M","T","R","E","?","M","E"],"character_chosen":"DEFECT","items_purchased":[],"campfire_rested":1,"item_purchase_floors":[],"current_hp_per_floor":[75,75,75,75,75,53,37,29,29,51,16,16,14,0,0],"gold":341,"neow_bonus":"REMOVE_CARD","is_prod":false,"is_daily":false,"chose_seed":false,"campfire_upgraded":0,"win_rate":0,"timestamp":1607559610,"path_taken":["M","?","M","M","?","E","?","M","T","R","E","?","M","E"],"build_version":"2020-11-30","purchased_purges":0,"victory":false,"max_hp_per_floor":[75,75,75,75,75,75,75,75,75,75,75,75,75,75,75],"card_choices":[{"not_picked":["Chill","Coolheaded"],"picked":"Capacitor","floor":1},{"not_picked":["Stack","Beam Cell"],"picked":"Coolheaded","floor":3},{"not_picked":["Go for the Eyes","Steam Power"],"picked":"Capacitor","floor":4},{"not_picked":["Leap","Loop"],"picked":"Consume","floor":6},{"not_picked":["Cold Snap","Compile Driver"],"picked":"Conserve Battery","floor":7},{"not_picked":["Coolheaded","ReplayTheSpireMod:GoodbyeWorld"],"picked":"Leap","floor":8},{"not_picked":["Thunder Strike","Steam","Redo"],"picked":"SKIP","floor":11},{"not_picked":["Beam Cell","Rebound"],"picked":"Turbo","floor":13}],"player_experience":181643,"relics_obtained":[{"floor":2,"key":"infinitespire:EmpoweringShard"},{"floor":6,"key":"MawBank"},{"floor":11,"key":"TungstenRod"}],"event_choices":[{"damage_healed":0,"gold_gain":0,"player_choice":"Upgraded","damage_taken":0,"max_hp_gain":0,"max_hp_loss":0,"event_name":"Upgrade Shrine","floor":5,"gold_loss":0,"cards_upgraded":["Capacitor"]}],"is_beta":false,"boss_relics":[],"items_purged_floors":[],"is_endless":false,"potions_floor_spawned":[3,11,13],"killed_by":"3 Sentries","ascension_level":2}}