{"host":"igj4vwc42ivwqexo","time":1607609097,"event":{"mods":["BaseMod","StSLib","Infinite Spire","Koishi","Marisa????????","Minty Spire (QoL Compilation)","Shop Mod","The Disciple","The Hierophant","The Servant 0.9.4"],"gold_per_floor":[19,29,29,43,57,57,113,113,113,113,113,113],"floor_reached":11,"playtime":1537,"items_purged":[],"score":77,"play_id":"42953d17-736e-418c-a5fd-e7688ca9016a","local_time":"20201210150457","is_ascension_mode":true,"campfire_choices":[{"data":"White Noise","floor":6,"key":"SMITH"},{"data":"Static Discharge","floor":8,"key":"SMITH"}],"circlet_count":0,"master_deck":["Strike_B","Strike_B","Strike_B","Strike_B","Defend_B","Defend_B","Defend_B","Defend_B","Zap","Dualcast","Transmutation","Glacier","Static Discharge+1","White Noise+1","Consume","Fusion","Regret"],"relics":["Cracked Core","Golden Idol","White Beast Statue","Bottled Tornado","Matryoshka"],"acts_visited":["Exordium"],"potions_floor_usage":[11],"damage_taken":[{"damage":1,"enemies":"Cultist","floor":1,"turns":4},{"damage":5,"enemies":"Small Slimes","floor":2,"turns":3},{"damage":2,"enemies":"Jaw Worm","floor":4,"turns":5},{"damage":6,"enemies":"3 Louse","floor":5,"turns":6},{"damage":20,"enemies":"Lagavulin","floor":7,"turns":6},{"damage":24,"enemies":"3 Sentries","floor":11,"turns":6}],"seed_played":"-2904516499707319956","potions_obtained":[{"floor":1,"key":"Swift Potion"},{"floor":2,"key":"SteroidPotion"}],"is_trial":false,"path_per_floor":["M","M","?","M","M","R","E","R","T","?","E"],"character_chosen":"DEFECT","items_purchased":[],"campfire_rested":0,"item_purchase_floors":[],"current_hp_per_floor":[74,69,51,49,43,43,23,23,23,23,0,0],"gold":113,"neow_bonus":"RANDOM_COLORLESS_2","is_daily":false,"chose_seed":false,"campfire_upgraded":2,"win_rate":0,"timestamp":1607609097,"path_taken":["M","M","?","M","M","R","E","R","T","?","E"],"build_version":"2020-11-30","purchased_purges":0,"victory":false,"max_hp_per_floor":[75,75,75,75,75,75,75,75,75,75,75,75],"card_choices":[{"not_picked":["Chrysalis","Sadistic Nature"],"picked":"Transmutation","floor":0},{"not_picked":["Static Discharge","Tempest"],"picked":"Glacier","floor":1},{"not_picked":["Redo","Hologram"],"picked":"Static Discharge","floor":2},{"not_picked":["Barrage","FTL"],"picked":"White Noise","floor":4},{"not_picked":["Compile Driver","Cold Snap"],"picked":"Consume","floor":5},{"not_picked":["Hello World","Auto Shields"],"picked":"Fusion","floor":7}],"player_experience":205886,"relics_obtained":[{"floor":7,"key":"White Beast Statue"},{"floor":9,"key":"Bottled Tornado"}],"event_choices":[{"damage_healed":0,"gold_gain":0,"player_choice":"Take Damage","damage_taken":18,"relics_obtained":["Golden Idol"],"max_hp_gain":0,"max_hp_loss":0,"event_name":"Golden Idol","floor":3,"gold_loss":0},{"damage_healed":0,"gold_gain":0,"player_choice":"Box","damage_taken":0,"relics_obtained":["Matryoshka"],"max_hp_gain":0,"max_hp_loss":0,"event_name":"Big Fish","floor":10,"gold_loss":0,"cards_obtained":["Regret"]}],"is_beta":false,"boss_relics":[],"items_purged_floors":[],"is_endless":false,"potions_floor_spawned":[1,2],"killed_by":"3 Sentries","ascension_level":1}}