{"host":"cllrkz0g1t2qi6kg","time":1607635673,"event":{"mods":["BaseMod","StSLib","Hubris","Replay The Spire","Better Third Choice","Minty Spire (QoL Compilation)","The Jungle","Hero for Fun"],"gold_per_floor":[19,29,46,59,74,109,127,127,172,172,197,212,71,104,104,202,202,219,231,250,260,276,306,180,213,213,213,58,75,105,122,122,221,221,234,250,63,83,83,83,116,134,215,215,245,245,259,259,259,259,259,259,68,123,123],"floor_reached":56,"playtime":1962,"items_purged":["Defend_G","Ignore"],"score":1593,"play_id":"e000dc00-c6e5-4c00-be54-f461a73ec4b2","local_time":"20201210162753","is_ascension_mode":false,"campfire_choices":[{"data":"Consecutive_Normal_Punch","floor":8,"key":"SMITH"},{"floor":15,"key":"RECALL"},{"data":"Terrifying_Presence","floor":27,"key":"SMITH"},{"data":"Serious_Punch","floor":32,"key":"SMITH"},{"data":"Oh","floor":40,"key":"SMITH"},{"data":"Yawn","floor":44,"key":"SMITH"},{"data":"hubris:DuctTapeCard","floor":46,"key":"SMITH"},{"data":"Toss_Stone","floor":49,"key":"SMITH"},{"data":"Get_Hopes_Up","floor":52,"key":"SMITH"}],"circlet_count":0,"master_deck":["Strike_Y","Strike_Y","Strike_Y","Strike_Y","Strike_Y","Defend_Y","Defend_Y","Defend_Y","Defend_Y","Defend_Y","Yawn+1","Normal_Punch","Wear_Disguise","Terrifying_Presence+1","Serious_Punch+1","Get_Hopes_Up+1","Normal_Punch","Toss_Stone+1","Consecutive_Normal_Punch+1","Consecutive_Normal_Punch+1","Hip_Strike","Hop+1","Consecutive_Normal_Punch","Oh+1","Consecutive_Normal_Punch+1","Slap+1","Good Instincts","hubris:DuctTapeCard+2","Consecutive_Normal_Punch+1","HandOfGreed","Toss_Stone+1"],"relics":["Cape","NeowsBlessing","Juzu Bracelet","hubris:TenFootPole","Replay:Ringing Soul","Coffee Dripper","hubris:CuriousFeather","Torii","Eternal Feather","Dream Catcher","Runic Dome","hubris:Towel","hubris:DuctTape","Bottled Lightning","hubris:CrystalStatue","Chameleon Ring"],"acts_visited":["Exordium","TheCity","TheBeyond","TheEnding"],"potions_floor_usage":[55],"damage_taken":[{"damage":0,"enemies":"Cultist","floor":1,"turns":1},{"damage":0,"enemies":"2 Louse","floor":2,"turns":1},{"damage":0,"enemies":"Jaw Worm","floor":3,"turns":1},{"damage":0,"enemies":"Lots of Slimes","floor":4,"turns":3},{"damage":0,"enemies":"Gremlin Gang","floor":5,"turns":2},{"damage":0,"enemies":"Replay:BlueRogue","floor":6,"turns":1},{"damage":0,"enemies":"Exordium Thugs","floor":7,"turns":1},{"damage":0,"enemies":"Lagavulin","floor":11,"turns":1},{"damage":0,"enemies":"Red Slaver","floor":12,"turns":1},{"damage":0,"enemies":"Gremlin Nob","floor":14,"turns":1},{"damage":0,"enemies":"Slime Boss","floor":16,"turns":1},{"damage":0,"enemies":"3 Byrds","floor":18,"turns":4},{"damage":0,"enemies":"Spheric Guardian","floor":19,"turns":1},{"damage":0,"enemies":"3 Cultists","floor":20,"turns":1},{"damage":0,"enemies":"Centurion and Healer","floor":21,"turns":1},{"damage":0,"enemies":"Cultist and Chosen","floor":22,"turns":1},{"damage":0,"enemies":"Slavers","floor":23,"turns":2},{"damage":0,"enemies":"Replay:Snechameleon","floor":25,"turns":1},{"damage":0,"enemies":"Chosen and Byrds","floor":29,"turns":1},{"damage":0,"enemies":"Gremlin Leader","floor":30,"turns":1},{"damage":0,"enemies":"Snake Plant","floor":31,"turns":1},{"damage":0,"enemies":"hubris:MusketHawk","floor":33,"turns":1},{"damage":0,"enemies":"3 Shapes","floor":35,"turns":2},{"damage":0,"enemies":"Orb Walker","floor":36,"turns":1},{"damage":0,"enemies":"Spire Growth","floor":38,"turns":1},{"damage":0,"enemies":"Giant Head","floor":41,"turns":1},{"damage":0,"enemies":"Transient","floor":42,"turns":1},{"damage":0,"enemies":"Nemesis","floor":45,"turns":1},{"damage":0,"enemies":"Sphere and 2 Shapes","floor":47,"turns":1},{"damage":0,"enemies":"Replay:Hell Engine","floor":50,"turns":1},{"damage":0,"enemies":"Shield and Spear","floor":54,"turns":1},{"damage":0,"enemies":"The Heart","floor":55,"turns":1}],"seed_played":"5997606845351786995","potions_obtained":[{"floor":3,"key":"Adrenaline Potion"},{"floor":6,"key":"Explosive Potion"},{"floor":7,"key":"Milkshake"},{"floor":11,"key":"Elixir"},{"floor":22,"key":"DuplicationPotion"}],"is_trial":false,"path_per_floor":["M","M","M","M","M","E","M","R","T","?","E","M","$","E","R","B",null,"M","M","M","M","M","E","$","E","T","R","$","M","E","M","R","B",null,"M","M","$","M","?","R","E","M","T","R","E","R","M","?","R","B",null,"R","$","E","B",null],"character_chosen":"OPM","items_purchased":["Serious_Punch","Consecutive_Normal_Punch+1","Hip_Strike","Good Instincts","HandOfGreed"],"campfire_rested":0,"item_purchase_floors":[13,24,28,37,53],"current_hp_per_floor":[999,999,999,999,999,999,999,999,999,999,999,999,999,999,999,1002,1002,1002,1002,1005,1005,1008,1008,1011,1014,1014,1014,1017,1017,1020,1023,1023,1026,1026,1029,1032,1035,1035,1035,1035,1038,1038,1038,1038,1038,1038,1038,1038,1038,1038,1038,1038,1041,1044,1044],"gold":123,"neow_bonus":"THREE_ENEMY_KILL","is_daily":false,"chose_seed":false,"campfire_upgraded":8,"win_rate":0.0,"timestamp":1607635673,"path_taken":["M","M","M","M","M","E","M","R","T","?","E","M","?","E","R","BOSS","M","M","M","M","M","E","$","E","T","R","$","M","E","M","R","BOSS","M","M","$","M","?","R","E","M","T","R","E","R","M","?","R","BOSS","R","$","E","BOSS"],"build_version":"2020-11-30","purchased_purges":2,"victory":true,"max_hp_per_floor":[999,999,999,999,999,999,999,999,999,999,999,999,999,999,999,1002,1002,1002,1002,1005,1005,1008,1008,1011,1014,1014,1014,1017,1017,1020,1023,1023,1026,1026,1029,1032,1035,1035,1035,1035,1038,1038,1038,1038,1038,1038,1038,1038,1038,1038,1038,1038,1041,1044,1044],"card_choices":[{"not_picked":["Side_Hop","Hop"],"picked":"Yawn","floor":1},{"not_picked":["Do_Nothing","Hop"],"picked":"Normal_Punch","floor":2},{"not_picked":["Hop","Yawn"],"picked":"Ignore","floor":3},{"not_picked":["Hop","Yawn"],"picked":"Slap","floor":4},{"not_picked":["Side_Hop","Terrifying_Presence"],"picked":"Consecutive_Normal_Punch","floor":5},{"not_picked":["Hop","Ignore"],"picked":"Slap","floor":6},{"not_picked":["Side_Hop","Hop"],"picked":"Wear_Disguise","floor":7},{"not_picked":["Ignore","Slap"],"picked":"Terrifying_Presence","floor":11},{"not_picked":["Hop","Side_Hop","Ignore"],"picked":"SKIP","floor":12},{"not_picked":["Do_Nothing","Wear_Disguise","Side_Hop"],"picked":"SKIP","floor":14},{"not_picked":["Hip_Strike","Serious_Side_Hops"],"picked":"Get_Hopes_Up","floor":16},{"not_picked":["Side_Hop","Wear_Disguise+1","Do_Nothing"],"picked":"SKIP","floor":18},{"not_picked":["Ignore","Side_Hop","Slap"],"picked":"SKIP","floor":19},{"not_picked":["Do_Nothing","Side_Hop"],"picked":"Normal_Punch","floor":20},{"not_picked":["Ignore","Hop+1","Slap"],"picked":"SKIP","floor":21},{"not_picked":["Hop","Yawn"],"picked":"Toss_Stone","floor":22},{"not_picked":["Toss_Stone","Hop+1","Normal_Punch+1"],"picked":"SKIP","floor":23},{"not_picked":["Ignore","Do_Nothing+1"],"picked":"Consecutive_Normal_Punch+1","floor":25},{"not_picked":["Wear_Disguise+1","Serious_Punch","Toss_Stone"],"picked":"SKIP","floor":29},{"not_picked":["Ignore","Normal_Punch"],"picked":"Hop+1","floor":30},{"not_picked":["Slap","Ignore"],"picked":"Consecutive_Normal_Punch","floor":31},{"not_picked":["Serious_Punch","Serious_Side_Hops"],"picked":"Oh","floor":33},{"not_picked":["Toss_Stone+1","Hop+1"],"picked":"Consecutive_Normal_Punch+1","floor":35},{"not_picked":["Toss_Stone+1","Hop"],"picked":"Slap+1","floor":36},{"not_picked":["Hop+1","Yawn+1","Normal_Punch"],"picked":"SKIP","floor":38},{"not_picked":["Slap","Wear_Disguise+1"],"picked":"Consecutive_Normal_Punch+1","floor":41},{"not_picked":["Slap","Wear_Disguise+1","Ignore"],"picked":"SKIP","floor":42},{"not_picked":["Toss_Stone+1","Side_Hop","Slap"],"picked":"SKIP","floor":45},{"not_picked":["Yawn+1","Wear_Disguise","Side_Hop"],"picked":"SKIP","floor":47},{"not_picked":["Do_Nothing","Side_Hop+1"],"picked":"Toss_Stone+1","floor":54}],"player_experience":1362832,"relics_obtained":[{"floor":6,"key":"Juzu Bracelet"},{"floor":11,"key":"hubris:TenFootPole"},{"floor":14,"key":"Replay:Ringing Soul"},{"floor":23,"key":"hubris:CuriousFeather"},{"floor":25,"key":"Torii"},{"floor":26,"key":"Eternal Feather"},{"floor":30,"key":"Dream Catcher"},{"floor":41,"key":"hubris:DuctTape"},{"floor":43,"key":"Bottled Lightning"},{"floor":45,"key":"hubris:CrystalStatue"},{"floor":54,"key":"Chameleon Ring"}],"event_choices":[{"cards_removed":["Consecutive_Normal_Punch"],"damage_healed":0,"gold_gain":0,"player_choice":"Took Card","damage_taken":0,"max_hp_gain":0,"max_hp_loss":0,"event_name":"NoteForYourself","floor":10,"gold_loss":0,"cards_obtained":["Defend_G"]},{"damage_healed":0,"gold_gain":0,"player_choice":"Bought 0 Potions","damage_taken":0,"max_hp_gain":0,"max_hp_loss":0,"event_name":"The Woman in Blue","floor":48,"gold_loss":0}],"is_beta":false,"boss_relics":[{"not_picked":["hubris:CrackedHourglass","Painkiller Herb"],"picked":"Coffee Dripper"},{"not_picked":["Fusion Hammer","ChewingGum"],"picked":"Runic Dome"}],"items_purged_floors":[24,37],"is_endless":false,"potions_floor_spawned":[3,6,7,11,16,20,21,22,25,29,31,35,38,45],"ascension_level":0}}