{"host":"zxgdr4fkkh57nqy4","time":1607596258,"event":{"gold_per_floor":[118,129,140,36,211,230,230,295,295,295,295,295,332,348,348,451,451,467,176,189,189,205,205,221,232,300,300,225,240,240,258,258,258,258],"floor_reached":33,"playtime":1964,"items_purged":["Yin"],"score":266,"play_id":"99d0153c-f117-4c00-b674-cd12e125089e","local_time":"20201210183058","is_ascension_mode":false,"campfire_choices":[{"data":"rmod:supportaircraftcarrier","floor":7.0,"key":"SMITH"},{"floor":10.0,"key":"REST"},{"data":"rmod:diamondstrike","floor":12.0,"key":"SMITH"},{"floor":15.0,"key":"REST"},{"data":"rmod:expedition","floor":23.0,"key":"SMITH"},{"floor":30,"key":"REST"},{"floor":32,"key":"REST"}],"neow_cost":"","seed_source_timestamp":21695654028400,"circlet_count":0,"master_deck":["rmod:strick","rmod:strick","rmod:strick","rmod:defend","rmod:defend","rmod:defend","rmod:basicallowance","rmod:maingunfire","OSAHOGD","rmod:diamondstrike+1","rmod:aluminumsupply","BigBird","rmod:supportaircraftcarrier+1","rmod:victimresponsibility","QueenBee","rmod:fuelsupply","rmod:wolves","LaLuna","rmod:circuitoustactics","rmod:highspeedmaneuver","rmod:expedition+1","rmod:aviationdawn+1","rmod:shuttlebombing","SingingMachine","rmod:ammunitionsupply+1","rmod:advancebysurprise"],"special_seed":0,"relics":["rmod:firstchargereward","CogitoBucket","LetterFromLob","Blue Candle","Orichalcum","SkinProphecy","Sozu","Lee\u0027s Waffle","ResearcherNote","Question Card"],"potions_floor_usage":[],"damage_taken":[{"damage":2.0,"enemies":"Small Slimes","floor":1.0,"turns":4.0},{"damage":5.0,"enemies":"Jaw Worm","floor":2.0,"turns":3.0},{"damage":0.0,"enemies":"Cultist","floor":3.0,"turns":3.0},{"damage":14.0,"enemies":"Large Slime","floor":6.0,"turns":4.0},{"damage":44.0,"enemies":"Lagavulin Event","floor":8.0,"turns":6.0},{"damage":24.0,"enemies":"2 Fungi Beasts","floor":13.0,"turns":3.0},{"damage":0.0,"enemies":"Blue Slaver","floor":14.0,"turns":3.0},{"damage":6.0,"enemies":"Hexaghost","floor":16.0,"turns":7.0},{"damage":18.0,"enemies":"Shell Parasite","floor":18.0,"turns":7.0},{"damage":16.0,"enemies":"2 Thieves","floor":20.0,"turns":3.0},{"damage":5.0,"enemies":"Snake Plant","floor":22.0,"turns":4.0},{"damage":1,"enemies":"Shelled Parasite and Fungi","floor":24,"turns":3},{"damage":11,"enemies":"Snecko","floor":25,"turns":4},{"damage":4,"enemies":"3 Cultists","floor":29,"turns":4},{"damage":34,"enemies":"Shelled Parasite and Fungi","floor":31,"turns":4},{"damage":35,"enemies":"Collector","floor":33,"turns":5}],"seed_played":"1252300383271522949","potions_obtained":[{"floor":1.0,"key":"LiquidBronze"},{"floor":14.0,"key":"Swift Potion"}],"is_trial":false,"path_per_floor":["M","M","M","$","?","M","R","?","T","R","?","R","M","M","R","B",null,"M","$","M","?","M","R","M","M","T","?","?","M","R","M","R","B"],"character_chosen":"PRAEFECT","items_purchased":["FairyPotion","Lee\u0027s Waffle","rmod:expedition"],"campfire_rested":4,"item_purchase_floors":[4,19,19],"current_hp_per_floor":[73,68,68,68,68,54,54,10,10,32,32,32,8,4,27,17,79,57,88,68,68,55,55,50,35,35,35,35,27,57,19,49,10,10],"gold":258,"neow_bonus":"","is_prod":false,"is_daily":false,"chose_seed":false,"campfire_upgraded":3,"win_rate":0,"timestamp":1607596258,"path_taken":["M","M","M","$","?","M","R","?","T","R","?","R","M","M","R","BOSS","M","$","M","?","M","R","M","M","T","?","?","M","R","M","R","BOSS"],"build_version":"2020-11-30","purchased_purges":1,"victory":false,"max_hp_per_floor":[75,75,75,75,75,75,75,75,75,75,75,75,75,77,77,79,79,81,88,90,90,94,94,96,98,98,98,98,100,100,102,102,104,104],"card_choices":[{"not_picked":["Scorched","Variant","VoidDream"],"picked":"Singing Bowl","floor":1.0},{"not_picked":["PunishingBird","Alriune"],"picked":"OSAHOGD","floor":1.0},{"not_picked":["rmod:steelsupply","rmod:tearstotiara"],"picked":"rmod:diamondstrike","floor":1.0},{"not_picked":["WallGazer","CherryBlossoms","UniverseFragment"],"picked":"Singing Bowl","floor":2.0},{"not_picked":["rmod:goodfighter","rmod:aviationdawn"],"picked":"rmod:aluminumsupply","floor":2.0},{"not_picked":["Bloodbath","OldLady","Scorched"],"picked":"Singing Bowl","floor":3.0},{"not_picked":["SpiderBud","MeatLantern"],"picked":"BigBird","floor":3.0},{"not_picked":["rmod:luckystar","rmod:firesupport"],"picked":"rmod:supportaircraftcarrier","floor":3.0},{"not_picked":["rmod:tearstotiara","rmod:launchingtorpedo"],"picked":"rmod:victimresponsibility","floor":6.0},{"not_picked":["FairyFestival","Variant"],"picked":"QueenBee","floor":8.0},{"not_picked":["rmod:fletcherpendant","rmod:victimresponsibility"],"picked":"rmod:fuelsupply","floor":8.0},{"not_picked":["rmod:fuelsupply","rmod:wolves","rmod:launchingtorpedo"],"picked":"SKIP","floor":13.0},{"not_picked":["Scorched","ShyLook"],"picked":"LaLuna","floor":14.0},{"not_picked":["rmod:steelsupply","rmod:diaomin"],"picked":"rmod:circuitoustactics","floor":14.0},{"not_picked":["rmod:windflower","rmod:secretscript"],"picked":"rmod:highspeedmaneuver","floor":16.0},{"not_picked":["SnowQueen","Scorched"],"picked":"Yin","floor":18.0},{"not_picked":["rmod:intelligenceanalysis","rmod:wolves","rmod:concentratefire"],"picked":"SKIP","floor":18.0},{"not_picked":["rmod:intelligenceanalysis","rmod:wolves","rmod:concentratefire"],"picked":"SKIP","floor":18.0},{"not_picked":["rmod:supportaircraftcarrier","rmod:fuelsupply"],"picked":"rmod:aviationdawn+1","floor":20.0},{"not_picked":["rmod:aggressivemary","rmod:overbreakdown"],"picked":"rmod:shuttlebombing","floor":22.0},{"not_picked":["WhitesApple","SnowQueen"],"picked":"SingingMachine","floor":24},{"not_picked":["rmod:supportescort","rmod:firesupport","rmod:mineteam"],"picked":"SKIP","floor":24},{"not_picked":["rmod:launchingtorpedo","rmod:supportaircraftcarrier+1"],"picked":"rmod:ammunitionsupply+1","floor":25},{"not_picked":["rmod:fletcherpendant","rmod:goodsister","rmod:combined"],"picked":"rmod:advancebysurprise","floor":29},{"not_picked":["rmod:smokecover","rmod:victimresponsibility","rmod:highspeedshooting","rmod:unsinkable"],"picked":"SKIP","floor":31}],"player_experience":433907,"relics_obtained":[{"floor":1.0,"key":"LetterFromLob"},{"floor":8.0,"key":"Blue Candle"},{"floor":9.0,"key":"Orichalcum"},{"floor":26,"key":"Question Card"}],"event_choices":[{"damage_healed":0.0,"max_hp_gain":0.0,"max_hp_loss":0.0,"gold_gain":175.0,"event_name":"Liars Game","player_choice":"AGREE","floor":5.0,"gold_loss":0.0,"damage_taken":0.0,"cards_obtained":["Doubt"]},{"damage_healed":0.0,"max_hp_gain":0.0,"max_hp_loss":0.0,"gold_gain":0.0,"event_name":"Dead Adventurer","player_choice":"Searched \u00271\u0027 times","floor":8.0,"gold_loss":0.0,"damage_taken":0.0},{"damage_healed":0.0,"max_hp_gain":0.0,"max_hp_loss":0.0,"gold_gain":0.0,"event_name":"Match and Keep!","player_choice":"1 cards matched","floor":11.0,"gold_loss":0.0,"damage_taken":0.0,"cards_obtained":["rmod:wolves"]},{"damage_healed":0.0,"max_hp_gain":0.0,"max_hp_loss":0.0,"gold_gain":0.0,"event_name":"Cursed Tome","player_choice":"Ignored","floor":21.0,"gold_loss":0.0,"damage_taken":0.0},{"cards_removed":["rmod:defend"],"damage_healed":0,"gold_gain":0,"player_choice":"Gave Gold","damage_taken":0,"max_hp_gain":0,"max_hp_loss":0,"event_name":"Beggar","floor":28,"gold_loss":75}],"is_beta":false,"boss_relics":[{"not_picked":["Astrolabe","Fusion Hammer"],"picked":"Sozu"}],"items_purged_floors":[19],"is_endless":false,"potions_floor_spawned":[1,14,24,31],"killed_by":"Collector","ascension_level":0}}