{"host":"0kaxg9rjckhp4v2r","time":1607575001,"event":{"gold_per_floor":[115,115,142,142,154,186,186,198,198,24,36,36,63,0,0,105,105,117,136,61,61,81,108,70,70,70,85,85,118,218,218,218,218,218],"floor_reached":33,"playtime":1637,"items_purged":["Bite"],"score":389,"play_id":"7557fd98-8808-4aa6-9227-c0530c963450","local_time":"20201209233641","is_ascension_mode":true,"campfire_choices":[{"data":"Enlightenment","floor":7.0,"key":"SMITH"},{"data":"Armaments","floor":12.0,"key":"SMITH"},{"data":"Metallicize","floor":15.0,"key":"SMITH"},{"data":"Battle Trance","floor":25,"key":"SMITH"},{"data":"Disarm","floor":28,"key":"SMITH"},{"data":"1","floor":32,"key":"LIFT"}],"neow_cost":"NONE","seed_source_timestamp":31644024509800,"circlet_count":0,"master_deck":["Defend_R","Defend_R","Defend_R","Defend_R","Bash","Power Through","Enlightenment+1","Armaments+1","Battle Trance+1","Flame Barrier+1","Evolve","Headbutt","Metallicize+1","Wild Strike","Bludgeon","Iron Wave+1","Cleave","Bite","Bite","Bite","Bite","Disarm+1","Body Slam+1","Dual Wield","Infernal Blade"],"special_seed":0,"relics":["Burning Blood","Boot","Regal Pillow","Lizard Tail","Membership Card","Bottled Lightning","Coffee Dripper","Bird Faced Urn","Ornamental Fan","Eternal Feather","Girya","Bottled Flame","Art of War","Smiling Mask"],"potions_floor_usage":[23,30,33],"damage_taken":[{"damage":1.0,"enemies":"Cultist","floor":1.0,"turns":4.0},{"damage":0.0,"enemies":"2 Louse","floor":5.0,"turns":3.0},{"damage":31.0,"enemies":"Gremlin Nob","floor":6.0,"turns":5.0},{"damage":2.0,"enemies":"Jaw Worm","floor":8.0,"turns":4.0},{"damage":0.0,"enemies":"2 Fungi Beasts","floor":11.0,"turns":5.0},{"damage":7.0,"enemies":"3 Sentries","floor":13.0,"turns":12.0},{"damage":3.0,"enemies":"The Guardian","floor":16.0,"turns":12.0},{"damage":0.0,"enemies":"3 Byrds","floor":18.0,"turns":5.0},{"damage":18.0,"enemies":"2 Thieves","floor":19.0,"turns":4.0},{"damage":0.0,"enemies":"Centurion and Healer","floor":22.0,"turns":6.0},{"damage":14,"enemies":"Gremlin Leader","floor":23,"turns":7},{"damage":18,"enemies":"Shelled Parasite and Fungi","floor":27,"turns":7},{"damage":18,"enemies":"Book of Stabbing","floor":29,"turns":6},{"damage":1,"enemies":"Colosseum Slavers","floor":30,"turns":4},{"damage":70,"enemies":"Colosseum Nobs","floor":30,"turns":10},{"damage":59,"enemies":"Collector","floor":33,"turns":7}],"seed_played":"6608863400801598727","potions_obtained":[{"floor":5.0,"key":"Explosive Potion"},{"floor":6.0,"key":"LiquidMemories"},{"floor":11.0,"key":"Ancient Potion"},{"floor":13.0,"key":"Swift Potion"},{"floor":19.0,"key":"ColorlessPotion"},{"floor":29,"key":"SkillPotion"},{"floor":30,"key":"LiquidMemories"}],"is_trial":false,"path_per_floor":["M","?","T","?","M","E","R","M","T","$","M","R","E","$","R","B",null,"M","M","?","?","M","E","$","R","T","M","R","E","?","?","R","B"],"character_chosen":"IRONCLAD","items_purchased":["Membership Card","Evolve","Metallicize","Wild Strike"],"campfire_rested":0,"item_purchase_floors":[10,10,14,14],"current_hp_per_floor":[80,80,80,80,80,55,55,59,59,59,65,65,64,64,64,67,77,80,68,68,56,56,56,56,56,56,50,50,49,41,11,26,0,0],"gold":218,"neow_bonus":"REMOVE_CARD","is_prod":false,"is_daily":false,"chose_seed":false,"campfire_upgraded":5,"win_rate":0,"timestamp":1607575001,"path_taken":["M","?","?","?","M","E","R","M","T","$","M","R","E","?","R","BOSS","M","M","?","?","M","E","$","R","T","M","R","E","?","?","R","BOSS"],"build_version":"2020-11-30","purchased_purges":1,"victory":false,"max_hp_per_floor":[80,80,80,80,80,80,80,80,80,80,80,80,80,80,80,80,80,80,80,80,56,56,56,56,56,56,56,56,56,56,56,56,56,56],"card_choices":[{"not_picked":["Sword Boomerang","Pommel Strike"],"picked":"Power Through","floor":1.0},{"not_picked":["Dark Shackles","Discovery"],"picked":"Enlightenment","floor":2.0},{"not_picked":["Iron Wave","Sentinel"],"picked":"Armaments","floor":5.0},{"not_picked":["Iron Wave","Corruption"],"picked":"Battle Trance","floor":6.0},{"not_picked":["Body Slam","Burning Pact"],"picked":"Flame Barrier","floor":8.0},{"not_picked":["Heavy Blade","Body Slam","Armaments"],"picked":"SKIP","floor":11.0},{"not_picked":["Havoc","Clash"],"picked":"Headbutt","floor":13.0},{"not_picked":["Exhume","Berserk"],"picked":"Bludgeon","floor":16.0},{"not_picked":["Sever Soul","Sword Boomerang"],"picked":"Iron Wave+1","floor":18.0},{"not_picked":["Sword Boomerang","Searing Blow"],"picked":"Cleave","floor":19.0},{"not_picked":["Pommel Strike+1","Warcry"],"picked":"Disarm","floor":22.0},{"not_picked":["Searing Blow","Wild Strike","Burning Pact"],"picked":"SKIP","floor":23},{"not_picked":["Warcry+1","Second Wind"],"picked":"Body Slam+1","floor":27},{"not_picked":["Body Slam","Headbutt"],"picked":"Dual Wield","floor":29},{"not_picked":["Sword Boomerang","Pommel Strike+1"],"picked":"Infernal Blade","floor":30}],"player_experience":264579,"relics_obtained":[{"floor":3.0,"key":"Boot"},{"floor":6.0,"key":"Regal Pillow"},{"floor":9.0,"key":"Lizard Tail"},{"floor":13.0,"key":"Bottled Lightning"},{"floor":23,"key":"Bird Faced Urn"},{"floor":26,"key":"Ornamental Fan"},{"floor":29,"key":"Eternal Feather"},{"floor":30,"key":"Girya"},{"floor":30,"key":"Bottled Flame"}],"event_choices":[{"damage_healed":0.0,"max_hp_gain":0.0,"max_hp_loss":0.0,"gold_gain":1.0,"event_name":"betterStone:BetterStone","player_choice":"1","floor":2.0,"gold_loss":0.0,"damage_taken":0.0},{"damage_healed":0.0,"max_hp_gain":0.0,"max_hp_loss":0.0,"gold_gain":0.0,"event_name":"betterThird:BetterSerpent","player_choice":"Ignored","floor":4.0,"gold_loss":0.0,"damage_taken":142.0},{"cards_removed":["Strike_R"],"damage_healed":0.0,"max_hp_gain":0.0,"max_hp_loss":0.0,"gold_gain":0.0,"event_name":"Beggar","player_choice":"Gave Gold","floor":20.0,"gold_loss":75.0,"damage_taken":0.0},{"damage_healed":0.0,"max_hp_gain":0.0,"max_hp_loss":24.0,"gold_gain":0.0,"event_name":"Vampires","player_choice":"Became a vampire","floor":21.0,"gold_loss":0.0,"damage_taken":0.0,"cards_obtained":["Bite","Bite","Bite","Bite","Bite"]},{"damage_healed":0,"gold_gain":0,"player_choice":"Fight","damage_taken":0,"max_hp_gain":0,"max_hp_loss":0,"event_name":"Colosseum","floor":30,"gold_loss":0},{"damage_healed":0,"gold_gain":0,"player_choice":"Fought Nobs","damage_taken":0,"max_hp_gain":0,"max_hp_loss":0,"event_name":"Colosseum","floor":30,"gold_loss":0},{"damage_healed":0,"gold_gain":0,"player_choice":"UP RE RE ","damage_taken":36,"relics_obtained":["Art of War","Smiling Mask"],"max_hp_gain":0,"max_hp_loss":0,"event_name":"betterSkull:BetterSkull","floor":31,"gold_loss":0,"cards_upgraded":["Flame Barrier"]}],"is_beta":false,"boss_relics":[{"not_picked":["Busted Crown","Tiny House"],"picked":"Coffee Dripper"}],"items_purged_floors":[24],"is_endless":false,"potions_floor_spawned":[5,6,11,13,19,29,30,30],"killed_by":"Collector","ascension_level":5}}