{"host":"zk71suw73lg2r165","time":1607566205,"event":{"gold_per_floor":[365,365,386,401,30,30,54,54,78,119,119,159,182,201,201,299,299,274,313,203,227,227,227,227],"floor_reached":23,"playtime":1129,"items_purged":[],"score":402,"play_id":"4e330fd5-2dc2-4cd7-bdab-51f701beb4fd","local_time":"20201209211005","is_ascension_mode":true,"campfire_choices":[{"data":"Static Discharge","floor":6,"key":"SMITH"},{"data":"Sweeping Beam","floor":8,"key":"SMITH"},{"floor":11,"key":"REST"},{"floor":15,"key":"REST"}],"neow_cost":"PERCENT_DAMAGE","seed_source_timestamp":5675014771614,"circlet_count":0,"master_deck":["AscendersBane","Strike_B","Strike_B","Strike_B","Defend_B","Defend_B","Defend_B","Defend_B","Zap","Dualcast","Sweeping Beam+1","Glacier+1","Static Discharge+1","Compile Driver","Conserve Battery","Coolheaded","Core Surge","Sunder","Genetic Algorithm","Biased Cognition","Ball Lightning","Leap"],"relics":["Cracked Core","Golden Idol","White Beast Statue","Boot","Ancient Tea Set","PreservedInsect","Velvet Choker","Red Mask","Enchiridion"],"potions_floor_usage":[10,12,13,13,16,16,18,19,23],"damage_taken":[{"damage":1,"enemies":"Cultist","floor":1,"turns":3},{"damage":6,"enemies":"Small Slimes","floor":3,"turns":3},{"damage":2,"enemies":"Jaw Worm","floor":4,"turns":3},{"damage":7,"enemies":"Large Slime","floor":7,"turns":4},{"damage":13,"enemies":"Lagavulin","floor":10,"turns":5},{"damage":19,"enemies":"3 Sentries","floor":12,"turns":8},{"damage":12,"enemies":"Exordium Wildlife","floor":13,"turns":3},{"damage":0,"enemies":"2 Fungi Beasts","floor":14,"turns":2},{"damage":3,"enemies":"The Guardian","floor":16,"turns":13},{"damage":0,"enemies":"2 Thieves","floor":18,"turns":4},{"damage":6,"enemies":"Masked Bandits","floor":19,"turns":3},{"damage":2,"enemies":"Spheric Guardian","floor":21,"turns":5},{"damage":26,"enemies":"Slavers","floor":23,"turns":3}],"seed_played":"7941265835295619874","potions_obtained":[{"floor":4,"key":"FocusPotion"},{"floor":7,"key":"Weak Potion"},{"floor":10,"key":"SpeedPotion"},{"floor":12,"key":"FocusPotion"},{"floor":13,"key":"FocusPotion"},{"floor":14,"key":"BlessingOfTheForge"},{"floor":16,"key":"SkillPotion"},{"floor":18,"key":"DistilledChaos"},{"floor":19,"key":"SkillPotion"},{"floor":21,"key":"LiquidBronze"}],"is_trial":false,"path_per_floor":["M","?","M","M","$","R","M","R","T","E","R","E","M","M","R","B",null,"M","?","?","M","?","E"],"character_chosen":"DEFECT","items_purchased":["White Beast Statue","Static Discharge","Compile Driver"],"campfire_rested":2,"item_purchase_floors":[5,5,5],"current_hp_per_floor":[45,45,39,37,37,37,30,30,30,17,36,17,5,5,24,21,53,53,47,47,45,24,0,0],"gold":227,"neow_bonus":"TWO_FIFTY_GOLD","is_prod":false,"is_daily":false,"chose_seed":false,"campfire_upgraded":2,"win_rate":0,"timestamp":1607566205,"path_taken":["M","?","M","M","$","R","M","R","T","E","R","E","M","M","R","BOSS","M","?","?","?","?","E"],"build_version":"2020-11-30","purchased_purges":0,"victory":false,"max_hp_per_floor":[71,64,64,64,64,64,64,64,64,64,64,64,64,64,64,64,64,64,64,64,64,64,64,64],"relic_stats":{"counters":[13,59],"Golden Idol":73,"PreservedInsect":42,"Boot":[8],"obtain_stats":[{"Golden Idol":2,"Velvet Choker":17,"Enchiridion":22,"PreservedInsect":12,"Red Mask":19,"Cracked Core":0,"Boot":9,"Ancient Tea Set":10,"White Beast Statue":5},{"Golden Idol":1,"Velvet Choker":9,"Enchiridion":12,"PreservedInsect":6,"Red Mask":11,"Cracked Core":0,"Boot":4,"Ancient Tea Set":5,"White Beast Statue":3},{"Golden Idol":3,"Velvet Choker":44,"Enchiridion":56,"PreservedInsect":26,"Red Mask":51,"Cracked Core":0,"Boot":13,"Ancient Tea Set":18,"White Beast Statue":9}]},"card_choices":[{"not_picked":["Stack","Skim","Scrape"],"picked":"SKIP","floor":1},{"not_picked":["Steam","Recycle"],"picked":"Sweeping Beam","floor":3},{"not_picked":["Gash","Capacitor"],"picked":"Glacier","floor":4},{"not_picked":["Go for the Eyes","Leap"],"picked":"Conserve Battery","floor":7},{"not_picked":["Reprogram","Conserve Battery"],"picked":"Coolheaded","floor":10},{"not_picked":["Sunder","Cold Snap"],"picked":"Core Surge","floor":12},{"not_picked":["Streamline","Force Field"],"picked":"Sunder","floor":13},{"not_picked":["BootSequence","Redo"],"picked":"Genetic Algorithm","floor":14},{"not_picked":["Thunder Strike","Buffer"],"picked":"Biased Cognition","floor":16},{"not_picked":["Sweeping Beam","BootSequence"],"picked":"Ball Lightning","floor":18},{"not_picked":["Lockon","Reprogram"],"picked":"Leap","floor":19},{"not_picked":["Reprogram","BootSequence","Turbo+1"],"picked":"SKIP","floor":21}],"player_experience":1308570,"relics_obtained":[{"floor":9,"key":"Boot"},{"floor":10,"key":"Ancient Tea Set"},{"floor":12,"key":"PreservedInsect"},{"floor":19,"key":"Red Mask"},{"floor":22,"key":"Enchiridion"}],"event_choices":[{"damage_healed":0,"gold_gain":0,"player_choice":"Lose Max HP","damage_taken":0,"relics_obtained":["Golden Idol"],"max_hp_gain":0,"max_hp_loss":7,"event_name":"Golden Idol","floor":2,"gold_loss":0},{"damage_healed":0,"gold_gain":0,"player_choice":"Fought Bandits","damage_taken":0,"max_hp_gain":0,"max_hp_loss":0,"event_name":"Masked Bandits","floor":19,"gold_loss":0},{"cards_removed":["Strike_B"],"damage_healed":0,"gold_gain":0,"player_choice":"Upgrade and Remove","damage_taken":0,"max_hp_gain":0,"max_hp_loss":0,"event_name":"Designer","floor":20,"gold_loss":110,"cards_upgraded":["Glacier"]},{"damage_healed":0,"gold_gain":0,"player_choice":"Obtained Book","damage_taken":21,"max_hp_gain":0,"max_hp_loss":0,"event_name":"Cursed Tome","floor":22,"gold_loss":0}],"is_beta":false,"boss_relics":[{"not_picked":["Empty Cage","Tiny House"],"picked":"Velvet Choker"}],"items_purged_floors":[],"is_endless":false,"potions_floor_spawned":[4,7,10,12,13,14,16,18,19,21],"killed_by":"Slavers","ascension_level":20}}