{"host":"0i8dz4ityulxi1rd","time":1607562464,"event":{"gold_per_floor":[99,99,99,99,24,24,24,24,24,24,24,24,24],"floor_reached":11,"playtime":221,"items_purged":[],"score":78,"play_id":"a711521c-d515-4ec0-8071-cbb1faaf8310","local_time":"20201210100744","is_ascension_mode":true,"metric_token":671,"campfire_choices":[{"data":"DTMod:SwitchingTactic","floor":7,"key":"SMITH"}],"neow_cost":"NONE","dtmod_dragon_data":[35,50,-1,-1,0,0],"seed_source_timestamp":208423864696500,"circlet_count":0,"master_deck":["DTMod:Strike","DTMod:Strike","DTMod:Strike","DTMod:DoubleHit","DTMod:TargetDefense","DTMod:TargetDefense","DTMod:TargetDefense","DTMod:TargetDefense","DTMod:SwitchingTactic+1","DTMod:HeadStart","DTMod:SneakAttack","DTMod:Observe","DTMod:Coolant"],"relics":["Ectoplasm","Boot","Oddly Smooth Stone"],"potions_floor_usage":[],"damage_taken":[{"damage":0,"enemies":"Cultist","floor":1,"turns":3},{"damage":3,"enemies":"2 Louse","floor":2,"turns":2},{"damage":8,"enemies":"3 Sentries","floor":6,"turns":7},{"damage":0,"enemies":"Jaw Worm","floor":8,"turns":2},{"damage":18,"enemies":"Lagavulin","floor":11,"turns":4}],"seed_played":"-5725521062594334215","potions_obtained":[{"floor":2,"key":"Ancient Potion"}],"is_trial":false,"path_per_floor":["M","M","?","?","$","E","R","M","T","?","E"],"character_chosen":"THE_DT","items_purchased":["DTMod:SneakAttack"],"campfire_rested":0,"item_purchase_floors":[5],"current_hp_per_floor":[45,42,35,24,24,16,16,16,16,16,0,0,0],"gold":24,"neow_bonus":"BOSS_RELIC","is_prod":false,"is_daily":false,"chose_seed":false,"campfire_upgraded":1,"win_rate":0,"timestamp":1607562464,"path_taken":["M","M","?","?","$","E","R","M","T","?","E"],"build_version":"2020-11-30","purchased_purges":0,"victory":false,"max_hp_per_floor":[45,45,45,45,45,45,45,45,45,45,45,45,45],"card_choices":[{"not_picked":["DTMod:ComboAttack","DTMod:BuildUp","DTMod:BurningEnergy"],"picked":"SKIP","floor":1},{"not_picked":["DTMod:MagicField","DTMod:BurningEnergy"],"picked":"DTMod:HeadStart","floor":2},{"not_picked":["DTMod:DeepFocus","DTMod:Coolant"],"picked":"DTMod:Observe","floor":6},{"not_picked":["DTMod:InvisibleFlame","DTMod:Training"],"picked":"DTMod:Coolant","floor":8}],"player_experience":1261565,"relics_obtained":[{"floor":6,"key":"Boot"},{"floor":9,"key":"Oddly Smooth Stone"}],"event_choices":[{"cards_removed":["DTMod:Strike"],"damage_healed":0,"gold_gain":0,"player_choice":"Card Removal","damage_taken":7,"max_hp_gain":0,"max_hp_loss":0,"event_name":"Golden Wing","floor":3,"gold_loss":0},{"damage_healed":0,"gold_gain":75,"player_choice":"Gather Gold","damage_taken":11,"max_hp_gain":0,"max_hp_loss":0,"event_name":"World of Goop","floor":4,"gold_loss":0},{"damage_healed":0,"gold_gain":0,"player_choice":"Ignored","damage_taken":0,"max_hp_gain":0,"max_hp_loss":0,"event_name":"Liars Game","floor":10,"gold_loss":0}],"is_beta":false,"boss_relics":[],"items_purged_floors":[],"is_endless":false,"potions_floor_spawned":[2],"killed_by":"Lagavulin","ascension_level":2}}