{"host":"d7qmn60fs48wu5y6","time":1607639403,"event":{"mods":["BaseMod","Minty Spire (QoL Compilation)","StSLib","The Cursed","The Servant 0.9.4","Shade Mod","Downfall"],"gold_per_floor":[118,133,152,67,84,115,115,143,167,199,199,5,5,21,21,121,121,135,135,135,147,147,147,164,164,210,210,238,250,42,55,55,157,157,173,173,186,197,197,197,229,229,229,229,243,263,6,0,0,0,0,0,0,27,27,27],"floor_reached":55,"playtime":2385,"items_purged":["Slimebound:Tackle+1","Slimebound:Tackle+1"],"score":743,"play_id":"ddaa1350-5287-49d0-9b32-3b3c5a5af55e","local_time":"20201210143003","is_ascension_mode":true,"campfire_choices":[{"data":"Barricade","floor":7,"key":"SMITH"},{"data":"Body Slam","floor":15,"key":"SMITH"},{"floor":23,"key":"REST"},{"data":"Shrug It Off","floor":25,"key":"SMITH"},{"data":"Shrug It Off","floor":27,"key":"SMITH"},{"floor":32,"key":"REST"},{"floor":40,"key":"RECALL"},{"data":"Flame Barrier","floor":42,"key":"SMITH"},{"data":"Iron Wave","floor":44,"key":"SMITH"},{"data":"Battle Trance","floor":49,"key":"SMITH"},{"data":"Iron Wave","floor":52,"key":"SMITH"}],"circlet_count":0,"master_deck":["Defend_R","Defend_R","Defend_R","Defend_R","Bash+1","Iron Wave+1","Shrug It Off+1","Iron Wave+1","Whirlwind","Flex+1","Barricade+1","Burning Pact+1","Body Slam+1","Armaments+1","Headbutt","Slimebound:Tackle+1","Shrug It Off+1","Body Slam+1","Flame Barrier+1","Bloodletting","Sentinel","Feed","True Grit+1","expansioncontent:DefensiveMode","Seeing Red+1","Body Slam+1","Disarm","Battle Trance+1","Flame Barrier+1"],"relics":["Burning Blood","Nunchaku","Bag of Marbles","PreservedInsect","Red Skull","Darkstone Periapt","Sling","Black Star","Bronze Scales","Centennial Puzzle","MawBank","SlaversCollar","Charon\u0027s Ashes","MealTicket","Gremlin Horn","Art of War","Red Mask","War Paint","Mummified Hand"],"acts_visited":["Exordium","TheCity","TheBeyond","TheEnding"],"potions_floor_usage":[6,28,28,33,33,38,38,55,55],"damage_taken":[{"damage":2,"enemies":"2 Louse","floor":1,"turns":3},{"damage":1,"enemies":"Cultist","floor":2,"turns":3},{"damage":5,"enemies":"Jaw Worm","floor":3,"turns":3},{"damage":2,"enemies":"Looter","floor":5,"turns":3},{"damage":6,"enemies":"Gremlin Nob","floor":6,"turns":5},{"damage":14,"enemies":"Lagavulin","floor":8,"turns":8},{"damage":9,"enemies":"Gremlin Nob","floor":10,"turns":3},{"damage":2,"enemies":"Blue Slaver","floor":14,"turns":3},{"damage":30,"enemies":"Slime Boss","floor":16,"turns":12},{"damage":31,"enemies":"Shell Parasite","floor":18,"turns":11},{"damage":3,"enemies":"Chosen","floor":21,"turns":5},{"damage":13,"enemies":"Shelled Parasite and Fungi","floor":24,"turns":8},{"damage":50,"enemies":"Book of Stabbing","floor":28,"turns":6},{"damage":3,"enemies":"Centurion and Healer","floor":31,"turns":5},{"damage":23,"enemies":"Collector","floor":33,"turns":9},{"damage":10,"enemies":"Orb Walker","floor":35,"turns":5},{"damage":0,"enemies":"3 Shapes","floor":37,"turns":8},{"damage":66,"enemies":"Spire Growth","floor":38,"turns":7},{"damage":0,"enemies":"Nemesis","floor":41,"turns":5},{"damage":41,"enemies":"Jaw Worm Horde","floor":45,"turns":4},{"damage":3,"enemies":"Transient","floor":46,"turns":5},{"damage":6,"enemies":"Time Eater","floor":50,"turns":12},{"damage":6,"enemies":"Shield and Spear","floor":54,"turns":4},{"damage":77,"enemies":"The Heart","floor":55,"turns":8}],"seed_played":"-8355735428698201193","potions_obtained":[{"floor":2,"key":"Guardian:BlockOnCardUsePotion"},{"floor":5,"key":"Ancient Potion"},{"floor":14,"key":"ColorlessPotion"},{"floor":16,"key":"Regen Potion"},{"floor":28,"key":"Dexterity Potion"},{"floor":31,"key":"Swift Potion"},{"floor":35,"key":"LiquidMemories"},{"floor":37,"key":"Regen Potion"},{"floor":45,"key":"AttackPotion"}],"is_trial":false,"path_per_floor":["M","M","M","$","M","E","R","E","T","E","?","$","?","M","R","B",null,"M","?","?","M","T","R","M","R","T","R","E","?","$","M","R","B",null,"M","?","M","M","?","R","E","R","T","R","M","M","$","?","R","B",null,"R","$","E","B"],"character_chosen":"IRONCLAD","items_purchased":["Whirlwind","Flex","Sling","Armaments","Flame Barrier","Bloodletting","Art of War"],"campfire_rested":2,"item_purchase_floors":[4,4,12,12,30,30,47],"current_hp_per_floor":[80,80,80,80,80,80,80,72,72,69,62,62,62,66,66,42,80,55,55,40,43,43,68,61,61,61,61,22,22,22,25,50,33,85,81,81,85,30,74,74,77,77,77,77,42,45,60,60,60,60,77,77,77,77,0,0],"gold":27,"neow_bonus":"UPGRADE_CARD","is_daily":false,"chose_seed":false,"campfire_upgraded":8,"win_rate":0,"timestamp":1607639403,"path_taken":["M","M","M","$","M","E","R","E","T","E","?","$","?","?","R","BOSS","M","?","?","M","?","R","?","R","T","R","E","?","?","?","R","BOSS","M","?","M","M","?","R","E","R","T","R","M","M","?","?","R","BOSS","R","$","E","BOSS"],"build_version":"2020-11-30","purchased_purges":2,"victory":false,"max_hp_per_floor":[80,80,80,80,80,80,80,80,80,80,80,80,80,80,80,80,80,80,80,85,85,85,85,85,85,85,85,85,85,85,85,85,85,85,85,85,85,85,74,74,77,77,77,77,77,77,77,77,77,77,77,77,77,77,77,77],"card_choices":[{"not_picked":["Twin Strike","Blood for Blood"],"picked":"Iron Wave","floor":1},{"not_picked":["Shockwave","Feel No Pain"],"picked":"Shrug It Off","floor":2},{"not_picked":["Rupture","Cleave"],"picked":"Iron Wave","floor":3},{"not_picked":["Clash","Heavy Blade","Warcry"],"picked":"SKIP","floor":5},{"not_picked":["Fire Breathing","Dark Embrace"],"picked":"Barricade","floor":6},{"not_picked":["Dual Wield","Armaments"],"picked":"Burning Pact","floor":8},{"not_picked":["Rage","Sword Boomerang"],"picked":"Body Slam","floor":10},{"not_picked":["Uppercut","Heavy Blade","Rupture"],"picked":"SKIP","floor":14},{"not_picked":["Clash","Havoc"],"picked":"Headbutt","floor":18},{"not_picked":["Hemokinesis","Thunderclap","Headbutt"],"picked":"SKIP","floor":21},{"not_picked":["Warcry+1","Seeing Red"],"picked":"Shrug It Off","floor":24},{"not_picked":["Burning Pact+1","Limit Break"],"picked":"Body Slam+1","floor":28},{"not_picked":["Havoc","Armaments"],"picked":"Sentinel","floor":31},{"not_picked":["Fiend Fire","Exhume"],"picked":"Feed","floor":33},{"not_picked":["Perfected Strike","Cleave"],"picked":"True Grit+1","floor":35},{"not_picked":["Sadistic Nature","Master of Strategy"],"picked":"expansioncontent:DefensiveMode","floor":36},{"not_picked":["Inflame","Twin Strike+1"],"picked":"Seeing Red+1","floor":37},{"not_picked":["Cleave","True Grit+1"],"picked":"Body Slam+1","floor":38},{"not_picked":["Anger","Infernal Blade+1","Dropkick+1"],"picked":"SKIP","floor":41},{"not_picked":["Second Wind","Body Slam"],"picked":"Disarm","floor":45},{"not_picked":["Disarm+1","Intimidate"],"picked":"Battle Trance","floor":46},{"not_picked":["Havoc","Twin Strike+1"],"picked":"Flame Barrier+1","floor":54}],"player_experience":830059,"relics_obtained":[{"floor":6,"key":"Nunchaku"},{"floor":8,"key":"Bag of Marbles"},{"floor":9,"key":"PreservedInsect"},{"floor":10,"key":"Red Skull"},{"floor":22,"key":"Bronze Scales"},{"floor":28,"key":"Centennial Puzzle"},{"floor":28,"key":"MawBank"},{"floor":41,"key":"Charon\u0027s Ashes"},{"floor":41,"key":"MealTicket"},{"floor":43,"key":"Gremlin Horn"},{"floor":54,"key":"War Paint"},{"floor":54,"key":"Mummified Hand"}],"event_choices":[{"damage_healed":0,"gold_gain":0,"player_choice":"Success","damage_taken":7,"relics_obtained":["Darkstone Periapt"],"max_hp_gain":0,"max_hp_loss":0,"event_name":"Scrap Ooze","floor":11,"gold_loss":0},{"damage_healed":0,"gold_gain":0,"player_choice":"Forge","damage_taken":0,"max_hp_gain":0,"max_hp_loss":0,"event_name":"Accursed Blacksmith","floor":13,"gold_loss":0,"cards_upgraded":["Armaments"]},{"damage_healed":0,"gold_gain":0,"player_choice":"Shed Blood","damage_taken":20,"max_hp_gain":5,"max_hp_loss":0,"event_name":"Forgotten Altar","floor":20,"gold_loss":0},{"damage_healed":0,"gold_gain":0,"player_choice":"Memory 1","damage_taken":0,"max_hp_gain":0,"max_hp_loss":0,"event_name":"SensoryStone","floor":36,"gold_loss":0},{"damage_healed":74,"gold_gain":0,"player_choice":"Heal","damage_taken":0,"max_hp_gain":0,"max_hp_loss":11,"event_name":"The Moai Head","floor":39,"gold_loss":0},{"damage_healed":0,"gold_gain":0,"player_choice":"Paid","damage_taken":0,"relics_obtained":["Red Mask"],"max_hp_gain":0,"max_hp_loss":0,"event_name":"Tomb of Lord Red Mask","floor":48,"gold_loss":6}],"is_beta":false,"boss_relics":[{"not_picked":["Coffee Dripper","Velvet Choker"],"picked":"Black Star"},{"not_picked":["Cursed Key","Astrolabe"],"picked":"SlaversCollar"}],"items_purged_floors":[30,47],"is_endless":false,"potions_floor_spawned":[2,5,14,16,18,24,28,31,35,37,45],"killed_by":"The Heart","ascension_level":1}}