{"host":"6ko66ogg91i6g7xq","time":1607577735,"event":{"gold_per_floor":[110,125,125,125,300,335,335,368,393,410,410,37,37,48,48,152,152,169,169,184,184,184,212,212,212,212,212,246,246,246],"floor_reached":29,"playtime":586,"items_purged":["Doubt"],"score":321,"play_id":"0fc8af73-c7ef-4e6c-a239-d710609188fa","local_time":"20201210002215","is_ascension_mode":true,"campfire_choices":[{"floor":11,"key":"RECALL"},{"data":"Noxious Fumes","floor":13,"key":"SMITH"},{"floor":15,"key":"REST"},{"floor":25,"key":"REST"},{"floor":27,"key":"REST"}],"neow_cost":"NONE","seed_source_timestamp":206773374311700,"circlet_count":0,"master_deck":["Strike_G","Strike_G","Strike_G","Strike_G","Strike_G+1","Defend_G","Defend_G","Defend_G","Defend_G","Defend_G","Survivor","Neutralize","Caltrops","Noxious Fumes+1","Caltrops+1","Deadly Poison","Noxious Fumes","Leg Sweep","Glass Knife","Die Die Die","CurseOfTheBell","Writhe","Crippling Poison"],"relics":["Ring of the Snake","NeowsBlessing","Bronze Scales","Smiling Mask","Lizard Tail","Art of War","White Beast Statue","Calling Bell","Happy Flower","Matryoshka","Tough Bandages","MutagenicStrength","MealTicket","Tiny Chest","Frozen Egg 2","Bottled Tornado","Potion Belt"],"potions_floor_usage":[16,20,20,20,23,28],"damage_taken":[{"damage":0,"enemies":"Cultist","floor":1,"turns":1},{"damage":0,"enemies":"Small Slimes","floor":2,"turns":1},{"damage":0,"enemies":"Lagavulin","floor":6,"turns":1},{"damage":15,"enemies":"3 Sentries","floor":8,"turns":7},{"damage":0,"enemies":"Jaw Worm","floor":10,"turns":3},{"damage":4,"enemies":"Blue Slaver","floor":14,"turns":4},{"damage":10,"enemies":"The Guardian","floor":16,"turns":8},{"damage":2,"enemies":"3 Byrds","floor":18,"turns":2},{"damage":13,"enemies":"Shell Parasite","floor":20,"turns":4},{"damage":49,"enemies":"Slavers","floor":23,"turns":4},{"damage":47,"enemies":"Gremlin Leader","floor":28,"turns":7},{"damage":0,"enemies":"Centurion and Healer","floor":29,"turns":1}],"seed_played":"261987287527094656","potions_obtained":[{"floor":2,"key":"ColorlessPotion"},{"floor":6,"key":"SteroidPotion"},{"floor":14,"key":"SkillPotion"},{"floor":16,"key":"FearPotion"},{"floor":18,"key":"Swift Potion"},{"floor":20,"key":"FearPotion"},{"floor":23,"key":"Swift Potion"},{"floor":28,"key":"SkillPotion"}],"is_trial":false,"path_per_floor":["M","M","?","$","?","E","?","E","T","M","R","$","R","M","R","B",null,"M","?","M","?","?","E","?","R","T","R","E","M"],"character_chosen":"THE_SILENT","items_purchased":["Leg Sweep","White Beast Statue"],"campfire_rested":3,"item_purchase_floors":[12,12],"current_hp_per_floor":[70,70,70,70,70,70,56,41,41,41,41,41,41,37,58,48,70,68,68,55,55,55,6,6,27,27,48,1,1,1],"gold":246,"neow_bonus":"THREE_ENEMY_KILL","is_prod":false,"is_daily":false,"chose_seed":false,"campfire_upgraded":1,"win_rate":0,"timestamp":1607577735,"path_taken":["M","?","?","?","?","E","?","E","T","?","R","$","R","M","R","BOSS","M","?","M","?","?","E","?","R","T","R","E","M"],"build_version":"2020-11-30","purchased_purges":1,"victory":false,"max_hp_per_floor":[70,70,70,70,70,70,70,70,70,70,70,70,70,70,70,70,70,70,70,70,70,70,70,70,70,70,70,70,70,70],"relic_stats":{"Lizard Tail":0,"Tough Bandages":[6],"Happy Flower":[6],"counters":[12,42],"Bronze Scales":[176],"MealTicket":0,"Tiny Chest":0,"Art of War":[9],"Smiling Mask":25,"obtain_stats":[{"Potion Belt":28,"NeowsBlessing":0,"Happy Flower":17,"Frozen Egg 2":26,"Bottled Tornado":26,"Smiling Mask":6,"White Beast Statue":12,"Calling Bell":17,"Lizard Tail":8,"Tough Bandages":17,"Matryoshka":17,"Bronze Scales":3,"MutagenicStrength":19,"MealTicket":21,"Tiny Chest":23,"Art of War":9,"Ring of the Snake":0},{"Potion Belt":11,"NeowsBlessing":0,"Happy Flower":7,"Frozen Egg 2":10,"Bottled Tornado":10,"Smiling Mask":3,"White Beast Statue":5,"Calling Bell":7,"Lizard Tail":4,"Tough Bandages":7,"Matryoshka":7,"Bronze Scales":2,"MutagenicStrength":8,"MealTicket":9,"Tiny Chest":10,"Art of War":4,"Ring of the Snake":0},{"Potion Belt":42,"NeowsBlessing":0,"Happy Flower":25,"Frozen Egg 2":35,"Bottled Tornado":35,"Smiling Mask":3,"White Beast Statue":13,"Calling Bell":25,"Lizard Tail":10,"Tough Bandages":25,"Matryoshka":25,"Bronze Scales":2,"MutagenicStrength":27,"MealTicket":31,"Tiny Chest":35,"Art of War":10,"Ring of the Snake":0}],"Ring of the Snake":[22]},"card_choices":[{"not_picked":["Quick Slash","Flechettes"],"picked":"Caltrops","floor":1},{"not_picked":["Reflex","Backflip"],"picked":"Noxious Fumes","floor":2},{"not_picked":["Outmaneuver","Doppelganger"],"picked":"Caltrops","floor":6},{"not_picked":["Cloak And Dagger","Tactician"],"picked":"Deadly Poison","floor":8},{"not_picked":["Backflip","Setup"],"picked":"Noxious Fumes","floor":10},{"not_picked":["Deadly Poison","Deflect"],"picked":"Glass Knife","floor":14},{"not_picked":["Wraith Form v2","Storm of Steel"],"picked":"Die Die Die","floor":16},{"not_picked":["Deflect","All Out Attack","Accuracy+1"],"picked":"SKIP","floor":18},{"not_picked":["Masterful Stab","Reflex+1","Deflect"],"picked":"SKIP","floor":20},{"not_picked":["Tactician","A Thousand Cuts","Quick Slash+1"],"picked":"SKIP","floor":23},{"not_picked":["Expertise+1","After Image+1"],"picked":"Crippling Poison","floor":28}],"player_experience":252548,"relics_obtained":[{"floor":6,"key":"Smiling Mask"},{"floor":8,"key":"Lizard Tail"},{"floor":9,"key":"Art of War"},{"floor":17,"key":"Happy Flower"},{"floor":17,"key":"Matryoshka"},{"floor":17,"key":"Tough Bandages"},{"floor":23,"key":"Tiny Chest"},{"floor":26,"key":"Frozen Egg 2"},{"floor":26,"key":"Bottled Tornado"},{"floor":28,"key":"Potion Belt"}],"event_choices":[{"damage_healed":0,"gold_gain":0,"player_choice":"Gave Potion","damage_taken":0,"relics_obtained":["Bronze Scales"],"max_hp_gain":0,"max_hp_loss":0,"event_name":"WeMeetAgain","floor":3,"gold_loss":0},{"damage_healed":0,"gold_gain":175,"player_choice":"AGREE","damage_taken":0,"max_hp_gain":0,"max_hp_loss":0,"event_name":"Liars Game","floor":5,"gold_loss":0,"cards_obtained":["Doubt"]},{"damage_healed":0,"gold_gain":0,"player_choice":"Entered Light","damage_taken":14,"max_hp_gain":0,"max_hp_loss":0,"event_name":"Shining Light","floor":7,"gold_loss":0,"cards_upgraded":["Caltrops","Strike_G"]},{"damage_healed":0,"gold_gain":0,"player_choice":"Inject Mutagens","damage_taken":0,"relics_obtained":["MutagenicStrength"],"max_hp_gain":0,"max_hp_loss":0,"event_name":"Drug Dealer","floor":19,"gold_loss":0},{"damage_healed":0,"gold_gain":0,"player_choice":"Opened","damage_taken":0,"relics_obtained":["MealTicket"],"max_hp_gain":0,"max_hp_loss":0,"event_name":"The Mausoleum","floor":21,"gold_loss":0,"cards_obtained":["Writhe"]},{"damage_healed":0,"gold_gain":0,"player_choice":"Ignored","damage_taken":0,"max_hp_gain":0,"max_hp_loss":0,"event_name":"Ghosts","floor":22,"gold_loss":0},{"damage_healed":0,"gold_gain":0,"player_choice":"Ignored","damage_taken":0,"max_hp_gain":0,"max_hp_loss":0,"event_name":"Cursed Tome","floor":24,"gold_loss":0}],"is_beta":false,"boss_relics":[{"not_picked":["SlaversCollar","Runic Dome"],"picked":"Calling Bell"}],"items_purged_floors":[12],"is_endless":false,"potions_floor_spawned":[2,6,14,16,18,20,23,28],"killed_by":"Centurion and Healer","ascension_level":2}}