{"host":"jgyoyy5iuhtvyvtg","time":1607589805,"event":{"gold_per_floor":[118,118,134,149,169,169,181,181,181,63,63,63,81,95,95,194,194,209,238,513,523,534,534,559,575,621,634,230,230,242,260,260,364,364,381,113,133,1132,991,991,1016,1034,1034,1059,1059,687,687,704,704,704,704],"floor_reached":52,"playtime":2485,"items_purged":["Regret"],"score":951,"play_id":"0205c682-fc7b-4019-a417-3b1cde5c02a8","local_time":"20201210004325","is_ascension_mode":false,"campfire_choices":[{"data":"hermit:WideOpen","floor":6,"key":"SMITH"},{"data":"hermit:HighCaliber","floor":8,"key":"SMITH"},{"data":"hermit:Showdown","floor":15,"key":"SMITH"},{"data":"hermit:HighNoon","floor":23,"key":"SMITH"},{"data":"hermit:Determination","floor":29,"key":"SMITH"},{"data":"hermit:TakeCover","floor":32,"key":"SMITH"},{"data":"hermit:HighCaliber","floor":40,"key":"SMITH"},{"data":"1","floor":45,"key":"LIFT"},{"data":"2","floor":47,"key":"LIFT"},{"data":"3","floor":49,"key":"LIFT"}],"neow_cost":"","seed_source_timestamp":28301479878700,"circlet_count":0,"master_deck":["hermit:Strike_Hermit","hermit:Strike_Hermit","hermit:Strike_Hermit","hermit:Defend_Hermit","hermit:Defend_Hermit","hermit:Defend_Hermit","hermit:Defend_Hermit","hermit:Snapshot","hermit:Covet","OSAHOGD","hermit:Glare","hermit:WideOpen+1","hermit:HighCaliber+1","hermit:Brawl","hermit:BodyArmor+1","RedShoes","hermit:Showdown+1","UniverseFragment","hermit:HighNoon+1","AbeCurse","CurseOfTheBell","hermit:TakeCover+1","hermit:Horror","BlackArmy","hermit:Brawl","hermit:Gestalt","hermit:Determination+1","hermit:ShadowCloak+1","hermit:OverwhelmingPower","hermit:Determination+1","Apotheosis","hermit:HighCaliber+1","Normality","Normality","hermit:Brawl","CENSORED","hermit:Roulette","hermit:ShadowCloak","hermit:Shortfuse+1","hermit:FlashPowder+1","hermit:FlashPowder","hermit:RoundhouseKick"],"relics":["hermit:Momento","CogitoBucket","RabbitCall","LetterFromLob","GiantMaggot","LuminousBracelet","Replay:Grab Bag","Abe\u0027s Treasure","ReplayTheSpireMod:Onyx Gauntlets","SlaversCollar","Calling Bell","ReplayTheSpireMod:TigerMarble","RetroEgg","Replay:Towering Pillar of Hats","Pet Ghost","BehaviorAdjustment","Simple Rune","SpikesRelics:DaevaFist","hexamod:BolsterEngine","Lee\u0027s Waffle","AspirationHeart","AtMidnight","hermit:BartenderGlass","Membership Card","Replay:Baseball","Girya","Pondfish Scales","Bronze Scales","Counterbalance","Boot","Orrery"],"potions_floor_usage":[4,13,19,30,30,30,30,33,35,35,37,37,41,41,42,42,44,44,50,50],"damage_taken":[{"damage":2,"enemies":"Jaw Worm","floor":1,"turns":4},{"damage":0,"enemies":"conspire:RoseBush","floor":3,"turns":3},{"damage":0,"enemies":"Cultist","floor":4,"turns":2},{"damage":7,"enemies":"Exordium Thugs","floor":5,"turns":4},{"damage":0,"enemies":"2 Fungi Beasts","floor":7,"turns":4},{"damage":18,"enemies":"Large Slime","floor":13,"turns":3},{"damage":9,"enemies":"Blue Slaver","floor":14,"turns":3},{"damage":23,"enemies":"Slime Boss","floor":16,"turns":7},{"damage":5,"enemies":"theJungle:GiantWrat","floor":18,"turns":5},{"damage":4,"enemies":"conspire:MimicChest","floor":19,"turns":3},{"damage":27,"enemies":"theJungle:MUSHROOMGANG","floor":21,"turns":5},{"damage":22,"enemies":"theJungle:JungleHuntersEncounter","floor":22,"turns":5},{"damage":6,"enemies":"theJungle:MamaSnecko","floor":24,"turns":3},{"damage":5,"enemies":"theJungle:SlimyTreeVines","floor":25,"turns":3},{"damage":6,"enemies":"theJungle:2_Snecko_Cultists","floor":27,"turns":3},{"damage":12,"enemies":"theJungle:2_Flameangoes","floor":30,"turns":5},{"damage":4,"enemies":"theJungle:SlimyTreeVines","floor":31,"turns":4},{"damage":9,"enemies":"theJungle:TotemBoss","floor":33,"turns":5},{"damage":4,"enemies":"Orb Walker","floor":35,"turns":3},{"damage":7,"enemies":"3 Shapes","floor":37,"turns":4},{"damage":13,"enemies":"R_Hoarder","floor":41,"turns":5},{"damage":12,"enemies":"Maw","floor":42,"turns":4},{"damage":21,"enemies":"Nemesis","floor":44,"turns":5},{"damage":18,"enemies":"3 Darklings","floor":48,"turns":3},{"damage":107,"enemies":"conspire:OrnateMirror","floor":50,"turns":7}],"seed_played":"3828637752237903472","potions_obtained":[{"floor":3,"key":"SneckoOil"},{"floor":7,"key":"BlessingOfTheForge"},{"floor":14,"key":"EntropicBrew"},{"floor":16,"key":"SneckoOil"},{"floor":18,"key":"Swift Potion"},{"floor":24,"key":"PowerPotion"},{"floor":27,"key":"hermit:BlackBile"},{"floor":33,"key":"Energy Potion"},{"floor":37,"key":"FearPotion"}],"is_trial":false,"path_per_floor":["M","?","M","M","M","R","M","R","T","$","E","?","M","M","R","B",null,"M","?","?","M","M","R","E","M","T","M","$","R","M","M","R","B",null,"M","$","M","?","?","R","E","M","T","E","R","$","R","M","R","B",null,null],"character_chosen":"HERMIT","items_purchased":["hermit:Brawl","hermit:BodyArmor","hermit:Determination","hexamod:BolsterEngine","Lee\u0027s Waffle","Membership Card","Apotheosis","hermit:HighCaliber","Counterbalance","hermit:ShadowCloak","Boot","Orrery","hermit:Tonic"],"campfire_rested":0,"item_purchase_floors":[10,10,28,28,28,36,36,36,46,46,46,46,46],"current_hp_per_floor":[73,73,73,73,66,66,66,66,66,66,66,66,63,57,57,44,90,86,89,89,89,83,83,83,84,84,81,97,97,105,107,107,106,107,105,105,105,105,105,105,103,103,103,97,97,97,97,107,107,95,95],"gold":704,"neow_bonus":"","is_prod":false,"is_daily":false,"chose_seed":false,"campfire_upgraded":7,"win_rate":0,"timestamp":1607589805,"path_taken":["M","?","M","M","M","R","M","R","T","$","E","?","M","M","R","BOSS","M","?","?","M","M","R","E","?","T","M","$","R","M","M","R","BOSS","M","$","M","?","?","R","E","M","T","E","R","$","R","?","R","BOSS"],"build_version":"2020-11-30","purchased_purges":1,"victory":true,"max_hp_per_floor":[75,75,75,75,75,75,75,75,75,75,75,75,90,90,90,90,90,90,90,90,90,90,90,90,90,90,90,97,97,107,107,107,107,107,107,107,107,107,107,107,107,107,107,107,107,107,107,107,107,107,107],"card_choices":[{"not_picked":["Scorched","BigBird"],"picked":"OSAHOGD","floor":1},{"not_picked":["hermit:CalledShot","hermit:Manifest","hermit:LuckOfTheDraw"],"picked":"SKIP","floor":1},{"not_picked":["LaLuna","PunishingBird","MHz"],"picked":"Singing Bowl","floor":3},{"not_picked":["hermit:Desperado","hermit:Combo"],"picked":"hermit:Glare","floor":3},{"not_picked":["Variant","LaLuna","BlackSwan"],"picked":"Singing Bowl","floor":4},{"not_picked":["hermit:Gambit","hermit:EyeOfTheStorm"],"picked":"hermit:WideOpen","floor":4},{"not_picked":["BeautyBeast","DespairKnight","Scorched"],"picked":"Singing Bowl","floor":5},{"not_picked":["hermit:Combo","hermit:Malice"],"picked":"hermit:HighCaliber","floor":5},{"not_picked":["VoidDream","WallGazer","Scorched"],"picked":"Singing Bowl","floor":7},{"not_picked":["hermit:HoleUp","hermit:ItchyTrigger","hermit:LowProfile"],"picked":"SKIP","floor":7},{"not_picked":["CherryBlossoms","HeroicMonk"],"picked":"RedShoes","floor":13},{"not_picked":["hermit:Headshot","hermit:Manifest","hermit:WideOpen"],"picked":"SKIP","floor":13},{"not_picked":["Porccubus","SpiderBud","OldLady"],"picked":"Singing Bowl","floor":14},{"not_picked":["hermit:Malice","hermit:Midnight"],"picked":"hermit:Showdown","floor":14},{"not_picked":["FairyFestival","Rudolta"],"picked":"UniverseFragment","floor":16},{"not_picked":["hermit:HeroicBravado","hermit:FromBeyond"],"picked":"hermit:HighNoon","floor":16},{"not_picked":["WhiteNight","Yin","MeatLantern"],"picked":"Singing Bowl","floor":18},{"not_picked":["hermit:Headshot+1","hermit:Vantage","hermit:HoleUp"],"picked":"SKIP","floor":18},{"not_picked":["Yin","QueenOfHatred","ShyLook"],"picked":"Singing Bowl","floor":19},{"not_picked":["hermit:Glare","hermit:Adapt"],"picked":"hermit:TakeCover","floor":19},{"not_picked":["Laetitia","Scorched","GalaxyChild"],"picked":"Singing Bowl","floor":21},{"not_picked":["hermit:HoleUp","hermit:CalledShot"],"picked":"hermit:Horror","floor":21},{"not_picked":["Wellcheers","WallGazer","GalaxyChild"],"picked":"Singing Bowl","floor":22},{"not_picked":["Laetitia","CherryBlossoms"],"picked":"BlackArmy","floor":22},{"not_picked":["hermit:Brawl","hermit:PistolWhip","hermit:Dissolve"],"picked":"SKIP","floor":22},{"not_picked":["hermit:PistolWhip","hermit:Dissolve"],"picked":"hermit:Brawl","floor":22},{"not_picked":["BigBadWolf","WallGazer","Wellcheers"],"picked":"Singing Bowl","floor":24},{"not_picked":["hermit:EternalForm","hermit:DeadMansHand"],"picked":"hermit:Gestalt","floor":24},{"not_picked":["WallGazer","ShyLook","Alriune"],"picked":"Singing Bowl","floor":25},{"not_picked":["hermit:EyeOfTheStorm+1","hermit:LowProfile+1","hermit:ItchyTrigger"],"picked":"SKIP","floor":25},{"not_picked":["WallGazer","Bloodbath","BlackSwan"],"picked":"Singing Bowl","floor":27},{"not_picked":["hermit:Feint+1","hermit:LowProfile","hermit:Combo"],"picked":"SKIP","floor":27},{"not_picked":["HeroicMonk","Alriune","BeautyBeast"],"picked":"Singing Bowl","floor":30},{"not_picked":["hermit:LuckOfTheDraw","hermit:WideOpen+1"],"picked":"hermit:ShadowCloak+1","floor":30},{"not_picked":["Porccubus","CrumblingArmor","LittleHelper"],"picked":"Singing Bowl","floor":31},{"not_picked":["hermit:LowProfile","hermit:Snipe+1","hermit:Ricochet+1"],"picked":"SKIP","floor":31},{"not_picked":["Mercenary","QueenBee","DreamingCurrent"],"picked":"Singing Bowl","floor":33},{"not_picked":["hermit:Reprieve","hermit:Roughhouse"],"picked":"hermit:OverwhelmingPower","floor":33},{"not_picked":["BeautyBeast","WallGazer","Murderer"],"picked":"Singing Bowl","floor":35},{"not_picked":["hermit:SprayPray+1","hermit:Glare+1"],"picked":"hermit:Determination+1","floor":35},{"not_picked":["DreamingCurrent","Scarecrow","Porccubus"],"picked":"Singing Bowl","floor":37},{"not_picked":["hermit:Glare","hermit:TrackingShot","hermit:Malice+1"],"picked":"SKIP","floor":37},{"not_picked":["ShyLook","Murderer","Scarecrow"],"picked":"Singing Bowl","floor":41},{"not_picked":["hermit:DeadMansHand","hermit:HoleUp","hermit:GhostlyPresence"],"picked":"SKIP","floor":41},{"not_picked":["DreamingCurrent","SnowQueen","HappyTeddy"],"picked":"Singing Bowl","floor":42},{"not_picked":["hermit:Malice","hermit:LoneWolf"],"picked":"hermit:Brawl","floor":42},{"not_picked":["BodiesMountain","Scarecrow","BigBird"],"picked":"Singing Bowl","floor":44},{"not_picked":["QueenOfHatred","NakedNest"],"picked":"CENSORED","floor":44},{"not_picked":["hermit:Coalescence","hermit:GhostlyPresence"],"picked":"hermit:Roulette","floor":44},{"not_picked":["hermit:Enervate+1","hermit:Cheat+1"],"picked":"hermit:Shortfuse+1","floor":46},{"not_picked":["hermit:BodyArmor","hermit:Shortfuse+1"],"picked":"hermit:FlashPowder+1","floor":46},{"not_picked":["hermit:HoleUp+1","hermit:Virtue"],"picked":"hermit:FlashPowder","floor":46},{"not_picked":["Laetitia","HappyTeddy","GreedKing"],"picked":"Singing Bowl","floor":48},{"not_picked":["hermit:Brawl+1","hermit:LowProfile"],"picked":"hermit:RoundhouseKick","floor":48}],"player_experience":3052170,"relics_obtained":[{"floor":1,"key":"LetterFromLob"},{"floor":9,"key":"GiantMaggot"},{"floor":17,"key":"ReplayTheSpireMod:TigerMarble"},{"floor":17,"key":"RetroEgg"},{"floor":17,"key":"Replay:Towering Pillar of Hats"},{"floor":19,"key":"Pet Ghost"},{"floor":24,"key":"Simple Rune"},{"floor":26,"key":"SpikesRelics:DaevaFist"},{"floor":30,"key":"AtMidnight"},{"floor":41,"key":"Girya"},{"floor":43,"key":"Pondfish Scales"},{"floor":44,"key":"Bronze Scales"}],"event_choices":[{"damage_healed":0,"gold_gain":0,"player_choice":"Grow","damage_taken":0,"max_hp_gain":0,"max_hp_loss":0,"event_name":"Living Wall","floor":12,"gold_loss":0,"cards_upgraded":["hermit:BodyArmor"]},{"damage_healed":0,"gold_gain":275,"player_choice":"Desecrate","damage_taken":0,"max_hp_gain":0,"max_hp_loss":0,"event_name":"Golden Shrine","floor":20,"gold_loss":0,"cards_obtained":["Regret"]},{"damage_healed":0,"gold_gain":999,"player_choice":"Gold","damage_taken":0,"max_hp_gain":0,"max_hp_loss":0,"event_name":"MindBloom","floor":38,"gold_loss":0,"cards_obtained":["Normality","Normality"]},{"damage_healed":0,"gold_gain":0,"player_choice":"Paid Gold","damage_taken":0,"relics_obtained":["Replay:Baseball"],"max_hp_gain":0,"max_hp_loss":0,"event_name":"WeMeetAgain","floor":39,"gold_loss":141}],"is_beta":false,"boss_relics":[{"not_picked":["conspire:SpecialSausage","Philosopher\u0027s Stone"],"picked":"Replay:Grab Bag"},{"not_picked":["Busted Crown","Velvet Choker"],"picked":"Abe\u0027s Treasure"},{"not_picked":["Cursed Key","Ectoplasm"],"picked":"ReplayTheSpireMod:Onyx Gauntlets"},{"not_picked":["Pandora\u0027s Box","Runic Pyramid"],"picked":"SlaversCollar"},{"not_picked":["Snecko Eye","Ring of Chaos"],"picked":"Calling Bell"},{"not_picked":["hermit:DentedPlate","conspire:SeveredTorchhead"],"picked":"hermit:BartenderGlass"}],"items_purged_floors":[28],"is_endless":false,"potions_floor_spawned":[3,7,14,16,18,24,27,33,37,48],"ascension_level":0}}