{"host":"cglr1m0d8tytrlaz","time":1607588411,"event":{"gold_per_floor":[18,28,28,28,43,81,10,10,10,35,59,59,105,131,131,266,266,295,314,319,319],"floor_reached":20,"playtime":1784,"items_purged":[],"score":195,"play_id":"20cf64e3-89b0-45b6-b2ec-422e5c66e738","local_time":"20201210022011","is_ascension_mode":true,"campfire_choices":[{"floor":8,"key":"REST"},{"floor":12,"key":"REST"},{"floor":15,"key":"REST"}],"neow_cost":"NO_GOLD","seed_source_timestamp":11951570931900,"circlet_count":0,"master_deck":["hermit:Strike_Hermit","hermit:Strike_Hermit","hermit:Strike_Hermit","hermit:Defend_Hermit+1","hermit:Defend_Hermit+1","hermit:Defend_Hermit","hermit:Snapshot","hermit:Covet","hermit:Magnum","hermit:Purgatory","hermit:WideOpen","hermit:HighCaliber","hermit:TakeAim","hermit:FullyLoaded","hermit:Scavenge","hermit:BodyArmor","hermit:Headshot","hermit:Dive","hermit:Glare","hermit:HighNoon","hermit:Enervate+1","hermit:Showdown"],"relics":["hermit:Momento","Golden Idol","hermit:Horseshoe","War Paint","Darkstone Periapt","Bottled Tornado","Runic Pyramid"],"potions_floor_usage":[10,14,16],"damage_taken":[{"damage":6,"enemies":"Jaw Worm","floor":1,"turns":2},{"damage":2,"enemies":"2 Louse","floor":2,"turns":3},{"damage":1,"enemies":"Cultist","floor":5,"turns":3},{"damage":36,"enemies":"Gremlin Nob","floor":6,"turns":3},{"damage":9,"enemies":"Lots of Slimes","floor":10,"turns":5},{"damage":6,"enemies":"Red Slaver","floor":11,"turns":4},{"damage":18,"enemies":"Lagavulin","floor":13,"turns":9},{"damage":1,"enemies":"Exordium Wildlife","floor":14,"turns":3},{"damage":36,"enemies":"The Guardian","floor":16,"turns":17},{"damage":2,"enemies":"Spheric Guardian","floor":18,"turns":5},{"damage":11,"enemies":"2 Thieves","floor":19,"turns":4},{"damage":68,"enemies":"Masked Bandits","floor":20,"turns":3}],"seed_played":"7398210554172654821","potions_obtained":[{"floor":1,"key":"SteroidPotion"},{"floor":10,"key":"SteroidPotion"},{"floor":11,"key":"CultistPotion"},{"floor":13,"key":"Fire Potion"},{"floor":18,"key":"LiquidBronze"}],"is_trial":false,"path_per_floor":["M","M","?","?","M","E","$","R","T","M","M","R","E","M","R","B",null,"M","M","?"],"character_chosen":"HERMIT","items_purchased":["hermit:Scavenge"],"campfire_rested":3,"item_purchase_floors":[7],"current_hp_per_floor":[69,67,49,42,41,5,5,27,27,18,12,34,16,15,37,1,75,73,62,0,0],"gold":319,"neow_bonus":"TRANSFORM_TWO_CARDS","is_prod":false,"is_daily":false,"chose_seed":false,"campfire_upgraded":0,"win_rate":0,"timestamp":1607588411,"path_taken":["M","M","?","?","M","E","$","R","T","M","?","R","E","M","R","BOSS","M","M","?"],"build_version":"2020-11-30","purchased_purges":0,"victory":false,"max_hp_per_floor":[75,75,75,75,75,75,75,75,75,75,75,75,75,75,75,75,75,75,75,75,75],"relic_stats":{"Darkstone Periapt":0,"counters":[12,61],"Golden Idol":73,"War Paint":["hermit:Defend_Hermit","hermit:Defend_Hermit"],"obtain_stats":[{"Darkstone Periapt":9,"Golden Idol":3,"War Paint":6,"Bottled Tornado":13,"hermit:Horseshoe":4,"hermit:Momento":0,"Runic Pyramid":17},{"Darkstone Periapt":4,"Golden Idol":2,"War Paint":4,"Bottled Tornado":7,"hermit:Horseshoe":2,"hermit:Momento":0,"Runic Pyramid":9},{"Darkstone Periapt":11,"Golden Idol":5,"War Paint":11,"Bottled Tornado":29,"hermit:Horseshoe":5,"hermit:Momento":0,"Runic Pyramid":49}]},"card_choices":[{"not_picked":["hermit:BigShot","hermit:EyeOfTheStorm"],"picked":"hermit:WideOpen","floor":1},{"not_picked":["hermit:Snipe","hermit:LowProfile"],"picked":"hermit:HighCaliber","floor":2},{"not_picked":["hermit:LowProfile","hermit:Spite"],"picked":"hermit:TakeAim","floor":5},{"not_picked":["hermit:Ricochet","hermit:Roulette"],"picked":"hermit:FullyLoaded","floor":6},{"not_picked":["hermit:HighCaliber","hermit:WideOpen"],"picked":"hermit:BodyArmor","floor":10},{"not_picked":["hermit:Purgatory","hermit:LuckOfTheDraw"],"picked":"hermit:Headshot","floor":11},{"not_picked":["hermit:FlashPowder","hermit:Glare"],"picked":"hermit:Dive","floor":13},{"not_picked":["hermit:LowProfile","hermit:Cheat"],"picked":"hermit:Glare","floor":14},{"not_picked":["hermit:FromBeyond","hermit:HeroicBravado"],"picked":"hermit:HighNoon","floor":16},{"not_picked":["hermit:TakeAim+1","hermit:Horror"],"picked":"hermit:Enervate+1","floor":18},{"not_picked":["hermit:ItchyTrigger","hermit:Dive"],"picked":"hermit:Showdown","floor":19}],"player_experience":1180066,"relics_obtained":[{"floor":6,"key":"War Paint"},{"floor":9,"key":"Darkstone Periapt"},{"floor":13,"key":"Bottled Tornado"}],"event_choices":[{"damage_healed":0,"gold_gain":0,"player_choice":"Take Damage","damage_taken":18,"relics_obtained":["Golden Idol"],"max_hp_gain":0,"max_hp_loss":0,"event_name":"Golden Idol","floor":3,"gold_loss":0},{"damage_healed":0,"gold_gain":0,"player_choice":"Success","damage_taken":7,"relics_obtained":["hermit:Horseshoe"],"max_hp_gain":0,"max_hp_loss":0,"event_name":"Scrap Ooze","floor":4,"gold_loss":0},{"damage_healed":0,"gold_gain":0,"player_choice":"Fought Bandits","damage_taken":0,"max_hp_gain":0,"max_hp_loss":0,"event_name":"Masked Bandits","floor":20,"gold_loss":0}],"is_beta":false,"boss_relics":[{"not_picked":["Philosopher\u0027s Stone","Astrolabe"],"picked":"Runic Pyramid"}],"items_purged_floors":[],"is_endless":false,"potions_floor_spawned":[1,10,11,13,18],"killed_by":"Masked Bandits","ascension_level":1}}