{"host":"wwt2ezt6nhdbor27","time":1607560579,"event":{"gold_per_floor":[111,129,129,146,146,146,146,146],"floor_reached":7,"playtime":592,"items_purged":[],"score":41,"play_id":"552224e3-2803-4301-8614-725eaafbcfed","local_time":"20201209163619","is_ascension_mode":false,"campfire_choices":[{"floor":6,"key":"REST"}],"neow_cost":"NONE","seed_source_timestamp":2253608321736000,"circlet_count":0,"master_deck":["Strike_S","Strike_S","Strike_S","Strike_S","Defend_S","Defend_S","Defend_S","Defend_S","KidneyShot","Exchange","Read","Sabotage","Starlight","Injury"],"relics":["Uniform","Tiny Chest","Golden Idol"],"potions_floor_usage":[7],"damage_taken":[{"damage":0,"enemies":"Cultist","floor":1,"turns":4},{"damage":7,"enemies":"Small Slimes","floor":2,"turns":5},{"damage":8,"enemies":"Jaw Worm","floor":4,"turns":4},{"damage":58,"enemies":"Lagavulin","floor":7,"turns":9}],"seed_played":"6824705117233224551","potions_obtained":[{"floor":2,"key":"BlessingOfTheForge"}],"is_trial":false,"path_per_floor":["M","M","?","M","?","R","E"],"character_chosen":"THE_SERVANT","items_purchased":[],"campfire_rested":1,"item_purchase_floors":[],"current_hp_per_floor":[71,64,31,23,23,44,0,0],"gold":146,"neow_bonus":"TEN_PERCENT_HP_BONUS","is_prod":false,"is_daily":false,"chose_seed":false,"campfire_upgraded":0,"win_rate":0.0,"timestamp":1607560579,"path_taken":["M","M","?","M","?","R","E"],"build_version":"2020-11-30","purchased_purges":0,"victory":false,"max_hp_per_floor":[71,71,71,71,71,71,71,71],"relic_stats":{"counters":[4,22],"Golden Idol":0,"Tiny Chest":0,"obtain_stats":[{"Golden Idol":5,"Tiny Chest":3,"Uniform":0},{"Golden Idol":3,"Tiny Chest":2,"Uniform":0},{"Golden Idol":13,"Tiny Chest":9,"Uniform":0}]},"card_choices":[{"not_picked":["Potential","ShatteredReality"],"picked":"Read","floor":1},{"not_picked":["Spin","Replace"],"picked":"Sabotage","floor":2},{"not_picked":["Replace","SurpressingFire"],"picked":"Starlight","floor":4}],"player_experience":147808,"relics_obtained":[],"event_choices":[{"damage_healed":0,"gold_gain":0,"player_choice":"Success","damage_taken":33,"relics_obtained":["Tiny Chest"],"max_hp_gain":0,"max_hp_loss":0,"event_name":"Scrap Ooze","floor":3,"gold_loss":0},{"damage_healed":0,"gold_gain":0,"player_choice":"Take Wound","damage_taken":0,"relics_obtained":["Golden Idol"],"max_hp_gain":0,"max_hp_loss":0,"event_name":"Golden Idol","floor":5,"gold_loss":0,"cards_obtained":["Injury"]}],"is_beta":false,"boss_relics":[],"items_purged_floors":[],"is_endless":false,"potions_floor_spawned":[2],"killed_by":"Lagavulin","ascension_level":0}}