{"host":"if1wlbw8xytv625o","time":1607566081,"event":{"gold_per_floor":[112,112,122,20,20,49,49,77,104,69,69,69,69],"floor_reached":12,"playtime":768,"items_purged":[],"score":134,"play_id":"d3431561-f2e7-4e81-8210-d49e9d579f7e","local_time":"20201209210801","is_ascension_mode":true,"campfire_choices":[{"floor":7,"key":"REST"}],"neow_cost":"NONE","seed_source_timestamp":35972468886256,"circlet_count":0,"master_deck":["AscendersBane","Strike_G","Strike_G","Strike_G","Strike_G","Defend_G","Defend_G","Defend_G","Defend_G","Defend_G","Survivor+1","Neutralize","Backstab","Catalyst","Caltrops+1","Acrobatics","Distraction","Corpse Explosion"],"relics":["Black Star","Oddly Smooth Stone","Question Card","MealTicket","TungstenRod","Vajra","Bottled Flame"],"potions_floor_usage":[8,8],"damage_taken":[{"damage":1,"enemies":"Small Slimes","floor":1,"turns":4},{"damage":0,"enemies":"Cultist","floor":3,"turns":4},{"damage":35,"enemies":"3 Sentries","floor":6,"turns":10},{"damage":32,"enemies":"Lagavulin","floor":8,"turns":11},{"damage":34,"enemies":"Gremlin Nob","floor":12,"turns":3}],"seed_played":"-2303396497059100056","potions_obtained":[{"floor":1,"key":"Energy Potion"},{"floor":3,"key":"ColorlessPotion"}],"is_trial":false,"path_per_floor":["M","?","M","$","?","E","R","E","T","?","T","E"],"character_chosen":"THE_SILENT","items_purchased":["Caltrops","Acrobatics"],"campfire_rested":1,"item_purchase_floors":[4,4],"current_hp_per_floor":[62,62,62,62,48,13,34,2,2,19,19,0,0],"gold":69,"neow_bonus":"BOSS_RELIC","is_prod":false,"is_daily":false,"chose_seed":false,"campfire_upgraded":0,"win_rate":0,"timestamp":1607566081,"path_taken":["M","?","M","?","?","E","R","E","T","?","?","E"],"build_version":"2020-11-30","purchased_purges":0,"victory":false,"max_hp_per_floor":[70,70,70,70,70,70,70,70,70,70,70,70,70],"card_choices":[{"not_picked":["Underhanded Strike","Deflect"],"picked":"Backstab","floor":1},{"not_picked":["Heel Hook","Slice"],"picked":"Catalyst","floor":3},{"not_picked":["Dodge and Roll","Quick Slash"],"picked":"Distraction","floor":6},{"not_picked":["Setup","Storm of Steel","Deadly Poison"],"picked":"Corpse Explosion","floor":8}],"player_experience":1035870,"relics_obtained":[{"floor":6,"key":"Oddly Smooth Stone"},{"floor":6,"key":"Question Card"},{"floor":8,"key":"MealTicket"},{"floor":8,"key":"TungstenRod"},{"floor":9,"key":"Vajra"},{"floor":11,"key":"Bottled Flame"}],"event_choices":[{"cards_removed":["Strike_G"],"damage_healed":0,"gold_gain":0,"player_choice":"Card Removal","damage_taken":0,"max_hp_gain":0,"max_hp_loss":0,"event_name":"Wheel of Change","floor":2,"gold_loss":0},{"damage_healed":0,"gold_gain":0,"player_choice":"Entered Light","damage_taken":14,"max_hp_gain":0,"max_hp_loss":0,"event_name":"Shining Light","floor":5,"gold_loss":0,"cards_upgraded":["Caltrops","Survivor"]},{"damage_healed":17,"gold_gain":0,"player_choice":"Healed","damage_taken":0,"max_hp_gain":0,"max_hp_loss":0,"event_name":"The Cleric","floor":10,"gold_loss":35}],"is_beta":false,"boss_relics":[],"items_purged_floors":[],"is_endless":false,"potions_floor_spawned":[1,3],"killed_by":"Gremlin Nob","ascension_level":12}}