{"host":"ocllwaoi18j60ltd","time":1607604313,"event":{"gold_per_floor":[113,130,150,168,16,16,16,33,33,33,33,68,68,97,97,168,168,184,197,209,219,13,13,29,41,41,69,69,69,69,69,69],"floor_reached":31,"playtime":675,"items_purged":["Strike_G","Strike_G"],"score":534,"play_id":"e5cf31e8-c517-4d21-9e15-1641ec8504df","local_time":"20201210214513","is_ascension_mode":true,"campfire_choices":[{"data":"Well Laid Plans","floor":6.0,"key":"SMITH"},{"data":"Finisher","floor":10.0,"key":"SMITH"},{"data":"1","floor":13.0,"key":"LIFT"},{"data":"2","floor":15.0,"key":"LIFT"},{"data":"Terror","floor":28.0,"key":"SMITH"},{"data":"Calculated Gamble","floor":30.0,"key":"SMITH"}],"neow_cost":"NONE","seed_source_timestamp":522851257888300,"circlet_count":0,"master_deck":["AscendersBane","Strike_G","Strike_G","Strike_G","Defend_G","Defend_G","Defend_G","Defend_G","Defend_G","Survivor","Neutralize","Finisher+1","Blade Dance","Blade Dance","Flying Knee","Well Laid Plans+1","Die Die Die","Reflex","Terror+1","Blade Dance","Footwork","Acrobatics","Decay","Calculated Gamble+1","Cloak And Dagger","Normality","Blur"],"special_seed":0,"relics":["Ring of the Snake","Girya","Unceasing Top","StoneCalendar","Ancient Tea Set","Cursed Key","Ginger","FossilizedHelix"],"potions_floor_usage":[],"damage_taken":[{"damage":1.0,"enemies":"2 Louse","floor":1.0,"turns":2.0},{"damage":0.0,"enemies":"Cultist","floor":2.0,"turns":2.0},{"damage":0.0,"enemies":"Jaw Worm","floor":3.0,"turns":4.0},{"damage":0.0,"enemies":"Exordium Thugs","floor":4.0,"turns":3.0},{"damage":0.0,"enemies":"Exordium Wildlife","floor":8.0,"turns":3.0},{"damage":32.0,"enemies":"Lagavulin","floor":12.0,"turns":7.0},{"damage":12.0,"enemies":"3 Sentries","floor":14.0,"turns":7.0},{"damage":8.0,"enemies":"The Guardian","floor":16.0,"turns":7.0},{"damage":20.0,"enemies":"Shell Parasite","floor":18.0,"turns":4.0},{"damage":0.0,"enemies":"Chosen","floor":19.0,"turns":1.0},{"damage":19.0,"enemies":"Snecko","floor":20.0,"turns":6.0},{"damage":1.0,"enemies":"3 Cultists","floor":21.0,"turns":4.0},{"damage":1.0,"enemies":"Shelled Parasite and Fungi","floor":24.0,"turns":3.0},{"damage":2.0,"enemies":"Snecko","floor":25.0,"turns":3.0},{"damage":21.0,"enemies":"Book of Stabbing","floor":27.0,"turns":3.0},{"damage":12,"enemies":"Chosen and Byrds","floor":31,"turns":3}],"seed_played":"-3034585561945537030","potions_obtained":[{"floor":2.0,"key":"Regen Potion"},{"floor":8.0,"key":"LiquidBronze"},{"floor":12.0,"key":"SteroidPotion"},{"floor":18.0,"key":"FairyPotion"},{"floor":25.0,"key":"GhostInAJar"}],"is_trial":false,"path_per_floor":["M","M","M","M","$","R","?","M","T","R","$","E","R","E","R","B",null,"M","M","M","M","$","?","M","M","T","E","R","$","R","M"],"character_chosen":"THE_SILENT","items_purchased":["Well Laid Plans","Footwork","Acrobatics"],"campfire_rested":0,"item_purchase_floors":[5,22,22],"current_hp_per_floor":[58,58,58,58,58,58,58,58,58,58,58,26,26,14,14,6,51,31,31,12,11,11,11,10,8,8,12,12,12,12,0,0],"gold":69,"neow_bonus":"THREE_CARDS","is_prod":false,"is_daily":false,"chose_seed":false,"campfire_upgraded":4,"win_rate":0,"timestamp":1607604313,"path_taken":["M","M","M","M","$","R","?","M","T","R","$","E","R","E","R","BOSS","M","M","?","M","?","?","M","M","T","E","R","$","R","M"],"build_version":"2020-11-30","purchased_purges":2,"victory":false,"max_hp_per_floor":[66,66,66,66,66,66,66,66,66,66,66,66,66,66,66,66,66,66,66,66,66,66,66,66,66,66,66,66,66,66,66,66],"card_choices":[{"not_picked":["Sucker Punch","Flechettes"],"picked":"Finisher","floor":0.0},{"not_picked":["Quick Slash","Dagger Throw"],"picked":"Blade Dance","floor":1.0},{"not_picked":["Finisher","Dodge and Roll"],"picked":"Blade Dance","floor":2.0},{"not_picked":["Noxious Fumes","Masterful Stab"],"picked":"Flying Knee","floor":3.0},{"not_picked":["Outmaneuver","Quick Slash","Dagger Spray"],"picked":"SKIP","floor":4.0},{"not_picked":["Catalyst","Quick Slash","Flying Knee"],"picked":"SKIP","floor":8.0},{"not_picked":["Underhanded Strike","Grand Finale","Heel Hook"],"picked":"SKIP","floor":12.0},{"not_picked":["Blade Dance","Choke","Quick Slash"],"picked":"SKIP","floor":14.0},{"not_picked":["Unload","Doppelganger"],"picked":"Die Die Die","floor":16.0},{"not_picked":["Catalyst","Bane","Predator"],"picked":"SKIP","floor":18.0},{"not_picked":["Dagger Spray","Blade Dance"],"picked":"Reflex","floor":19.0},{"not_picked":["Deflect","Backflip"],"picked":"Terror","floor":20.0},{"not_picked":["Slice","Accuracy"],"picked":"Blade Dance","floor":21.0},{"not_picked":["Endless Agony","Outmaneuver"],"picked":"Calculated Gamble","floor":24.0},{"not_picked":["Predator","Poisoned Stab"],"picked":"Cloak And Dagger","floor":25.0},{"not_picked":["Backstab","Sucker Punch"],"picked":"Blur","floor":27.0}],"player_experience":814918,"relics_obtained":[{"floor":9.0,"key":"Unceasing Top"},{"floor":12.0,"key":"StoneCalendar"},{"floor":14.0,"key":"Ancient Tea Set"},{"floor":26.0,"key":"Ginger"},{"floor":27.0,"key":"FossilizedHelix"}],"event_choices":[{"damage_healed":0.0,"max_hp_gain":0.0,"max_hp_loss":0.0,"gold_gain":0.0,"event_name":"WeMeetAgain","player_choice":"Gave Potion","floor":7.0,"gold_loss":0.0,"damage_taken":0.0,"relics_obtained":["Girya"]},{"damage_healed":0.0,"max_hp_gain":0.0,"max_hp_loss":0.0,"gold_gain":0.0,"event_name":"Wheel of Change","player_choice":"Cursed","floor":23.0,"gold_loss":0.0,"damage_taken":0.0,"cards_obtained":["Decay"]}],"is_beta":false,"boss_relics":[{"not_picked":["Fusion Hammer","HoveringKite"],"picked":"Cursed Key"}],"items_purged_floors":[5,22],"is_endless":false,"potions_floor_spawned":[2,8,12,14,18,21,25],"killed_by":"Chosen and Byrds","ascension_level":20}}