{"host":"69rply1jf2d1wbmp","time":1607608547,"event":{"mods":["BaseMod","Minty Spire (QoL Compilation)","Quick Restart"],"gold_per_floor":[109,120,131,96,66,28,55,130,130,130,130,130,159,172,172,273,273,293,293,71,91,107,107,141,141,141,141,141,141,172,189,189,289,289,306,306,9,59,12,39,39,57,57,91,105,122,122,122,122,122,122],"floor_reached":50,"playtime":2004,"items_purged":[],"score":569,"play_id":"5bcc715a-5e97-464e-8e7b-bab6a1f0c786","local_time":"20201210085547","is_ascension_mode":false,"campfire_choices":[{"floor":10,"key":"REST"},{"data":"Footwork","floor":12,"key":"SMITH"},{"data":"Skewer","floor":15,"key":"SMITH"},{"floor":23,"key":"REST"},{"floor":25,"key":"REST"},{"data":"Deadly Poison","floor":27,"key":"SMITH"},{"floor":32,"key":"REST"},{"floor":41,"key":"REST"},{"floor":47,"key":"REST"},{"floor":49,"key":"RECALL"}],"circlet_count":0,"master_deck":["Strike_G","Strike_G","Defend_G","Defend_G","Defend_G","Defend_G+1","Survivor","Neutralize","Backflip","Sucker Punch","PiercingWail+1","Deadly Poison+1","Footwork+1","Backstab","Skewer+1","Corpse Explosion","Endless Agony+1","Bane+1","Caltrops+1","Dagger Spray","Accuracy","Quick Slash","Slice","Die Die Die","Quick Slash+1","Dramatic Entrance","Blade Dance","Blade Dance","Dash+1","Concentrate+1","Deflect+1","Infinite Blades+1"],"relics":["Ring of the Snake","Blue Candle","Gremlin Horn","Astrolabe","TwistedFunnel","Pear","Meat on the Bone","War Paint","Snake Skull","Philosopher\u0027s Stone","Vajra","HandDrill","Torii","Calipers","Omamori","Mummified Hand"],"acts_visited":["Exordium","TheCity","TheBeyond"],"potions_floor_usage":[13,30,33,40,44,44],"damage_taken":[{"damage":0,"enemies":"2 Louse","floor":1,"turns":2},{"damage":0,"enemies":"Small Slimes","floor":2,"turns":3},{"damage":0,"enemies":"Cultist","floor":3,"turns":4},{"damage":0,"enemies":"Looter","floor":5,"turns":4},{"damage":20,"enemies":"3 Sentries","floor":7,"turns":11},{"damage":15,"enemies":"Lagavulin","floor":13,"turns":9},{"damage":3,"enemies":"2 Fungi Beasts","floor":14,"turns":4},{"damage":31,"enemies":"The Guardian","floor":16,"turns":13},{"damage":9,"enemies":"Shell Parasite","floor":18,"turns":5},{"damage":16,"enemies":"Chosen","floor":21,"turns":4},{"damage":20,"enemies":"Snecko","floor":22,"turns":8},{"damage":20,"enemies":"Slavers","floor":24,"turns":3},{"damage":8,"enemies":"Book of Stabbing","floor":30,"turns":7},{"damage":24,"enemies":"Cultist and Chosen","floor":31,"turns":6},{"damage":59,"enemies":"Collector","floor":33,"turns":13},{"damage":5,"enemies":"Orb Walker","floor":35,"turns":3},{"damage":20,"enemies":"Mind Bloom Boss Battle","floor":38,"turns":7},{"damage":55,"enemies":"Nemesis","floor":40,"turns":7},{"damage":10,"enemies":"3 Darklings","floor":42,"turns":4},{"damage":63,"enemies":"Giant Head","floor":44,"turns":9},{"damage":28,"enemies":"Spire Growth","floor":45,"turns":5},{"damage":15,"enemies":"Transient","floor":46,"turns":5},{"damage":51,"enemies":"Awakened One","floor":50,"turns":5}],"seed_played":"-1341454544289555856","potions_obtained":[{"floor":3,"key":"Poison Potion"},{"floor":7,"key":"FairyPotion"},{"floor":14,"key":"DuplicationPotion"},{"floor":16,"key":"Strength Potion"},{"floor":30,"key":"BlessingOfTheForge"},{"floor":33,"key":"Poison Potion"},{"floor":38,"key":"DuplicationPotion"},{"floor":42,"key":"FearPotion"}],"is_trial":false,"path_per_floor":["M","M","M","?","M","$","E","?","T","R","?","R","E","M","R","B",null,"M","?","$","M","M","R","E","R","T","R","?","?","E","M","R","B",null,"M","?","$","?","$","E","R","M","T","E","M","M","R","?","R","B"],"character_chosen":"THE_SILENT","items_purchased":["Footwork","TwistedFunnel","Accuracy","Vajra","HandDrill","Blade Dance"],"campfire_rested":6,"item_purchase_floors":[6,20,20,37,37,39],"current_hp_per_floor":[63,63,63,84,84,84,64,53,53,78,78,78,63,60,60,29,84,75,75,75,59,39,64,54,82,82,82,82,82,74,50,78,31,94,89,89,89,69,69,26,54,56,56,40,24,21,49,49,49,0,0],"gold":122,"neow_bonus":"TWENTY_PERCENT_HP_BONUS","is_daily":false,"chose_seed":false,"campfire_upgraded":3,"win_rate":0,"timestamp":1607608547,"path_taken":["M","M","M","?","M","$","E","?","T","R","?","R","E","?","R","BOSS","M","?","$","M","M","R","E","R","T","R","?","?","E","M","R","BOSS","M","?","$","?","?","E","R","M","T","E","M","M","R","?","R","BOSS"],"build_version":"2020-11-30","purchased_purges":0,"victory":false,"max_hp_per_floor":[84,84,84,84,84,84,84,84,84,84,84,84,84,84,84,84,84,84,84,84,84,84,84,94,94,94,94,94,94,94,94,94,94,94,94,94,94,94,94,94,94,94,94,94,94,94,94,94,94,94,94],"card_choices":[{"not_picked":["Escape Plan","Crippling Poison"],"picked":"Backflip","floor":1},{"not_picked":["Heel Hook","Flying Knee"],"picked":"Sucker Punch","floor":2},{"not_picked":["Prepared","Dagger Throw"],"picked":"PiercingWail","floor":3},{"not_picked":["Dagger Throw","Quick Slash"],"picked":"Deadly Poison","floor":5},{"not_picked":["Grand Finale","Choke","Outmaneuver"],"picked":"SKIP","floor":7},{"not_picked":["Distraction","Outmaneuver"],"picked":"Backstab","floor":13},{"not_picked":["Underhanded Strike","Concentrate"],"picked":"Skewer","floor":14},{"not_picked":["Bullet Time","Envenom"],"picked":"Corpse Explosion","floor":16},{"not_picked":["Cloak And Dagger","Bane"],"picked":"Dagger Spray","floor":18},{"not_picked":["Distraction","Leg Sweep"],"picked":"Quick Slash","floor":21},{"not_picked":["Acrobatics","PiercingWail","Heel Hook"],"picked":"SKIP","floor":22},{"not_picked":["Skewer","Finisher","Calculated Gamble"],"picked":"SKIP","floor":24},{"not_picked":["Escape Plan","Bane+1","Dagger Throw"],"picked":"SKIP","floor":30},{"not_picked":["Calculated Gamble","Quick Slash"],"picked":"Slice","floor":31},{"not_picked":["Tools of the Trade","Bullet Time"],"picked":"Die Die Die","floor":33},{"not_picked":["Endless Agony+1","Dagger Spray"],"picked":"Quick Slash+1","floor":35},{"not_picked":["Madness","Violence"],"picked":"Dramatic Entrance","floor":36},{"not_picked":["Dagger Throw+1","Prepared"],"picked":"Blade Dance","floor":38},{"not_picked":["Quick Slash+1","Choke"],"picked":"Dash+1","floor":40},{"not_picked":["Backflip","Underhanded Strike"],"picked":"Concentrate+1","floor":42},{"not_picked":["Masterful Stab+1","Sucker Punch+1","Leg Sweep+1"],"picked":"SKIP","floor":44},{"not_picked":["Sucker Punch","Backflip"],"picked":"Deflect+1","floor":45},{"not_picked":["Riddle With Holes","Deflect"],"picked":"Infinite Blades+1","floor":46}],"player_experience":328178,"relics_obtained":[{"floor":7,"key":"Blue Candle"},{"floor":13,"key":"Gremlin Horn"},{"floor":24,"key":"Pear"},{"floor":26,"key":"Meat on the Bone"},{"floor":30,"key":"Snake Skull"},{"floor":38,"key":"Torii"},{"floor":40,"key":"Calipers"},{"floor":43,"key":"Omamori"},{"floor":44,"key":"Mummified Hand"}],"event_choices":[{"damage_healed":21,"gold_gain":0,"player_choice":"Healed","damage_taken":0,"max_hp_gain":0,"max_hp_loss":0,"event_name":"The Cleric","floor":4,"gold_loss":35},{"damage_healed":0,"gold_gain":75,"player_choice":"Gather Gold","damage_taken":11,"max_hp_gain":0,"max_hp_loss":0,"event_name":"World of Goop","floor":8,"gold_loss":0},{"cards_removed":["Strike_G"],"damage_healed":0,"gold_gain":0,"player_choice":"Offered Basic","damage_taken":0,"max_hp_gain":0,"max_hp_loss":0,"event_name":"Bonfire Elementals","floor":11,"gold_loss":0},{"damage_healed":0,"gold_gain":0,"player_choice":"Ignored","damage_taken":0,"max_hp_gain":0,"max_hp_loss":0,"event_name":"Vampires","floor":19,"gold_loss":0},{"damage_healed":0,"gold_gain":0,"player_choice":"Ignored","damage_taken":0,"max_hp_gain":0,"max_hp_loss":0,"event_name":"Ghosts","floor":28,"gold_loss":0},{"damage_healed":0,"gold_gain":0,"player_choice":"Opened","damage_taken":0,"relics_obtained":["War Paint"],"max_hp_gain":0,"max_hp_loss":0,"event_name":"The Mausoleum","floor":29,"gold_loss":0},{"damage_healed":0,"gold_gain":0,"player_choice":"Memory 1","damage_taken":0,"max_hp_gain":0,"max_hp_loss":0,"event_name":"SensoryStone","floor":36,"gold_loss":0},{"damage_healed":0,"gold_gain":0,"player_choice":"Fight","damage_taken":0,"max_hp_gain":0,"max_hp_loss":0,"event_name":"MindBloom","floor":38,"gold_loss":0},{"damage_healed":0,"gold_gain":0,"player_choice":"Ignored","damage_taken":0,"max_hp_gain":0,"max_hp_loss":0,"event_name":"Mysterious Sphere","floor":48,"gold_loss":0}],"is_beta":false,"boss_relics":[{"not_picked":["Tiny House","Snecko Eye"],"picked":"Astrolabe"},{"not_picked":["Velvet Choker","Coffee Dripper"],"picked":"Philosopher\u0027s Stone"}],"items_purged_floors":[],"is_endless":false,"potions_floor_spawned":[3,7,14,16,21,30,31,33,38,42],"killed_by":"Awakened One","ascension_level":0}}