{"host":"zyn2zcp8fez1ptuq","time":1607608751,"event":{"mods":["BaseMod","StSLib","Downfall","BetterRewards","Hermit","Hubris","Minty Spire (QoL Compilation)","Replay The Spire","Robot Space Explorer","Shade Mod","Shop Mod","The Animator","The Cursed","The Jungle","The Necromancer","Infinite Spire"],"gold_per_floor":[116,132,142,142,162,162,162,190,213,213,246,326,342,356,356,454,454,440,490,508,508,508],"floor_reached":21,"playtime":1942,"items_purged":[],"score":291,"play_id":"9abc7a05-fa00-4760-addd-c43e49ebe32b","local_time":"20201210085911","is_ascension_mode":false,"campfire_choices":[{"floor":6,"key":"REST"},{"data":"RobotSpaceExplorer:FrostMissile","floor":10,"key":"SMITH"},{"floor":15,"key":"REST"}],"circlet_count":0,"master_deck":["RobotSpaceExplorer:Strike","RobotSpaceExplorer:Strike","RobotSpaceExplorer:Strike","RobotSpaceExplorer:Strike","RobotSpaceExplorer:Defend","RobotSpaceExplorer:Defend","RobotSpaceExplorer:Defend","RobotSpaceExplorer:Defend","RobotSpaceExplorer:Scan","RobotSpaceExplorer:MiniLasers","ReplayTheSpireMod:Necrogeddon","RobotSpaceExplorer:IronShell","RobotSpaceExplorer:StarDust","RobotSpaceExplorer:Ammunition","RobotSpaceExplorer:ShovelStrike","RobotSpaceExplorer:LuckyStrike","RobotSpaceExplorer:Discharger","RobotSpaceExplorer:SurgingShield","RobotSpaceExplorer:FrostMissile+1","Amnesia","RobotSpaceExplorer:TrailblazerForm","RobotSpaceExplorer:MiniDrones+1","RobotSpaceExplorer:ShockKick","RobotSpaceExplorer:DualCore","RobotSpaceExplorer:Explosion","RobotSpaceExplorer:Discharger","RobotSpaceExplorer:Calculate","RobotSpaceExplorer:ToxicBomb"],"relics":["RobotSpaceExplorer:RoboCore","Ring of Fangs","Regal Pillow","Strawberry","Happy Flower","hubris:RunicObelisk","Tiny House"],"acts_visited":["Exordium","TheCity"],"potions_floor_usage":[5,5,8,18,20],"damage_taken":[{"damage":5,"enemies":"Jaw Worm","floor":1,"turns":4},{"damage":5,"enemies":"2 Louse","floor":2,"turns":3},{"damage":4,"enemies":"Cultist","floor":3,"turns":4},{"damage":38,"enemies":"Gremlin Gang","floor":5,"turns":7},{"damage":17,"enemies":"Lagavulin","floor":8,"turns":7},{"damage":19,"enemies":"Replay:BlueRogue","floor":11,"turns":7},{"damage":4,"enemies":"Blue Slaver","floor":13,"turns":6},{"damage":0,"enemies":"Looter","floor":14,"turns":3},{"damage":40,"enemies":"Slime Boss","floor":16,"turns":9},{"damage":27,"enemies":"2 Thieves","floor":18,"turns":4},{"damage":14,"enemies":"3 Byrds","floor":20,"turns":6},{"damage":49,"enemies":"3 Cultists","floor":21,"turns":4}],"seed_played":"-7059897754989148036","potions_obtained":[{"floor":1,"key":"RobotSpaceExplorer:RecyclePotion"},{"floor":3,"key":"RobotSpaceExplorer:PlasmaFlask"},{"floor":5,"key":"ColorlessPotion"},{"floor":14,"key":"RobotSpaceExplorer:PlasmaFlask"},{"floor":19,"key":"Dexterity Potion"},{"floor":20,"key":"Doom Potion"}],"is_trial":false,"path_per_floor":["M","M","M","?","M","R","?","E","T","R","E","?","M","M","R","B",null,"M","AVR","M","M"],"character_chosen":"RobotSpaceExplorer","items_purchased":["ReplayTheSpireMod:Necrogeddon","RobotSpaceExplorer:IronShell","RobotSpaceExplorer:StarDust","RobotSpaceExplorer:Ammunition","RobotSpaceExplorer:ShovelStrike"],"campfire_rested":2,"item_purchase_floors":[0,0,0,0,0],"current_hp_per_floor":[70,65,61,61,23,45,75,58,65,65,46,46,42,42,81,41,82,55,60,46,0,0],"gold":508,"neow_bonus":"","is_daily":false,"chose_seed":false,"campfire_upgraded":1,"win_rate":0,"timestamp":1607608751,"path_taken":["M","M","M","?","M","R","?","E","T","R","E","?","M","M","R","BOSS","M","AVR","M","M"],"build_version":"2020-11-30","purchased_purges":0,"victory":false,"max_hp_per_floor":[75,75,75,75,75,75,75,75,82,82,82,82,82,82,82,82,82,82,87,87,87,87],"card_choices":[{"not_picked":["RobotSpaceExplorer:StunGrenade","RobotSpaceExplorer:ImprovisedAttack"],"picked":"RobotSpaceExplorer:LuckyStrike","floor":1},{"not_picked":["RobotSpaceExplorer:Pulsar","RobotSpaceExplorer:FranticSearch"],"picked":"RobotSpaceExplorer:Discharger","floor":2},{"not_picked":["RobotSpaceExplorer:SlimeMissile","RobotSpaceExplorer:Wormhole"],"picked":"RobotSpaceExplorer:SurgingShield","floor":3},{"not_picked":["RobotSpaceExplorer:Blitz","RobotSpaceExplorer:ScrapMissile"],"picked":"RobotSpaceExplorer:FrostMissile","floor":5},{"not_picked":["RobotSpaceExplorer:SwiftStep","RobotSpaceExplorer:GlueShot"],"picked":"RobotSpaceExplorer:TrailblazerForm","floor":8},{"not_picked":["RobotSpaceExplorer:Probe","RobotSpaceExplorer:GlueShot"],"picked":"RobotSpaceExplorer:MiniDrones","floor":11},{"not_picked":["RobotSpaceExplorer:Pulsar","RobotSpaceExplorer:GearShield"],"picked":"RobotSpaceExplorer:ShockKick","floor":13},{"not_picked":["RobotSpaceExplorer:LaserBurst","RobotSpaceExplorer:SlimeMissile"],"picked":"RobotSpaceExplorer:DualCore","floor":14},{"not_picked":["RobotSpaceExplorer:HighVoltage","RobotSpaceExplorer:TrailblazerForm"],"picked":"RobotSpaceExplorer:Explosion","floor":16},{"not_picked":["RobotSpaceExplorer:FranticSearch","RobotSpaceExplorer:MetalStrike"],"picked":"RobotSpaceExplorer:Discharger","floor":18},{"not_picked":["RobotSpaceExplorer:DoubleBlock","RobotSpaceExplorer:Discharger"],"picked":"RobotSpaceExplorer:Calculate","floor":19},{"not_picked":["RobotSpaceExplorer:ScrapShield","RobotSpaceExplorer:SurgingStrike"],"picked":"RobotSpaceExplorer:ToxicBomb","floor":20}],"player_experience":451152,"relics_obtained":[{"floor":4,"key":"Ring of Fangs"},{"floor":8,"key":"Regal Pillow"},{"floor":9,"key":"Strawberry"},{"floor":11,"key":"Happy Flower"}],"event_choices":[{"damage_healed":0,"gold_gain":80,"player_choice":"Gained Gold","damage_taken":0,"max_hp_gain":0,"max_hp_loss":0,"event_name":"Golden Wing","floor":12,"gold_loss":0}],"is_beta":false,"boss_relics":[{"not_picked":["hubris:TerracottaHorce","infinitespire:Cupcake"],"picked":"hubris:RunicObelisk"}],"items_purged_floors":[],"is_endless":false,"potions_floor_spawned":[1,3,5,14,20],"killed_by":"3 Cultists","ascension_level":0}}