{"host":"ltca6yxwulbhza25","time":1607569910,"event":{"gold_per_floor":[112,122,122,142,153,153,181,192,244,244,263,263,290,309,309,409,409,421,421,438,349,349,377,402,130,155,174,202,11,23,34,34,136,136,150,150,164,164,175,204,204,219,219,273,273,298,318,350,350,350],"floor_reached":51,"playtime":2343,"items_purged":[],"score":941,"play_id":"61c9ac1d-5fdb-4fcf-99f1-7fcd7725978e","local_time":"20201210111150","is_ascension_mode":false,"campfire_choices":[{"data":"Body Slam","floor":6.0,"key":"SMITH"},{"data":"Seeing Red","floor":10.0,"key":"SMITH"},{"floor":12.0,"key":"REST"},{"data":"Rage","floor":15.0,"key":"SMITH"},{"floor":32.0,"key":"REST"},{"floor":41.0,"key":"REST"},{"floor":45.0,"key":"REST"},{"floor":49.0,"key":"REST"}],"neow_cost":"","seed_source_timestamp":0,"circlet_count":0,"master_deck":["Strike_R+1","Strike_R+1","Strike_R+1","Strike_R+1","Defend_R+1","Defend_R+1","Bash+1","Clash+1","Shrug It Off+1","Dropkick+1","Body Slam+1","Seeing Red+1","Cleave+1","Rage+1","Barricade+1","Entrench+1","Juggernaut+1","Combust+1","Thunderclap+1","Enlightenment+1","Metallicize+1","Mayhem+1","Dual Wield+1","Bludgeon+1","Demon Form+1","Madness+1","Madness+1","Feel No Pain+1","Infernal Blade+1","Clothesline+1"],"special_seed":0,"relics":["Black Blood","Hammer of Thor","Seething Fire","Anvil of the Gods","Bag of Preparation","PreservedInsect","FossilizedHelix","MerchantsRug","Mummified Hand","Busted Crown","Juzu Bracelet","Magic Flower","Lizard Tail","Regal Pillow","Lantern"],"potions_floor_usage":[50],"damage_taken":[{"damage":0.0,"enemies":"2 Louse","floor":1.0,"turns":3.0},{"damage":1.0,"enemies":"Cultist","floor":2.0,"turns":4.0},{"damage":0.0,"enemies":"Jaw Worm","floor":4.0,"turns":2.0},{"damage":0.0,"enemies":"3 Louse","floor":5.0,"turns":2.0},{"damage":12.0,"enemies":"3 Sentries","floor":7.0,"turns":7.0},{"damage":0.0,"enemies":"Blue Slaver","floor":8.0,"turns":2.0},{"damage":0.0,"enemies":"Looter","floor":11.0,"turns":1.0},{"damage":0.0,"enemies":"Gremlin Nob","floor":13.0,"turns":2.0},{"damage":0.0,"enemies":"Large Slime","floor":14.0,"turns":2.0},{"damage":28.0,"enemies":"The Guardian","floor":16.0,"turns":6.0},{"damage":0.0,"enemies":"Spheric Guardian","floor":18.0,"turns":3.0},{"damage":7.0,"enemies":"Shell Parasite","floor":20.0,"turns":4.0},{"damage":27.0,"enemies":"Gremlin Leader","floor":23.0,"turns":6.0},{"damage":1.0,"enemies":"Cultist and Chosen","floor":24.0,"turns":6.0},{"damage":5.0,"enemies":"Snake Plant","floor":27.0,"turns":3.0},{"damage":7.0,"enemies":"Slavers","floor":28.0,"turns":4.0},{"damage":0.0,"enemies":"3 Cultists","floor":30.0,"turns":3.0},{"damage":0.0,"enemies":"Cultist and Chosen","floor":31.0,"turns":3.0},{"damage":2.0,"enemies":"Champ","floor":33.0,"turns":7.0},{"damage":8.0,"enemies":"3 Shapes","floor":35.0,"turns":3.0},{"damage":0.0,"enemies":"Orb Walker","floor":37.0,"turns":3.0},{"damage":53.0,"enemies":"Spire Growth","floor":39.0,"turns":4.0},{"damage":0.0,"enemies":"Reptomancer","floor":40.0,"turns":4.0},{"damage":10.0,"enemies":"Jaw Worm Horde","floor":42.0,"turns":5.0},{"damage":19.0,"enemies":"2 Orb Walkers","floor":44.0,"turns":5.0},{"damage":49.0,"enemies":"Nemesis","floor":46.0,"turns":5.0},{"damage":12.0,"enemies":"4 Shapes","floor":47.0,"turns":4.0},{"damage":6.0,"enemies":"Giant Head","floor":48.0,"turns":4.0},{"damage":59,"enemies":"Awakened One","floor":50,"turns":7}],"seed_played":"7741345418877996006","potions_obtained":[{"floor":2.0,"key":"AttackPotion"},{"floor":5.0,"key":"blueLaboratory:HorrorPotion"},{"floor":8.0,"key":"blueLaboratory:BottleOfRum"},{"floor":11.0,"key":"PowerPotion"},{"floor":13.0,"key":"blueLaboratory:NullPotion"},{"floor":18.0,"key":"Fire Potion"},{"floor":23.0,"key":"SkillPotion"},{"floor":28.0,"key":"GamblersBrew"},{"floor":31.0,"key":"Block Potion"},{"floor":33.0,"key":"blueLaboratory:FruitPunch"},{"floor":37.0,"key":"blueLaboratory:PhilterOfMotion"},{"floor":38.0,"key":"PowerPotion"},{"floor":39.0,"key":"Weak Potion"},{"floor":42.0,"key":"BlessingOfTheForge"},{"floor":47.0,"key":"SteroidPotion"}],"is_trial":false,"path_per_floor":["M","M","?","M","M","R","E","M","T","R","M","R","E","M","R","B",null,"M","?","M","$","?","E","M","$","T","M","E","$","M","M","R","B",null,"M","?","M","?","M","E","R","M","T","?","R","E","M","E","R","B",null],"character_chosen":"IRONCLAD","items_purchased":["Enlightenment","Mayhem","blueLaboratory:ImpenetrablePotion","MerchantsRug","Mummified Hand"],"campfire_rested":5,"item_purchase_floors":[21,25,25,29,29],"current_hp_per_floor":[80,80,80,80,80,80,74,80,80,80,80,80,80,80,80,58,80,80,80,80,80,65,56,77,77,77,85,85,85,85,85,85,85,85,85,74,85,85,46,58,84,86,86,85,87,56,62,74,87,46],"gold":350,"neow_bonus":"","is_prod":false,"is_daily":false,"chose_seed":false,"campfire_upgraded":3,"win_rate":1,"timestamp":1607569910,"path_taken":["M","M","?","M","M","R","E","?","T","R","M","R","E","M","R","BOSS","M","?","M","?","?","E","M","?","T","?","E","$","M","M","R","BOSS","M","?","M","?","?","E","R","M","T","?","R","E","M","E","R","BOSS"],"build_version":"2020-11-30","purchased_purges":0,"victory":true,"max_hp_per_floor":[80,80,80,80,80,80,80,80,80,80,80,80,80,80,80,80,80,80,80,80,80,85,85,85,85,85,85,85,85,85,85,85,85,85,85,85,85,85,87,87,87,87,87,87,87,87,87,87,87,87],"card_choices":[{"not_picked":["Power Through","Whirlwind"],"picked":"Clash","floor":1.0},{"not_picked":["Sword Boomerang","Sever Soul"],"picked":"Shrug It Off","floor":2.0},{"not_picked":["Sword Boomerang","Flex","Pommel Strike"],"picked":"SKIP","floor":4.0},{"not_picked":["True Grit","Clothesline"],"picked":"Body Slam","floor":5.0},{"not_picked":["Cleave","Clash"],"picked":"Seeing Red","floor":7.0},{"not_picked":["Flex","Fire Breathing","Infernal Blade"],"picked":"SKIP","floor":8.0},{"not_picked":["Armaments","Sword Boomerang","Bludgeon"],"picked":"SKIP","floor":11.0},{"not_picked":["Dropkick","Clash"],"picked":"Cleave","floor":13.0},{"not_picked":["True Grit","Body Slam"],"picked":"Rage","floor":14.0},{"not_picked":["Fiend Fire","Corruption"],"picked":"Barricade","floor":16.0},{"not_picked":["Flex+1","Pummel"],"picked":"Entrench","floor":18.0},{"not_picked":["Pommel Strike","Body Slam"],"picked":"Thunderclap","floor":20.0},{"not_picked":["Shrug It Off","Cleave"],"picked":"Metallicize+1","floor":23.0},{"not_picked":["Uppercut","True Grit+1","Hemokinesis+1"],"picked":"SKIP","floor":24.0},{"not_picked":["Shrug It Off+1","Fire Breathing","Flex+1"],"picked":"SKIP","floor":27.0},{"not_picked":["Pummel","Flex"],"picked":"Dual Wield","floor":28.0},{"not_picked":["Clash","Thunderclap"],"picked":"Bludgeon","floor":30.0},{"not_picked":["Ghostly Armor","Cleave","Anger"],"picked":"SKIP","floor":31.0},{"not_picked":["Bludgeon","Brutality"],"picked":"Demon Form","floor":33.0},{"not_picked":["Anger+1"],"picked":"SKIP","floor":35.0},{"not_picked":["Uppercut+1"],"picked":"SKIP","floor":37.0},{"not_picked":["Flex"],"picked":"SKIP","floor":39.0},{"not_picked":[],"picked":"Feel No Pain+1","floor":40.0},{"not_picked":[],"picked":"Infernal Blade+1","floor":42.0},{"not_picked":["Shrug It Off"],"picked":"SKIP","floor":46.0},{"not_picked":["Disarm+1"],"picked":"SKIP","floor":47.0},{"not_picked":[],"picked":"Clothesline+1","floor":48.0}],"player_experience":0,"relics_obtained":[{"floor":7.0,"key":"Bird Faced Urn"},{"floor":9.0,"key":"Boot"},{"floor":13.0,"key":"Bag of Preparation"},{"floor":23.0,"key":"MawBank"},{"floor":26.0,"key":"PreservedInsect"},{"floor":28.0,"key":"FossilizedHelix"},{"floor":40.0,"key":"Juzu Bracelet"},{"floor":43.0,"key":"Magic Flower"},{"floor":44.0,"key":"Lizard Tail"},{"floor":46.0,"key":"Regal Pillow"},{"floor":48.0,"key":"Lantern"}],"event_choices":[{"damage_healed":0.0,"max_hp_gain":0.0,"max_hp_loss":0.0,"gold_gain":0.0,"cards_transformed":["Defend_R"],"event_name":"Transmorgrifier","player_choice":"Transformed","floor":3.0,"gold_loss":0.0,"damage_taken":0.0,"cards_obtained":["Dropkick"]},{"damage_healed":0.0,"max_hp_gain":0.0,"max_hp_loss":0.0,"gold_gain":0.0,"cards_transformed":["Strike_R","Defend_R"],"event_name":"Drug Dealer","player_choice":"Became Test Subject","floor":19.0,"gold_loss":0.0,"damage_taken":0.0,"cards_obtained":["Juggernaut","Combust"]},{"damage_healed":0.0,"max_hp_gain":5.0,"max_hp_loss":0.0,"gold_gain":0.0,"event_name":"Forgotten Altar","player_choice":"Shed Blood","floor":22.0,"gold_loss":0.0,"damage_taken":20.0},{"damage_healed":0.0,"max_hp_gain":0.0,"max_hp_loss":0.0,"gold_gain":0.0,"event_name":"Winding Halls","player_choice":"Embrace Madness","floor":36.0,"gold_loss":0.0,"damage_taken":11.0,"cards_obtained":["Madness","Madness"]},{"damage_healed":0.0,"max_hp_gain":0.0,"max_hp_loss":0.0,"gold_gain":0.0,"event_name":"Lab","player_choice":"Got Potions","floor":38.0,"gold_loss":0.0,"damage_taken":0.0},{"damage_healed":0.0,"max_hp_gain":0.0,"max_hp_loss":0.0,"gold_gain":0.0,"event_name":"Mysterious Sphere","player_choice":"Fight","floor":44.0,"gold_loss":0.0,"damage_taken":0.0}],"is_beta":false,"boss_relics":[{"not_picked":["SlaversCollar","Fusion Hammer"],"picked":"Black Blood"},{"not_picked":["Runic Cube","Runic Pyramid"],"picked":"Busted Crown"}],"items_purged_floors":[],"is_endless":false,"potions_floor_spawned":[2,5,8,11,13,18,23,28,31,33,37,39,42,47],"ascension_level":0}}