{"host":"elnvswdbusdewy2q","time":1607622795,"event":{"gold_per_floor":[216,216,291,141,141,141,157,117,144,319,319,331,348,363,363,363,363,363],"floor_reached":16,"playtime":513,"items_purged":[],"score":90,"play_id":"c77cf1e7-6075-479e-a986-a780f1a8db5d","local_time":"20201211025315","is_ascension_mode":false,"campfire_choices":[{"data":"MokouMod:IgneousBlow","floor":6,"key":"SMITH"},{"floor":15,"key":"REST"}],"neow_cost":"NONE","seed_source_timestamp":758558331628600,"circlet_count":0,"master_deck":["MokouMod:Strike","MokouMod:Strike","MokouMod:Strike","MokouMod:Strike","MokouMod:Strike","MokouMod:Defend","MokouMod:Defend","MokouMod:Defend","MokouMod:HeatSpark","MokouMod:Combust","MokouMod:Ember","MokouMod:IndiscriminateIgnition","MokouMod:IgneousBlow+1","MokouMod:BurningDraft","MokouMod:ResonanceReactor","Doubt","MokouMod:FlamingFireTalons","MokouMod:IgnitionBarrier","MokouMod:Sear"],"relics":["MokouMod:PhoenixFeather","Bag of Preparation"],"potions_floor_usage":[16,16],"damage_taken":[{"damage":14,"enemies":"Jaw Worm","floor":1,"turns":4},{"damage":10,"enemies":"Small Slimes","floor":7,"turns":3},{"damage":11,"enemies":"2 Louse","floor":12,"turns":2},{"damage":11,"enemies":"Large Slime","floor":13,"turns":5},{"damage":6,"enemies":"2 Fungi Beasts","floor":14,"turns":2},{"damage":32,"enemies":"Hexaghost","floor":16,"turns":7}],"seed_played":"453091841582728849","potions_obtained":[{"floor":1,"key":"Explosive Potion"},{"floor":14,"key":"SteroidPotion"}],"is_trial":false,"path_per_floor":["M","?","?","$","?","R","M","$","T","?","?","M","M","M","R","B"],"character_chosen":"MKU","items_purchased":["MokouMod:Ember","MokouMod:IndiscriminateIgnition","MokouMod:IgneousBlow","MokouMod:ResonanceReactor"],"campfire_rested":1,"item_purchase_floors":[4,4,4,8],"current_hp_per_floor":[61,54,43,43,48,48,38,38,38,38,38,27,16,10,34,2,2,2],"gold":363,"neow_bonus":"HUNDRED_GOLD","is_prod":false,"is_daily":false,"chose_seed":false,"campfire_upgraded":1,"win_rate":0.0,"timestamp":1607622795,"path_taken":["M","?","?","$","?","R","M","$","T","?","?","?","M","M","R","BOSS"],"build_version":"2020-11-30","purchased_purges":0,"victory":false,"max_hp_per_floor":[75,75,75,75,80,80,80,80,80,80,80,80,80,80,80,80,80,80],"card_choices":[{"not_picked":["MokouMod:Ember","MokouMod:IndiscriminateIgnition"],"picked":"MokouMod:Combust","floor":1},{"not_picked":["MokouMod:Meltdown","MokouMod:AdaptivePyromancy"],"picked":"MokouMod:BurningDraft","floor":7},{"not_picked":["MokouMod:ScorchingColumn","MokouMod:HeartofFire"],"picked":"MokouMod:FlamingFireTalons","floor":12},{"not_picked":["MokouMod:IndiscriminateIgnition","MokouMod:FujiyamaVolcano"],"picked":"MokouMod:IgnitionBarrier","floor":13},{"not_picked":["MokouMod:IndiscriminateIgnition","MokouMod:FlareStarter"],"picked":"MokouMod:Sear","floor":14}],"player_experience":501533,"relics_obtained":[{"floor":9,"key":"Bag of Preparation"}],"event_choices":[{"cards_removed":["MokouMod:Defend"],"damage_healed":0,"gold_gain":0,"player_choice":"Card Removal","damage_taken":7,"max_hp_gain":0,"max_hp_loss":0,"event_name":"Golden Wing","floor":2,"gold_loss":0},{"damage_healed":0,"gold_gain":75,"player_choice":"Gather Gold","damage_taken":11,"max_hp_gain":0,"max_hp_loss":0,"event_name":"World of Goop","floor":3,"gold_loss":0},{"damage_healed":0,"gold_gain":0,"player_choice":"Donut","damage_taken":0,"max_hp_gain":5,"max_hp_loss":0,"event_name":"Big Fish","floor":5,"gold_loss":0},{"damage_healed":0,"gold_gain":175,"player_choice":"AGREE","damage_taken":0,"max_hp_gain":0,"max_hp_loss":0,"event_name":"Liars Game","floor":10,"gold_loss":0,"cards_obtained":["Doubt"]},{"damage_healed":0,"gold_gain":0,"player_choice":"Ignored","damage_taken":0,"max_hp_gain":0,"max_hp_loss":0,"event_name":"NoteForYourself","floor":11,"gold_loss":0}],"is_beta":false,"boss_relics":[],"items_purged_floors":[],"is_endless":false,"potions_floor_spawned":[1,14],"killed_by":"Hexaghost","ascension_level":0}}