{"host":"u5hfrceatticevdm","time":1607568399,"event":{"gold_per_floor":[112,112,130,180,180,180,243,243,243,260,275,294,306,319,319,331,331],"floor_reached":16,"playtime":1646,"items_purged":[],"score":104,"play_id":"71a5ced4-ac0d-4189-b9a2-9ffa4abce5d6","local_time":"20201209214639","is_ascension_mode":false,"campfire_choices":[{"data":"Dualcast","floor":6,"key":"SMITH"},{"floor":8,"key":"REST"},{"floor":15,"key":"REST"}],"neow_cost":"NONE","seed_source_timestamp":1128768347008400,"circlet_count":0,"master_deck":["Strike_B","Strike_B","Strike_B","Strike_B","Defend_B","Defend_B","Defend_B","Defend_B","Zap","Dualcast+1","StuffTheSpire:Coldhearted+1","Cold Snap","Hallucinations","StuffTheSpire:LoadUp","StuffTheSpire:LoadUp+1","StuffTheSpire:Plugnplay+1","CommonCold","Cold Snap","Conserve Battery+1","Panic Button+1"],"relics":["Cracked Core","Ring of Greed","halation:IllGainedPizza","Membership Card","Bag of Preparation","Toxic Egg 2"],"potions_floor_usage":[16],"damage_taken":[{"damage":0,"enemies":"Cultist","floor":1,"turns":4},{"damage":0,"enemies":"Small Slimes","floor":3,"turns":4},{"damage":52,"enemies":"3 Sentries","floor":7,"turns":25},{"damage":0,"enemies":"Jaw Worm","floor":10,"turns":2},{"damage":9,"enemies":"Large Slime","floor":11,"turns":7},{"damage":0,"enemies":"Exordium Wildlife","floor":12,"turns":4},{"damage":0,"enemies":"2 Fungi Beasts","floor":13,"turns":4},{"damage":11,"enemies":"Red Slaver","floor":14,"turns":3},{"damage":55,"enemies":"Slime Boss","floor":16,"turns":10}],"seed_played":"8066047935748414132","potions_obtained":[{"floor":1,"key":"PotionOfCapacity"},{"floor":10,"key":"Fire Potion"},{"floor":11,"key":"SpeedPotion"},{"floor":14,"key":"Energy Potion"}],"is_trial":false,"path_per_floor":["M","?","M","?","?","R","E","R","T","M","M","M","M","M","R","B"],"character_chosen":"DEFECT","items_purchased":[],"campfire_rested":2,"item_purchase_floors":[],"current_hp_per_floor":[82,82,82,82,74,74,22,46,46,46,37,37,37,26,50,0,0],"gold":331,"neow_bonus":"TEN_PERCENT_HP_BONUS","is_prod":false,"is_daily":false,"chose_seed":false,"campfire_upgraded":1,"win_rate":0,"timestamp":1607568399,"path_taken":["M","?","M","?","?","R","E","R","T","M","?","M","?","?","R","BOSS"],"build_version":"2020-11-30","purchased_purges":0,"victory":false,"max_hp_per_floor":[82,82,82,82,82,82,82,82,82,82,82,82,82,82,82,82,82],"card_choices":[{"not_picked":["Storm","Redo"],"picked":"StuffTheSpire:Coldhearted","floor":1},{"not_picked":["White Noise","Hologram"],"picked":"Cold Snap","floor":3},{"not_picked":["Meteor Strike","ReplayTheSpireMod:Reroute Power"],"picked":"StuffTheSpire:LoadUp","floor":7},{"not_picked":["Turbo+1","Recycle+1"],"picked":"StuffTheSpire:LoadUp+1","floor":10},{"not_picked":["Redo+1","Skim+1"],"picked":"StuffTheSpire:Plugnplay+1","floor":11},{"not_picked":["Beam Cell","Turbo+1"],"picked":"Cold Snap","floor":12},{"not_picked":["ReplayTheSpireMod:Calculation Training+1","ReplayTheSpireMod:Dual Polarity+1"],"picked":"Conserve Battery+1","floor":13},{"not_picked":["StuffTheSpire:Plugnplay+1","Compile Driver"],"picked":"Panic Button+1","floor":14}],"player_experience":739503,"relics_obtained":[{"floor":4,"key":"Ring of Greed"},{"floor":4,"key":"halation:IllGainedPizza"},{"floor":4,"key":"Membership Card"},{"floor":7,"key":"Bag of Preparation"},{"floor":9,"key":"Toxic Egg 2"}],"event_choices":[{"damage_healed":0,"gold_gain":0,"player_choice":"Grow","damage_taken":0,"max_hp_gain":0,"max_hp_loss":0,"event_name":"Living Wall","floor":2,"gold_loss":0,"cards_upgraded":["StuffTheSpire:Coldhearted"]},{"damage_healed":0,"gold_gain":0,"player_choice":"Damaged","damage_taken":8,"max_hp_gain":0,"max_hp_loss":0,"event_name":"Wheel of Change","floor":5,"gold_loss":0}],"is_beta":false,"boss_relics":[],"items_purged_floors":[],"is_endless":false,"potions_floor_spawned":[1,10,11,14],"killed_by":"Slime Boss","ascension_level":0}}