{"host":"p5nht1vx148lgsp8","time":1607579176,"event":{"gold_per_floor":[110,128,143,143,143,143,177,177,177,177,189,206,206,219,219,321,321,302,302,10,25,25,25,51,65,65,84,84,104,104,139,139,236,236,255,150,161,15,25,51,51,51,51,80,80,80,95,105,105,105],"floor_reached":51,"playtime":3936,"items_purged":["Slimebound:Icky"],"score":797,"play_id":"c5a23287-ab1a-44ad-b4d6-2bafbf677c83","local_time":"20201209214616","is_ascension_mode":false,"campfire_choices":[{"floor":6.0,"key":"REST"},{"data":"Misdirection","floor":8.0,"key":"SMITH"},{"data":"SoulSculpture","floor":13.0,"key":"SMITH"},{"floor":15,"key":"REST"},{"data":"GearUp","floor":23,"key":"SMITH"},{"data":"TheWorld","floor":30,"key":"SMITH"},{"data":"Replay:Fractal Strike","floor":32,"key":"SMITH"},{"data":"Exchange","floor":41,"key":"SMITH"},{"data":"SilverBlades","floor":45,"key":"SMITH"},{"floor":49,"key":"REST"}],"neow_cost":"PERCENT_DAMAGE","seed_source_timestamp":0,"circlet_count":0,"master_deck":["Strike_S","Strike_S","Strike_S","Strike_S","Defend_S","Defend_S","Defend_S","KidneyShot","Exchange+1","ReplayTheSpireMod:Brewmster+1","Desolation","Misdirection+1","Moonlight","MoonPhase+1","SoulSculpture+1","TheWorld+1","Deny","TheWorld+1","GearUp+1","Replace+1","DoubleEdge+1","Revamp","Replay:Fractal Strike+1","WasteNot","TheWorld","Embodiment","Foresight+1","SoulSculpture+1","Desolation","SilverBlades+1","DoubleEdge","ShiftingGears+1","Wraith","SilverBlades+1","Unruled+1","SoulSculpture","Barrier"],"special_seed":0,"relics":["Uniform","infinitespire:ShieldingShard","Shuriken","Replay:Ancient Bell","ReplayTheSpireMod:TigerMarble","Eternal Feather","Prayer Wheel","infinitespire:PuzzleCube","Blood Vial","Gremlin Horn","Replay:WaspNest","MysterySword","Toy Ornithopter","Replay:Bottled Snecko","Bottled Tornado","Lantern"],"potions_floor_usage":[14,14,14,16,16,16,16,16,16,16,16,18,21,21,24,24,24,25,25,27,27,27,29,29,29,31,33,33,33,33,33,35,37,37,39,39,39,39,40,40,44,44,44,44,44,44,47,47,47,48,48,48,50,50,50,50,50,50],"damage_taken":[{"damage":6.0,"enemies":"Cultist","floor":1.0,"turns":5.0},{"damage":2.0,"enemies":"2 Louse","floor":2.0,"turns":4.0},{"damage":8.0,"enemies":"Small Slimes","floor":3.0,"turns":3.0},{"damage":8.0,"enemies":"Lagavulin","floor":7.0,"turns":5.0},{"damage":0.0,"enemies":"2 Fungi Beasts","floor":11.0,"turns":3.0},{"damage":0.0,"enemies":"Large Slime","floor":12.0,"turns":5.0},{"damage":11,"enemies":"Exordium Thugs","floor":14,"turns":4},{"damage":0,"enemies":"Hexaghost","floor":16,"turns":10},{"damage":4,"enemies":"2 Thieves","floor":18,"turns":4},{"damage":0,"enemies":"Spheric Guardian","floor":21,"turns":4},{"damage":0,"enemies":"Gremlin Leader","floor":24,"turns":5},{"damage":0,"enemies":"Shelled Parasite and Fungi","floor":25,"turns":4},{"damage":0,"enemies":"Chosen and Byrds","floor":27,"turns":6},{"damage":9,"enemies":"Centurion and Healer","floor":29,"turns":3},{"damage":3,"enemies":"Book of Stabbing","floor":31,"turns":5},{"damage":10,"enemies":"Automaton","floor":33,"turns":6},{"damage":0,"enemies":"Orb Walker","floor":35,"turns":2},{"damage":20,"enemies":"3 Shapes","floor":37,"turns":6},{"damage":6,"enemies":"3 Darklings","floor":39,"turns":5},{"damage":14,"enemies":"Giant Head","floor":40,"turns":6},{"damage":53,"enemies":"Reptomancer","floor":44,"turns":7},{"damage":30,"enemies":"Spire Growth","floor":47,"turns":4},{"damage":41,"enemies":"4 Shapes","floor":48,"turns":6},{"damage":111,"enemies":"Donu and Deca","floor":50,"turns":8}],"seed_played":"5026613316559642732","potions_obtained":[{"floor":7.0,"key":"Block Potion"},{"floor":14,"key":"Elixir"},{"floor":24,"key":"Toxic Potion"},{"floor":25,"key":"Reflective Coating"},{"floor":31,"key":"CultistPotion"},{"floor":35,"key":"Explosive Potion"},{"floor":40,"key":"Weak Potion"}],"is_trial":false,"path_per_floor":["M","M","M","?","?","R","E","R","T","?","M","M","R","M","R","B",null,"M","?","$","M","?","R","E","M","T","M","AVR","M","R","E","R","B",null,"M","$","M","$","M","E","R","?","T","E","R","?","M","M","R","B",null],"character_chosen":"THE_SERVANT","items_purchased":["GearUp","infinitespire:PuzzleCube","SoulSculpture+1","Toy Ornithopter"],"campfire_rested":3,"item_purchase_floors":[20,20,36,38],"current_hp_per_floor":[41,39,31,31,31,50,42,42,42,42,42,42,42,31,50,50,65,61,61,61,61,61,65,65,65,65,65,65,56,65,62,65,55,65,65,65,45,45,61,56,65,65,65,41,59,59,35,11,51,8],"gold":105,"neow_bonus":"RANDOM_COLORLESS_2","is_prod":false,"is_daily":false,"chose_seed":false,"campfire_upgraded":7,"win_rate":0.0,"timestamp":1607579176,"path_taken":["M","M","M","?","?","R","E","R","T","?","M","M","R","M","R","BOSS","M","?","$","M","?","R","E","M","T","?","AVR","M","R","E","R","BOSS","M","$","M","$","?","E","R","?","T","E","R","?","?","M","R","BOSS"],"build_version":"2020-11-30","purchased_purges":1,"victory":true,"max_hp_per_floor":[65,65,65,65,65,65,65,65,65,65,65,65,65,65,65,65,65,65,65,65,65,65,65,65,65,65,65,65,65,65,65,65,65,65,65,65,65,65,65,65,65,65,65,65,65,65,65,65,65,65],"card_choices":[{"not_picked":["Midas Touch","Secret Weapon"],"picked":"ReplayTheSpireMod:Brewmster","floor":0.0},{"not_picked":["Advance","Spin"],"picked":"Desolation","floor":1.0},{"not_picked":["Rearm","Shuttle","FastForward"],"picked":"SKIP","floor":2.0},{"not_picked":["StarChef","Replace"],"picked":"Misdirection","floor":3.0},{"not_picked":["SurpressingFire","DoubleEdge"],"picked":"Moonlight","floor":7.0},{"not_picked":["TimeWarp","Defy","Collapse"],"picked":"SKIP","floor":11.0},{"not_picked":["Unruled","Misdirection"],"picked":"SoulSculpture","floor":12.0},{"not_picked":["ShatteredReality","Defy","Potential"],"picked":"SKIP","floor":14},{"not_picked":["Dilation","FloweringNight"],"picked":"TheWorld","floor":16},{"not_picked":["Decay","ReplayTheSpireMod:Faulty Equipment"],"picked":"Shame","floor":17},{"not_picked":["Replay:Hysterical Blindness","ReplayTheSpireMod:IOU"],"picked":"Slimebound:Icky","floor":17},{"not_picked":["Delirium","betterMatch:CurseCard"],"picked":"Clumsy","floor":17},{"not_picked":["Moonlight","Defy"],"picked":"Deny","floor":18},{"not_picked":["DoubleEdge","Potential","Collapse"],"picked":"SKIP","floor":18},{"not_picked":["MoonPhase","Hightail"],"picked":"Replace+1","floor":21},{"not_picked":["TimeWarp","Ricochet"],"picked":"DoubleEdge+1","floor":21},{"not_picked":["Barrier","GearUp"],"picked":"Revamp","floor":24},{"not_picked":["ShiftingGears","SpecialFormula","Rewind"],"picked":"SKIP","floor":25},{"not_picked":["Potential","Unruled","Rewind"],"picked":"SKIP","floor":25},{"not_picked":["GearUp","Alleviate+1","TimeWarp+1"],"picked":"SKIP","floor":27},{"not_picked":["FastForward+1","Alleviate","Read"],"picked":"SKIP","floor":27},{"not_picked":["Potential+1","TimeWarp+1"],"picked":"WasteNot","floor":29},{"not_picked":["BottledTime","Defy+1","Rearm"],"picked":"SKIP","floor":29},{"not_picked":["ShatteredReality","Starlight"],"picked":"TheWorld","floor":31},{"not_picked":["TheWorld","Duplication"],"picked":"Embodiment","floor":33},{"not_picked":["Advance","Rewind"],"picked":"Foresight+1","floor":35},{"not_picked":["Revamp","Replace+1","RealityMarble+1"],"picked":"SKIP","floor":35},{"not_picked":["Reset","Advance+1"],"picked":"Desolation","floor":37},{"not_picked":["Ricochet","Replace+1"],"picked":"SilverBlades+1","floor":37},{"not_picked":["Potential","ShatteredReality+1"],"picked":"DoubleEdge","floor":39},{"not_picked":["Defy+1","Comet","Unruled"],"picked":"SKIP","floor":39},{"not_picked":["FloweringNight","SpecialFormula"],"picked":"ShiftingGears+1","floor":40},{"not_picked":["SpecialFormula+1","FanOfKnives+1"],"picked":"SilverBlades","floor":44},{"not_picked":["Rewind","Contraction+1"],"picked":"Unruled+1","floor":47},{"not_picked":["BottledTime+1","Rearm","GearUp+1"],"picked":"SKIP","floor":47},{"not_picked":["FanOfKnives+1","InstantArmor"],"picked":"SoulSculpture","floor":48},{"not_picked":["RealityMarble+1","Revamp+1"],"picked":"Barrier","floor":48}],"player_experience":166928,"relics_obtained":[{"floor":7.0,"key":"infinitespire:ShieldingShard"},{"floor":9.0,"key":"Shuriken"},{"floor":24,"key":"Blood Vial"},{"floor":26,"key":"Gremlin Horn"},{"floor":31,"key":"Replay:WaspNest"},{"floor":40,"key":"Replay:Bottled Snecko"},{"floor":43,"key":"Bottled Tornado"},{"floor":44,"key":"Lantern"}],"event_choices":[{"damage_healed":0.0,"max_hp_gain":0.0,"max_hp_loss":0.0,"gold_gain":0.0,"event_name":"betterThird:BetterSerpent","player_choice":"Ignored","floor":4.0,"gold_loss":0.0,"damage_taken":143.0},{"damage_healed":0.0,"max_hp_gain":0.0,"max_hp_loss":0.0,"gold_gain":0.0,"event_name":"Living Wall","player_choice":"Grow","floor":5.0,"gold_loss":0.0,"damage_taken":0.0,"cards_upgraded":["ReplayTheSpireMod:Brewmster"]},{"damage_healed":0.0,"max_hp_gain":0.0,"max_hp_loss":0.0,"gold_gain":0.0,"cards_transformed":["Defend_S"],"event_name":"Transmorgrifier","player_choice":"Transformed","floor":10.0,"gold_loss":0.0,"damage_taken":0.0,"cards_obtained":["MoonPhase"]},{"cards_removed":["Deny"],"damage_healed":0,"gold_gain":0,"player_choice":"Take \u0026 Give","damage_taken":0,"max_hp_gain":0,"max_hp_loss":0,"event_name":"betterNote:BetterNote","floor":19,"gold_loss":0,"cards_obtained":["TheWorld"]},{"cards_removed":["Clumsy","Shame"],"damage_healed":0,"gold_gain":0,"player_choice":"Removed Curses","damage_taken":0,"max_hp_gain":0,"max_hp_loss":0,"event_name":"Fountain of Cleansing","floor":22,"gold_loss":0},{"damage_healed":0,"gold_gain":0,"player_choice":"Ignored","damage_taken":0,"max_hp_gain":0,"max_hp_loss":0,"event_name":"OrinTheCat","floor":42,"gold_loss":0},{"damage_healed":0,"gold_gain":0,"player_choice":"Upgraded","damage_taken":0,"max_hp_gain":0,"max_hp_loss":0,"event_name":"Upgrade Shrine","floor":46,"gold_loss":0,"cards_upgraded":["MoonPhase"]}],"is_beta":false,"boss_relics":[{"not_picked":["ReplayTheSpireMod:DimensionalGlitch","Replay:Drink Me"],"picked":"Replay:Ancient Bell"},{"not_picked":["infinitespire:Satchel","MawBank"],"picked":"ReplayTheSpireMod:TigerMarble"},{"not_picked":["Chameleon Ring","Toxic Egg 2"],"picked":"Eternal Feather"},{"not_picked":["Turnip","Du-Vu Doll"],"picked":"Prayer Wheel"},{"not_picked":["Ring of Chaos","Coffee Dripper"],"picked":"MysterySword"}],"items_purged_floors":[20],"is_endless":false,"potions_floor_spawned":[7,14,16,24,25,31,33,35,37,40],"ascension_level":0}}