{"host":"87fdiiwflhrwsj8a","time":1607579175,"event":{"gold_per_floor":[117,127,127,127,127,161,174,174,174,16,28,47,78,88,88,163,163,180,196,196,208,83,83,143,168,245,245,245],"floor_reached":27,"playtime":1067,"items_purged":[],"score":536,"play_id":"e0002a14-74d5-4001-9f08-9d6469b0e24a","local_time":"20201210004615","is_ascension_mode":true,"campfire_choices":[{"data":"Capacitor","floor":8.0,"key":"SMITH"},{"data":"Conserve Battery","floor":15.0,"key":"SMITH"},{"floor":23,"key":"REST"}],"neow_cost":"NONE","seed_source_timestamp":133104443128399,"circlet_count":1,"master_deck":["AscendersBane","Strike_B+1","Strike_B","Strike_B","Strike_B","Defend_B","Defend_B","Defend_B","Defend_B","Zap","Dualcast","Gash+1","Capacitor+1","Gash+1","Glacier","Conserve Battery+1","Core Surge","Redo+1","Doom and Gloom+1","Conserve Battery","Barrage","Leap+1","Electrodynamics+1","Reboot+1","ReplayRNGCard+1","Ball Lightning","BasicCrystalCard+1"],"special_seed":0,"relics":["Cracked Core","NeowsBlessing","Meat on the Bone","Pear","Membership Card","Prayer Wheel","Replay:Bottled Eggs","Circlet","Inserter","Blood Vial","Orichalcum","Replay:Ringing Soul"],"potions_floor_usage":[25,27],"damage_taken":[{"damage":0.0,"enemies":"Small Slimes","floor":1.0,"turns":1.0},{"damage":0.0,"enemies":"Jaw Worm","floor":2.0,"turns":1.0},{"damage":0.0,"enemies":"Gremlin Nob","floor":6.0,"turns":1.0},{"damage":8.0,"enemies":"2 Louse","floor":7.0,"turns":2.0},{"damage":8.0,"enemies":"Gremlin Gang","floor":11.0,"turns":5.0},{"damage":13.0,"enemies":"Red Slaver","floor":12.0,"turns":3.0},{"damage":40.0,"enemies":"3 Sentries","floor":13.0,"turns":9.0},{"damage":7.0,"enemies":"Looter","floor":14.0,"turns":3.0},{"damage":23.0,"enemies":"The Guardian","floor":16.0,"turns":13.0},{"damage":16.0,"enemies":"Spheric Guardian","floor":18.0,"turns":6.0},{"damage":39.0,"enemies":"3 Byrds","floor":19.0,"turns":6.0},{"damage":52.0,"enemies":"3 Cultists","floor":21.0,"turns":7.0},{"damage":35,"enemies":"Nightmare","floor":25,"turns":9},{"damage":26,"enemies":"Shelled Parasite and Fungi","floor":27,"turns":2}],"seed_played":"4457671321911769033","potions_obtained":[{"floor":1.0,"key":"Fire Potion"},{"floor":6.0,"key":"EssenceOfSteel"},{"floor":14.0,"key":"Strength Potion"},{"floor":16.0,"key":"FairyPotion"},{"floor":19.0,"key":"Swift Potion"},{"floor":24,"key":"Fruit Juice"},{"floor":24,"key":"Fire Potion"}],"is_trial":false,"path_per_floor":["M","M","$","?","?","E","M","R","T","$","M","M","E","M","R","B",null,"M","M","?","M","?","R","?","NM","T","M"],"character_chosen":"DEFECT","items_purchased":["Membership Card"],"campfire_rested":1,"item_purchase_floors":[10],"current_hp_per_floor":[64,64,64,53,53,63,55,55,55,55,47,46,18,23,23,27,68,52,25,25,16,16,40,40,24,24,0,0],"gold":245,"neow_bonus":"THREE_ENEMY_KILL","is_prod":false,"is_daily":false,"chose_seed":false,"campfire_upgraded":2,"win_rate":0,"timestamp":1607579175,"path_taken":["M","M","$","?","?","E","M","R","T","?","M","?","E","M","R","BOSS","M","M","?","?","?","R","?","NM","T","M"],"build_version":"2020-11-30","purchased_purges":0,"victory":false,"max_hp_per_floor":[71,71,71,71,71,81,81,81,81,81,81,81,81,81,81,81,81,81,81,81,81,81,81,81,86,86,86,86],"card_choices":[{"not_picked":["Redo","Force Field"],"picked":"Gash","floor":1.0},{"not_picked":["Conserve Battery","Panic Button","Coolheaded"],"picked":"SKIP","floor":2.0},{"not_picked":["Redo","Stack","Panic Button"],"picked":"SKIP","floor":6.0},{"not_picked":["BasicCrystalCard","Stack"],"picked":"Capacitor","floor":7.0},{"not_picked":["Sweeping Beam","Steam Power"],"picked":"Gash","floor":11.0},{"not_picked":["Blizzard","Turbo","Crystallizer"],"picked":"SKIP","floor":12.0},{"not_picked":["Rebound","Stack","Thunder Strike"],"picked":"SKIP","floor":13.0},{"not_picked":["Compile Driver","Cold Snap"],"picked":"Glacier","floor":14.0},{"not_picked":["Lockon","Panic Button"],"picked":"Conserve Battery","floor":14.0},{"not_picked":["Buffer","ReplayRNGCard"],"picked":"Core Surge","floor":16.0},{"not_picked":["Compile Driver","Recycle+1"],"picked":"Redo+1","floor":18.0},{"not_picked":["Sweeping Beam","Melter"],"picked":"Doom and Gloom+1","floor":18.0},{"not_picked":["Compile Driver","FTL"],"picked":"Conserve Battery","floor":19.0},{"not_picked":["aspiration:Polymerization","Self Repair","Biased Cognition"],"picked":"SKIP","floor":19.0},{"not_picked":["Coolheaded","Hologram"],"picked":"Barrage","floor":21.0},{"not_picked":["Streamline","StuffTheSpire:Synthwave"],"picked":"Leap+1","floor":21.0},{"not_picked":["Biased Cognition+1","StuffTheSpire:EventHorizon+1"],"picked":"Electrodynamics+1","floor":22},{"not_picked":["Creative AI+1","Core Surge+1"],"picked":"Reboot+1","floor":22},{"not_picked":["Echo Form+1","Electrodynamics+1"],"picked":"ReplayRNGCard+1","floor":22},{"not_picked":["Scrape","Self Repair"],"picked":"Ball Lightning","floor":24},{"not_picked":["Darkness","Leap"],"picked":"BasicCrystalCard+1","floor":25}],"player_experience":2518865,"relics_obtained":[{"floor":6.0,"key":"Pear"},{"floor":9.0,"key":"Dead Branch"},{"floor":13.0,"key":"Replay:Bottled Eggs"},{"floor":24,"key":"Blood Vial"},{"floor":25,"key":"Orichalcum"},{"floor":26,"key":"Replay:Ringing Soul"}],"event_choices":[{"damage_healed":0.0,"max_hp_gain":0.0,"max_hp_loss":0.0,"gold_gain":0.0,"event_name":"betterThird:BetterScrap","player_choice":"Relic ","floor":4.0,"gold_loss":0.0,"damage_taken":11.0,"cards_obtained":["Eviscerate"]},{"cards_removed":["Strike_B"],"damage_healed":0.0,"max_hp_gain":0.0,"max_hp_loss":0.0,"gold_gain":0.0,"event_name":"betterNote:BetterNote","player_choice":"Give","floor":20.0,"gold_loss":0.0,"damage_taken":0.0,"cards_obtained":["None"]},{"damage_healed":0,"gold_gain":0,"player_choice":"3","damage_taken":0,"max_hp_gain":0,"max_hp_loss":0,"event_name":"betterMatch:BetterMatch","floor":22,"gold_loss":0,"cards_obtained":["betterMatch:RareCard"]}],"is_beta":false,"boss_relics":[{"not_picked":["StuffTheSpire:RunicHypercube","Busted Crown"],"picked":"Inserter"}],"items_purged_floors":[],"is_endless":false,"potions_floor_spawned":[1,6,14,16,19],"killed_by":"Shelled Parasite and Fungi","ascension_level":20}}