{"host":"fq1bpa5mgr3rtgnr","time":1607585326,"event":{"gold_per_floor":[112,112,126,137,148,148,167,167,192,220,220,252,252,262,262,365,365,382,307,287,298,316,316,335,369,369,389,404,404,416,416,416],"floor_reached":31,"playtime":1517,"items_purged":["Strike_P"],"score":433,"play_id":"5e069bb9-07c7-4d25-8687-8a950dba5007","local_time":"20201210022846","is_ascension_mode":true,"campfire_choices":[{"data":"ForeignInfluence","floor":6.0,"key":"SMITH"},{"data":"Vigilance","floor":8.0,"key":"SMITH"},{"data":"Prostrate","floor":13.0,"key":"SMITH"},{"data":"Conclude","floor":15.0,"key":"SMITH"},{"data":"Devotion","floor":23.0,"key":"SMITH"},{"data":"Perseverance","floor":29,"key":"SMITH"}],"neow_cost":"NONE","seed_source_timestamp":256105831529500,"circlet_count":0,"master_deck":["Strike_P","Strike_P","Defend_P","Defend_P+1","Defend_P+1","Eruption+1","Vigilance+1","Pray","ForeignInfluence+1","Conclude+1","Pray","Prostrate+1","Devotion+1","Perseverance+1","Prostrate+1","Evaluate+1","ReachHeaven","Collect+1","Ragnarok","CrushJoints+1"],"special_seed":0,"relics":["Runic Pyramid","Damaru","Boot","War Paint","Happy Flower","Empty Cage","Potion Belt","The Courier"],"potions_floor_usage":[25,30],"damage_taken":[{"damage":0.0,"enemies":"2 Louse","floor":1.0,"turns":2.0},{"damage":0.0,"enemies":"Cultist","floor":3.0,"turns":2.0},{"damage":7.0,"enemies":"Jaw Worm","floor":4.0,"turns":2.0},{"damage":18.0,"enemies":"Exordium Thugs","floor":5.0,"turns":3.0},{"damage":8.0,"enemies":"Lots of Slimes","floor":7.0,"turns":2.0},{"damage":5.0,"enemies":"3 Sentries","floor":10.0,"turns":4.0},{"damage":0.0,"enemies":"Lagavulin","floor":12.0,"turns":3.0},{"damage":0.0,"enemies":"Gremlin Gang","floor":14.0,"turns":3.0},{"damage":0.0,"enemies":"Slime Boss","floor":16.0,"turns":3.0},{"damage":7.0,"enemies":"Chosen","floor":18.0,"turns":4.0},{"damage":1.0,"enemies":"Shell Parasite","floor":21.0,"turns":3.0},{"damage":9.0,"enemies":"Snake Plant","floor":22.0,"turns":3.0},{"damage":8.0,"enemies":"Cultist and Chosen","floor":24.0,"turns":2.0},{"damage":26,"enemies":"Gremlin Leader","floor":25,"turns":2},{"damage":0,"enemies":"Snecko","floor":27,"turns":3},{"damage":0,"enemies":"Shelled Parasite and Fungi","floor":28,"turns":4},{"damage":0,"enemies":"Centurion and Healer","floor":30,"turns":5},{"damage":12,"enemies":"Cultist and Chosen","floor":31,"turns":3}],"seed_played":"5540688578488324119","potions_obtained":[{"floor":1.0,"key":"AttackPotion"},{"floor":4.0,"key":"BottledMiracle"},{"floor":7.0,"key":"BottledMiracle"},{"floor":12.0,"key":"CultistPotion"},{"floor":14.0,"key":"SpeedPotion"},{"floor":20.0,"key":"Block Potion"},{"floor":25,"key":"SkillPotion"},{"floor":30,"key":"StancePotion"}],"is_trial":false,"path_per_floor":["M","?","M","M","M","R","M","R","T","E","?","E","R","M","R","B",null,"M","$","?","M","M","R","M","E","T","M","M","R","M","M"],"character_chosen":"WATCHER","items_purchased":[],"campfire_rested":0,"item_purchase_floors":[],"current_hp_per_floor":[72,72,72,65,47,47,39,39,39,34,34,34,34,34,34,34,63,56,56,56,55,46,46,38,12,12,12,12,12,12,0,0],"gold":416,"neow_bonus":"BOSS_RELIC","is_prod":false,"is_daily":false,"chose_seed":false,"campfire_upgraded":6,"win_rate":0,"timestamp":1607585326,"path_taken":["M","?","M","M","?","R","M","R","T","E","?","E","R","M","R","BOSS","M","$","?","?","?","R","M","E","T","M","M","R","M","M"],"build_version":"2020-11-30","purchased_purges":1,"victory":false,"max_hp_per_floor":[72,72,72,72,72,72,72,72,72,72,72,72,72,72,72,72,72,72,72,72,72,72,72,72,72,72,72,72,72,72,72,72],"relic_stats":{"Happy Flower":[11],"counters":[18,53],"War Paint":["Defend_P","Defend_P"],"Boot":[8],"obtain_stats":[{"Potion Belt":25,"Happy Flower":12,"Damaru":9,"The Courier":26,"PureWater":0,"War Paint":11,"Boot":10,"Empty Cage":17,"Runic Pyramid":0},{"Potion Belt":14,"Happy Flower":7,"Damaru":5,"The Courier":14,"PureWater":0,"War Paint":6,"Boot":6,"Empty Cage":9,"Runic Pyramid":0},{"Potion Belt":38,"Happy Flower":18,"Damaru":11,"The Courier":38,"PureWater":0,"War Paint":15,"Boot":15,"Empty Cage":24,"Runic Pyramid":0}]},"card_choices":[{"not_picked":["Protect","Meditate"],"picked":"Pray","floor":1.0},{"not_picked":["SashWhip","CutThroughFate"],"picked":"ForeignInfluence","floor":3.0},{"not_picked":["FlyingSleeves","Crescendo"],"picked":"Conclude","floor":4.0},{"not_picked":["EmptyFist","Adaptation"],"picked":"Pray","floor":5.0},{"not_picked":["BowlingBash","Adaptation","CarveReality"],"picked":"SKIP","floor":7.0},{"not_picked":["PathToVictory","Protect","Meditate"],"picked":"SKIP","floor":10.0},{"not_picked":["FlyingSleeves","EmptyMind"],"picked":"Prostrate","floor":12.0},{"not_picked":["Fasting2","Evaluate","ClearTheMind"],"picked":"SKIP","floor":14.0},{"not_picked":["Omniscience","Vault"],"picked":"Devotion","floor":16.0},{"not_picked":["Protect","Evaluate"],"picked":"Perseverance","floor":18.0},{"not_picked":["Protect","FearNoEvil"],"picked":"Prostrate+1","floor":21.0},{"not_picked":["Halt","FlyingSleeves","SashWhip+1"],"picked":"SKIP","floor":22.0},{"not_picked":["Halt","FlyingSleeves","SashWhip+1"],"picked":"SKIP","floor":22.0},{"not_picked":["Perseverance","PathToVictory+1"],"picked":"Evaluate+1","floor":24.0},{"not_picked":["Adaptation","ThirdEye"],"picked":"ReachHeaven","floor":25},{"not_picked":["ThirdEye","FlyingSleeves"],"picked":"Collect+1","floor":27},{"not_picked":["Sanctity+1","BowlingBash"],"picked":"Ragnarok","floor":28},{"not_picked":["CutThroughFate","ThirdEye","CrushJoints+1"],"picked":"SKIP","floor":30},{"not_picked":["CutThroughFate","ThirdEye"],"picked":"CrushJoints+1","floor":30}],"player_experience":335795,"relics_obtained":[{"floor":9.0,"key":"Damaru"},{"floor":10.0,"key":"Boot"},{"floor":12.0,"key":"Happy Flower"},{"floor":25,"key":"Potion Belt"},{"floor":26,"key":"The Courier"}],"event_choices":[{"damage_healed":0.0,"max_hp_gain":0.0,"max_hp_loss":0.0,"gold_gain":0.0,"event_name":"Accursed Blacksmith","player_choice":"Forge","floor":2.0,"gold_loss":0.0,"damage_taken":0.0,"cards_upgraded":["Eruption"]},{"damage_healed":0.0,"max_hp_gain":0.0,"max_hp_loss":0.0,"gold_gain":0.0,"event_name":"WeMeetAgain","player_choice":"Gave Potion","floor":11.0,"gold_loss":0.0,"damage_taken":0.0,"relics_obtained":["War Paint"]},{"damage_healed":0.0,"max_hp_gain":0.0,"max_hp_loss":0.0,"gold_gain":0.0,"event_name":"The Woman in Blue","player_choice":"Bought 1 Potion","floor":20.0,"gold_loss":0.0,"damage_taken":0.0}],"is_beta":false,"boss_relics":[{"not_picked":["Astrolabe","Philosopher\u0027s Stone"],"picked":"Empty Cage"}],"items_purged_floors":[19],"is_endless":false,"potions_floor_spawned":[1,4,7,12,14,21,25,30],"killed_by":"Cultist and Chosen","ascension_level":5}}