{"host":"q8o6l8eqnoevndy4","time":1607578176,"event":{"gold_per_floor":[365,376,389,339,235,235,235,245,298,316,316,327,81,94,94,94,198,198,212,232,232,246,258,258,258,258,258,258,258,271,371,371,371,371,371],"floor_reached":34,"playtime":1516,"items_purged":["Strike_R","Strike_R","Defend_R"],"score":244,"play_id":"0a170e59-a0c6-4a2f-bd9b-4b60aad37548","local_time":"20201210002936","is_ascension_mode":false,"campfire_choices":[{"data":"Thunderclap","floor":6.0,"key":"SMITH"},{"data":"Shockwave","floor":11.0,"key":"SMITH"},{"floor":15.0,"key":"REST"},{"data":"Juggernaut","floor":16.0,"key":"SMITH"},{"floor":24.0,"key":"REST"},{"floor":26.0,"key":"REST"},{"data":"infinitespire:Execution","floor":28.0,"key":"SMITH"},{"floor":33,"key":"REST"}],"neow_cost":"PERCENT_DAMAGE","seed_source_timestamp":73951049818300,"circlet_count":0,"master_deck":["Strike_R","Strike_R","Defend_R","Defend_R","Bash","Shrug It Off","Twin Strike","Thunderclap+1","Dual Wield","Shockwave+1","Twin Strike","Whirlwind","Juggernaut+1","Double Tap","Flame Barrier+1","infinitespire:Execution+1","Armaments"],"special_seed":0,"relics":["Burning Blood"],"potions_floor_usage":[34,34,34],"damage_taken":[{"damage":11.0,"enemies":"Small Slimes","floor":1.0,"turns":3.0},{"damage":0.0,"enemies":"2 Louse","floor":2.0,"turns":3.0},{"damage":9.0,"enemies":"Jaw Worm","floor":3.0,"turns":4.0},{"damage":0.0,"enemies":"Large Slime","floor":8.0,"turns":3.0},{"damage":15.0,"enemies":"Looter","floor":10.0,"turns":3.0},{"damage":5.0,"enemies":"3 Louse","floor":12.0,"turns":4.0},{"damage":15.0,"enemies":"Large Slime","floor":14.0,"turns":5.0},{"damage":61.0,"enemies":"Hexaghost","floor":17.0,"turns":12.0},{"damage":6.0,"enemies":"3 Byrds","floor":19.0,"turns":5.0},{"damage":50.0,"enemies":"Spheric Guardian","floor":20.0,"turns":6.0},{"damage":10.0,"enemies":"Chosen and Byrds","floor":22.0,"turns":7.0},{"damage":14.0,"enemies":"Snecko","floor":23.0,"turns":5.0},{"damage":23,"enemies":"Snake Plant","floor":30,"turns":5},{"damage":77,"enemies":"Automaton","floor":34,"turns":10}],"seed_played":"-5498015886180889292","potions_obtained":[{"floor":3.0,"key":"FearPotion"},{"floor":10.0,"key":"Block Potion"},{"floor":22.0,"key":"Fire Potion"},{"floor":32,"key":"Block Potion"},{"floor":32,"key":"ColorlessPotion"},{"floor":32,"key":"DistilledChaos"}],"is_trial":false,"path_per_floor":["M","M","M","?","$","R","?","M","T","M","R","M","$","M","R","R","B",null,"M","M","AVR","M","M","R","?","R","T","R","?","M","?","?","R","B"],"character_chosen":"IRONCLAD","items_purchased":["Explosive Potion","Thunderclap","Whirlwind"],"campfire_rested":4,"item_purchase_floors":[5,5,13],"current_hp_per_floor":[51,57,54,54,54,54,54,60,60,51,51,52,52,43,67,67,12,80,80,36,36,32,24,48,48,72,72,72,72,55,55,55,79,2,2],"gold":371,"neow_bonus":"TWO_FIFTY_GOLD","is_prod":false,"is_daily":false,"chose_seed":false,"campfire_upgraded":4,"win_rate":0,"timestamp":1607578176,"path_taken":["M","M","M","?","$","R","?","M","T","?","R","M","$","M","R","R","BOSS","M","M","AVR","M","M","R","?","R","T","R","?","M","?","?","R","BOSS"],"build_version":"2020-11-30","purchased_purges":3,"victory":false,"max_hp_per_floor":[80,80,80,80,80,80,80,80,80,80,80,80,80,80,80,80,80,80,80,80,80,80,80,80,80,80,80,80,80,80,80,80,80,80,80],"relic_stats":{"counters":[14,75],"obtain_stats":[{"Burning Blood":0},{"Burning Blood":0},{"Burning Blood":0}],"Burning Blood":78},"card_choices":[{"not_picked":["Clothesline","Heavy Blade"],"picked":"Shrug It Off","floor":1.0},{"not_picked":["Warcry","Heavy Blade","True Grit"],"picked":"SKIP","floor":2.0},{"not_picked":["Dropkick","Reckless Charge"],"picked":"Twin Strike","floor":3.0},{"not_picked":["Searing Blow","Fire Breathing"],"picked":"Dual Wield","floor":8.0},{"not_picked":["Armaments","Whirlwind"],"picked":"Shockwave","floor":10.0},{"not_picked":["Dual Wield","Sword Boomerang"],"picked":"Twin Strike","floor":12.0},{"not_picked":["Cleave","Body Slam"],"picked":"Juggernaut","floor":14.0},{"not_picked":["Juggernaut","Limit Break"],"picked":"Double Tap","floor":17.0},{"not_picked":["Shrug It Off+1","Heavy Blade"],"picked":"Flame Barrier+1","floor":19.0},{"not_picked":["Clash","Searing Blow","Flex"],"picked":"SKIP","floor":20.0},{"not_picked":["Clothesline","Rupture","Headbutt"],"picked":"SKIP","floor":22.0},{"not_picked":["Flex+1","Warcry","True Grit"],"picked":"SKIP","floor":23.0},{"not_picked":["Cleave","Sword Boomerang","Metallicize"],"picked":"SKIP","floor":30}],"player_experience":1133123,"relics_obtained":[],"event_choices":[{"cards_removed":["Strike_R"],"damage_healed":0.0,"max_hp_gain":0.0,"max_hp_loss":0.0,"gold_gain":0.0,"event_name":"The Cleric","player_choice":"Card Removal","floor":4.0,"gold_loss":50.0,"damage_taken":0.0},{"damage_healed":0.0,"max_hp_gain":0.0,"max_hp_loss":0.0,"gold_gain":0.0,"cards_transformed":["Defend_R"],"event_name":"Transmorgrifier","player_choice":"Transformed","floor":25.0,"gold_loss":0.0,"damage_taken":0.0,"cards_obtained":["Armaments"]},{"damage_healed":0,"gold_gain":0,"player_choice":"Ignored","damage_taken":0,"max_hp_gain":0,"max_hp_loss":0,"event_name":"WeMeetAgain","floor":29,"gold_loss":0},{"damage_healed":0,"gold_gain":100,"player_choice":"Pray","damage_taken":0,"max_hp_gain":0,"max_hp_loss":0,"event_name":"Golden Shrine","floor":31,"gold_loss":0},{"damage_healed":0,"gold_gain":0,"player_choice":"Got Potions","damage_taken":0,"max_hp_gain":0,"max_hp_loss":0,"event_name":"Lab","floor":32,"gold_loss":0}],"is_beta":false,"boss_relics":[{"not_picked":["Calling Bell","Tiny House","Astrolabe"]}],"items_purged_floors":[13,13,21],"is_endless":false,"potions_floor_spawned":[3,10,14,22],"killed_by":"Automaton","ascension_level":0}}