{"host":"8fup84v061vi31le","time":1607605838,"event":{"gold_per_floor":[115,115,40,54,54,54,82,96,123,154,165,178,178,188,188,188,188],"floor_reached":16,"playtime":403,"items_purged":["Strike_R"],"score":158,"play_id":"4e7a0a6f-9934-414b-84b9-cd87fb1a96a7","local_time":"20201210211038","is_ascension_mode":true,"campfire_choices":[{"data":"Wild Strike","floor":6,"key":"SMITH"},{"floor":15,"key":"REST"}],"neow_cost":"NONE","seed_source_timestamp":205507862166900,"circlet_count":0,"master_deck":["Strike_R","Strike_R","Strike_R","Strike_R","Defend_R","Defend_R","Defend_R","Bash","Wild Strike+1","Wild Strike","Regret","DevaForm"],"relics":["Burning Blood","NeowsBlessing","PreservedInsect","Girya","Regal Pillow","Vajra","Sundial"],"potions_floor_usage":[16,16,16],"damage_taken":[{"damage":0,"enemies":"Jaw Worm","floor":1,"turns":1},{"damage":0,"enemies":"2 Louse","floor":4,"turns":1},{"damage":0,"enemies":"3 Sentries","floor":7,"turns":1},{"damage":5,"enemies":"Small Slimes","floor":8,"turns":3},{"damage":20,"enemies":"Gremlin Nob","floor":10,"turns":3},{"damage":9,"enemies":"2 Fungi Beasts","floor":11,"turns":3},{"damage":30,"enemies":"Exordium Thugs","floor":12,"turns":4},{"damage":11,"enemies":"Looter","floor":14,"turns":2},{"damage":59,"enemies":"The Guardian","floor":16,"turns":6}],"seed_played":"2126714635250321009","potions_obtained":[{"floor":1,"key":"Strength Potion"},{"floor":10,"key":"AttackPotion"},{"floor":11,"key":"Fire Potion"}],"is_trial":false,"path_per_floor":["M","?","$","M","?","R","E","M","T","E","M","M","?","M","R","B"],"character_chosen":"IRONCLAD","items_purchased":[],"campfire_rested":1,"item_purchase_floors":[],"current_hp_per_floor":[80,73,73,79,79,79,80,80,80,66,63,39,23,18,57,0,0],"gold":188,"neow_bonus":"THREE_ENEMY_KILL","is_prod":false,"is_daily":false,"chose_seed":false,"campfire_upgraded":1,"win_rate":0,"timestamp":1607605838,"path_taken":["M","?","$","M","?","R","E","?","T","E","M","M","?","M","R","BOSS"],"build_version":"2020-11-30","purchased_purges":1,"victory":false,"max_hp_per_floor":[80,80,80,80,80,80,80,80,80,80,80,80,80,80,80,80,80],"card_choices":[{"not_picked":["Hemokinesis","Intimidate"],"picked":"Wild Strike","floor":1},{"not_picked":["Perfected Strike","Iron Wave"],"picked":"Wild Strike","floor":4},{"not_picked":["Pommel Strike","Disarm","Sword Boomerang"],"picked":"SKIP","floor":7},{"not_picked":["Uppercut","Warcry","Thunderclap"],"picked":"SKIP","floor":8},{"not_picked":["Clash","Metallicize","Feel No Pain"],"picked":"SKIP","floor":10},{"not_picked":["Dual Wield","Metallicize","Twin Strike"],"picked":"SKIP","floor":11},{"not_picked":["Exhume","Shrug It Off","Cleave"],"picked":"SKIP","floor":12},{"not_picked":["Headbutt","Infernal Blade","Carnage"],"picked":"SKIP","floor":14}],"player_experience":42910,"relics_obtained":[{"floor":7,"key":"Girya"},{"floor":9,"key":"Regal Pillow"},{"floor":10,"key":"Vajra"}],"event_choices":[{"cards_removed":["Defend_R"],"damage_healed":0,"gold_gain":0,"player_choice":"Card Removal","damage_taken":7,"max_hp_gain":0,"max_hp_loss":0,"event_name":"Golden Wing","floor":2,"gold_loss":0},{"damage_healed":0,"gold_gain":0,"player_choice":"Box","damage_taken":0,"relics_obtained":["PreservedInsect"],"max_hp_gain":0,"max_hp_loss":0,"event_name":"Big Fish","floor":5,"gold_loss":0,"cards_obtained":["Regret"]}],"is_beta":false,"boss_relics":[],"items_purged_floors":[3],"is_endless":false,"potions_floor_spawned":[1,10,11,12],"killed_by":"The Guardian","ascension_level":3}}