{"host":"uxx7prhn9zlu6i2v","time":1607631186,"event":{"mods":["BaseMod","StSLib","Act Like it!","Gensokyo","AchievementEnabler","Bard","Colored Powertips","KomeijiMod","Marisa????????","Permanent Neow","Quick Restart","Reimu??????","Relic Filter","Better Note","Minty Spire (QoL Compilation)","Rare Cards Sparkle","Relic Sorter","Relic Stats","CapriCore","The Immortal","Hermit","The Bug Knight","Faster Ascension Climbing","Spicy Shops","Better Altar","Better Match","Better Sensory Stone","Better Skull","RNG Fix","Better Third Choice","ChefMod","Conspire","GifTheSpireLib","Stuff the Spire","The Blue Laboratory","???????????mod","2.2 Compatiblity","Hubris","??????REMEMod","Reworked Bosses","Lobotomy","LobotomyExtend","Replay The Spire"],"gold_per_floor":[112,124,136,411,411,411,428,461,486,505,505,538,551,570,570,644,644,663,663,663,637,655,655,655,655],"floor_reached":24,"playtime":1346,"items_purged":[],"score":495,"play_id":"049d073e-140a-4306-ac47-258aa386633d","local_time":"20201210141306","is_ascension_mode":true,"campfire_choices":[],"circlet_count":0,"master_deck":["BigBird","SpecialBullet","SpecialBullet","SpecialBullet","SpecialBullet","SpecialBullet","SpecialBullet","InformationCode","SecurityCode","DisciplinaryCode","CasketOfStar","WristCuter","Wellcheers","Moonlight+1","UniverseFragment","Lamp+11","MeatLantern","OSAHOGD","BearPaw","VoidDream","PunishingBird","Reverberation","ScreamingWedge","CENSORED_ego","Regret_ego+1","TodaysExpression","LongBird","Mimicry"],"relics":["CogitoBucket","RabbitCall","REME_ComplimentaryCards","LetterFromLob","Kunai","Pen Nib","HellTrain","HollowMod:StagPassRelic","conspire:RoyalGoblet","Lamp_r","ResearcherNote","hubris:DeckOfHolding","Bloody Idol"],"acts_visited":["Exordium","TheCity"],"potions_floor_usage":[8],"damage_taken":[{"damage":14,"enemies":"2 Louse","floor":1,"turns":2},{"damage":12,"enemies":"Jaw Worm","floor":2,"turns":2},{"damage":0,"enemies":"Small Slimes","floor":3,"turns":2},{"damage":11,"enemies":"2 Fungi Beasts","floor":7,"turns":4},{"damage":11,"enemies":"Lagavulin","floor":8,"turns":6},{"damage":23,"enemies":"Blue Slaver","floor":10,"turns":4},{"damage":7,"enemies":"Gremlin Nob","floor":12,"turns":5},{"damage":0,"enemies":"Gremlin Gang","floor":13,"turns":1},{"damage":2,"enemies":"Exordium Wildlife","floor":14,"turns":5},{"damage":9,"enemies":"Fading Forest","floor":16,"turns":13},{"damage":0,"enemies":"Spheric Guardian","floor":18,"turns":9},{"damage":9,"enemies":"2 Thieves","floor":21,"turns":4},{"damage":38,"enemies":"3 Cultists","floor":22,"turns":6}],"seed_played":"4431758170435144919","potions_obtained":[{"floor":3,"key":"PowerPotion"},{"floor":13,"key":"blueLaboratory:BottleOfRum"},{"floor":14,"key":"blueLaboratory:EnragingPotion"},{"floor":16,"key":"EssenceOfSteel"}],"is_trial":false,"path_per_floor":["M","M","M","?","?","R","M","E","T","M","R","E","M","M","R","B",null,"M","?","?","M","M","R","?"],"character_chosen":"Angela","items_purchased":[],"campfire_rested":0,"item_purchase_floors":[],"current_hp_per_floor":[57,53,61,61,57,57,54,58,58,50,50,62,78,86,86,90,90,90,90,90,94,78,78,78,78],"gold":655,"neow_bonus":"RANDOM_EVENT","is_daily":false,"chose_seed":false,"campfire_upgraded":0,"win_rate":0,"timestamp":1607631186,"path_taken":["M","M","M","?","?","R","M","E","T","M","R","E","?","M","R","BOSS","M","?","?","M","?","R","?"],"build_version":"2020-11-30","purchased_purges":0,"victory":false,"max_hp_per_floor":[70,70,70,70,70,70,70,74,74,78,78,82,86,86,86,90,90,90,90,90,94,98,98,98,98],"relic_stats":{"counters":[15,65],"Bloody Idol":0,"Pen Nib":[7],"Kunai":[8],"obtain_stats":[{"RabbitCall":0,"conspire:RoyalGoblet":17,"ResearcherNote":18,"Pen Nib":9,"HollowMod:StagPassRelic":12,"Lamp_r":18,"CogitoBucket":0,"Bloody Idol":24,"hubris:DeckOfHolding":20,"LetterFromLob":1,"Kunai":8,"HellTrain":10,"REME_ComplimentaryCards":0},{"RabbitCall":0,"conspire:RoyalGoblet":11,"ResearcherNote":13,"Pen Nib":5,"HollowMod:StagPassRelic":8,"Lamp_r":13,"CogitoBucket":0,"Bloody Idol":15,"hubris:DeckOfHolding":13,"LetterFromLob":1,"Kunai":5,"HellTrain":7,"REME_ComplimentaryCards":0},{"RabbitCall":0,"conspire:RoyalGoblet":45,"ResearcherNote":55,"Pen Nib":16,"HollowMod:StagPassRelic":26,"Lamp_r":55,"CogitoBucket":0,"Bloody Idol":65,"hubris:DeckOfHolding":55,"LetterFromLob":2,"Kunai":16,"HellTrain":21,"REME_ComplimentaryCards":0}]},"card_choices":[{"not_picked":["Heaven"],"picked":"WristCuter","floor":1},{"not_picked":["FairyFestival","OSAHOGD"],"picked":"Wellcheers","floor":2},{"not_picked":["SomewhereSpear"],"picked":"Moonlight","floor":2},{"not_picked":["Scarecrow","DespairKnight"],"picked":"UniverseFragment","floor":3},{"not_picked":["Hypocrisy"],"picked":"Lamp","floor":3},{"not_picked":["BeautyBeast","BlueStar"],"picked":"MeatLantern","floor":7},{"not_picked":["CrimsonScar","Lantern"],"picked":"SKIP","floor":7},{"not_picked":["CrumblingArmor","Scorched"],"picked":"OSAHOGD","floor":8},{"not_picked":["Pleasure","Galaxy"],"picked":"SKIP","floor":8},{"not_picked":["OldLady","LaLuna"],"picked":"QueenOfHatred","floor":10},{"not_picked":["Wingbeat"],"picked":"BearPaw","floor":10},{"not_picked":["BeautyBeast","Scorched"],"picked":"VoidDream","floor":12},{"not_picked":["Lamp","Heaven"],"picked":"SKIP","floor":12},{"not_picked":["BeautyBeast","FairyFestival"],"picked":"PunishingBird","floor":13},{"not_picked":["Lantern"],"picked":"Reverberation","floor":13},{"not_picked":["Beak"],"picked":"ScreamingWedge","floor":14},{"not_picked":["ShyLook","WallGazer"],"picked":"BigBird","floor":16},{"not_picked":["SoundOfStar"],"picked":"CENSORED_ego","floor":16},{"not_picked":["Wingbeat"],"picked":"Regret_ego+1","floor":18},{"not_picked":["QueenBee","SpiderBud"],"picked":"QueenOfHatred","floor":21},{"not_picked":["Hornet"],"picked":"TodaysExpression","floor":21},{"not_picked":["RedShoes","FairyFestival"],"picked":"LongBird","floor":22},{"not_picked":["FourthMatchFlame+1"],"picked":"Mimicry","floor":22}],"player_experience":1400733,"relics_obtained":[{"floor":1,"key":"LetterFromLob"},{"floor":8,"key":"Kunai"},{"floor":9,"key":"Pen Nib"},{"floor":12,"key":"HollowMod:StagPassRelic"}],"event_choices":[{"damage_healed":0,"gold_gain":275,"player_choice":"Desecrate","damage_taken":0,"max_hp_gain":0,"max_hp_loss":0,"event_name":"Golden Shrine","floor":4,"gold_loss":0,"cards_obtained":["Regret"]},{"damage_healed":0,"gold_gain":0,"player_choice":"Leave","damage_taken":0,"max_hp_gain":0,"max_hp_loss":0,"event_name":"conspire:Investor","floor":5,"gold_loss":0},{"damage_healed":0,"gold_gain":0,"player_choice":"Upgraded","damage_taken":0,"max_hp_gain":0,"max_hp_loss":0,"event_name":"Upgrade Shrine","floor":19,"gold_loss":0,"cards_upgraded":["Moonlight"]}],"is_beta":false,"boss_relics":[{"not_picked":["Runic Pyramid","Pandora\u0027s Box"],"picked":"conspire:RoyalGoblet"}],"items_purged_floors":[],"is_endless":false,"potions_floor_spawned":[3,13,14,16,22],"ascension_level":20}}