{"host":"u5hfrceatticevdm","time":1607628399,"event":{"mods":["BaseMod","StSLib","Conspire","Hubris","Minty Spire (QoL Compilation)","Act Like it!","Halation","Useless Jewels Mod","Aspiration","Energized Spire","vexMod","GifTheSpireLib","HexUI Lib","Replay The Spire","Stuff the Spire","Unceasing Turn Reminder","2.2 Compatiblity","Better Synergies","Magineer Mod","Spikes Relics","Waifu the Spire","Alarm Clock","Downfall","Spicy Shops","Humility","Small Relic Pack","Hyrulean Relics","The Construct","Friendly Minions"],"gold_per_floor":[121,121,121,155,155,155,155,155,155,54,54,96,121,150,150,150,150],"floor_reached":16,"playtime":599,"items_purged":[],"score":123,"play_id":"ec1f463c-f232-4eb7-8c17-422c9a1833a5","local_time":"20201210142639","is_ascension_mode":false,"campfire_choices":[{"data":"StuffTheSpire:ShieldGenerator","floor":6,"key":"SMITH"},{"floor":8,"key":"REST"},{"floor":15,"key":"REST"}],"circlet_count":0,"master_deck":["Strike_B","Strike_B","Strike_B","Strike_B","Defend_B","Defend_B","Defend_B","Defend_B","Zap+1","Dualcast","hubris:Greed","hubris:Greed","hubris:Greed","StuffTheSpire:ShieldGenerator+1","StuffTheSpire:LoadUp","Rip and Tear+1","Defragment","StuffTheSpire:Synthwave"],"relics":["Cracked Core","hubris:Towel","Membership Card","DataDisk","hubris:EvacipatedBox","Singing Bowl","Oddly Smooth Stone","Anchor"],"acts_visited":["Exordium"],"potions_floor_usage":[16],"damage_taken":[{"damage":0,"enemies":"Jaw Worm","floor":1,"turns":3},{"damage":1,"enemies":"Cultist","floor":4,"turns":3},{"damage":56,"enemies":"3 Sentries","floor":12,"turns":7},{"damage":0,"enemies":"Small Slimes","floor":13,"turns":3},{"damage":0,"enemies":"Exordium Thugs","floor":14,"turns":4},{"damage":77,"enemies":"Fading Forest","floor":16,"turns":7}],"seed_played":"6778328456121512204","potions_obtained":[{"floor":12,"key":"FocusPotion"},{"floor":14,"key":"Adrenaline Potion"}],"is_trial":false,"path_per_floor":["M","?","$","M","?","R","$","R","T","$","?","E","M","M","R","B"],"character_chosen":"DEFECT","items_purchased":["Membership Card","DataDisk","hubris:EvacipatedBox","Oddly Smooth Stone","StuffTheSpire:LoadUp"],"campfire_rested":2,"item_purchase_floors":[7,7,7,10,10],"current_hp_per_floor":[89,89,89,88,88,88,49,75,75,75,75,19,19,21,48,0,0],"gold":150,"neow_bonus":"TWENTY_PERCENT_HP_BONUS","is_daily":false,"chose_seed":false,"campfire_upgraded":1,"win_rate":0,"timestamp":1607628399,"path_taken":["M","?","?","?","?","R","?","R","T","$","?","E","M","M","R","BOSS"],"build_version":"2020-11-30","purchased_purges":0,"victory":false,"max_hp_per_floor":[89,89,89,89,89,89,89,89,89,89,89,89,89,91,91,91,91],"card_choices":[{"not_picked":["BasicCrystalCard","Turbo"],"picked":"aspiration:Polymerization","floor":1},{"not_picked":["Panic Button","Steam"],"picked":"StuffTheSpire:ShieldGenerator","floor":4},{"not_picked":["Cold Snap","Rip and Tear"],"picked":"Defragment","floor":12},{"not_picked":["Undo","conspire:Rain"],"picked":"StuffTheSpire:Synthwave","floor":13},{"not_picked":["BootSequence","Beam Cell","Rebound"],"picked":"Singing Bowl","floor":14}],"player_experience":751150,"relics_obtained":[{"floor":9,"key":"Singing Bowl"},{"floor":12,"key":"Anchor"}],"event_choices":[{"damage_healed":0,"gold_gain":0,"player_choice":"Forge","damage_taken":0,"max_hp_gain":0,"max_hp_loss":0,"event_name":"Accursed Blacksmith","floor":2,"gold_loss":0,"cards_upgraded":["Zap"]}],"is_beta":false,"boss_relics":[],"items_purged_floors":[],"is_endless":false,"potions_floor_spawned":[12,14],"killed_by":"Fading Forest","ascension_level":0}}