{"host":"7tvb1em0d2fx72q7","time":1607634119,"event":{"mods":["BaseMod","Minty Spire (QoL Compilation)","Challenge The Spire","StSLib","everything is the same but u backflip on backflip"],"gold_per_floor":[111,131,146,72,89,122,142,142,168,203,218,233,233,253,253,324,324,324,324],"floor_reached":18,"playtime":1241,"items_purged":[],"score":352,"play_id":"d214fb29-d193-461d-84d2-0a9330ce2dbe","local_time":"20201210160159","is_ascension_mode":true,"campfire_choices":[{"floor":13.0,"key":"REST"},{"data":"True Grit","floor":15.0,"key":"SMITH"}],"circlet_count":0,"master_deck":["AscendersBane","Strike_R","Strike_R","Strike_R","Strike_R","Strike_R","Defend_R","Defend_R","Defend_R","Defend_R","Bash","Iron Wave","Shrug It Off","Twin Strike","Uppercut","Uppercut","Second Wind","Cleave","Pain","Feed","Hemokinesis","Warcry","Power Through","True Grit+1","Feed"],"special_seed":0,"relics":["Runic Dome","Dream Catcher","WarpedTongs","Happy Flower","Ancient Tea Set","Cursed Key"],"acts_visited":[],"potions_floor_usage":[],"damage_taken":[{"damage":6.0,"enemies":"Small Slimes","floor":1.0,"turns":4.0},{"damage":0.0,"enemies":"Cultist","floor":2.0,"turns":3.0},{"damage":3.0,"enemies":"2 Louse","floor":3.0,"turns":3.0},{"damage":0.0,"enemies":"Looter","floor":5.0,"turns":3.0},{"damage":7.0,"enemies":"3 Sentries","floor":6.0,"turns":8.0},{"damage":7.0,"enemies":"3 Louse","floor":7.0,"turns":4.0},{"damage":21.0,"enemies":"Gremlin Nob","floor":10.0,"turns":4.0},{"damage":3.0,"enemies":"Large Slime","floor":11.0,"turns":4.0},{"damage":4.0,"enemies":"2 Fungi Beasts","floor":12.0,"turns":2.0},{"damage":0.0,"enemies":"3 Louse","floor":14.0,"turns":2.0},{"damage":33.0,"enemies":"Hexaghost","floor":16.0,"turns":9.0},{"damage":10,"enemies":"Shell Parasite","floor":18,"turns":3}],"seed_played":"4952136006015982953","potions_obtained":[{"floor":1.0,"key":"Weak Potion"},{"floor":2.0,"key":"Weak Potion"},{"floor":6.0,"key":"Energy Potion"},{"floor":10.0,"key":"PowerPotion"},{"floor":16.0,"key":"ElixirPotion"}],"is_trial":false,"path_per_floor":["M","M","M","$","M","E","M","?","T","E","M","M","R","M","R","B",null,"M"],"character_chosen":"IRONCLAD","items_purchased":["Uppercut"],"campfire_rested":1,"item_purchase_floors":[4],"current_hp_per_floor":[62,62,59,59,59,52,45,45,45,24,24,23,47,50,50,17,67,57,57],"gold":324,"neow_bonus":"BOSS_RELIC","is_daily":false,"chose_seed":false,"campfire_upgraded":1,"win_rate":0,"timestamp":1607634119,"path_taken":["M","M","M","$","M","E","M","?","T","E","M","M","R","M","R","BOSS","M"],"build_version":"2020-11-30","purchased_purges":0,"victory":false,"max_hp_per_floor":[75,75,75,75,75,75,75,75,75,75,78,81,81,84,84,84,84,84,84],"card_choices":[{"not_picked":["Dropkick","Headbutt"],"picked":"Iron Wave","floor":1.0},{"not_picked":["Armaments","Iron Wave"],"picked":"Shrug It Off","floor":2.0},{"not_picked":["Rupture","Shrug It Off"],"picked":"Twin Strike","floor":3.0},{"not_picked":["Sword Boomerang","Reckless Charge"],"picked":"Uppercut","floor":5.0},{"not_picked":["Wild Strike","Shrug It Off"],"picked":"Second Wind","floor":6.0},{"not_picked":["Spot Weakness","Headbutt"],"picked":"Cleave","floor":7.0},{"not_picked":["Shrug It Off","Burning Pact"],"picked":"Feed","floor":10.0},{"not_picked":["Armaments","Headbutt"],"picked":"Hemokinesis","floor":11.0},{"not_picked":["Body Slam","Reckless Charge"],"picked":"Warcry","floor":12.0},{"not_picked":["Sword Boomerang","Reaper"],"picked":"Power Through","floor":13.0},{"not_picked":["Flex","Shrug It Off"],"picked":"True Grit","floor":14.0},{"not_picked":["Limit Break","Double Tap"],"picked":"Feed","floor":16.0}],"player_experience":1805604,"relics_obtained":[{"floor":6.0,"key":"Dream Catcher"},{"floor":9.0,"key":"Happy Flower"},{"floor":10.0,"key":"Ancient Tea Set"}],"event_choices":[{"damage_healed":0.0,"max_hp_gain":0.0,"max_hp_loss":0.0,"gold_gain":0.0,"event_name":"Accursed Blacksmith","player_choice":"Rummage","floor":8.0,"gold_loss":0.0,"damage_taken":0.0,"relics_obtained":["WarpedTongs"],"cards_obtained":["Pain"]}],"is_beta":false,"boss_relics":[{"not_picked":["Busted Crown","Sozu"],"picked":"Cursed Key"}],"items_purged_floors":[],"is_endless":false,"potions_floor_spawned":[1,2,6,7,10,16],"killed_by":"Shell Parasite","ascension_level":20}}