{"host":"kpyf5rnb72uwap8k","time":1607577834,"event":{"gold_per_floor":[109,121,132,150,150,150,175,175,224,23,33,65,65,82,82,183,183,198,19,19,19,31,31,31],"floor_reached":23,"playtime":713,"items_purged":["Strike_R","Parasite"],"score":221,"play_id":"428cbe74-4e16-4ef9-8c26-70596004d078","local_time":"20201210142354","is_ascension_mode":true,"campfire_choices":[{"floor":6,"key":"REST"},{"data":"Rupture","floor":13,"key":"SMITH"},{"floor":15,"key":"REST"}],"neow_cost":"NONE","seed_source_timestamp":244640612238200,"circlet_count":0,"master_deck":["Strike_R","Defend_R","Defend_R","Defend_R","Defend_R+1","Bash","Hemokinesis","Combust","Rupture+1","Shrug It Off","Blood for Blood","Rupture+1","Headbutt","Warcry","Reaper","Heavy Blade","True Grit+1","Sentinel","Warcry"],"relics":["Burning Blood","Pear","MealTicket","Membership Card","Bag of Preparation","Empty Cage","Regal Pillow","MutagenicStrength"],"potions_floor_usage":[16,16,16],"damage_taken":[{"damage":13,"enemies":"2 Louse","floor":1,"turns":2},{"damage":8,"enemies":"Small Slimes","floor":2,"turns":3},{"damage":11,"enemies":"Jaw Worm","floor":3,"turns":3},{"damage":14,"enemies":"3 Louse","floor":4,"turns":3},{"damage":25,"enemies":"3 Sentries","floor":7,"turns":6},{"damage":14,"enemies":"Exordium Wildlife","floor":11,"turns":4},{"damage":21,"enemies":"Lagavulin","floor":12,"turns":5},{"damage":23,"enemies":"Lots of Slimes","floor":14,"turns":4},{"damage":39,"enemies":"Hexaghost","floor":16,"turns":5},{"damage":24,"enemies":"Spheric Guardian","floor":18,"turns":5},{"damage":50,"enemies":"3 Byrds","floor":22,"turns":5},{"damage":62,"enemies":"Book of Stabbing","floor":23,"turns":5}],"seed_played":"-8221500712868847770","potions_obtained":[{"floor":1,"key":"EssenceOfSteel"},{"floor":2,"key":"Fire Potion"},{"floor":11,"key":"Fire Potion"}],"is_trial":false,"path_per_floor":["M","M","M","M","?","R","E","?","T","$","M","E","R","M","R","B",null,"M","$","?","?","M","E"],"character_chosen":"IRONCLAD","items_purchased":["Membership Card","Rupture","True Grit","Sentinel","Regal Pillow"],"campfire_rested":2,"item_purchase_floors":[10,10,19,19,19],"current_hp_per_floor":[73,71,66,58,42,66,57,79,79,90,82,67,67,50,77,44,90,84,87,87,87,57,0,0],"gold":31,"neow_bonus":"TRANSFORM_CARD","is_prod":false,"is_daily":false,"chose_seed":false,"campfire_upgraded":1,"win_rate":0,"timestamp":1607577834,"path_taken":["M","M","M","M","?","R","E","?","T","$","M","E","R","?","R","BOSS","M","$","?","?","M","E"],"build_version":"2020-11-30","purchased_purges":2,"victory":false,"max_hp_per_floor":[80,80,80,80,80,80,90,90,90,90,90,90,90,90,90,90,90,90,87,87,87,87,87,87],"card_choices":[{"not_picked":["Clash","Shockwave"],"picked":"Combust","floor":1},{"not_picked":["Thunderclap","Ghostly Armor"],"picked":"Rupture","floor":2},{"not_picked":["Heavy Blade","Clash"],"picked":"Shrug It Off","floor":3},{"not_picked":["Iron Wave","Twin Strike"],"picked":"Blood for Blood","floor":4},{"not_picked":["Havoc","Power Through","Sword Boomerang"],"picked":"SKIP","floor":7},{"not_picked":["Shockwave","Warcry"],"picked":"Headbutt","floor":11},{"not_picked":["Juggernaut","Shrug It Off"],"picked":"Warcry","floor":12},{"not_picked":["Sentinel","Clash","Wild Strike"],"picked":"SKIP","floor":14},{"not_picked":["Limit Break","Brutality"],"picked":"Reaper","floor":16},{"not_picked":["Perfected Strike","Headbutt"],"picked":"Heavy Blade","floor":18},{"not_picked":["Havoc","Anger"],"picked":"Warcry","floor":22}],"player_experience":202035,"relics_obtained":[{"floor":7,"key":"Pear"},{"floor":9,"key":"MealTicket"},{"floor":12,"key":"Bag of Preparation"}],"event_choices":[{"damage_healed":0,"gold_gain":0,"player_choice":"Entered Light","damage_taken":16,"max_hp_gain":0,"max_hp_loss":0,"event_name":"Shining Light","floor":5,"gold_loss":0,"cards_upgraded":["Defend_R","Rupture"]},{"damage_healed":22,"gold_gain":0,"player_choice":"Healed and dodged fight","damage_taken":0,"max_hp_gain":0,"max_hp_loss":0,"event_name":"Mushrooms","floor":8,"gold_loss":0,"cards_obtained":["Parasite"]},{"damage_healed":0,"gold_gain":0,"player_choice":"Inject Mutagens","damage_taken":0,"relics_obtained":["MutagenicStrength"],"max_hp_gain":0,"max_hp_loss":0,"event_name":"Drug Dealer","floor":20,"gold_loss":0},{"damage_healed":0,"gold_gain":0,"player_choice":"Upgraded","damage_taken":0,"max_hp_gain":0,"max_hp_loss":0,"event_name":"Upgrade Shrine","floor":21,"gold_loss":0,"cards_upgraded":["True Grit"]}],"is_beta":false,"boss_relics":[{"not_picked":["Velvet Choker","Astrolabe"],"picked":"Empty Cage"}],"items_purged_floors":[10,19],"is_endless":false,"potions_floor_spawned":[1,2,11],"killed_by":"Book of Stabbing","ascension_level":2}}