{"host":"bz6gkvdcavhdnmlv","time":1607566671,"event":{"gold_per_floor":[118,136,136,211,257,257,277,293,293,303,320,12,12,12,12,12,12],"floor_reached":16,"playtime":888,"items_purged":[],"score":117,"play_id":"a00eb5eb-265b-47e9-bf49-0f201a4328d5","local_time":"20201209211751","is_ascension_mode":false,"campfire_choices":[{"data":"Clawfect:ClawAndGloom","floor":6,"key":"SMITH"},{"data":"Clawfect:ClawLightning","floor":13,"key":"SMITH"},{"floor":15,"key":"REST"}],"neow_cost":"NONE","seed_source_timestamp":1754458787338300,"circlet_count":0,"master_deck":["Gash","Gash","Gash","Gash","Gash","Defend_B","Defend_B","Defend_B","Defend_B","Defend_B","Clawfect:ClawLightning+1","Static Discharge","Injury","Pot Of Greed+1","Pot Of Greed+1","StuffTheSpire:ShieldGenerator+1","Gash","Redo+1","Clawfect:ClawSnap","ReplayTheSpireMod:Calculation Training+1"],"relics":["halation:SimulatedSpire","Toxic Egg 2","Grinning Jar","halation:TwoAmDonut","hubris:MysteriousPyramids"],"potions_floor_usage":[11,16,16],"damage_taken":[{"damage":0,"enemies":"Small Slimes","floor":1,"turns":3},{"damage":1,"enemies":"Jaw Worm","floor":2,"turns":3},{"damage":4,"enemies":"Cultist","floor":7,"turns":4},{"damage":24,"enemies":"Lots of Slimes","floor":8,"turns":4},{"damage":14,"enemies":"2 Fungi Beasts","floor":10,"turns":5},{"damage":6,"enemies":"Looter","floor":11,"turns":5},{"damage":48,"enemies":"Fading Forest","floor":16,"turns":7}],"seed_played":"4935031400034107910","potions_obtained":[{"floor":1,"key":"DistilledChaos"},{"floor":7,"key":"PotionOfCapacity"},{"floor":8,"key":"Fire Potion"}],"is_trial":false,"path_per_floor":["M","M","?","?","T","R","M","M","T","M","M","$","R","$","R","B"],"character_chosen":"DEFECT","items_purchased":["hubris:MysteriousPyramids","ReplayTheSpireMod:Calculation Training+1"],"campfire_rested":1,"item_purchase_floors":[12,12],"current_hp_per_floor":[75,74,74,63,63,63,59,35,35,21,15,15,15,15,37,0,0],"gold":12,"neow_bonus":"SIMULATED_SPIRE","is_prod":false,"is_daily":false,"chose_seed":false,"campfire_upgraded":2,"win_rate":0,"timestamp":1607566671,"path_taken":["M","M","?","?","?","R","M","?","T","M","M","$","R","$","R","BOSS"],"build_version":"2020-11-30","purchased_purges":0,"victory":false,"max_hp_per_floor":[75,75,75,75,75,75,75,75,75,75,75,75,75,75,75,75,75],"card_choices":[{"not_picked":["aspiration:Polymerization","Self Repair"],"picked":"Clawfect:ClawLightning","floor":1},{"not_picked":["Hello World","Panic Button"],"picked":"Static Discharge","floor":2},{"not_picked":["Lockon","ReplayGash"],"picked":"StuffTheSpire:ShieldGenerator+1","floor":7},{"not_picked":["Creative AI","Self Repair"],"picked":"Gash","floor":8},{"not_picked":["Clawfect:Clawline","White Noise+1"],"picked":"Redo+1","floor":10},{"not_picked":["Gash","ReplayTheSpireMod:GoodbyeWorld"],"picked":"Clawfect:ClawSnap","floor":11}],"player_experience":192986,"relics_obtained":[{"floor":5,"key":"Grinning Jar"},{"floor":9,"key":"halation:TwoAmDonut"}],"event_choices":[{"damage_healed":0,"gold_gain":75,"player_choice":"Gather Gold","damage_taken":11,"max_hp_gain":0,"max_hp_loss":0,"event_name":"World of Goop","floor":4,"gold_loss":0}],"is_beta":false,"boss_relics":[],"items_purged_floors":[],"is_endless":false,"potions_floor_spawned":[1,7,8],"killed_by":"Fading Forest","ascension_level":0}}