{"host":"h0xw20cia6ppa69g","time":1607591866,"event":{"gold_per_floor":[112,112,212,232,243,273,273,307,307,307,307,320,352,352,352,450,450,464,476,256,256,267,301,301,331,354,380,305,334,347,366,366,461,461,472,489,1488,1488,1143,1178,1192,1221,1245,1245,837,837,866,878,878,878,878,878,61,93,93],"floor_reached":56,"playtime":4032,"items_purged":["Strike_R","Normality","Normality","Defend_R"],"score":1387,"play_id":"dd25d394-5232-42a0-a219-e942702ca2f3","local_time":"20201210031746","is_ascension_mode":true,"campfire_choices":[{"data":"Inflame","floor":7,"key":"SMITH"},{"data":"Metallicize","floor":10,"key":"SMITH"},{"data":"Feed","floor":15,"key":"SMITH"},{"data":"Demon Form","floor":24,"key":"SMITH"},{"data":"Dual Wield","floor":32,"key":"SMITH"},{"floor":44,"key":"RECALL"},{"data":"Apotheosis","floor":49,"key":"SMITH"},{"data":"Evolve","floor":52,"key":"SMITH"}],"neow_cost":"NONE","seed_source_timestamp":40683077016600,"circlet_count":0,"master_deck":["Strike_R","Defend_R","Defend_R","Bash","Fire Breathing","Combust","Metallicize+1","Inflame+1","Reaper","Feed+1","Demon Form+1","Searing Blow","Berserk","Power Through","Feed+1","Metallicize","Dual Wield+1","Sentinel+1","Power Through","Armaments+1","Disarm+1","Shrug It Off+1","Berserk","True Grit+1","Burning Pact","Shockwave","Apotheosis+1","Havoc+1","Pommel Strike","Impervious","True Grit","Evolve+1","Dark Shackles","Demon Form"],"relics":["Burning Blood","NeowsBlessing","Red Skull","StrikeDummy","Vajra","Pocketwatch","Coffee Dripper","OrangePellets","Self Forming Clay","Red Mask","Smiling Mask","Potion Belt","Orichalcum","SacredBark","Anchor","Bag of Marbles","Strange Spoon","Paper Frog","Oddly Smooth Stone","ClockworkSouvenir","Letter Opener","InkBottle","Bronze Scales"],"potions_floor_usage":[8,22,23,23,41,42,50,55,55],"damage_taken":[{"damage":0,"enemies":"Small Slimes","floor":1,"turns":1},{"damage":0,"enemies":"2 Louse","floor":4,"turns":1},{"damage":0,"enemies":"Cultist","floor":5,"turns":1},{"damage":35,"enemies":"Lagavulin","floor":6,"turns":7},{"damage":17,"enemies":"Gremlin Nob","floor":8,"turns":5},{"damage":18,"enemies":"Blue Slaver","floor":12,"turns":6},{"damage":22,"enemies":"3 Sentries","floor":13,"turns":8},{"damage":31,"enemies":"The Guardian","floor":16,"turns":10},{"damage":23,"enemies":"Shell Parasite","floor":18,"turns":8},{"damage":16,"enemies":"3 Byrds","floor":19,"turns":5},{"damage":33,"enemies":"Snake Plant","floor":22,"turns":7},{"damage":39,"enemies":"Slavers","floor":23,"turns":9},{"damage":34,"enemies":"Masked Bandits","floor":25,"turns":4},{"damage":37,"enemies":"Gremlin Leader","floor":27,"turns":8},{"damage":5,"enemies":"Book of Stabbing","floor":29,"turns":6},{"damage":17,"enemies":"Chosen and Byrds","floor":30,"turns":8},{"damage":6,"enemies":"Centurion and Healer","floor":31,"turns":8},{"damage":32,"enemies":"Automaton","floor":33,"turns":9},{"damage":22,"enemies":"3 Darklings","floor":35,"turns":8},{"damage":22,"enemies":"3 Shapes","floor":36,"turns":7},{"damage":57,"enemies":"Nemesis","floor":40,"turns":17},{"damage":45,"enemies":"Sphere and 2 Shapes","floor":41,"turns":7},{"damage":33,"enemies":"Reptomancer","floor":42,"turns":11},{"damage":33,"enemies":"Giant Head","floor":47,"turns":12},{"damage":6,"enemies":"Jaw Worm Horde","floor":48,"turns":6},{"damage":55,"enemies":"Awakened One","floor":50,"turns":16},{"damage":20,"enemies":"Shield and Spear","floor":54,"turns":9},{"damage":4,"enemies":"The Heart","floor":55,"turns":10}],"seed_played":"-6367020623863258874","potions_obtained":[{"floor":1,"key":"AttackPotion"},{"floor":6,"key":"Block Potion"},{"floor":12,"key":"Block Potion"},{"floor":13,"key":"SmokeBomb"},{"floor":16,"key":"Weak Potion"},{"floor":22,"key":"FearPotion"},{"floor":23,"key":"DistilledChaos"},{"floor":25,"key":"DuplicationPotion"},{"floor":31,"key":"BlessingOfTheForge"},{"floor":35,"key":"ColorlessPotion"},{"floor":41,"key":"PowerPotion"}],"is_trial":false,"path_per_floor":["M","?","?","M","M","E","R","E","T","R","?","M","E","?","R","B",null,"M","M","$","?","M","E","R","?","T","E","?","E","M","M","R","B",null,"M","M","?","?","$","E","M","E","T","R","$","T","E","M","R","B",null,"R","$","E","B",null],"character_chosen":"IRONCLAD","items_purchased":["OrangePellets","Shockwave","Apotheosis","SpeedPotion","Strange Spoon","True Grit","Evolve","ElixirPotion","ClockworkSouvenir","BloodPotion","Letter Opener","InkBottle","Dark Shackles"],"campfire_rested":0,"item_purchase_floors":[20,39,39,39,45,45,45,45,53,53,53,53,53],"current_hp_per_floor":[80,73,73,79,80,51,51,40,40,40,40,39,59,59,59,38,90,94,96,96,96,87,94,94,97,97,109,109,114,134,142,142,120,146,150,158,158,158,158,146,133,170,170,170,170,170,174,186,186,149,198,198,198,202,206],"gold":93,"neow_bonus":"THREE_ENEMY_KILL","is_prod":false,"is_daily":false,"chose_seed":false,"campfire_upgraded":7,"win_rate":0,"timestamp":1607591866,"path_taken":["M","?","?","?","M","E","R","E","T","R","?","M","E","?","R","BOSS","M","M","$","?","?","E","R","?","T","E","?","E","M","M","R","BOSS","M","M","?","?","$","E","?","E","T","R","$","?","E","M","R","BOSS","R","$","E","BOSS"],"build_version":"2020-11-30","purchased_purges":4,"victory":true,"max_hp_per_floor":[80,80,80,80,80,80,80,80,80,80,80,83,86,86,86,90,90,94,98,98,98,98,106,106,118,118,122,122,126,134,142,142,146,146,150,158,158,158,158,162,170,170,170,170,170,170,174,186,186,198,198,198,198,202,206],"relic_stats":{"OrangePellets":[34],"Strange Spoon":[25],"counters":[28,214],"Self Forming Clay":[264],"Bronze Scales":[117],"Letter Opener":[65],"Orichalcum":[30],"Smiling Mask":225,"obtain_stats":[{"Potion Belt":27,"NeowsBlessing":0,"Self Forming Clay":23,"SacredBark":34,"Vajra":9,"Oddly Smooth Stone":47,"Letter Opener":53,"Orichalcum":29,"Smiling Mask":26,"Burning Blood":0,"ClockworkSouvenir":53,"OrangePellets":20,"Strange Spoon":45,"Anchor":40,"Bronze Scales":54,"Coffee Dripper":17,"Red Mask":25,"Bag of Marbles":42,"StrikeDummy":8,"Red Skull":6,"InkBottle":53,"Pocketwatch":13,"Paper Frog":46},{"Potion Belt":14,"NeowsBlessing":0,"Self Forming Clay":12,"SacredBark":18,"Vajra":5,"Oddly Smooth Stone":24,"Letter Opener":26,"Orichalcum":15,"Smiling Mask":13,"Burning Blood":0,"ClockworkSouvenir":26,"OrangePellets":10,"Strange Spoon":23,"Anchor":21,"Bronze Scales":27,"Coffee Dripper":8,"Red Mask":13,"Bag of Marbles":23,"StrikeDummy":5,"Red Skull":4,"InkBottle":26,"Pocketwatch":7,"Paper Frog":23},{"Potion Belt":80,"NeowsBlessing":0,"Self Forming Clay":68,"SacredBark":111,"Vajra":15,"Oddly Smooth Stone":173,"Letter Opener":195,"Orichalcum":86,"Smiling Mask":72,"Burning Blood":0,"ClockworkSouvenir":195,"OrangePellets":52,"Strange Spoon":161,"Anchor":143,"Bronze Scales":204,"Coffee Dripper":39,"Red Mask":72,"Bag of Marbles":161,"StrikeDummy":15,"Red Skull":10,"InkBottle":195,"Pocketwatch":29,"Paper Frog":161}],"Burning Blood":127,"InkBottle":[7],"Pocketwatch":[267]},"card_choices":[{"not_picked":["Seeing Red","True Grit"],"picked":"Fire Breathing","floor":1},{"not_picked":["Searing Blow","Twin Strike"],"picked":"Combust","floor":4},{"not_picked":["Havoc","True Grit"],"picked":"Metallicize","floor":5},{"not_picked":["Sword Boomerang","Shrug It Off"],"picked":"Inflame","floor":6},{"not_picked":["Cleave","Warcry"],"picked":"Reaper","floor":8},{"not_picked":["Clothesline","Pommel Strike","Perfected Strike"],"picked":"SKIP","floor":12},{"not_picked":["Blood for Blood","Cleave"],"picked":"Demon Form","floor":13},{"not_picked":["Brutality","Impervious"],"picked":"Berserk","floor":16},{"not_picked":["Flex","Intimidate"],"picked":"Power Through","floor":18},{"not_picked":["Pommel Strike","Warcry+1","Hemokinesis"],"picked":"SKIP","floor":19},{"not_picked":["Warcry","Body Slam"],"picked":"Metallicize","floor":22},{"not_picked":["Thunderclap","Blood for Blood"],"picked":"Dual Wield","floor":23},{"not_picked":["Fire Breathing+1","Clash"],"picked":"Sentinel+1","floor":25},{"not_picked":["Perfected Strike","Iron Wave"],"picked":"Power Through","floor":27},{"not_picked":["Perfected Strike","Dark Embrace"],"picked":"Armaments+1","floor":29},{"not_picked":["Fire Breathing+1","Havoc"],"picked":"Disarm+1","floor":30},{"not_picked":["Twin Strike+1","Armaments"],"picked":"Shrug It Off+1","floor":31},{"not_picked":["Immolate","Double Tap"],"picked":"Berserk","floor":33},{"not_picked":["Body Slam","Headbutt+1"],"picked":"True Grit+1","floor":35},{"not_picked":["Anger","Thunderclap"],"picked":"Burning Pact","floor":36},{"not_picked":["Carnage","Spot Weakness"],"picked":"Havoc+1","floor":40},{"not_picked":["Blood for Blood","Sword Boomerang"],"picked":"Pommel Strike","floor":41},{"not_picked":["Armaments+1","Sword Boomerang"],"picked":"Impervious","floor":42},{"not_picked":["Warcry+1","Intimidate","Spot Weakness+1"],"picked":"SKIP","floor":47},{"not_picked":["Iron Wave+1","Dropkick","Anger"],"picked":"SKIP","floor":48},{"not_picked":["Shrug It Off","Sever Soul"],"picked":"Demon Form","floor":54}],"player_experience":3471650,"relics_obtained":[{"floor":6,"key":"Red Skull"},{"floor":8,"key":"StrikeDummy"},{"floor":9,"key":"Vajra"},{"floor":13,"key":"Pocketwatch"},{"floor":23,"key":"Self Forming Clay"},{"floor":25,"key":"Red Mask"},{"floor":26,"key":"Smiling Mask"},{"floor":27,"key":"Potion Belt"},{"floor":29,"key":"Orichalcum"},{"floor":40,"key":"Anchor"},{"floor":42,"key":"Bag of Marbles"},{"floor":46,"key":"Paper Frog"},{"floor":47,"key":"Oddly Smooth Stone"},{"floor":54,"key":"Bronze Scales"}],"event_choices":[{"cards_removed":["Strike_R"],"damage_healed":0,"gold_gain":0,"player_choice":"Card Removal","damage_taken":7,"max_hp_gain":0,"max_hp_loss":0,"event_name":"Golden Wing","floor":2,"gold_loss":0},{"damage_healed":0,"gold_gain":100,"player_choice":"Pray","damage_taken":0,"max_hp_gain":0,"max_hp_loss":0,"event_name":"Golden Shrine","floor":3,"gold_loss":0},{"damage_healed":0,"gold_gain":0,"cards_transformed":["Strike_R"],"player_choice":"Change","damage_taken":0,"max_hp_gain":0,"max_hp_loss":0,"event_name":"Living Wall","floor":11,"gold_loss":0,"cards_obtained":["Feed"]},{"damage_healed":0,"gold_gain":0,"cards_transformed":["Strike_R"],"player_choice":"Transformed","damage_taken":0,"max_hp_gain":0,"max_hp_loss":0,"event_name":"Transmorgrifier","floor":14,"gold_loss":0,"cards_obtained":["Searing Blow"]},{"damage_healed":0,"gold_gain":0,"player_choice":"Copied","damage_taken":0,"max_hp_gain":0,"max_hp_loss":0,"event_name":"Duplicator","floor":21,"gold_loss":0,"cards_obtained":["Feed"]},{"damage_healed":0,"gold_gain":0,"player_choice":"Fought Bandits","damage_taken":0,"max_hp_gain":0,"max_hp_loss":0,"event_name":"Masked Bandits","floor":25,"gold_loss":0},{"cards_removed":["Defend_R"],"damage_healed":0,"gold_gain":0,"player_choice":"Gave Gold","damage_taken":0,"max_hp_gain":0,"max_hp_loss":0,"event_name":"Beggar","floor":28,"gold_loss":75},{"damage_healed":0,"gold_gain":999,"player_choice":"Gold","damage_taken":0,"max_hp_gain":0,"max_hp_loss":0,"event_name":"MindBloom","floor":37,"gold_loss":0,"cards_obtained":["Normality","Normality"]},{"damage_healed":0,"gold_gain":0,"player_choice":"Ignored","damage_taken":0,"max_hp_gain":0,"max_hp_loss":0,"event_name":"NoteForYourself","floor":38,"gold_loss":0}],"is_beta":false,"boss_relics":[{"not_picked":["Fusion Hammer","Calling Bell"],"picked":"Coffee Dripper"},{"not_picked":["SlaversCollar","Snecko Eye"],"picked":"SacredBark"}],"items_purged_floors":[20,39,45,53],"is_endless":false,"potions_floor_spawned":[1,6,12,13,16,19,22,23,25,31,35,41],"ascension_level":1}}