{"host":"a484oiac96svwyi6","time":1607620263,"event":{"mods":["2.2 Compatiblity","BaseMod","AchievementEnabler","Act Like it!","StSLib","Astrologer","Better Altar","Better Match","Better Sensory Stone","Better Skull","Better Third Choice","Better-Laid Plans","BetterRewards","Block Reminder","Clawfect","Colored Map","Colored Powertips","Conjunction","Conspire","Custom Start","Dio Mod","Displayed Cursed Tome","Duelist Mod","GifTheSpireLib","Gold Saver","Googly Eyes","Hallownest","Hubris","Infinite Spire","Ironclad Rager","Jorbs\u0027s Wanderer Trilogy","Melee Mod","Menagerie","Minty Spire (QoL Compilation)","Quick Restart","RNG Fix","Random Character Button","Relic Filter","Relic Sorter","Relic Stats","Replay The Spire","Retaliation","Shop Mod","Small Relic Pack","Spikes Relics","Stuff the Spire","SuperFastMode","The Fake Hero","The Necromancer","The Poker Player","TheHero","Uncapped","Virulent Crown","[JumpMod]????","everything is the same but u backflip on backflip","vexMod","Spire Birthday Party","Transform Curses"],"gold_per_floor":[1087,1087,1099,1099,871,906,604,634,634,667,667,767,767,782,782,877,977,987,987,987,1005,1005,1005,1040,1040,1040,1072,822,853,659,659,659,758,758,775,775,775,775,786,821,821,835,835,863,863,883,897,897,897,904],"floor_reached":51,"playtime":1451,"items_purged":["Burn"],"score":1406,"play_id":"39994a4a-c6af-4185-b00c-6ee86d0f92c8","local_time":"20201210121103","is_ascension_mode":true,"campfire_choices":[{"data":"dioMod:MudaMudaMuda","floor":11,"key":"SMITH"},{"data":"dioMod:DominatingPresence","floor":13,"key":"SMITH"},{"data":"dioMod:DominatingPresence","floor":15,"key":"SMITH"},{"data":"dioMod:Regeneration","floor":23,"key":"SMITH"},{"data":"Bite","floor":25,"key":"SMITH"},{"data":"dioMod:MudaMudaMuda","floor":32,"key":"SMITH"},{"data":"dioMod:DoubleTime","floor":41,"key":"SMITH"},{"data":"StuffTheSpire:BrainWave","floor":45,"key":"SMITH"},{"data":"Sadistic Nature","floor":49,"key":"SMITH"}],"circlet_count":0,"master_deck":["dioMod:Strike","dioMod:Strike","dioMod:Strike","dioMod:Strike","Bite+1","dioMod:Defend","dioMod:Defend","dioMod:Defend","dioMod:Defend","dioMod:MudaMudaMuda+1","dioMod:DominatingPresence+1","dioMod:DaggerToss+1","dioMod:DaggerToss+1","dioMod:DaggerToss+1","dioMod:DominatingPresence+1","dioMod:MudaMudaMuda+1","dioMod:DoubleTime+1","Sadistic Nature+1","dioMod:SadisticLaugh+1","StuffTheSpire:BrainWave+1","dioMod:DaggerToss+1"],"relics":["dioMod:VampireBlood","HowToJump","Rawhide","BrokenLever","Molten Egg 2","ReplayFunnel","SpikesRelics:DaevaFist","Sling","Happy Flower","Counterbalance","Snack Pack","Replay:Rubber Ducky","Kunai","Replay:Wanted Poster","Bloody Idol","Blood Vial","infinitespire:Golems Mask","Juzu Bracelet","Bag of Preparation","Replay:Lucky Slots","MiniBlackHole","Omamori","conspire:RunicOctahedron","StuffTheSpire:Rhapsscallions","Pocketwatch","SnailShell"],"acts_visited":["Exordium","TheCity","TheBeyond"],"potions_floor_usage":[24,24],"damage_taken":[{"damage":0,"enemies":"Jaw Worm","floor":1,"turns":2},{"damage":2,"enemies":"Cultist","floor":3,"turns":3},{"damage":12,"enemies":"Gremlin Nob","floor":6,"turns":3},{"damage":0,"enemies":"Replay:BlueRogue","floor":8,"turns":3},{"damage":0,"enemies":"Gremlin Nob","floor":10,"turns":2},{"damage":0,"enemies":"Small Slimes","floor":14,"turns":1},{"damage":3,"enemies":"Slime Boss","floor":16,"turns":7},{"damage":0,"enemies":"Shell Parasite","floor":18,"turns":2},{"damage":0,"enemies":"Chosen","floor":21,"turns":3},{"damage":3,"enemies":"Slavers","floor":24,"turns":2},{"damage":2,"enemies":"Gremlin Leader","floor":27,"turns":4},{"damage":0,"enemies":"Book of Stabbing","floor":29,"turns":2},{"damage":47,"enemies":"conspire:MysteriousRune","floor":33,"turns":7},{"damage":11,"enemies":"Orb Walker","floor":35,"turns":3},{"damage":7,"enemies":"3 Shapes","floor":39,"turns":2},{"damage":10,"enemies":"Nemesis","floor":40,"turns":3},{"damage":0,"enemies":"Transient","floor":42,"turns":5},{"damage":0,"enemies":"Giant Head","floor":44,"turns":3},{"damage":0,"enemies":"Jaw Worm Horde","floor":46,"turns":1},{"damage":0,"enemies":"Sphere and 2 Shapes","floor":47,"turns":2},{"damage":78,"enemies":"infinitespire:MassOfShapes","floor":50,"turns":4}],"seed_played":"6264554555653121861","potions_obtained":[{"floor":3,"key":"AttackPotion"},{"floor":8,"key":"DistilledChaos"},{"floor":14,"key":"Block Potion"},{"floor":24,"key":"Swift Potion"},{"floor":33,"key":"Toxic Potion"}],"is_trial":false,"path_per_floor":["M","?","M","?","$","E","$","E","T","E","R","?","R","M","R","B",null,"M","?","?","M","?","R","E","R","T","E","$","E","$","?","R","B",null,"M","?","?","T","M","E","R","M","T","E","R","M","M","?","R","B",null],"character_chosen":"THE_DEFAULT","items_purchased":["Rawhide","dioMod:MudaMudaMuda","BrokenLever","dioMod:DominatingPresence","Molten Egg 2","dioMod:DaggerToss+1","Sling","Counterbalance","dioMod:DoubleTime","Replay:Lucky Slots","Sadistic Nature"],"campfire_rested":0,"item_purchase_floors":[0,0,0,0,0,0,5,7,28,28,30],"current_hp_per_floor":[75,75,75,75,75,66,66,71,71,75,75,75,75,75,75,75,75,75,75,17,33,33,33,51,51,51,75,75,75,75,75,75,48,68,73,73,68,71,71,71,71,71,71,71,71,71,71,71,71,26],"gold":904,"neow_bonus":"","is_daily":false,"chose_seed":false,"campfire_upgraded":9,"win_rate":0,"timestamp":1607620263,"path_taken":["M","?","?","?","?","E","?","E","T","E","R","?","R","M","R","BOSS","M","?","?","M","?","R","E","R","T","E","$","E","$","?","R","BOSS","M","?","?","?","M","E","R","M","T","E","R","M","M","?","R","BOSS"],"build_version":"2020-11-30","purchased_purges":1,"victory":true,"max_hp_per_floor":[75,75,75,75,75,75,75,75,75,75,75,75,75,75,75,75,75,75,75,75,75,75,75,75,75,75,75,75,75,75,75,75,75,75,75,75,68,71,71,71,71,71,71,71,71,71,71,71,71,71],"relic_stats":{"Blood Vial":8,"Happy Flower":[18],"counters":[115,415],"Bloody Idol":37,"Juzu Bracelet":2,"Bag of Preparation":[20],"Kunai":[28],"obtain_stats":[{"infinitespire:BottledMercury":28,"StuffTheSpire:Barrel":11,"Gremlin Horn":46,"StuffTheSpire:Rhapsscallions":38,"Whetstone":8,"Ginger":9,"Boot":0,"Sling":5,"Old Coin":23,"Replay:Wanted Poster":17,"Blood Vial":19,"vexMod:InvisibilityCloak":24,"DollysMirror":10,"Strawberry":26,"infinitespire:Golems Mask":24,"Kunai":10,"Replay:Bottled Steam":7,"conspire:Dentures":27,"Girya":20,"MerchantsRug":0,"Happy Flower":6,"Replay:Grab Bag":17,"Counterbalance":7,"Oddly Smooth Stone":0,"Pen Nib":45,"Letter Opener":26,"BlackRope":0,"War Paint":4,"Question Card":24,"Akabeko":0,"relicPack:EdsArm":5,"SlaversCollar":34,"Bottled Flame":45,"Replay:Baseball":50,"relicPack:KazumaCape":34,"dioMod:VampireBlood":0,"Shuriken":8,"StuffTheSpire:DarkSteelAnvil":41,"Simple Rune":42,"Molten Egg 2":0,"ReplayTheSpireMod:TigerMarble":28,"infinitespire:EmpoweringShard":23,"ReplayTheSpireMod:DimensionalGlitch":38,"vexMod:ImprovementManual":28,"Pocketwatch":40,"ReplayFunnel":0,"SnailShell":38,"Lantern":0,"SacredBark":17,"RetroEgg":30,"Rawhide":11,"conspire:SpecialSausage":17,"BrokenLever":0,"Replay:Multitool":40,"hubris:SlimyHat":0,"Juzu Bracelet":26,"Bag of Preparation":27,"Smiling Mask":11,"Empty Cage":17,"vexMod:Spyglass":0,"Replay:Rubber Ducky":9,"ReplayTheSpireMod:EnergyBall":36,"StuffTheSpire:RunicConfusion":17,"Frozen Eye":14,"Nunchaku":44,"Replay:Bandana":0,"hubris:Icosahedron":19,"Shovel":30,"StuffTheSpire:HeavyRock":6,"Toolbox":0,"MiniBlackHole":26,"hubris:FunFungus":9,"Replay:Lucky Slots":28,"Gremlin Food":10,"HowToJump":0,"StuffTheSpire:Expresso":11,"conspire:RunicOctahedron":34,"Omamori":31,"MawBank":13,"vexMod:Dragonfruit":43,"Pondfish Scales":26,"CaptainsWheel":9,"Busted Crown":17,"StuffTheSpire:Mouthbags":43,"Ornamental Fan":13,"betterThird:SlimedRelic":3,"Bloody Idol":19,"StuffTheSpire:CocoNut":44,"Turnip":0,"SpikesRelics:DaevaFist":0,"Snack Pack":8,"ReplayTheSpireMod:Lightbulb":8,"FossilizedHelix":42},{"infinitespire:BottledMercury":83,"StuffTheSpire:Barrel":72,"Gremlin Horn":63,"StuffTheSpire:Rhapsscallions":108,"Whetstone":4,"Ginger":28,"Boot":25,"Sling":96,"Old Coin":81,"Replay:Wanted Poster":8,"Blood Vial":47,"vexMod:InvisibilityCloak":11,"DollysMirror":43,"Strawberry":82,"infinitespire:Golems Mask":104,"Kunai":99,"Replay:Bottled Steam":43,"conspire:Dentures":36,"Girya":9,"MerchantsRug":66,"Happy Flower":97,"Replay:Grab Bag":8,"Counterbalance":97,"Oddly Smooth Stone":25,"Pen Nib":62,"Letter Opener":12,"BlackRope":66,"War Paint":41,"Question Card":35,"Akabeko":39,"relicPack:EdsArm":26,"SlaversCollar":55,"Bottled Flame":21,"Replay:Baseball":65,"relicPack:KazumaCape":16,"dioMod:VampireBlood":0,"Shuriken":71,"StuffTheSpire:DarkSteelAnvil":91,"Simple Rune":91,"Molten Egg 2":94,"ReplayTheSpireMod:TigerMarble":13,"infinitespire:EmpoweringShard":50,"ReplayTheSpireMod:DimensionalGlitch":18,"vexMod:ImprovementManual":13,"Pocketwatch":110,"ReplayFunnel":94,"SnailShell":18,"Lantern":66,"SacredBark":8,"RetroEgg":14,"Rawhide":28,"conspire:SpecialSausage":31,"BrokenLever":94,"Replay:Multitool":19,"hubris:SlimyHat":66,"Juzu Bracelet":104,"Bag of Preparation":105,"Smiling Mask":5,"Empty Cage":8,"vexMod:Spyglass":66,"Replay:Rubber Ducky":4,"ReplayTheSpireMod:EnergyBall":88,"StuffTheSpire:RunicConfusion":8,"Frozen Eye":45,"Nunchaku":21,"Replay:Bandana":25,"hubris:Icosahedron":9,"Shovel":53,"StuffTheSpire:HeavyRock":3,"Toolbox":25,"MiniBlackHole":35,"hubris:FunFungus":43,"Replay:Lucky Slots":105,"Gremlin Food":43,"HowToJump":0,"StuffTheSpire:Expresso":28,"conspire:RunicOctahedron":107,"Omamori":106,"MawBank":45,"vexMod:Dragonfruit":91,"Pondfish Scales":51,"CaptainsWheel":71,"Busted Crown":76,"StuffTheSpire:Mouthbags":20,"Ornamental Fan":74,"betterThird:SlimedRelic":1,"Bloody Idol":47,"StuffTheSpire:CocoNut":62,"Turnip":25,"SpikesRelics:DaevaFist":94,"Snack Pack":98,"ReplayTheSpireMod:Lightbulb":43,"FossilizedHelix":60},{"infinitespire:BottledMercury":314,"StuffTheSpire:Barrel":284,"Gremlin Horn":257,"StuffTheSpire:Rhapsscallions":395,"Whetstone":21,"Ginger":96,"Boot":81,"Sling":356,"Old Coin":309,"Replay:Wanted Poster":32,"Blood Vial":191,"vexMod:InvisibilityCloak":40,"DollysMirror":169,"Strawberry":312,"infinitespire:Golems Mask":379,"Kunai":364,"Replay:Bottled Steam":169,"conspire:Dentures":140,"Girya":35,"MerchantsRug":269,"Happy Flower":359,"Replay:Grab Bag":32,"Counterbalance":359,"Oddly Smooth Stone":81,"Pen Nib":254,"Letter Opener":42,"BlackRope":269,"War Paint":160,"Question Card":137,"Akabeko":154,"relicPack:EdsArm":84,"SlaversCollar":227,"Bottled Flame":66,"Replay:Baseball":263,"relicPack:KazumaCape":51,"dioMod:VampireBlood":0,"Shuriken":281,"StuffTheSpire:DarkSteelAnvil":341,"Simple Rune":341,"Molten Egg 2":351,"ReplayTheSpireMod:TigerMarble":43,"infinitespire:EmpoweringShard":204,"ReplayTheSpireMod:DimensionalGlitch":53,"vexMod:ImprovementManual":43,"Pocketwatch":400,"ReplayFunnel":351,"SnailShell":53,"Lantern":269,"SacredBark":32,"RetroEgg":45,"Rawhide":96,"conspire:SpecialSausage":114,"BrokenLever":351,"Replay:Multitool":57,"hubris:SlimyHat":269,"Juzu Bracelet":379,"Bag of Preparation":383,"Smiling Mask":24,"Empty Cage":32,"vexMod:Spyglass":269,"Replay:Rubber Ducky":21,"ReplayTheSpireMod:EnergyBall":331,"StuffTheSpire:RunicConfusion":32,"Frozen Eye":176,"Nunchaku":66,"Replay:Bandana":81,"hubris:Icosahedron":35,"Shovel":214,"StuffTheSpire:HeavyRock":14,"Toolbox":81,"MiniBlackHole":137,"hubris:FunFungus":169,"Replay:Lucky Slots":383,"Gremlin Food":169,"HowToJump":0,"StuffTheSpire:Expresso":96,"conspire:RunicOctahedron":392,"Omamori":385,"MawBank":176,"vexMod:Dragonfruit":341,"Pondfish Scales":207,"CaptainsWheel":281,"Busted Crown":296,"StuffTheSpire:Mouthbags":61,"Ornamental Fan":291,"betterThird:SlimedRelic":3,"Bloody Idol":191,"StuffTheSpire:CocoNut":254,"Turnip":81,"SpikesRelics:DaevaFist":351,"Snack Pack":362,"ReplayTheSpireMod:Lightbulb":169,"FossilizedHelix":249}],"Pocketwatch":[3]},"card_choices":[{"not_picked":["dioMod:Diversion+1","dioMod:TripleThreat+1"],"picked":"dioMod:DaggerToss+1","floor":1},{"not_picked":["dioMod:DaggerSpree+1","dioMod:CoffinBath","dioMod:Minions"],"picked":"SKIP","floor":3},{"not_picked":["dioMod:BlendIn","dioMod:BloodShield"],"picked":"dioMod:DaggerToss+1","floor":6},{"not_picked":["dioMod:Diversion+1","dioMod:SlashThroughTime+1"],"picked":"dioMod:DominatingPresence","floor":8},{"not_picked":["dioMod:CutDeep","dioMod:VengefulMuda+1","dioMod:ComposedMuda+1"],"picked":"SKIP","floor":10},{"not_picked":["dioMod:VengefulMuda+1","dioMod:TripleThreat+1","dioMod:LaserVision+1"],"picked":"SKIP","floor":14},{"not_picked":["dioMod:GoldVial","dioMod:SevenPageMuda+1"],"picked":"dioMod:Regeneration","floor":16},{"not_picked":["dioMod:CutDeep","dioMod:Roundabout+1","dioMod:BloodSplash"],"picked":"SKIP","floor":18},{"not_picked":["dioMod:CautiousMuda+1","dioMod:Roundabout","dioMod:Diversion+1"],"picked":"SKIP","floor":21},{"not_picked":["dioMod:CautiousMuda+1","dioMod:VengefulMuda+1","dioMod:BloodSplash"],"picked":"SKIP","floor":24},{"not_picked":["dioMod:UltimateSacrifice","dioMod:WRYYY"],"picked":"dioMod:MudaMudaMuda","floor":27},{"not_picked":["dioMod:FlyAway","dioMod:CutDeep","dioMod:BloodTransfusion"],"picked":"SKIP","floor":29},{"not_picked":["dioMod:Pluck","dioMod:PathToHeaven"],"picked":"dioMod:Regeneration","floor":33},{"not_picked":["dioMod:BloodSplash","dioMod:WRYYY"],"picked":"dioMod:SadisticLaugh+1","floor":35},{"not_picked":["dioMod:BloodShield+1","dioMod:Freeze+1","dioMod:Hiss"],"picked":"SKIP","floor":39},{"not_picked":["dioMod:BloodSplash","dioMod:FlyAway","dioMod:RoadRoller+1"],"picked":"SKIP","floor":40},{"not_picked":["dioMod:CautiousMuda+1","dioMod:BlendIn"],"picked":"dioMod:DaggerToss+1","floor":42},{"not_picked":["dioMod:Pluck","dioMod:TripleThreat+1","dioMod:CautiousMuda+1"],"picked":"SKIP","floor":44},{"not_picked":["dioMod:StreetSign+1","dioMod:SecretPlan+1","dioMod:DaggerSpree+1"],"picked":"SKIP","floor":46},{"not_picked":["dioMod:TripleThreat+1","dioMod:SecretPlan+1","dioMod:StreetSign+1"],"picked":"SKIP","floor":47},{"not_picked":["dioMod:TripleThreat+1","dioMod:SecretPlan+1","dioMod:StreetSign+1"],"picked":"SKIP","floor":47}],"player_experience":282125,"relics_obtained":[{"floor":6,"key":"Happy Flower"},{"floor":8,"key":"Snack Pack"},{"floor":9,"key":"Replay:Rubber Ducky"},{"floor":10,"key":"Kunai"},{"floor":24,"key":"infinitespire:Golems Mask"},{"floor":26,"key":"Juzu Bracelet"},{"floor":27,"key":"Bag of Preparation"},{"floor":29,"key":"MiniBlackHole"},{"floor":38,"key":"StuffTheSpire:Rhapsscallions"},{"floor":40,"key":"Pocketwatch"},{"floor":44,"key":"SnailShell"}],"event_choices":[{"damage_healed":0,"gold_gain":0,"player_choice":"Bought 0 Potions","damage_taken":0,"max_hp_gain":0,"max_hp_loss":0,"event_name":"The Woman in Blue","floor":2,"gold_loss":0},{"damage_healed":75,"gold_gain":0,"player_choice":"Embrace Burn","damage_taken":0,"max_hp_gain":0,"max_hp_loss":75,"event_name":"betterThird:BetterShining","floor":4,"gold_loss":0},{"damage_healed":0,"gold_gain":100,"player_choice":"Pray","damage_taken":0,"max_hp_gain":0,"max_hp_loss":0,"event_name":"Golden Shrine","floor":12,"gold_loss":0},{"damage_healed":0,"gold_gain":0,"player_choice":" Idol Vial ","damage_taken":58,"relics_obtained":["Bloody Idol","Blood Vial"],"max_hp_gain":75,"max_hp_loss":17,"event_name":"betterAltar:BetterAltar","floor":20,"potions_obtained":[],"relics_lost":[],"gold_loss":0},{"cards_removed":["dioMod:Regeneration"],"damage_healed":0,"gold_gain":0,"player_choice":"Removed Power","damage_taken":0,"max_hp_gain":0,"max_hp_loss":0,"event_name":"Falling","floor":36,"gold_loss":0}],"is_beta":false,"boss_relics":[{"not_picked":["vexMod:DeviousBotling","Fusion Hammer"],"picked":"Replay:Wanted Poster"},{"not_picked":["hubris:Stopwatch","StuffTheSpire:ModemDavis"],"picked":"conspire:RunicOctahedron"}],"items_purged_floors":[5],"is_endless":false,"potions_floor_spawned":[3,8,14,21,24,33,40,46],"ascension_level":5}}