{"host":"1c52r9kaxdyo25eq","time":1607632627,"event":{"mods":["BaseMod","AchievementEnabler","Minty Spire (QoL Compilation)","Rare Cards Sparkle","SuperFastMode","everything is the same but u backflip on backflip"],"gold_per_floor":[12,12,33,33,33,33,33,33,33,72,92,116,132,57,57,153,153,172,195,195,220,19,19,19],"floor_reached":23,"playtime":553,"items_purged":["Defend_P"],"score":344,"play_id":"6510ddf6-ad9b-4bc1-b71d-c9146027ec3c","local_time":"20201211053707","is_ascension_mode":true,"campfire_choices":[{"data":"Eruption","floor":6.0,"key":"SMITH"},{"floor":8.0,"key":"REST"},{"data":"1","floor":15.0,"key":"LIFT"}],"circlet_count":0,"master_deck":["AscendersBane","Vigilance+1","Brilliance","LessonLearned+1","Devotion+1","Devotion","Perseverance+1","Study","Pray","Prostrate","EmptyMind","SashWhip","Brilliance","Protect+1","MentalFortress"],"special_seed":0,"relics":["PureWater","Golden Idol","Mango","Girya","Pandora\u0027s Box","Membership Card"],"acts_visited":["Exordium","TheCity"],"potions_floor_usage":[23],"damage_taken":[{"damage":4.0,"enemies":"Jaw Worm","floor":1.0,"turns":3.0},{"damage":6.0,"enemies":"Small Slimes","floor":3.0,"turns":2.0},{"damage":23.0,"enemies":"3 Sentries","floor":10.0,"turns":5.0},{"damage":0.0,"enemies":"2 Louse","floor":11.0,"turns":1.0},{"damage":0.0,"enemies":"Large Slime","floor":12.0,"turns":3.0},{"damage":0.0,"enemies":"Blue Slaver","floor":13.0,"turns":1.0},{"damage":30.0,"enemies":"The Guardian","floor":16.0,"turns":15.0},{"damage":24.0,"enemies":"Shell Parasite","floor":18.0,"turns":4.0},{"damage":28.0,"enemies":"2 Thieves","floor":19.0,"turns":3.0},{"damage":5.0,"enemies":"Chosen and Byrds","floor":21.0,"turns":4.0},{"damage":0,"enemies":"Gremlin Leader","floor":23,"turns":2}],"seed_played":"-1170639227362039169","potions_obtained":[{"floor":1.0,"key":"FairyPotion"},{"floor":11.0,"key":"Energy Potion"},{"floor":19.0,"key":"StancePotion"}],"is_trial":false,"path_per_floor":["M","?","M","?","?","R","?","R","T","E","M","M","M","$","R","B",null,"M","M","?","M","$","E"],"character_chosen":"WATCHER","items_purchased":["Membership Card","MentalFortress"],"campfire_rested":1,"item_purchase_floors":[22,22],"current_hp_per_floor":[57,34,28,28,8,8,1,21,35,12,12,12,12,12,12,6,63,39,11,11,6,6,6,6],"gold":19,"neow_bonus":"THREE_RARE_CARDS","is_daily":false,"chose_seed":false,"campfire_upgraded":1,"win_rate":0,"timestamp":1607632627,"path_taken":["M","?","M","?","?","R","?","R","T","E","?","M","M","$","R","BOSS","M","M","?","M","$","E"],"build_version":"2020-11-30","purchased_purges":1,"victory":false,"max_hp_per_floor":[68,68,68,68,68,68,68,68,82,82,82,82,82,82,82,82,82,82,82,82,82,82,82,82],"card_choices":[{"not_picked":["Establishment","Wish"],"picked":"Brilliance","floor":0.0},{"not_picked":["CarveReality","Halt","Consecrate"],"picked":"SKIP","floor":1.0},{"not_picked":["FollowUp","Nirvana","EmptyFist"],"picked":"SKIP","floor":3.0},{"not_picked":["BattleHymn","Prostrate"],"picked":"LessonLearned","floor":10.0},{"not_picked":["CrushJoints","FlyingSleeves","FollowUp"],"picked":"SKIP","floor":11.0},{"not_picked":["CutThroughFate","BowlingBash","SashWhip"],"picked":"SKIP","floor":12.0},{"not_picked":["PathToVictory","ReachHeaven","Sanctity"],"picked":"SKIP","floor":13.0},{"not_picked":["Alpha","SpiritShield"],"picked":"Devotion","floor":16.0},{"not_picked":["ClearTheMind","Indignation","CutThroughFate"],"picked":"SKIP","floor":18.0},{"not_picked":["Indignation","JustLucky"],"picked":"EmptyMind","floor":19.0},{"not_picked":["PathToVictory","Halt"],"picked":"Protect+1","floor":21.0}],"player_experience":451707,"relics_obtained":[{"floor":9.0,"key":"Mango"},{"floor":10.0,"key":"Girya"}],"event_choices":[{"damage_healed":0.0,"max_hp_gain":0.0,"max_hp_loss":0.0,"gold_gain":0.0,"event_name":"Golden Idol","player_choice":"Take Damage","floor":2.0,"gold_loss":0.0,"damage_taken":23.0,"relics_obtained":["Golden Idol"]},{"damage_healed":0.0,"max_hp_gain":0.0,"max_hp_loss":0.0,"gold_gain":0.0,"event_name":"Liars Game","player_choice":"Ignored","floor":4.0,"gold_loss":0.0,"damage_taken":0.0},{"damage_healed":0.0,"max_hp_gain":0.0,"max_hp_loss":0.0,"gold_gain":0.0,"event_name":"Shining Light","player_choice":"Entered Light","floor":5.0,"gold_loss":0.0,"damage_taken":20.0,"cards_upgraded":["Strike_P","Vigilance"]},{"cards_removed":["Strike_P"],"damage_healed":0.0,"max_hp_gain":0.0,"max_hp_loss":0.0,"gold_gain":0.0,"event_name":"Golden Wing","player_choice":"Card Removal","floor":7.0,"gold_loss":0.0,"damage_taken":7.0},{"damage_healed":0.0,"max_hp_gain":0.0,"max_hp_loss":0.0,"gold_gain":0.0,"cards_transformed":["FlurryOfBlows","Eruption"],"event_name":"Drug Dealer","player_choice":"Became Test Subject","floor":20.0,"gold_loss":0.0,"damage_taken":0.0,"cards_obtained":["SashWhip","Brilliance"]}],"is_beta":false,"boss_relics":[{"not_picked":["Fusion Hammer","SacredBark"],"picked":"Pandora\u0027s Box"}],"items_purged_floors":[14],"is_endless":false,"potions_floor_spawned":[1,11,13,19],"killed_by":"Gremlin Leader","ascension_level":16}}