{"host":"md0dejzd6k70gl1f","time":1607614477,"event":{"mods":["BaseMod","Quick Restart","Minty Spire (QoL Compilation)"],"gold_per_floor":[117,140,154,73,73,107,107,107,107,107,107],"floor_reached":10,"playtime":287,"items_purged":[],"score":125,"play_id":"715d6ca5-e6ba-44c4-a900-00553e1cc2d0","local_time":"20201210163437","is_ascension_mode":true,"campfire_choices":[{"floor":7,"key":"REST"}],"circlet_count":0,"master_deck":["AscendersBane","Strike_G","Strike_G","Strike_G","Defend_G","Defend_G","Defend_G","Defend_G","Defend_G","Survivor","Neutralize","Dagger Throw","Skewer","Sucker Punch","Crippling Poison+1","Blade Dance","Blur"],"special_seed":0,"relics":["Ring of the Snake","Dream Catcher","Potion Belt","Bottled Lightning"],"acts_visited":["Exordium"],"potions_floor_usage":[6,10],"damage_taken":[{"damage":0,"enemies":"Cultist","floor":1,"turns":4},{"damage":1,"enemies":"Jaw Worm","floor":3,"turns":5},{"damage":50,"enemies":"Lagavulin","floor":6,"turns":9},{"damage":20,"enemies":"3 Sentries","floor":10,"turns":5}],"seed_played":"-6376618642729351565","potions_obtained":[{"floor":1,"key":"Dexterity Potion"},{"floor":3,"key":"Block Potion"}],"is_trial":false,"path_per_floor":["M","T","M","$","?","E","R","?","T","E"],"character_chosen":"THE_SILENT","items_purchased":["Crippling Poison"],"campfire_rested":1,"item_purchase_floors":[4],"current_hp_per_floor":[59,59,58,58,51,1,20,20,20,0,0],"gold":107,"neow_bonus":"TRANSFORM_CARD","is_daily":false,"chose_seed":false,"campfire_upgraded":0,"win_rate":0,"timestamp":1607614477,"path_taken":["M","?","M","$","?","E","R","?","T","E"],"build_version":"2020-11-30","purchased_purges":0,"victory":false,"max_hp_per_floor":[66,66,66,66,66,66,66,66,66,66,66],"card_choices":[{"not_picked":["Masterful Stab","Dagger Throw"],"picked":"Skewer","floor":1},{"not_picked":["Backflip","Heel Hook"],"picked":"Sucker Punch","floor":3},{"not_picked":["Backflip","Slice"],"picked":"Blade Dance","floor":6},{"not_picked":["Dodge and Roll","Prepared"],"picked":"Blur","floor":7}],"player_experience":417601,"relics_obtained":[{"floor":2,"key":"Dream Catcher"},{"floor":6,"key":"Potion Belt"},{"floor":9,"key":"Bottled Lightning"}],"event_choices":[{"cards_removed":["Strike_G"],"damage_healed":0,"gold_gain":0,"player_choice":"Card Removal","damage_taken":7,"max_hp_gain":0,"max_hp_loss":0,"event_name":"Golden Wing","floor":5,"gold_loss":0},{"damage_healed":0,"gold_gain":0,"player_choice":"Upgraded","damage_taken":0,"max_hp_gain":0,"max_hp_loss":0,"event_name":"Upgrade Shrine","floor":8,"gold_loss":0,"cards_upgraded":["Crippling Poison"]}],"is_beta":false,"boss_relics":[],"items_purged_floors":[],"is_endless":false,"potions_floor_spawned":[1,3],"killed_by":"3 Sentries","ascension_level":19}}