{"host":"3j2m8n0ywf988fwb","time":1607579212,"event":{"gold_per_floor":[113,113,63,76,3,3,31,31,81,107,170,170,170],"floor_reached":12,"playtime":690,"items_purged":[],"score":118,"play_id":"ea1e2ebf-1997-4ee9-a91b-e24a8c495b1f","local_time":"20201209234652","is_ascension_mode":true,"campfire_choices":[{"data":"Accuracy","floor":6,"key":"SMITH"},{"data":"Deadly Poison","floor":8,"key":"SMITH"}],"neow_cost":"NONE","seed_source_timestamp":259739115327000,"circlet_count":0,"master_deck":["Dash","Strike_G","Strike_G","Strike_G","Strike_G","Defend_G","Defend_G","Defend_G","Defend_G","Defend_G","Survivor","Neutralize","Hidden Blade","Dagger Spray","Accuracy+1","Die Die Die","Infinite Blades"],"relics":["halation:SimulatedSpire","hubris:Towel","Meat on the Bone","Tiny Chest","Snake Skull"],"potions_floor_usage":[10],"damage_taken":[{"damage":0,"enemies":"Small Slimes","floor":1,"turns":4},{"damage":0,"enemies":"Jaw Worm","floor":4,"turns":5},{"damage":35,"enemies":"3 Sentries","floor":7,"turns":11},{"damage":13,"enemies":"Lagavulin","floor":10,"turns":9},{"damage":28,"enemies":"HollowMod:MossKnight","floor":12,"turns":9}],"seed_played":"-8207454456470110433","potions_obtained":[{"floor":4,"key":"Weak Potion"}],"is_trial":false,"path_per_floor":["M","?","?","M","$","R","E","R","T","E","?","E"],"character_chosen":"THE_SILENT","items_purchased":["Accuracy"],"campfire_rested":0,"item_purchase_floors":[5],"current_hp_per_floor":[63,63,63,63,63,63,28,28,28,27,27,0,0],"gold":170,"neow_bonus":"SIMULATED_SPIRE","is_prod":false,"is_daily":false,"chose_seed":false,"campfire_upgraded":2,"win_rate":0,"timestamp":1607579212,"path_taken":["M","?","?","M","$","R","E","R","T","E","?","E"],"build_version":"2020-11-30","purchased_purges":0,"victory":false,"max_hp_per_floor":[70,70,70,70,70,70,70,70,70,70,70,70,70],"relic_stats":{"counters":[5,38],"Tiny Chest":0,"Snake Skull":[3],"obtain_stats":[{"halation:SimulatedSpire":0,"Tiny Chest":9,"Snake Skull":10,"hubris:Towel":2,"Ring of the Snake":0,"Meat on the Bone":7},{"halation:SimulatedSpire":0,"Tiny Chest":3,"Snake Skull":4,"hubris:Towel":1,"Ring of the Snake":0,"Meat on the Bone":3},{"halation:SimulatedSpire":0,"Tiny Chest":20,"Snake Skull":29,"hubris:Towel":4,"Ring of the Snake":0,"Meat on the Bone":20}],"Meat on the Bone":12},"card_choices":[{"not_picked":["conspire:PoisonWeapons","Expertise"],"picked":"Hidden Blade","floor":1},{"not_picked":["jedi:unstablefumes","StuffTheSpire:Python"],"picked":"Dagger Spray","floor":4},{"not_picked":["Underhanded Strike","Dagger Throw"],"picked":"Die Die Die","floor":7},{"not_picked":["hubris:SlightOfHand","Cloak And Dagger"],"picked":"Infinite Blades","floor":10}],"player_experience":957841,"relics_obtained":[{"floor":7,"key":"Meat on the Bone"},{"floor":9,"key":"Tiny Chest"},{"floor":10,"key":"Snake Skull"}],"event_choices":[{"cards_removed":["Strike_G"],"damage_healed":0,"gold_gain":0,"player_choice":"Card Removal","damage_taken":0,"max_hp_gain":0,"max_hp_loss":0,"event_name":"The Cleric","floor":3,"gold_loss":50},{"damage_healed":0,"gold_gain":63,"player_choice":"Gained Gold","damage_taken":0,"max_hp_gain":0,"max_hp_loss":0,"event_name":"Golden Wing","floor":11,"gold_loss":0}],"is_beta":false,"boss_relics":[],"items_purged_floors":[],"is_endless":false,"potions_floor_spawned":[4],"killed_by":"HollowMod:MossKnight","ascension_level":8}}