{"host":"v0kr0xkqfgnh389p","time":1607562589,"event":{"gold_per_floor":[135,179,179,191,191,191,191,191,191,42,87,114,114,129,129,129,129],"floor_reached":16,"playtime":672,"items_purged":[],"score":110,"play_id":"5308f616-50dd-4888-bace-422e5c1ed352","local_time":"20201209200949","is_ascension_mode":true,"campfire_choices":[{"floor":6,"key":"RECALL"},{"floor":8,"key":"REST"},{"floor":13,"key":"REST"},{"floor":15,"key":"REST"}],"neow_cost":"NONE","seed_source_timestamp":38112794217800,"circlet_count":0,"master_deck":["Eruption","Vigilance","Replay:BluntJabs","PathToVictory","Establishment","DevaForm","Pray","FollowUp","Wish+1","Swivel","CrushJoints","JustLucky"],"relics":["Pandora\u0027s Box","ReplayTheSpireMod:TigerMarble","Strange Spoon","hubris:SphereOfDissonance"],"potions_floor_usage":[11,11,16],"damage_taken":[{"damage":15,"enemies":"Jaw Worm","floor":1,"turns":5},{"damage":14,"enemies":"Cultist","floor":2,"turns":5},{"damage":13,"enemies":"2 Louse","floor":4,"turns":2},{"damage":24,"enemies":"Exordium Thugs","floor":11,"turns":4},{"damage":14,"enemies":"Gremlin Nob","floor":12,"turns":3},{"damage":11,"enemies":"Looter","floor":14,"turns":3},{"damage":46,"enemies":"The Guardian","floor":16,"turns":6}],"seed_played":"-4853204720155223037","potions_obtained":[{"floor":1,"key":"SkillPotion"},{"floor":4,"key":"Weak Potion"},{"floor":14,"key":"LifebloodPotion"}],"is_trial":false,"path_per_floor":["M","M","?","M","T","R","?","R","T","$","M","E","R","M","R","B"],"character_chosen":"WATCHER","items_purchased":["Strange Spoon"],"campfire_rested":3,"item_purchase_floors":[10],"current_hp_per_floor":[57,43,43,30,30,30,30,51,51,51,27,13,34,23,44,0,0],"gold":129,"neow_bonus":"BOSS_RELIC","is_prod":false,"is_daily":false,"chose_seed":false,"campfire_upgraded":0,"win_rate":0,"timestamp":1607562589,"path_taken":["M","M","?","?","?","R","?","R","T","$","M","E","R","?","R","BOSS"],"build_version":"2020-11-30","purchased_purges":0,"victory":false,"max_hp_per_floor":[72,72,72,72,72,72,72,72,72,72,72,72,72,72,72,72,72],"card_choices":[{"not_picked":["Study","Consecrate"],"picked":"CrushJoints","floor":1},{"not_picked":["CutThroughFate","Conclude"],"picked":"JustLucky","floor":2},{"not_picked":["Prostrate","Protect","MentalFortress"],"picked":"SKIP","floor":4},{"not_picked":["FlurryOfBlows","FollowUp","CarveReality"],"picked":"SKIP","floor":11},{"not_picked":["Replay:BluntJabs","SashWhip","Pray"],"picked":"SKIP","floor":12},{"not_picked":["SignatureMove","Wallop","Collect"],"picked":"SKIP","floor":14}],"player_experience":704473,"relics_obtained":[{"floor":9,"key":"ReplayTheSpireMod:TigerMarble"},{"floor":12,"key":"hubris:SphereOfDissonance"}],"event_choices":[{"damage_healed":0,"gold_gain":0,"player_choice":"0 cards matched","damage_taken":0,"max_hp_gain":0,"max_hp_loss":0,"event_name":"Match and Keep!","floor":3,"gold_loss":0,"cards_obtained":[]},{"damage_healed":0,"gold_gain":0,"player_choice":"Grow","damage_taken":0,"max_hp_gain":0,"max_hp_loss":0,"event_name":"Living Wall","floor":7,"gold_loss":0,"cards_upgraded":["Wish"]}],"is_beta":false,"boss_relics":[],"items_purged_floors":[],"is_endless":false,"potions_floor_spawned":[1,4,14],"killed_by":"The Guardian","ascension_level":2}}