{"host":"aeidq2c3auzxo1yh","time":1607616064,"event":{"mods":["BaseMod","AchievementEnabler","StSLib","Minty Spire (QoL Compilation)","Relic Stats","Colored Map","Colored Powertips"],"gold_per_floor":[115,390,407,407,33,33,65,65,65,79,104,124,136,136,136,207,207,226,237,152,152,171,171,199,199,199,199,199,199],"floor_reached":28,"playtime":1467,"items_purged":["Regret"],"score":542,"play_id":"d2c230d4-aeb3-4e47-bd6b-f2773658d035","local_time":"20201210210104","is_ascension_mode":true,"campfire_choices":[{"data":"Neutralize","floor":6,"key":"SMITH"},{"data":"Carnage","floor":8,"key":"SMITH"},{"data":"Fire Breathing","floor":15,"key":"SMITH"},{"floor":23,"key":"REST"},{"data":"Footwork","floor":25,"key":"SMITH"},{"data":"Echo Form","floor":27,"key":"SMITH"}],"circlet_count":0,"master_deck":["AscendersBane","Strike_G+1","Strike_G+1","Strike_G","Strike_G","Defend_G","Defend_G","Defend_G","Defend_G","Survivor","Neutralize+1","Blur","Leg Sweep","Footwork+1","Flying Knee","Carnage+1","Fire Breathing+1","Hologram","Conserve Battery","Echo Form+1","BowlingBash","Conserve Battery+1","Acrobatics"],"relics":["Ring of the Snake","NeowsBlessing","PrismaticShard","Whetstone","Lizard Tail","Pantograph","SlaversCollar","Boot","Juzu Bracelet","Ornamental Fan"],"acts_visited":["Exordium","TheCity"],"potions_floor_usage":[11,13,16,24],"damage_taken":[{"damage":0,"enemies":"Jaw Worm","floor":1,"turns":1},{"damage":0,"enemies":"Cultist","floor":3,"turns":1},{"damage":0,"enemies":"Lagavulin","floor":7,"turns":1},{"damage":5,"enemies":"Small Slimes","floor":10,"turns":3},{"damage":2,"enemies":"3 Sentries","floor":11,"turns":7},{"damage":0,"enemies":"2 Fungi Beasts","floor":12,"turns":3},{"damage":4,"enemies":"Exordium Wildlife","floor":13,"turns":7},{"damage":6,"enemies":"Hexaghost","floor":16,"turns":12},{"damage":16,"enemies":"Chosen","floor":18,"turns":8},{"damage":28,"enemies":"3 Byrds","floor":19,"turns":8},{"damage":32,"enemies":"Snake Plant","floor":22,"turns":6},{"damage":22,"enemies":"Slavers","floor":24,"turns":5},{"damage":33,"enemies":"Masked Bandits","floor":28,"turns":3}],"seed_played":"-6685283316073207978","potions_obtained":[{"floor":1,"key":"Fire Potion"},{"floor":7,"key":"DuplicationPotion"},{"floor":11,"key":"LiquidMemories"},{"floor":19,"key":"Ancient Potion"}],"is_trial":false,"path_per_floor":["M","?","M","?","$","R","E","R","T","M","E","M","M","?","R","B",null,"M","M","?","?","M","R","E","R","T","R","?"],"character_chosen":"THE_SILENT","items_purchased":["PrismaticShard","Footwork","Flying Knee"],"campfire_rested":1,"item_purchase_floors":[5,5,5],"current_hp_per_floor":[59,59,59,64,64,64,64,64,64,59,57,57,53,46,46,65,70,54,26,26,26,29,50,28,28,28,28,0,0],"gold":199,"neow_bonus":"THREE_ENEMY_KILL","is_daily":false,"chose_seed":false,"campfire_upgraded":5,"win_rate":0,"timestamp":1607616064,"path_taken":["M","?","?","?","$","R","E","R","T","M","E","M","M","?","R","BOSS","M","M","?","?","?","R","E","R","T","R","?"],"build_version":"2020-11-30","purchased_purges":1,"victory":false,"max_hp_per_floor":[66,66,66,71,71,71,71,71,71,71,71,71,71,71,71,71,71,71,71,71,71,71,71,71,71,71,71,71,71],"relic_stats":{"Lizard Tail":35,"counters":[13,65],"Ornamental Fan":[0],"Pantograph":25,"Juzu Bracelet":1,"Whetstone":["Strike_G","Strike_G"],"Boot":[7],"obtain_stats":[{"SlaversCollar":17,"Lizard Tail":9,"NeowsBlessing":0,"Ornamental Fan":26,"Pantograph":11,"Juzu Bracelet":24,"Whetstone":7,"PrismaticShard":5,"Boot":20,"Ring of the Snake":0},{"SlaversCollar":8,"Lizard Tail":3,"NeowsBlessing":0,"Ornamental Fan":12,"Pantograph":5,"Juzu Bracelet":12,"Whetstone":3,"PrismaticShard":2,"Boot":10,"Ring of the Snake":0},{"SlaversCollar":35,"Lizard Tail":3,"NeowsBlessing":0,"Ornamental Fan":62,"Pantograph":13,"Juzu Bracelet":62,"Whetstone":3,"PrismaticShard":2,"Boot":51,"Ring of the Snake":0}],"Ring of the Snake":[26]},"card_choices":[{"not_picked":["Tactician","Backflip"],"picked":"Blur","floor":1},{"not_picked":["Dodge and Roll","Underhanded Strike"],"picked":"Leg Sweep","floor":3},{"not_picked":["Clash","Seeing Red"],"picked":"Carnage","floor":7},{"not_picked":["ClearTheMind","Pommel Strike"],"picked":"Fire Breathing","floor":10},{"not_picked":["Aggregate","Weave","Glacier"],"picked":"SKIP","floor":11},{"not_picked":["Dagger Spray","Bouncing Flask"],"picked":"Hologram","floor":12},{"not_picked":["Flex","Dual Wield"],"picked":"Conserve Battery","floor":13},{"not_picked":["Phantasmal Killer","Blasphemy"],"picked":"Echo Form","floor":16},{"not_picked":["WheelKick","Iron Wave"],"picked":"BowlingBash","floor":18},{"not_picked":["Sucker Punch","FlurryOfBlows","Aggregate"],"picked":"SKIP","floor":19},{"not_picked":["LessonLearned","Caltrops"],"picked":"Conserve Battery+1","floor":22},{"not_picked":["Compile Driver","WheelKick"],"picked":"Acrobatics","floor":24}],"player_experience":827712,"relics_obtained":[{"floor":7,"key":"Whetstone"},{"floor":9,"key":"Lizard Tail"},{"floor":11,"key":"Pantograph"},{"floor":24,"key":"Juzu Bracelet"},{"floor":26,"key":"Ornamental Fan"}],"event_choices":[{"damage_healed":0,"gold_gain":275,"player_choice":"Desecrate","damage_taken":0,"max_hp_gain":0,"max_hp_loss":0,"event_name":"Golden Shrine","floor":2,"gold_loss":0,"cards_obtained":["Regret"]},{"damage_healed":0,"gold_gain":0,"player_choice":"Donut","damage_taken":0,"max_hp_gain":5,"max_hp_loss":0,"event_name":"Big Fish","floor":4,"gold_loss":0},{"cards_removed":["Defend_G"],"damage_healed":0,"gold_gain":0,"player_choice":"Card Removal","damage_taken":7,"max_hp_gain":0,"max_hp_loss":0,"event_name":"Golden Wing","floor":14,"gold_loss":0},{"damage_healed":0,"gold_gain":0,"player_choice":"Obtained Relic","damage_taken":0,"relics_obtained":["Boot"],"max_hp_gain":0,"max_hp_loss":0,"event_name":"Addict","floor":20,"gold_loss":85},{"cards_removed":["Strike_G"],"damage_healed":0,"gold_gain":0,"player_choice":"Purged","damage_taken":0,"max_hp_gain":0,"max_hp_loss":0,"event_name":"Purifier","floor":21,"gold_loss":0},{"damage_healed":0,"gold_gain":0,"player_choice":"Fought Bandits","damage_taken":0,"max_hp_gain":0,"max_hp_loss":0,"event_name":"Masked Bandits","floor":28,"gold_loss":0}],"is_beta":false,"boss_relics":[{"not_picked":["Astrolabe","Philosopher\u0027s Stone"],"picked":"SlaversCollar"}],"items_purged_floors":[5],"is_endless":false,"potions_floor_spawned":[1,7,10,11,19],"killed_by":"Masked Bandits","ascension_level":20}}