{"host":"rby9tmzevanrudcg","time":1607632026,"event":{"mods":["BaseMod","Act Like it!","GifTheSpireLib","Minty Spire (QoL Compilation)","Quick Restart","StSLib","SuperFastMode","The Alterego"],"gold_per_floor":[117,130,130,206,381,412,429,462,485,514,514,22,22,36,36,167,167,185,203,203,219,318,352,152,188,215,215,215,231,272,346,346,475,475,493,509,584,604,675,719,260,300,326,439,479,479,498,25,25,25,25,25,25,64,64],"floor_reached":56,"playtime":3556,"items_purged":["Doubt","Injury","alterego_mod:Defend"],"score":1624,"play_id":"da836e2a-d1bc-4505-92f0-ad218e4000b8","local_time":"20201211042706","is_ascension_mode":true,"campfire_choices":[{"data":"alterego_mod:Vow","floor":13.0,"key":"SMITH"},{"floor":15.0,"key":"REST"},{"data":"alterego_mod:AlterEgo","floor":27.0,"key":"SMITH"},{"data":"alterego_mod:Cushion","floor":32.0,"key":"SMITH"},{"data":"alterego_mod:Venus","floor":46.0,"key":"SMITH"},{"floor":49.0,"key":"RECALL"},{"data":"alterego_mod:Clones","floor":52.0,"key":"SMITH"}],"circlet_count":0,"master_deck":["alterego_mod:Strike","alterego_mod:Strike","alterego_mod:Strike","alterego_mod:Strike","alterego_mod:Defend","alterego_mod:Defend","alterego_mod:Defend","alterego_mod:Impale","alterego_mod:BigMeatyClaws","alterego_mod:BrynhildrsRune","alterego_mod:Punishment","alterego_mod:DestructionOfProperty","alterego_mod:Vow+1","alterego_mod:Clones+1","Metamorphosis","alterego_mod:AlterEgo+1","alterego_mod:Cushion+1","alterego_mod:Exercise","alterego_mod:Venus+1","alterego_mod:Birthday","alterego_mod:SakuraPetals+1","alterego_mod:SakuraFive+1","Secret Technique","alterego_mod:Exercise","alterego_mod:SakuraLabyrinth+1","alterego_mod:Antipathy","alterego_mod:Bloomers","alterego_mod:IndependentAction"],"special_seed":0,"relics":["alterego_mod:MasochisticConstitution","NeowsBlessing","Singing Bowl","Regal Pillow","Vajra","Eternal Feather","Golden Idol","Membership Card","Boot","HornCleat","Coffee Dripper","Potion Belt","Orichalcum","Toolbox","Bag of Marbles","Akabeko","SsserpentHead","Bottled Flame","Sozu","Oddly Smooth Stone","Blood Vial","Strange Spoon","CaptainsWheel","MealTicket","The Courier","Art of War","StoneCalendar","Question Card","alterego_mod:SistersRibbon","Gambling Chip","Bag of Preparation","Shuriken","Mummified Hand","Happy Flower"],"acts_visited":["Exordium","TheCity","TheBeyond","TheEnding"],"potions_floor_usage":[55,55,55],"damage_taken":[{"damage":0.0,"enemies":"Jaw Worm","floor":1.0,"turns":1.0},{"damage":0.0,"enemies":"Small Slimes","floor":2.0,"turns":1.0},{"damage":0.0,"enemies":"Lagavulin","floor":6.0,"turns":1.0},{"damage":6.0,"enemies":"2 Louse","floor":7.0,"turns":3.0},{"damage":34.0,"enemies":"Gremlin Nob","floor":8.0,"turns":7.0},{"damage":37.0,"enemies":"Lagavulin","floor":10.0,"turns":8.0},{"damage":17.0,"enemies":"Exordium Wildlife","floor":14.0,"turns":2.0},{"damage":28.0,"enemies":"The Guardian","floor":16.0,"turns":6.0},{"damage":0.0,"enemies":"Spheric Guardian","floor":18.0,"turns":3.0},{"damage":38.0,"enemies":"2 Thieves","floor":19.0,"turns":4.0},{"damage":2.0,"enemies":"Shelled Parasite and Fungi","floor":21.0,"turns":2.0},{"damage":16.0,"enemies":"Gremlin Leader","floor":23.0,"turns":3.0},{"damage":24.0,"enemies":"Book of Stabbing","floor":25.0,"turns":5.0},{"damage":9.0,"enemies":"Snake Plant","floor":29.0,"turns":4.0},{"damage":17.0,"enemies":"Gremlin Leader","floor":30.0,"turns":4.0},{"damage":1.0,"enemies":"Snecko","floor":31.0,"turns":4.0},{"damage":0.0,"enemies":"Collector","floor":33.0,"turns":3.0},{"damage":0.0,"enemies":"3 Shapes","floor":35.0,"turns":3.0},{"damage":21.0,"enemies":"3 Darklings","floor":36.0,"turns":7.0},{"damage":26.0,"enemies":"Sphere and 2 Shapes","floor":38.0,"turns":4.0},{"damage":12.0,"enemies":"Spire Growth","floor":39.0,"turns":3.0},{"damage":12.0,"enemies":"Reptomancer","floor":40.0,"turns":6.0},{"damage":20.0,"enemies":"Nemesis","floor":42.0,"turns":5.0},{"damage":0.0,"enemies":"2 Orb Walkers","floor":44.0,"turns":4.0},{"damage":0.0,"enemies":"Reptomancer","floor":45.0,"turns":1.0},{"damage":0.0,"enemies":"Maw","floor":47.0,"turns":4.0},{"damage":44.0,"enemies":"Time Eater","floor":50.0,"turns":9.0},{"damage":34.0,"enemies":"Shield and Spear","floor":54.0,"turns":6.0},{"damage":48,"enemies":"The Heart","floor":55,"turns":5}],"seed_played":"-5805723360754325117","potions_obtained":[{"floor":7.0,"key":"Energy Potion"},{"floor":8.0,"key":"GamblersBrew"},{"floor":10.0,"key":"SteroidPotion"},{"floor":14.0,"key":"SkillPotion"},{"floor":16.0,"key":"PowerPotion"},{"floor":18.0,"key":"Energy Potion"},{"floor":23.0,"key":"SteroidPotion"},{"floor":31.0,"key":"Swift Potion"}],"is_trial":false,"path_per_floor":["M","M","?","T","?","E","M","E","T","E","?","$","R","M","R","B",null,"M","M","?","M","?","E","$","E","T","R","?","M","E","M","R","B",null,"M","M","T","M","M","E","$","E","T","?","E","R","M","$","R","B",null,"R","$","E","B",null],"character_chosen":"The_Alterego","items_purchased":["Membership Card","Boot","HornCleat","Metamorphosis","Orichalcum","Toolbox","Strange Spoon","CaptainsWheel","MealTicket","Secret Technique","alterego_mod:SistersRibbon","Gambling Chip","Bag of Preparation","Shuriken","Mummified Hand","alterego_mod:Bloomers"],"campfire_rested":1,"item_purchase_floors":[12,12,12,12,24,24,41,41,41,41,48,48,48,48,48,48],"current_hp_per_floor":[70,70,75,75,75,77,80,54,54,18,18,18,27,13,62,35,86,88,51,51,52,52,39,39,18,18,27,27,21,21,23,32,53,107,107,88,88,67,58,63,63,55,55,59,61,76,80,95,110,71,119,119,119,88,45],"gold":64,"neow_bonus":"THREE_ENEMY_KILL","is_daily":false,"chose_seed":false,"campfire_upgraded":5,"win_rate":0,"timestamp":1607632026,"path_taken":["M","M","?","?","?","E","M","E","T","E","?","?","R","M","R","BOSS","M","M","?","M","?","E","$","E","T","R","?","M","E","?","R","BOSS","M","M","?","M","?","E","$","E","T","?","E","R","M","$","R","BOSS","R","$","E","BOSS"],"build_version":"2020-11-30","purchased_purges":3,"victory":true,"max_hp_per_floor":[70,70,75,75,75,77,80,81,81,82,82,82,82,85,85,86,86,88,89,89,92,92,95,95,98,98,98,98,101,104,107,107,107,107,107,108,108,111,114,115,115,116,116,118,118,118,118,118,118,119,119,119,119,120,121],"card_choices":[{"not_picked":["alterego_mod:Mirror","alterego_mod:BoobPocket"],"picked":"alterego_mod:Punishment","floor":1.0},{"not_picked":["alterego_mod:BreastValley","alterego_mod:BiFurious"],"picked":"alterego_mod:DestructionOfProperty","floor":2.0},{"not_picked":["alterego_mod:Bloomers","alterego_mod:BreastValley","alterego_mod:GachaTicket"],"picked":"Singing Bowl","floor":6.0},{"not_picked":["alterego_mod:BusterCard","alterego_mod:Crossover","alterego_mod:TrashNCrash"],"picked":"Singing Bowl","floor":7.0},{"not_picked":["alterego_mod:SuperDuperMasochism","alterego_mod:PerceptionDisorder"],"picked":"alterego_mod:Vow","floor":8.0},{"not_picked":["alterego_mod:Nekomimi","alterego_mod:Skirt"],"picked":"alterego_mod:Clones","floor":10.0},{"not_picked":["alterego_mod:Lingerie","alterego_mod:Rip","alterego_mod:Complex"],"picked":"Singing Bowl","floor":14.0},{"not_picked":["alterego_mod:GIGAMILK","alterego_mod:SideboobHour"],"picked":"alterego_mod:AlterEgo","floor":16.0},{"not_picked":["alterego_mod:Collar","alterego_mod:GoddessCore","alterego_mod:Jiggle"],"picked":"Singing Bowl","floor":18.0},{"not_picked":["alterego_mod:1TonWallop+1","alterego_mod:HighServant"],"picked":"alterego_mod:Cushion","floor":19.0},{"not_picked":["alterego_mod:BiFurious","alterego_mod:DeftHands","alterego_mod:HighServant+1"],"picked":"Singing Bowl","floor":21.0},{"not_picked":["alterego_mod:Santa","alterego_mod:GoddessCore+1","alterego_mod:Alter"],"picked":"Singing Bowl","floor":23.0},{"not_picked":["alterego_mod:PerceptionDisorder","alterego_mod:RocketPunch","alterego_mod:DeftHands"],"picked":"Singing Bowl","floor":25.0},{"not_picked":["alterego_mod:Maid","alterego_mod:Undulate","alterego_mod:Pet"],"picked":"Singing Bowl","floor":29.0},{"not_picked":["alterego_mod:Cooking+1","alterego_mod:HighServant","alterego_mod:BiFurious+1"],"picked":"Singing Bowl","floor":30.0},{"not_picked":["alterego_mod:TrashNCrash","alterego_mod:BreastValley","alterego_mod:DeftHands"],"picked":"Singing Bowl","floor":31.0},{"not_picked":["alterego_mod:Antipathy","alterego_mod:BrynhildrRomantia"],"picked":"alterego_mod:Venus","floor":33.0},{"not_picked":["alterego_mod:BustOut+1","alterego_mod:Cooking"],"picked":"alterego_mod:Birthday","floor":35.0},{"not_picked":["alterego_mod:Complex","alterego_mod:Cooking"],"picked":"alterego_mod:SakuraPetals+1","floor":36.0},{"not_picked":["alterego_mod:Complex","alterego_mod:Table+1","alterego_mod:Crossover"],"picked":"Singing Bowl","floor":38.0},{"not_picked":["alterego_mod:Cooking","alterego_mod:DeftHands","alterego_mod:PurpleHair"],"picked":"Singing Bowl","floor":39.0},{"not_picked":["alterego_mod:Skirt","alterego_mod:Complex"],"picked":"alterego_mod:SakuraFive+1","floor":40.0},{"not_picked":["alterego_mod:Smother+1","alterego_mod:Bounce"],"picked":"alterego_mod:Exercise","floor":42.0},{"not_picked":["alterego_mod:DeftHands","alterego_mod:HighServant+1","alterego_mod:Mirror"],"picked":"Singing Bowl","floor":44.0},{"not_picked":["alterego_mod:Crossover","alterego_mod:Swimsuit"],"picked":"alterego_mod:SakuraLabyrinth+1","floor":45.0},{"not_picked":["alterego_mod:Nekomimi","alterego_mod:Complex+1","alterego_mod:Pet"],"picked":"alterego_mod:Antipathy","floor":47.0},{"not_picked":["alterego_mod:Support+1","alterego_mod:PerceptionDisorder+1","alterego_mod:Lingerie+1"],"picked":"alterego_mod:IndependentAction","floor":54.0}],"player_experience":126503,"relics_obtained":[{"floor":4.0,"key":"Singing Bowl"},{"floor":6.0,"key":"Regal Pillow"},{"floor":8.0,"key":"Vajra"},{"floor":10.0,"key":"Eternal Feather"},{"floor":23.0,"key":"Potion Belt"},{"floor":25.0,"key":"Bag of Marbles"},{"floor":26.0,"key":"Akabeko"},{"floor":30.0,"key":"Bottled Flame"},{"floor":37.0,"key":"Oddly Smooth Stone"},{"floor":40.0,"key":"Blood Vial"},{"floor":42.0,"key":"The Courier"},{"floor":43.0,"key":"Art of War"},{"floor":44.0,"key":"StoneCalendar"},{"floor":45.0,"key":"Question Card"},{"floor":54.0,"key":"Happy Flower"}],"event_choices":[{"damage_healed":0.0,"max_hp_gain":5.0,"max_hp_loss":0.0,"gold_gain":0.0,"event_name":"Big Fish","player_choice":"Donut","floor":3.0,"gold_loss":0.0,"damage_taken":0.0},{"damage_healed":0.0,"max_hp_gain":0.0,"max_hp_loss":0.0,"gold_gain":175.0,"event_name":"Liars Game","player_choice":"AGREE","floor":5.0,"gold_loss":0.0,"damage_taken":0.0,"cards_obtained":["Doubt"]},{"damage_healed":0.0,"max_hp_gain":0.0,"max_hp_loss":0.0,"gold_gain":0.0,"event_name":"Golden Idol","player_choice":"Take Wound","floor":11.0,"gold_loss":0.0,"damage_taken":0.0,"relics_obtained":["Golden Idol"],"cards_obtained":["Injury"]},{"damage_healed":0.0,"max_hp_gain":0.0,"max_hp_loss":0.0,"gold_gain":0.0,"event_name":"The Library","player_choice":"Read","floor":20.0,"gold_loss":0.0,"damage_taken":0.0,"cards_obtained":["alterego_mod:Exercise"]},{"damage_healed":0.0,"max_hp_gain":0.0,"max_hp_loss":0.0,"gold_gain":99.0,"event_name":"Nest","player_choice":"Stole From Cult","floor":22.0,"gold_loss":0.0,"damage_taken":0.0},{"damage_healed":0.0,"max_hp_gain":0.0,"max_hp_loss":0.0,"gold_gain":0.0,"event_name":"FaceTrader","player_choice":"Trade","floor":28.0,"gold_loss":0.0,"damage_taken":0.0,"relics_obtained":["SsserpentHead"]},{"damage_healed":0.0,"max_hp_gain":0.0,"max_hp_loss":0.0,"gold_gain":0.0,"event_name":"Mysterious Sphere","player_choice":"Fight","floor":44.0,"gold_loss":0.0,"damage_taken":0.0}],"is_beta":false,"boss_relics":[{"not_picked":["Empty Cage","Velvet Choker"],"picked":"Coffee Dripper"},{"not_picked":["Calling Bell","Runic Dome"],"picked":"Sozu"}],"items_purged_floors":[12,24,41],"is_endless":false,"potions_floor_spawned":[7,8,10,14,16,18,21,23,31,38,39,44,45],"ascension_level":2}}