{"host":"f14d6hm2349s9jse","time":1607628817,"event":{"mods":["BaseMod","StSLib","Minty Spire (QoL Compilation)","2.2 Compatiblity","Robot Space Explorer"],"gold_per_floor":[117,40,55,65,79,112,129,129,129,148,179,179,207,224,224,329,329,342,342,358,368,368,403,403,3,30,61,90,109,109,125,125,223,223,240,252,474,489,489,520,520,536,536,562,571,589,607,642,642,642],"floor_reached":51,"playtime":2983,"items_purged":[],"score":891,"play_id":"71795a1b-37ec-4110-9b7b-41e35f657e91","local_time":"20201210143337","is_ascension_mode":false,"campfire_choices":[{"data":"RobotSpaceExplorer:PowerCollector","floor":8.0,"key":"SMITH"},{"floor":15,"key":"REST"},{"floor":30,"key":"REST"},{"floor":32,"key":"REST"},{"floor":41,"key":"REST"},{"floor":49,"key":"REST"}],"circlet_count":0,"master_deck":["RobotSpaceExplorer:Strike","RobotSpaceExplorer:Strike","RobotSpaceExplorer:Strike","RobotSpaceExplorer:Strike","RobotSpaceExplorer:Defend","RobotSpaceExplorer:Defend","RobotSpaceExplorer:Defend","RobotSpaceExplorer:Defend","RobotSpaceExplorer:Scan","RobotSpaceExplorer:MiniLasers","RobotSpaceExplorer:ScrapMissile","RobotSpaceExplorer:ExhaustFan","RobotSpaceExplorer:PowerCollector+1","RobotSpaceExplorer:Autoloader","RobotSpaceExplorer:Discharger","RobotSpaceExplorer:Blaster","RobotSpaceExplorer:Scanner","RobotSpaceExplorer:Reload+1","RobotSpaceExplorer:ScrapMissile+1","RobotSpaceExplorer:ScrapMissile","RobotSpaceExplorer:Autoloader","RobotSpaceExplorer:HighVoltage","RobotSpaceExplorer:FreezeRay","Injury","RobotSpaceExplorer:SelfCleaning","RobotSpaceExplorer:MiniBoosters","RobotSpaceExplorer:FrostMissile+1","RobotSpaceExplorer:Blaster","CurseOfTheBell","RobotSpaceExplorer:MiniBoosters","Regret","Writhe","RobotSpaceExplorer:PowerCollector","Jack Of All Trades","Madness","Madness","Clumsy"],"special_seed":0,"relics":["RobotSpaceExplorer:RoboCore","NeowsBlessing","Orichalcum","Mercury Hourglass","Mummified Hand","Toy Ornithopter","Bag of Marbles","Cursed Key","CultistMask","Tiny Chest","Gremlin Horn","Happy Flower","Oddly Smooth Stone","Red Mask","Calling Bell","Pen Nib","Matryoshka","Turnip","Shuriken","Regal Pillow","Akabeko","CeramicFish","RobotSpaceExplorer:ClockworkSextant"],"acts_visited":["Exordium","TheCity","TheBeyond"],"potions_floor_usage":[11,28,28,29,38,38,44],"damage_taken":[{"damage":0.0,"enemies":"Cultist","floor":1.0,"turns":1.0},{"damage":0.0,"enemies":"2 Louse","floor":3.0,"turns":1.0},{"damage":0.0,"enemies":"Small Slimes","floor":4.0,"turns":1.0},{"damage":3.0,"enemies":"Blue Slaver","floor":5.0,"turns":3.0},{"damage":8.0,"enemies":"3 Sentries","floor":6.0,"turns":8.0},{"damage":10.0,"enemies":"2 Fungi Beasts","floor":7.0,"turns":4.0},{"damage":1.0,"enemies":"3 Louse","floor":10.0,"turns":2.0},{"damage":10,"enemies":"Lagavulin","floor":11,"turns":5},{"damage":6,"enemies":"Gremlin Nob","floor":13,"turns":3},{"damage":0,"enemies":"Blue Slaver","floor":14,"turns":2},{"damage":19,"enemies":"Hexaghost","floor":16,"turns":7},{"damage":5,"enemies":"2 Thieves","floor":18,"turns":3},{"damage":14,"enemies":"Spheric Guardian","floor":20,"turns":4},{"damage":9,"enemies":"Centurion and Healer","floor":21,"turns":4},{"damage":29,"enemies":"Gremlin Leader","floor":23,"turns":4},{"damage":31,"enemies":"Book of Stabbing","floor":27,"turns":4},{"damage":0,"enemies":"Masked Bandits","floor":28,"turns":2},{"damage":9,"enemies":"Shelled Parasite and Fungi","floor":29,"turns":2},{"damage":17,"enemies":"Snake Plant","floor":31,"turns":4},{"damage":9,"enemies":"Automaton","floor":33,"turns":6},{"damage":6,"enemies":"3 Shapes","floor":35,"turns":4},{"damage":26,"enemies":"Orb Walker","floor":36,"turns":4},{"damage":14,"enemies":"3 Darklings","floor":38,"turns":3},{"damage":17,"enemies":"Giant Head","floor":40,"turns":6},{"damage":21,"enemies":"Jaw Worm Horde","floor":42,"turns":4},{"damage":6,"enemies":"4 Shapes","floor":44,"turns":4},{"damage":6,"enemies":"Sphere and 2 Shapes","floor":47,"turns":2},{"damage":74,"enemies":"Donu and Deca","floor":50,"turns":8}],"seed_played":"2852965609467352971","potions_obtained":[{"floor":3.0,"key":"Dexterity Potion"},{"floor":4.0,"key":"AttackPotion"},{"floor":6.0,"key":"Strength Potion"},{"floor":13,"key":"Weak Potion"},{"floor":14,"key":"SpeedPotion"},{"floor":16,"key":"RobotSpaceExplorer:LiquidFusion"},{"floor":18,"key":"BlessingOfTheForge"},{"floor":23,"key":"Explosive Potion"},{"floor":33,"key":"Fire Potion"},{"floor":35,"key":"SkillPotion"},{"floor":38,"key":"FairyPotion"},{"floor":42,"key":"GamblersBrew"}],"is_trial":false,"path_per_floor":["M","$","M","M","M","E","M","R","T","M","E","?","E","M","R","B",null,"M","?","M","M","?","E","?","$","T","E","?","M","R","M","R","B",null,"M","M","?","M","T","E","R","M","T","M","?","?","M","T","R","B",null],"character_chosen":"RobotSpaceExplorer","items_purchased":["RobotSpaceExplorer:ExhaustFan","RobotSpaceExplorer:HighVoltage","RobotSpaceExplorer:FreezeRay","Gremlin Horn"],"campfire_rested":5,"item_purchase_floors":[2,25,25,25],"current_hp_per_floor":[75,75,75,75,72,64,54,54,54,53,43,43,37,37,59,40,75,70,70,56,47,47,18,43,43,43,12,22,18,40,23,45,36,75,69,43,43,39,39,22,59,38,38,37,37,28,22,22,59,22],"gold":642,"neow_bonus":"THREE_ENEMY_KILL","is_daily":false,"chose_seed":false,"campfire_upgraded":1,"win_rate":0.0,"timestamp":1607628817,"path_taken":["M","$","M","?","M","E","M","R","T","M","E","?","E","M","R","BOSS","M","?","M","?","?","E","?","$","T","E","?","M","R","M","R","BOSS","M","M","?","M","?","E","R","M","T","M","?","?","?","?","R","BOSS"],"build_version":"2020-11-30","purchased_purges":0,"victory":true,"max_hp_per_floor":[75,75,75,75,75,75,75,75,75,75,75,75,75,75,75,75,75,75,75,75,75,75,75,75,75,75,75,75,75,75,75,75,75,75,75,75,75,75,75,75,75,75,75,75,75,75,75,75,75,75],"card_choices":[{"not_picked":["RobotSpaceExplorer:SurgingStrike","RobotSpaceExplorer:Ammunition"],"picked":"RobotSpaceExplorer:ScrapMissile","floor":1.0},{"not_picked":["RobotSpaceExplorer:GlueShot","RobotSpaceExplorer:Counterblock","RobotSpaceExplorer:SwiftStep"],"picked":"SKIP","floor":3.0},{"not_picked":["RobotSpaceExplorer:ImprovisedAttack","RobotSpaceExplorer:MetalStrike"],"picked":"RobotSpaceExplorer:PowerCollector","floor":4.0},{"not_picked":["RobotSpaceExplorer:ImprovisedAttack","RobotSpaceExplorer:Ammunition","RobotSpaceExplorer:ShovelStrike"],"picked":"SKIP","floor":5.0},{"not_picked":["RobotSpaceExplorer:MetalStrike","RobotSpaceExplorer:DualCore"],"picked":"RobotSpaceExplorer:Autoloader","floor":6.0},{"not_picked":["RobotSpaceExplorer:SelfCleaning","RobotSpaceExplorer:FrostMissile","RobotSpaceExplorer:ShockKick"],"picked":"SKIP","floor":7.0},{"not_picked":["RobotSpaceExplorer:Ammunition","RobotSpaceExplorer:SlimeMissile","RobotSpaceExplorer:DualCore"],"picked":"SKIP","floor":10.0},{"not_picked":["RobotSpaceExplorer:MiniDrones","RobotSpaceExplorer:StunGrenade","RobotSpaceExplorer:ShockKick"],"picked":"SKIP","floor":11},{"not_picked":["RobotSpaceExplorer:FrostMissile","RobotSpaceExplorer:Counterblock"],"picked":"RobotSpaceExplorer:Discharger","floor":13},{"not_picked":["RobotSpaceExplorer:RigExplosive","RobotSpaceExplorer:FrostMissile"],"picked":"RobotSpaceExplorer:Blaster","floor":14},{"not_picked":["RobotSpaceExplorer:ShockMissile","RobotSpaceExplorer:Arsenal"],"picked":"RobotSpaceExplorer:Scanner","floor":16},{"not_picked":["RobotSpaceExplorer:FranticSearch+1","RobotSpaceExplorer:Probe+1"],"picked":"RobotSpaceExplorer:Reload+1","floor":18},{"not_picked":["RobotSpaceExplorer:Ammunition","RobotSpaceExplorer:Counterblock+1"],"picked":"RobotSpaceExplorer:ScrapMissile+1","floor":20},{"not_picked":["RobotSpaceExplorer:Ammunition","RobotSpaceExplorer:ImprovisedAttack"],"picked":"RobotSpaceExplorer:ScrapMissile","floor":21},{"not_picked":["RobotSpaceExplorer:Arsenal","RobotSpaceExplorer:Discharger+1"],"picked":"RobotSpaceExplorer:Autoloader","floor":23},{"not_picked":["RobotSpaceExplorer:SurgingStrike","RobotSpaceExplorer:RigExplosive"],"picked":"RobotSpaceExplorer:SelfCleaning","floor":27},{"not_picked":["RobotSpaceExplorer:SurgingStrike","RobotSpaceExplorer:Reload"],"picked":"RobotSpaceExplorer:MiniBoosters","floor":29},{"not_picked":["RobotSpaceExplorer:SwiftStep","RobotSpaceExplorer:MiniDrones+1"],"picked":"RobotSpaceExplorer:FrostMissile+1","floor":31},{"not_picked":["RobotSpaceExplorer:Comet","RobotSpaceExplorer:Wormhole"],"picked":"RobotSpaceExplorer:Blaster","floor":33},{"not_picked":["RobotSpaceExplorer:MiniDrones+1","RobotSpaceExplorer:SurgingShield+1","RobotSpaceExplorer:Blitz+1"],"picked":"SKIP","floor":35},{"not_picked":["RobotSpaceExplorer:ImprovisedAttack+1","RobotSpaceExplorer:ShovelStrike+1"],"picked":"RobotSpaceExplorer:MiniBoosters","floor":36},{"not_picked":["RobotSpaceExplorer:FrostMissile","RobotSpaceExplorer:SurgingShield+1"],"picked":"RobotSpaceExplorer:Wormhole","floor":38},{"not_picked":["RobotSpaceExplorer:LuckyStrike","RobotSpaceExplorer:GlueShot+1","RobotSpaceExplorer:SurgingStrike"],"picked":"SKIP","floor":40},{"not_picked":["RobotSpaceExplorer:GlueShot","RobotSpaceExplorer:SwiftStep+1","RobotSpaceExplorer:PlasmaMissile"],"picked":"SKIP","floor":42},{"not_picked":["RobotSpaceExplorer:MetalStrike","RobotSpaceExplorer:SlimeMissile+1"],"picked":"RobotSpaceExplorer:PowerCollector","floor":44},{"not_picked":["Bandage Up","Swift Strike"],"picked":"Jack Of All Trades","floor":45},{"not_picked":["RobotSpaceExplorer:Probe","RobotSpaceExplorer:MiniDrones+1","RobotSpaceExplorer:MetalStrike"],"picked":"SKIP","floor":47}],"player_experience":2463875,"relics_obtained":[{"floor":6.0,"key":"Orichalcum"},{"floor":9.0,"key":"Mercury Hourglass"},{"floor":11,"key":"Mummified Hand"},{"floor":13,"key":"Bag of Marbles"},{"floor":26,"key":"Happy Flower"},{"floor":27,"key":"Oddly Smooth Stone"},{"floor":28,"key":"Red Mask"},{"floor":34,"key":"Pen Nib"},{"floor":34,"key":"Matryoshka"},{"floor":34,"key":"Turnip"},{"floor":39,"key":"Shuriken"},{"floor":40,"key":"Regal Pillow"},{"floor":43,"key":"Akabeko"},{"floor":43,"key":"CeramicFish"},{"floor":48,"key":"RobotSpaceExplorer:ClockworkSextant"}],"event_choices":[{"damage_healed":0,"gold_gain":0,"player_choice":"Gave Potion","damage_taken":0,"relics_obtained":["Toy Ornithopter"],"max_hp_gain":0,"max_hp_loss":0,"event_name":"WeMeetAgain","floor":12,"gold_loss":0},{"damage_healed":0,"gold_gain":0,"player_choice":"Trade","damage_taken":0,"relics_obtained":["CultistMask"],"max_hp_gain":0,"max_hp_loss":0,"event_name":"FaceTrader","floor":19,"gold_loss":0},{"damage_healed":0,"gold_gain":0,"player_choice":"Opened","damage_taken":0,"relics_obtained":["Tiny Chest"],"max_hp_gain":0,"max_hp_loss":0,"event_name":"The Mausoleum","floor":22,"gold_loss":0,"cards_obtained":["Writhe"]},{"damage_healed":25,"gold_gain":0,"player_choice":"Heal","damage_taken":0,"max_hp_gain":0,"max_hp_loss":0,"event_name":"The Library","floor":24,"gold_loss":0},{"damage_healed":0,"gold_gain":0,"player_choice":"Fought Bandits","damage_taken":0,"max_hp_gain":0,"max_hp_loss":0,"event_name":"Masked Bandits","floor":28,"gold_loss":0},{"damage_healed":0,"gold_gain":222,"player_choice":"Wore Mask","damage_taken":0,"max_hp_gain":0,"max_hp_loss":0,"event_name":"Tomb of Lord Red Mask","floor":37,"gold_loss":0},{"damage_healed":0,"gold_gain":0,"player_choice":"Memory 1","damage_taken":0,"max_hp_gain":0,"max_hp_loss":0,"event_name":"SensoryStone","floor":45,"gold_loss":0},{"damage_healed":0,"gold_gain":0,"player_choice":"Embrace Madness","damage_taken":9,"max_hp_gain":0,"max_hp_loss":0,"event_name":"Winding Halls","floor":46,"gold_loss":0,"cards_obtained":["Madness","Madness"]}],"is_beta":false,"boss_relics":[{"not_picked":["Black Star","SacredBark"],"picked":"Cursed Key"},{"not_picked":["Runic Dome","Snecko Eye"],"picked":"Calling Bell"}],"items_purged_floors":[],"is_endless":false,"potions_floor_spawned":[3,4,6,13,14,16,18,23,33,35,38,42],"ascension_level":0}}