{"host":"981nlwu0905dw1bz","time":1607594007,"event":{"gold_per_floor":[116,116,131,189,43,77,77,87,87,116,130,130,130,148,148,245,245,256,256,269,283,382,157,157,157,157],"floor_reached":25,"playtime":711,"items_purged":["Strike_B"],"score":306,"play_id":"c85232f9-4b05-4c0a-bf6b-9b1168cc2163","local_time":"20201210185327","is_ascension_mode":true,"campfire_choices":[{"floor":7.0,"key":"REST"},{"floor":12.0,"key":"REST"},{"floor":15.0,"key":"REST"},{"data":"Static Discharge","floor":24,"key":"SMITH"}],"neow_cost":"NONE","seed_source_timestamp":0,"circlet_count":0,"master_deck":["Strike_B","Strike_B","Strike_B","Defend_B","Defend_B","Defend_B","Defend_B","Zap+1","Dualcast","Leap","Streamline","Turbo","Coolheaded","Auto Shields","Rebound","Conserve Battery","Thunder Strike","Static Discharge+1","Tempest","Cold Snap+1","Redo"],"special_seed":0,"relics":["Cracked Core","Regal Pillow","Turnip","Sundial","Torii","Happy Flower","Black Star","Lee\u0027s Waffle"],"potions_floor_usage":[18,25],"damage_taken":[{"damage":7.0,"enemies":"Jaw Worm","floor":1.0,"turns":3.0},{"damage":1.0,"enemies":"2 Louse","floor":3.0,"turns":3.0},{"damage":31.0,"enemies":"Gremlin Nob","floor":6.0,"turns":5.0},{"damage":0.0,"enemies":"Cultist","floor":8.0,"turns":3.0},{"damage":42.0,"enemies":"Lagavulin","floor":10.0,"turns":8.0},{"damage":10.0,"enemies":"Lots of Slimes","floor":11.0,"turns":4.0},{"damage":19.0,"enemies":"Exordium Wildlife","floor":14.0,"turns":6.0},{"damage":71.0,"enemies":"Hexaghost","floor":16.0,"turns":15.0},{"damage":8,"enemies":"Chosen","floor":18,"turns":6},{"damage":11,"enemies":"3 Byrds","floor":20,"turns":2},{"damage":19,"enemies":"Snake Plant","floor":21,"turns":4},{"damage":94,"enemies":"Gremlin Leader","floor":25,"turns":7}],"seed_played":"-2433157111808310352","potions_obtained":[{"floor":3.0,"key":"FairyPotion"},{"floor":11.0,"key":"DistilledChaos"},{"floor":20,"key":"BlessingOfTheForge"}],"is_trial":false,"path_per_floor":["M","?","M","?","$","E","R","M","T","E","M","R","?","M","R","B",null,"M","?","M","M","?","$","R","E"],"character_chosen":"DEFECT","items_purchased":["Regal Pillow","Lee\u0027s Waffle"],"campfire_rested":3,"item_purchase_floors":[5,23],"current_hp_per_floor":[61,61,60,60,60,29,66,66,66,24,14,51,44,25,62,22,62,54,54,43,24,24,82,82,0,0],"gold":157,"neow_bonus":"UPGRADE_CARD","is_prod":false,"is_daily":false,"chose_seed":false,"campfire_upgraded":1,"win_rate":0,"timestamp":1607594007,"path_taken":["M","?","M","?","?","E","R","?","T","E","M","R","?","M","R","BOSS","M","?","M","M","?","?","R","E"],"build_version":"2020-11-30","purchased_purges":1,"victory":false,"max_hp_per_floor":[75,75,75,75,75,75,75,75,75,75,75,75,75,75,75,75,75,75,75,75,75,75,82,82,82,82],"card_choices":[{"not_picked":["Steam","Gash"],"picked":"Leap","floor":1.0},{"not_picked":["Leap","Stack"],"picked":"Streamline","floor":3.0},{"not_picked":["Skim","Rip and Tear"],"picked":"Turbo","floor":6.0},{"not_picked":["Recycle","Aggregate"],"picked":"Coolheaded","floor":8.0},{"not_picked":["Sweeping Beam","Reboot"],"picked":"Auto Shields","floor":10.0},{"not_picked":["Static Discharge","Steam Power"],"picked":"Rebound","floor":11.0},{"not_picked":["Double Energy","Rebound"],"picked":"Conserve Battery","floor":14.0},{"not_picked":["Core Surge","All For One"],"picked":"Thunder Strike","floor":16.0},{"not_picked":["Steam+1","Hologram"],"picked":"Static Discharge","floor":18},{"not_picked":["Leap","Turbo"],"picked":"Cold Snap+1","floor":20},{"not_picked":["Turbo","Genetic Algorithm"],"picked":"Redo","floor":21}],"player_experience":425318,"relics_obtained":[{"floor":6.0,"key":"Turnip"},{"floor":9.0,"key":"Sundial"},{"floor":10.0,"key":"Torii"}],"event_choices":[{"damage_healed":0.0,"max_hp_gain":0.0,"max_hp_loss":0.0,"gold_gain":0.0,"event_name":"Shining Light","player_choice":"Ignored","floor":2.0,"gold_loss":0.0,"damage_taken":0.0},{"damage_healed":0.0,"max_hp_gain":0.0,"max_hp_loss":0.0,"gold_gain":58.0,"event_name":"Golden Wing","player_choice":"Gained Gold","floor":4.0,"gold_loss":0.0,"damage_taken":0.0},{"damage_healed":0.0,"max_hp_gain":0.0,"max_hp_loss":0.0,"gold_gain":0.0,"event_name":"Scrap Ooze","player_choice":"Success","floor":13.0,"gold_loss":0.0,"damage_taken":7.0,"relics_obtained":["Happy Flower"]},{"damage_healed":0,"gold_gain":0,"player_choice":"Read","damage_taken":0,"max_hp_gain":0,"max_hp_loss":0,"event_name":"The Library","floor":19,"gold_loss":0,"cards_obtained":["Tempest"]},{"damage_healed":0,"gold_gain":99,"player_choice":"Stole From Cult","damage_taken":0,"max_hp_gain":0,"max_hp_loss":0,"event_name":"Nest","floor":22,"gold_loss":0}],"is_beta":false,"boss_relics":[{"not_picked":["Coffee Dripper","Busted Crown"],"picked":"Black Star"}],"items_purged_floors":[23],"is_endless":false,"potions_floor_spawned":[3,11,20],"killed_by":"Gremlin Leader","ascension_level":9}}