{"host":"h15mxg6fckhg46bu","time":1607636051,"event":{"mods":["BaseMod","Minty Spire (QoL Compilation)","Block Reminder","StSLib"],"gold_per_floor":[118,128,203,213,233,233,14,14,14,14,42,58,75,103,103,198,248,266,286,69,81,99,143,143,163,212,236,280,303,332,332,332,438,438,463,486,511,511,520,58,101,120,129,229,229,264,286,329,329,329,329],"floor_reached":50,"playtime":5414,"items_purged":["Strike_R"],"score":860,"play_id":"27be60a1-8a2c-473f-b1e7-04857efee41a","local_time":"20201210153411","is_ascension_mode":true,"campfire_choices":[{"floor":6,"key":"REST"},{"data":"Havoc","floor":8,"key":"SMITH"},{"floor":15,"key":"REST"},{"floor":24,"key":"REST"},{"floor":32,"key":"REST"},{"data":"Apotheosis","floor":45,"key":"SMITH"},{"floor":49,"key":"REST"}],"circlet_count":0,"master_deck":["Strike_R","Strike_R","Strike_R","Strike_R","Defend_R","Defend_R","Defend_R","Defend_R","Bash+1","Fiend Fire","Havoc+1","Warcry+1","Shrug It Off","Anger","Infernal Blade","Shrug It Off","Headbutt","Seeing Red","Feed","True Grit","Shockwave","Dark Embrace","Apotheosis+1","True Grit","True Grit+1","Havoc+1","Fiend Fire","Pommel Strike","Shrug It Off","Exhume","Ghostly Armor+1","Thunderclap","Reaper","Ghostly Armor+1","Cleave+1","True Grit+1","Dramatic Entrance","Dark Embrace","Ghostly Armor","Headbutt+1","Thunderclap","Injury","Warcry","Feel No Pain+1","Disarm"],"relics":["Burning Blood","Bronze Scales","Bottled Lightning","Bag of Preparation","Lantern","Anchor","Tiny House","CeramicFish","Red Skull","The Courier","Cursed Key","PreservedInsect","War Paint","Strawberry","Juzu Bracelet","InkBottle","Regal Pillow","Potion Belt"],"acts_visited":["Exordium","TheCity","TheBeyond"],"potions_floor_usage":[5,16,21,23,28,37,48,50,50,50],"damage_taken":[{"damage":10,"enemies":"Small Slimes","floor":1,"turns":3},{"damage":10,"enemies":"2 Louse","floor":2,"turns":2},{"damage":1,"enemies":"Cultist","floor":4,"turns":3},{"damage":34,"enemies":"Gremlin Gang","floor":5,"turns":7},{"damage":21,"enemies":"3 Sentries","floor":11,"turns":8},{"damage":10,"enemies":"Exordium Wildlife","floor":12,"turns":2},{"damage":0,"enemies":"Blue Slaver","floor":13,"turns":2},{"damage":32,"enemies":"Lagavulin","floor":14,"turns":5},{"damage":9,"enemies":"Slime Boss","floor":16,"turns":6},{"damage":3,"enemies":"3 Byrds","floor":18,"turns":4},{"damage":0,"enemies":"Chosen","floor":19,"turns":3},{"damage":13,"enemies":"Snecko","floor":21,"turns":4},{"damage":14,"enemies":"Centurion and Healer","floor":22,"turns":6},{"damage":42,"enemies":"Slavers","floor":23,"turns":6},{"damage":19,"enemies":"Shelled Parasite and Fungi","floor":25,"turns":6},{"damage":8,"enemies":"3 Cultists","floor":27,"turns":4},{"damage":13,"enemies":"Book of Stabbing","floor":28,"turns":4},{"damage":7,"enemies":"Snake Plant","floor":29,"turns":4},{"damage":17,"enemies":"Centurion and Healer","floor":30,"turns":4},{"damage":19,"enemies":"Champ","floor":33,"turns":9},{"damage":0,"enemies":"Orb Walker","floor":35,"turns":3},{"damage":30,"enemies":"3 Shapes","floor":36,"turns":6},{"damage":16,"enemies":"Writhing Mass","floor":37,"turns":7},{"damage":27,"enemies":"Reptomancer","floor":41,"turns":6},{"damage":8,"enemies":"Sphere and 2 Shapes","floor":42,"turns":3},{"damage":34,"enemies":"Nemesis","floor":46,"turns":5},{"damage":4,"enemies":"Maw","floor":47,"turns":5},{"damage":34,"enemies":"Reptomancer","floor":48,"turns":6},{"damage":194,"enemies":"Awakened One","floor":50,"turns":28}],"seed_played":"2634954197962481380","potions_obtained":[{"floor":4,"key":"Energy Potion"},{"floor":5,"key":"Fire Potion"},{"floor":14,"key":"DistilledChaos"},{"floor":16,"key":"Weak Potion"},{"floor":17,"key":"BloodPotion"},{"floor":18,"key":"LiquidMemories"},{"floor":21,"key":"PowerPotion"},{"floor":27,"key":"AttackPotion"},{"floor":30,"key":"SpeedPotion"},{"floor":35,"key":"DuplicationPotion"},{"floor":48,"key":"BloodPotion"}],"is_trial":false,"path_per_floor":["M","M","?","M","M","R","$","R","T","?","E","M","M","E","R","B",null,"M","M","$","M","M","E","R","M","T","M","E","M","M","?","R","B",null,"M","M","M","?","?","$","E","M","T","?","R","E","M","E","R","B"],"character_chosen":"IRONCLAD","items_purchased":["Bronze Scales","Apotheosis","True Grit","PreservedInsect","War Paint","Strawberry","Dark Embrace","Ghostly Armor","BloodPotion"],"campfire_rested":5,"item_purchase_floors":[7,20,20,40,40,40,40,40,40],"current_hp_per_floor":[76,72,61,66,38,62,62,62,62,62,47,43,49,23,47,44,76,79,88,88,85,80,44,72,59,59,61,54,53,42,42,71,58,89,99,96,90,90,90,97,76,78,78,78,78,54,66,48,99,0,0],"gold":329,"neow_bonus":"ONE_RANDOM_RARE_CARD","is_daily":false,"chose_seed":false,"campfire_upgraded":2,"win_rate":0,"timestamp":1607636051,"path_taken":["M","M","?","M","M","R","$","R","T","?","E","M","?","E","R","BOSS","M","?","$","M","?","E","R","M","T","M","E","M","M","?","R","BOSS","M","M","M","?","?","$","E","M","T","?","R","E","M","E","R","BOSS"],"build_version":"2020-11-30","purchased_purges":1,"victory":false,"max_hp_per_floor":[80,80,80,80,80,80,80,80,80,80,80,80,80,80,80,80,85,85,88,88,92,95,95,95,95,95,99,99,99,99,99,99,99,99,103,107,111,111,111,118,118,122,122,122,122,122,122,122,122,122,122],"card_choices":[{"not_picked":["Metallicize","Wild Strike"],"picked":"Havoc","floor":1},{"not_picked":["Battle Trance","Headbutt"],"picked":"Warcry","floor":2},{"not_picked":["Body Slam","Battle Trance"],"picked":"Shrug It Off","floor":4},{"not_picked":["Thunderclap","Uppercut"],"picked":"Anger","floor":5},{"not_picked":["Clothesline","Body Slam"],"picked":"Infernal Blade","floor":11},{"not_picked":["Sword Boomerang","Perfected Strike"],"picked":"Shrug It Off","floor":12},{"not_picked":["Whirlwind","Bloodletting"],"picked":"Headbutt","floor":13},{"not_picked":["Entrench","Hemokinesis"],"picked":"Seeing Red","floor":14},{"not_picked":["Offering","Impervious"],"picked":"Feed","floor":16},{"not_picked":["Sword Boomerang","Flame Barrier"],"picked":"True Grit","floor":17},{"not_picked":["Perfected Strike","Pommel Strike"],"picked":"Shockwave","floor":18},{"not_picked":["Clothesline","Flex"],"picked":"Dark Embrace","floor":19},{"not_picked":["Hemokinesis","Corruption"],"picked":"True Grit+1","floor":21},{"not_picked":["Shrug It Off","Sword Boomerang"],"picked":"Havoc","floor":22},{"not_picked":["Armaments+1","Clothesline"],"picked":"Fiend Fire","floor":23},{"not_picked":["Clothesline","Searing Blow"],"picked":"Pommel Strike","floor":25},{"not_picked":["Headbutt+1","Battle Trance"],"picked":"Shrug It Off","floor":27},{"not_picked":["Carnage+1","Headbutt"],"picked":"Exhume","floor":28},{"not_picked":["Burning Pact","Clash+1"],"picked":"Ghostly Armor+1","floor":29},{"not_picked":["Clash+1","Heavy Blade"],"picked":"Thunderclap","floor":30},{"not_picked":["Juggernaut","Brutality"],"picked":"Reaper","floor":33},{"not_picked":["Uppercut","Armaments+1"],"picked":"Ghostly Armor+1","floor":35},{"not_picked":["Dropkick+1","Rupture+1"],"picked":"Cleave+1","floor":36},{"not_picked":["Twin Strike+1","Warcry"],"picked":"True Grit+1","floor":37},{"not_picked":["Dark Shackles","Enlightenment"],"picked":"Dramatic Entrance","floor":39},{"not_picked":["Juggernaut","Dropkick"],"picked":"Headbutt+1","floor":41},{"not_picked":["Clash+1","Sword Boomerang"],"picked":"Thunderclap","floor":42},{"not_picked":["Metallicize","Twin Strike+1"],"picked":"Warcry","floor":46},{"not_picked":["True Grit","Carnage+1"],"picked":"Feel No Pain+1","floor":47},{"not_picked":["Combust+1","Heavy Blade+1"],"picked":"Disarm","floor":48}],"player_experience":3841329,"relics_obtained":[{"floor":9,"key":"Bottled Lightning"},{"floor":11,"key":"Lantern"},{"floor":14,"key":"Anchor"},{"floor":23,"key":"CeramicFish"},{"floor":26,"key":"Red Skull"},{"floor":28,"key":"The Courier"},{"floor":41,"key":"Juzu Bracelet"},{"floor":43,"key":"InkBottle"},{"floor":46,"key":"Regal Pillow"},{"floor":48,"key":"Potion Belt"}],"event_choices":[{"damage_healed":0,"gold_gain":75,"player_choice":"Gather Gold","damage_taken":11,"max_hp_gain":0,"max_hp_loss":0,"event_name":"World of Goop","floor":3,"gold_loss":0},{"damage_healed":0,"gold_gain":0,"player_choice":"Gave Potion","damage_taken":0,"relics_obtained":["Bag of Preparation"],"max_hp_gain":0,"max_hp_loss":0,"event_name":"WeMeetAgain","floor":10,"gold_loss":0},{"damage_healed":0,"gold_gain":0,"player_choice":"Ignored","damage_taken":0,"max_hp_gain":0,"max_hp_loss":0,"event_name":"Beggar","floor":31,"gold_loss":0},{"damage_healed":0,"gold_gain":0,"player_choice":"Ignored","damage_taken":0,"max_hp_gain":0,"max_hp_loss":0,"event_name":"Tomb of Lord Red Mask","floor":38,"gold_loss":0},{"damage_healed":0,"gold_gain":0,"player_choice":"Memory 1","damage_taken":0,"max_hp_gain":0,"max_hp_loss":0,"event_name":"SensoryStone","floor":39,"gold_loss":0},{"damage_healed":0,"gold_gain":100,"player_choice":"Pray","damage_taken":0,"max_hp_gain":0,"max_hp_loss":0,"event_name":"Golden Shrine","floor":44,"gold_loss":0}],"is_beta":false,"boss_relics":[{"not_picked":["Astrolabe","Pandora\u0027s Box"],"picked":"Tiny House"},{"not_picked":["Runic Cube","SacredBark"],"picked":"Cursed Key"}],"items_purged_floors":[7],"is_endless":false,"potions_floor_spawned":[4,5,14,16,18,19,21,27,30,35,42,48],"killed_by":"Awakened One","ascension_level":5}}