{"host":"vkn5295jy2rrqx8j","time":1607639663,"event":{"mods":["BaseMod","Colored Map","StSLib","GifTheSpireLib","Minty Spire (QoL Compilation)","Hermit","The Cursed"],"gold_per_floor":[113,130,144,163,6,6,6,35,35,35,35,49,49,67,67,142,142,153,115,128,5,55,108,108,133,133,144,34,54,84,184,184,258,258,270,270,282,293,10,43,43,16,41,41,41,41,41,59,59,59,59,59],"floor_reached":51,"playtime":2611,"items_purged":["Strike_G","Strike_G","Strike_G"],"score":1591,"play_id":"b54b10ff-2db9-4468-81cc-2ee42fcd6594","local_time":"20201211073423","is_ascension_mode":true,"campfire_choices":[{"data":"Deadly Poison","floor":6,"key":"SMITH"},{"data":"Catalyst","floor":13,"key":"SMITH"},{"data":"Well Laid Plans","floor":15,"key":"SMITH"},{"data":"After Image","floor":24,"key":"SMITH"},{"data":"Catalyst","floor":32,"key":"SMITH"},{"data":"Bullet Time","floor":45,"key":"SMITH"},{"data":"Secret Technique","floor":47,"key":"SMITH"},{"data":"Footwork","floor":49,"key":"SMITH"}],"circlet_count":0,"master_deck":["AscendersBane","Strike_G","Defend_G","Defend_G","Defend_G","Defend_G","Defend_G","Survivor","Neutralize+1","After Image+1","PiercingWail","Well Laid Plans+1","Deadly Poison+1","Footwork+1","Dagger Throw+1","Catalyst+1","Dagger Spray+1","Venomology","Backflip","Underhanded Strike+1","Slice+1","Flying Knee+1","Unload+1","Quick Slash+1","Blade Dance","Footwork","Sucker Punch+1","Poisoned Stab+1","Catalyst+1","Bullet Time+1","Footwork+1","Backflip","All Out Attack+1","Secret Technique+1","Calculated Gamble","Doubt","Corpse Explosion"],"relics":["Ring of the Snake","Membership Card","Pen Nib","Molten Egg 2","HoveringKite","OrangePellets","StoneCalendar","Lantern","Du-Vu Doll","Oddly Smooth Stone","FossilizedHelix","Kunai","SlaversCollar","Nunchaku","Vajra","Whetstone"],"acts_visited":["Exordium","TheCity","TheBeyond"],"potions_floor_usage":[4,8,18,20,23,23,25,25,27,30,35,37,37,40,40,50,50,50],"damage_taken":[{"damage":3,"enemies":"Cultist","floor":1,"turns":5},{"damage":0,"enemies":"2 Louse","floor":2,"turns":3},{"damage":2,"enemies":"Jaw Worm","floor":3,"turns":7},{"damage":5,"enemies":"Exordium Thugs","floor":4,"turns":6},{"damage":40,"enemies":"Gremlin Nob","floor":8,"turns":6},{"damage":3,"enemies":"Blue Slaver","floor":12,"turns":5},{"damage":4,"enemies":"3 Louse","floor":14,"turns":3},{"damage":0,"enemies":"Hexaghost","floor":16,"turns":9},{"damage":1,"enemies":"3 Byrds","floor":18,"turns":6},{"damage":0,"enemies":"Chosen","floor":20,"turns":3},{"damage":4,"enemies":"Gremlin Leader","floor":23,"turns":7},{"damage":22,"enemies":"Slavers","floor":25,"turns":5},{"damage":0,"enemies":"Centurion and Healer","floor":27,"turns":4},{"damage":0,"enemies":"Snake Plant","floor":29,"turns":3},{"damage":4,"enemies":"Gremlin Leader","floor":30,"turns":6},{"damage":3,"enemies":"Colosseum Slavers","floor":31,"turns":2},{"damage":2,"enemies":"Colosseum Nobs","floor":31,"turns":5},{"damage":0,"enemies":"Collector","floor":33,"turns":5},{"damage":0,"enemies":"Orb Walker","floor":35,"turns":3},{"damage":27,"enemies":"3 Darklings","floor":37,"turns":5},{"damage":13,"enemies":"Transient","floor":38,"turns":6},{"damage":34,"enemies":"Reptomancer","floor":40,"turns":7},{"damage":0,"enemies":"Sphere and 2 Shapes","floor":48,"turns":2},{"damage":52,"enemies":"Time Eater","floor":50,"turns":15},{"damage":26,"enemies":"Donu and Deca","floor":51,"turns":4}],"seed_played":"8648114402348929617","potions_obtained":[{"floor":2,"key":"SkillPotion"},{"floor":4,"key":"FearPotion"},{"floor":12,"key":"Strength Potion"},{"floor":14,"key":"Energy Potion"},{"floor":23,"key":"Regen Potion"},{"floor":29,"key":"LiquidMemories"},{"floor":40,"key":"SteroidPotion"},{"floor":48,"key":"PowerPotion"}],"is_trial":false,"path_per_floor":["M","M","M","M","$","R","?","E","T","$","?","M","R","M","R","B",null,"M","$","M","$","?","E","R","E","T","M","$","M","E","?","R","B",null,"M","?","M","M","$","E","?","$","T","?","R","?","R","M","R","B","B"],"character_chosen":"THE_SILENT","items_purchased":["Membership Card","OrangePellets","Slice+1","Flying Knee+1","Escape Plan","Footwork","Nunchaku","All Out Attack+1","Secret Technique","Swift Potion"],"campfire_rested":0,"item_purchase_floors":[5,21,21,21,28,28,39,39,39,42],"current_hp_per_floor":[56,56,54,49,49,49,42,2,2,2,24,21,21,17,17,17,54,53,53,53,53,53,49,49,27,27,39,39,39,35,30,30,30,57,57,57,30,17,17,17,66,66,66,66,66,66,66,66,66,14,0,0],"gold":59,"neow_bonus":"ONE_RANDOM_RARE_CARD","is_daily":false,"chose_seed":false,"campfire_upgraded":8,"win_rate":0,"timestamp":1607639663,"path_taken":["M","M","M","?","$","R","?","E","T","$","?","M","R","M","R","BOSS","M","$","M","$","?","E","R","E","T","M","?","M","E","?","R","BOSS","M","?","M","M","$","E","?","$","T","?","R","?","R","?","R","BOSS","BOSS"],"build_version":"2020-11-30","purchased_purges":3,"victory":false,"max_hp_per_floor":[66,66,66,66,66,66,66,66,66,66,66,66,66,66,66,66,66,66,66,66,66,66,66,66,66,66,66,66,66,66,66,66,66,66,66,66,66,66,66,66,66,66,66,66,66,66,66,66,66,66,66,66],"card_choices":[{"not_picked":["Sucker Punch","Underhanded Strike"],"picked":"PiercingWail","floor":1},{"not_picked":["Slice","Outmaneuver"],"picked":"Well Laid Plans","floor":2},{"not_picked":["Slice","Reflex"],"picked":"Deadly Poison","floor":3},{"not_picked":["Dagger Spray","Dodge and Roll"],"picked":"Footwork","floor":4},{"not_picked":["PiercingWail","Doppelganger"],"picked":"Dagger Throw","floor":8},{"not_picked":["Choke+1","Prepared"],"picked":"Catalyst","floor":12},{"not_picked":["Outmaneuver","Setup"],"picked":"Dagger Spray+1","floor":14},{"not_picked":["Glass Knife+1","A Thousand Cuts"],"picked":"Venomology","floor":16},{"not_picked":["PiercingWail","Caltrops"],"picked":"Backflip","floor":18},{"not_picked":["Crippling Poison","Sucker Punch+1"],"picked":"Underhanded Strike+1","floor":20},{"not_picked":["PiercingWail","Backflip"],"picked":"Unload+1","floor":23},{"not_picked":["Slice+1","Deflect"],"picked":"Quick Slash+1","floor":25},{"not_picked":["Backflip","Distraction"],"picked":"Blade Dance","floor":27},{"not_picked":["Poisoned Stab+1","Accuracy"],"picked":"Sucker Punch+1","floor":29},{"not_picked":["Infinite Blades","Glass Knife+1"],"picked":"Poisoned Stab+1","floor":30},{"not_picked":["Slice+1","Deflect"],"picked":"Catalyst","floor":31},{"not_picked":["Tools of the Trade","Die Die Die+1"],"picked":"Bullet Time","floor":33},{"not_picked":["Quick Slash+1","Flying Knee+1","Terror"],"picked":"SKIP","floor":35},{"not_picked":["Deflect","Backflip"],"picked":"Footwork+1","floor":37},{"not_picked":["Caltrops+1","Endless Agony+1"],"picked":"Backflip","floor":38},{"not_picked":["Underhanded Strike+1","Cloak And Dagger"],"picked":"Calculated Gamble","floor":40},{"not_picked":["Underhanded Strike+1","Slice+1"],"picked":"Corpse Explosion","floor":48}],"player_experience":780739,"relics_obtained":[{"floor":8,"key":"Pen Nib"},{"floor":9,"key":"Molten Egg 2"},{"floor":23,"key":"StoneCalendar"},{"floor":25,"key":"Lantern"},{"floor":26,"key":"Du-Vu Doll"},{"floor":30,"key":"Oddly Smooth Stone"},{"floor":31,"key":"FossilizedHelix"},{"floor":31,"key":"Kunai"},{"floor":40,"key":"Vajra"},{"floor":43,"key":"Whetstone"}],"event_choices":[{"cards_removed":["Strike_G"],"damage_healed":0,"gold_gain":0,"player_choice":"Card Removal","damage_taken":7,"max_hp_gain":0,"max_hp_loss":0,"event_name":"Golden Wing","floor":7,"gold_loss":0},{"damage_healed":22,"gold_gain":0,"player_choice":"Banana","damage_taken":0,"max_hp_gain":0,"max_hp_loss":0,"event_name":"Big Fish","floor":11,"gold_loss":0},{"damage_healed":0,"gold_gain":50,"player_choice":"Pray","damage_taken":0,"max_hp_gain":0,"max_hp_loss":0,"event_name":"Golden Shrine","floor":22,"gold_loss":0},{"damage_healed":0,"gold_gain":0,"player_choice":"Fight","damage_taken":0,"max_hp_gain":0,"max_hp_loss":0,"event_name":"Colosseum","floor":31,"gold_loss":0},{"damage_healed":0,"gold_gain":0,"player_choice":"Fought Nobs","damage_taken":0,"max_hp_gain":0,"max_hp_loss":0,"event_name":"Colosseum","floor":31,"gold_loss":0},{"damage_healed":0,"gold_gain":0,"player_choice":"Ignored","damage_taken":0,"max_hp_gain":0,"max_hp_loss":0,"event_name":"Tomb of Lord Red Mask","floor":36,"gold_loss":0},{"damage_healed":49,"gold_gain":0,"player_choice":"Heal","damage_taken":0,"max_hp_gain":0,"max_hp_loss":0,"event_name":"MindBloom","floor":41,"gold_loss":0,"cards_obtained":["Doubt"]},{"cards_removed":["Escape Plan"],"damage_healed":0,"gold_gain":0,"player_choice":"Removed Skill","damage_taken":0,"max_hp_gain":0,"max_hp_loss":0,"event_name":"Falling","floor":44,"gold_loss":0},{"damage_healed":0,"gold_gain":0,"player_choice":"Ignored","damage_taken":0,"max_hp_gain":0,"max_hp_loss":0,"event_name":"SecretPortal","floor":46,"gold_loss":0}],"is_beta":false,"boss_relics":[{"not_picked":["Runic Dome","Black Star"],"picked":"HoveringKite"},{"not_picked":["Velvet Choker","Runic Pyramid"],"picked":"SlaversCollar"}],"items_purged_floors":[19,28,39],"is_endless":false,"potions_floor_spawned":[2,4,12,14,23,29,31,38,40,48],"killed_by":"Donu and Deca","ascension_level":20}}