{"host":"ygefd14btj4nx1b7","time":1607574063,"event":{"gold_per_floor":[111,111,124,124,84,84,414,414,414,448,480,510,510,529,529,626,626,636,65,77,77,97,97,131,131,131,157,183,183,199,299,299,299,299],"floor_reached":33,"playtime":2381,"items_purged":["Strike_B","Defend_B"],"score":401,"play_id":"560207a0-1c93-4386-aae6-d992cf1ac9b4","local_time":"20201209222103","is_ascension_mode":true,"campfire_choices":[{"data":"Zap","floor":6,"key":"SMITH"},{"data":"Dualcast","floor":8,"key":"SMITH"},{"floor":13,"key":"REST"},{"floor":15,"key":"REST"},{"data":"ReplayTheSpireMod:Omega Cannon","floor":23,"key":"SMITH"},{"floor":25,"key":"REST"},{"floor":29,"key":"REST"},{"data":"Doom and Gloom","floor":32,"key":"SMITH"}],"neow_cost":"NONE","seed_source_timestamp":31423125580300,"circlet_count":0,"master_deck":["Strike_B","Strike_B","Strike_B","Defend_B","Defend_B","Zap+1","Dualcast+1","Go for the Eyes","Doom and Gloom+1","Steam","ReplayTheSpireMod:Repulse","Beam Cell+1","Conserve Battery+1","Leap","ReplayTheSpireMod:Omega Cannon+1","Go for the Eyes","Conserve Battery+1","Aggregate+1","BootSequence","Leap","Steam+1"],"relics":["Cracked Core","NeowsBlessing","hubris:Icosahedron","Old Coin","WingedGreaves","Anchor","Centennial Puzzle","DataDisk","ChewingGum","hubris:RGBLights","Gremlin Food","Vajra","hubris:BallOfYels","Blood Vial","Pen Nib","Red Mask"],"potions_floor_usage":[7,12,12,12,16,16,24,28,28,30],"damage_taken":[{"damage":0,"enemies":"Small Slimes","floor":1,"turns":1},{"damage":0,"enemies":"Jaw Worm","floor":3,"turns":1},{"damage":0,"enemies":"Gremlin Nob","floor":7,"turns":1},{"damage":20,"enemies":"3 Sentries","floor":10,"turns":5},{"damage":23,"enemies":"Lagavulin","floor":11,"turns":6},{"damage":30,"enemies":"3 Sentries","floor":12,"turns":4},{"damage":0,"enemies":"2 Louse","floor":14,"turns":2},{"damage":26,"enemies":"Fading Forest","floor":16,"turns":11},{"damage":2,"enemies":"3 Byrds","floor":18,"turns":3},{"damage":10,"enemies":"Shell Parasite","floor":20,"turns":3},{"damage":6,"enemies":"Centurion and Healer","floor":22,"turns":3},{"damage":55,"enemies":"Gremlin Leader","floor":24,"turns":9},{"damage":8,"enemies":"Slavers","floor":27,"turns":3},{"damage":0,"enemies":"Masked Bandits","floor":28,"turns":2},{"damage":0,"enemies":"3 Cultists","floor":30,"turns":3},{"damage":47,"enemies":"Automaton","floor":33,"turns":6}],"seed_played":"-5190759855243717317","potions_obtained":[{"floor":5,"key":"Regen Potion"},{"floor":5,"key":"DuplicationPotion"},{"floor":5,"key":"Flashbang"},{"floor":10,"key":"FocusPotion"},{"floor":12,"key":"DistilledChaos"},{"floor":14,"key":"PowerPotion"},{"floor":16,"key":"Weak Potion"},{"floor":24,"key":"LiquidMemories"},{"floor":27,"key":"AttackPotion"},{"floor":28,"key":"SneckoOil"}],"is_trial":false,"path_per_floor":["M","?","M","?","?","R","E","R","T","E","E","E","R","M","R","B",null,"M","$","M","?","M","R","E","R","T","E","?","R","M","?","R","B"],"character_chosen":"DEFECT","items_purchased":["hubris:RGBLights","Gremlin Food"],"campfire_rested":4,"item_purchase_floors":[19,19],"current_hp_per_floor":[75,68,68,68,68,68,68,68,68,48,25,7,29,29,51,33,75,73,73,63,63,57,57,2,24,24,18,20,42,44,44,44,0,0],"gold":299,"neow_bonus":"THREE_ENEMY_KILL","is_prod":false,"is_daily":false,"chose_seed":false,"campfire_upgraded":4,"win_rate":0,"timestamp":1607574063,"path_taken":["M","?","M","?","?","R","E","R","T","E","E","E","R","?","R","BOSS","M","$","M","?","?","R","E","R","T","E","?","R","M","?","R","BOSS"],"build_version":"2020-11-30","purchased_purges":2,"victory":false,"max_hp_per_floor":[75,75,75,75,75,75,75,75,75,75,75,75,75,75,75,75,75,75,75,75,75,75,75,75,75,75,75,75,75,75,75,75,75,75],"card_choices":[{"not_picked":["Lockon","Redo"],"picked":"Go for the Eyes","floor":1},{"not_picked":["Hologram","ReplayTheSpireMod:Repulse"],"picked":"Doom and Gloom","floor":3},{"not_picked":["Redo","Crystallizer"],"picked":"Steam","floor":7},{"not_picked":["Storm","hubris:SpecializedCircuitry"],"picked":"ReplayTheSpireMod:Repulse","floor":10},{"not_picked":["Skim","ReplayTheSpireMod:GoodbyeWorld"],"picked":"Beam Cell","floor":11},{"not_picked":["Leap","Coolheaded"],"picked":"Conserve Battery","floor":12},{"not_picked":["ReplayTheSpireMod:GoodbyeWorld","Beam Cell"],"picked":"Leap","floor":14},{"not_picked":["Multi-Cast","hubris:DoWhile"],"picked":"ReplayTheSpireMod:Omega Cannon","floor":16},{"not_picked":["Storm","Coolheaded"],"picked":"Go for the Eyes","floor":18},{"not_picked":["Chaos+1","Sweeping Beam"],"picked":"Conserve Battery+1","floor":20},{"not_picked":["Lockon","ReplaySort+1"],"picked":"Aggregate+1","floor":22},{"not_picked":["Coolheaded","Panic Button"],"picked":"BootSequence","floor":24},{"not_picked":["Compile Driver","Redo"],"picked":"Leap","floor":27},{"not_picked":["Turbo","Coolheaded"],"picked":"Steam+1","floor":30}],"player_experience":410605,"relics_obtained":[{"floor":7,"key":"Old Coin"},{"floor":9,"key":"WingedGreaves"},{"floor":10,"key":"Anchor"},{"floor":11,"key":"Centennial Puzzle"},{"floor":12,"key":"DataDisk"},{"floor":24,"key":"hubris:BallOfYels"},{"floor":26,"key":"Blood Vial"},{"floor":27,"key":"Pen Nib"},{"floor":28,"key":"Red Mask"}],"event_choices":[{"cards_removed":["Defend_B"],"damage_healed":0,"gold_gain":0,"player_choice":"Card Removal","damage_taken":7,"max_hp_gain":0,"max_hp_loss":0,"event_name":"Golden Wing","floor":2,"gold_loss":0},{"damage_healed":0,"gold_gain":0,"player_choice":"Bought 3 Potions","damage_taken":0,"max_hp_gain":0,"max_hp_loss":0,"event_name":"The Woman in Blue","floor":5,"gold_loss":0},{"damage_healed":0,"gold_gain":0,"player_choice":"Gave Potion","damage_taken":0,"relics_obtained":["Vajra"],"max_hp_gain":0,"max_hp_loss":0,"event_name":"WeMeetAgain","floor":21,"gold_loss":0},{"damage_healed":0,"gold_gain":0,"player_choice":"Fought Bandits","damage_taken":0,"max_hp_gain":0,"max_hp_loss":0,"event_name":"Masked Bandits","floor":28,"gold_loss":0},{"damage_healed":0,"gold_gain":100,"player_choice":"Pray","damage_taken":0,"max_hp_gain":0,"max_hp_loss":0,"event_name":"Golden Shrine","floor":31,"gold_loss":0}],"is_beta":false,"boss_relics":[{"not_picked":["Replay:Ancient Bell","hubris:ScarierMask"],"picked":"ChewingGum"}],"items_purged_floors":[19,19],"is_endless":false,"potions_floor_spawned":[10,11,12,14,16,24,27,28],"killed_by":"Automaton","ascension_level":4}}