{"host":"uxq2rly8rxtwffuf","time":1607581949,"event":{"gold_per_floor":[117,136,62,73,73,100,100,111,160,160,178,192,192,204,204,300,300,318,243,263,263,277,277,277],"floor_reached":23,"playtime":1066,"items_purged":[],"score":312,"play_id":"8ef23995-ada3-4aa9-b0b1-ff41cd647136","local_time":"20201210093229","is_ascension_mode":true,"campfire_choices":[{"data":"Cloak And Dagger","floor":7,"key":"SMITH"},{"floor":13,"key":"RECALL"},{"data":"Accuracy","floor":15,"key":"SMITH"}],"neow_cost":"NONE","seed_source_timestamp":1183670153271945,"circlet_count":0,"master_deck":["AscendersBane","Strike_G","Strike_G","Strike_G","Strike_G","Strike_G","Defend_G","Defend_G","Defend_G","Defend_G","Survivor","Neutralize","Flash of Steel","Blade Dance","Cloak And Dagger+1","Accuracy+1","Slice","Blur+1","Cloak And Dagger","Unload","Crippling Poison","After Image","Cloak And Dagger","Accuracy+1","Envenom"],"relics":["Ring of the Serpent","Bottled Flame","Toy Ornithopter"],"potions_floor_usage":[6,11,16],"damage_taken":[{"damage":2,"enemies":"Cultist","floor":1,"turns":5},{"damage":0,"enemies":"Jaw Worm","floor":2,"turns":4},{"damage":1,"enemies":"2 Louse","floor":4,"turns":2},{"damage":19,"enemies":"3 Sentries","floor":6,"turns":11},{"damage":2,"enemies":"Lots of Slimes","floor":8,"turns":5},{"damage":0,"enemies":"Blue Slaver","floor":11,"turns":2},{"damage":8,"enemies":"3 Louse","floor":12,"turns":3},{"damage":6,"enemies":"Lots of Slimes","floor":14,"turns":4},{"damage":26,"enemies":"Slime Boss","floor":16,"turns":10},{"damage":0,"enemies":"Shell Parasite","floor":18,"turns":6},{"damage":19,"enemies":"Chosen","floor":20,"turns":6},{"damage":14,"enemies":"Shelled Parasite and Fungi","floor":22,"turns":5},{"damage":31,"enemies":"Book of Stabbing","floor":23,"turns":5}],"seed_played":"6704050080568936723","potions_obtained":[{"floor":1,"key":"EssenceOfSteel"},{"floor":2,"key":"GamblersBrew"},{"floor":6,"key":"Dexterity Potion"},{"floor":22,"key":"Explosive Potion"}],"is_trial":false,"path_per_floor":["M","M","$","M","?","E","R","M","T","?","M","M","R","M","R","B",null,"M","?","M","?","M","E"],"character_chosen":"THE_SILENT","items_purchased":["Accuracy"],"campfire_rested":0,"item_purchase_floors":[3],"current_hp_per_floor":[61,61,61,60,65,46,46,44,44,44,49,41,41,35,35,14,60,60,60,41,41,27,0,0],"gold":277,"neow_bonus":"RANDOM_COLORLESS","is_prod":false,"is_daily":false,"chose_seed":false,"campfire_upgraded":2,"win_rate":0,"timestamp":1607581949,"path_taken":["M","M","?","M","?","E","R","M","T","?","M","?","R","M","R","BOSS","M","?","M","?","M","E"],"build_version":"2020-11-30","purchased_purges":0,"victory":false,"max_hp_per_floor":[70,70,70,70,75,75,75,75,75,75,75,75,75,75,75,75,75,75,75,75,75,75,75,75],"card_choices":[{"not_picked":["Deep Breath","Discovery"],"picked":"Flash of Steel","floor":0},{"not_picked":["Choke","Bane"],"picked":"Blade Dance","floor":1},{"not_picked":["Dagger Spray","Skewer"],"picked":"Cloak And Dagger","floor":2},{"not_picked":["Eviscerate","Sucker Punch"],"picked":"Slice","floor":4},{"not_picked":["Calculated Gamble","Bouncing Flask"],"picked":"Blur","floor":6},{"not_picked":["Calculated Gamble","Terror"],"picked":"Cloak And Dagger","floor":8},{"not_picked":["Backflip","Flechettes","Expertise"],"picked":"SKIP","floor":11},{"not_picked":["PiercingWail","Acrobatics"],"picked":"Unload","floor":12},{"not_picked":["Setup","Slice"],"picked":"Crippling Poison","floor":14},{"not_picked":["Corpse Explosion","Tools of the Trade"],"picked":"After Image","floor":16},{"not_picked":["Poisoned Stab","Prepared"],"picked":"Cloak And Dagger","floor":18},{"not_picked":["Flying Knee","Dodge and Roll","Backflip"],"picked":"SKIP","floor":20},{"not_picked":["Outmaneuver","Sucker Punch"],"picked":"Envenom","floor":22}],"player_experience":1323810,"relics_obtained":[{"floor":6,"key":"Bottled Flame"},{"floor":9,"key":"Toy Ornithopter"}],"event_choices":[{"damage_healed":0,"gold_gain":0,"player_choice":"Donut","damage_taken":0,"max_hp_gain":5,"max_hp_loss":0,"event_name":"Big Fish","floor":5,"gold_loss":0},{"damage_healed":0,"gold_gain":0,"player_choice":"Upgraded","damage_taken":0,"max_hp_gain":0,"max_hp_loss":0,"event_name":"Upgrade Shrine","floor":10,"gold_loss":0,"cards_upgraded":["Blur"]},{"cards_removed":["Defend_G"],"damage_healed":0,"gold_gain":0,"player_choice":"Gave Gold","damage_taken":0,"max_hp_gain":0,"max_hp_loss":0,"event_name":"Beggar","floor":19,"gold_loss":75},{"damage_healed":0,"gold_gain":0,"player_choice":"Copied","damage_taken":0,"max_hp_gain":0,"max_hp_loss":0,"event_name":"Duplicator","floor":21,"gold_loss":0,"cards_obtained":["Accuracy"]}],"is_beta":false,"boss_relics":[{"not_picked":["Ectoplasm","Sozu"],"picked":"Ring of the Serpent"}],"items_purged_floors":[],"is_endless":false,"potions_floor_spawned":[1,2,6,22],"killed_by":"Book of Stabbing","ascension_level":12}}