{"host":"8qb550oiisecbnz6","time":1607641637,"event":{"mods":["BaseMod","AchievementEnabler","Colored Powertips","Minty Spire (QoL Compilation)","Colored Map","Quick Restart","Slay-I","StSLib"],"gold_per_floor":[118,43,56,156,8,8,42,42,92,104,104,116,135,166,166,262,262,276,201,221,21,21,51,1,30,30,49,76,76,87,106,106,106,106],"floor_reached":33,"playtime":1784,"items_purged":["Dualcast","Strike_B","Strike_B"],"score":408,"play_id":"a2362c7e-c779-4a38-8ee1-b5ada65739b2","local_time":"20201211000717","is_ascension_mode":true,"campfire_choices":[{"data":"Zap","floor":6,"key":"SMITH"},{"data":"Static Discharge","floor":8,"key":"SMITH"},{"data":"Coolheaded","floor":11,"key":"SMITH"},{"data":"Barrage","floor":15,"key":"SMITH"},{"data":"Cold Snap","floor":29,"key":"SMITH"},{"data":"Cold Snap","floor":32,"key":"SMITH"}],"circlet_count":0,"master_deck":["Strike_B","Defend_B","Defend_B","Defend_B","Defend_B","Zap+1","Coolheaded+1","Static Discharge+1","Self Repair","Barrage+1","Self Repair","Cold Snap+1","Cold Snap+1","Coolheaded+1"],"relics":["Cracked Core","NeowsBlessing","Bronze Scales","Bag of Marbles","Smiling Mask","Thread and Needle","Coffee Dripper","ClockworkSouvenir","Emotion Chip","Potion Belt","Toxic Egg 2","Question Card"],"acts_visited":["Exordium","TheCity"],"potions_floor_usage":[16,16,18,23,25,33,33],"damage_taken":[{"damage":0,"enemies":"2 Louse","floor":1,"turns":1},{"damage":0,"enemies":"Cultist","floor":3,"turns":1},{"damage":0,"enemies":"Lagavulin","floor":7,"turns":1},{"damage":7,"enemies":"Small Slimes","floor":10,"turns":2},{"damage":8,"enemies":"Blue Slaver","floor":12,"turns":3},{"damage":0,"enemies":"Large Slime","floor":13,"turns":4},{"damage":34,"enemies":"Gremlin Nob","floor":14,"turns":4},{"damage":8,"enemies":"Hexaghost","floor":16,"turns":9},{"damage":3,"enemies":"3 Byrds","floor":18,"turns":2},{"damage":3,"enemies":"Chosen","floor":20,"turns":4},{"damage":14,"enemies":"Gremlin Leader","floor":23,"turns":7},{"damage":13,"enemies":"Book of Stabbing","floor":25,"turns":4},{"damage":11,"enemies":"Snake Plant","floor":27,"turns":3},{"damage":47,"enemies":"Slavers","floor":28,"turns":4},{"damage":0,"enemies":"Snecko","floor":30,"turns":6},{"damage":1,"enemies":"Cultist and Chosen","floor":31,"turns":5},{"damage":71,"enemies":"Collector","floor":33,"turns":10}],"seed_played":"6089372231319131641","potions_obtained":[{"floor":1,"key":"LiquidMemories"},{"floor":12,"key":"SteroidPotion"},{"floor":14,"key":"Fire Potion"},{"floor":16,"key":"Fruit Juice"},{"floor":18,"key":"SpeedPotion"},{"floor":23,"key":"DuplicationPotion"},{"floor":28,"key":"Energy Potion"},{"floor":31,"key":"Swift Potion"}],"is_trial":false,"path_per_floor":["M","$","M","?","$","R","E","R","T","M","R","M","M","E","R","B",null,"M","?","M","$","?","E","$","E","T","M","E","R","M","M","R","B"],"character_chosen":"DEFECT","items_purchased":["Bronze Scales","ClockworkSouvenir"],"campfire_rested":0,"item_purchase_floors":[5,21],"current_hp_per_floor":[75,75,75,75,75,75,75,75,75,68,68,60,60,33,33,32,75,77,77,80,80,80,80,80,80,80,80,40,40,54,67,67,0,0],"gold":106,"neow_bonus":"THREE_ENEMY_KILL","is_daily":false,"chose_seed":false,"campfire_upgraded":6,"win_rate":0,"timestamp":1607641637,"path_taken":["M","$","M","?","$","R","E","R","T","?","R","M","M","E","R","BOSS","M","?","M","$","?","E","$","E","T","M","E","R","M","M","R","BOSS"],"build_version":"2020-11-30","purchased_purges":3,"victory":false,"max_hp_per_floor":[75,75,75,75,75,75,75,75,75,75,75,75,75,75,75,75,75,80,80,80,80,80,80,80,80,80,80,80,80,80,80,80,80,80],"card_choices":[{"not_picked":["BootSequence","Auto Shields","Tempest"],"picked":"SKIP","floor":1},{"not_picked":["Tempest","Recycle"],"picked":"Coolheaded","floor":3},{"not_picked":["Rebound","BootSequence"],"picked":"Static Discharge","floor":7},{"not_picked":["BootSequence","Rebound","Static Discharge"],"picked":"SKIP","floor":10},{"not_picked":["Static Discharge","Tempest","Coolheaded"],"picked":"SKIP","floor":12},{"not_picked":["Reinforced Body","Sweeping Beam"],"picked":"Self Repair","floor":13},{"not_picked":["Capacitor","Steam"],"picked":"Barrage","floor":14},{"not_picked":["Scrape+1","Redo"],"picked":"Self Repair","floor":18},{"not_picked":["Steam Power+1","Stack"],"picked":"Cold Snap","floor":20},{"not_picked":["Chaos","Ball Lightning+1"],"picked":"Cold Snap","floor":23},{"not_picked":["White Noise+1","Sweeping Beam","Steam"],"picked":"SKIP","floor":25},{"not_picked":["Hologram+1","Leap+1"],"picked":"Coolheaded+1","floor":27},{"not_picked":["Steam Power+1","Barrage","Cold Snap"],"picked":"SKIP","floor":28},{"not_picked":["Scrape","Redo+1","Rebound","Leap+1"],"picked":"SKIP","floor":30},{"not_picked":["Compile Driver","Steam Power+1","Ball Lightning","Coolheaded+1"],"picked":"SKIP","floor":31}],"player_experience":316374,"relics_obtained":[{"floor":7,"key":"Bag of Marbles"},{"floor":9,"key":"Smiling Mask"},{"floor":14,"key":"Thread and Needle"},{"floor":23,"key":"Emotion Chip"},{"floor":25,"key":"Potion Belt"},{"floor":26,"key":"Toxic Egg 2"},{"floor":28,"key":"Question Card"}],"event_choices":[{"damage_healed":0,"gold_gain":100,"player_choice":"Pray","damage_taken":0,"max_hp_gain":0,"max_hp_loss":0,"event_name":"Golden Shrine","floor":4,"gold_loss":0},{"cards_removed":["Strike_B"],"damage_healed":0,"gold_gain":0,"player_choice":"Gave Gold","damage_taken":0,"max_hp_gain":0,"max_hp_loss":0,"event_name":"Beggar","floor":19,"gold_loss":75},{"damage_healed":0,"gold_gain":0,"player_choice":"Ignored","damage_taken":0,"max_hp_gain":0,"max_hp_loss":0,"event_name":"Ghosts","floor":22,"gold_loss":0}],"is_beta":false,"boss_relics":[{"not_picked":["Calling Bell","Black Star"],"picked":"Coffee Dripper"}],"items_purged_floors":[2,21,24],"is_endless":false,"potions_floor_spawned":[1,12,14,16,18,23,28,31],"killed_by":"Collector","ascension_level":4}}