{"host":"ry6l6fs2ordh092u","time":1607608225,"event":{"mods":["BaseMod","BetterRewards","StSLib","SuperFastMode","The Jungle","Minty Spire (QoL Compilation)","Quick Restart","AchievementEnabler","Gold Saver"],"gold_per_floor":[285,285,296,306,306,339,339,367,367,394,418,445,467,479,479,567,594,609,621,458,458,458,493,507,542,542,552,552,602,602,634,634,713,713,730,746,746,746,571,597,616,616,616,644,660,694,705,934,934,934,934,934,934,934,965,965],"floor_reached":57,"playtime":1111,"items_purged":["Strike_G","Strike_G","Defend_G","Defend_G","Strike_G","Defend_G","Defend_G","Strike_G","Strike_G","Defend_G","Prepared","Dagger Throw+1"],"score":4791,"play_id":"07ff27bc-a6fd-4ed8-a31a-64708f1290fa","local_time":"20201210225025","is_ascension_mode":true,"campfire_choices":[{"data":"Apotheosis","floor":7.0,"key":"SMITH"},{"data":"Calculated Gamble","floor":15.0,"key":"SMITH"},{"floor":28.0,"key":"RECALL"},{"data":"Well Laid Plans","floor":30.0,"key":"SMITH"},{"data":"Tactician","floor":32.0,"key":"SMITH"},{"data":"Backflip","floor":49.0,"key":"SMITH"},{"data":"Reflex","floor":53.0,"key":"SMITH"}],"circlet_count":0,"master_deck":["AscendersBane","Well Laid Plans+1","Backflip+1","Apotheosis+1","Calculated Gamble+1","Blur","Tactician+1","Acrobatics","Reflex+1","Grand Finale+1","Prepared+1","Caltrops+1"],"special_seed":0,"relics":["Ring of the Snake","Shuriken","Anchor","Happy Flower","Meat on the Bone","Vajra","Membership Card","Torii","Bag of Preparation","Medical Kit","HornCleat","Blood Vial","Pen Nib","Singing Bowl","Juzu Bracelet","Mummified Hand","CeramicFish","Tiny Chest","Boot","Astrolabe","Frozen Egg 2","Bottled Flame","Omamori","Ancient Tea Set","Lantern","WristBlade","Bottled Tornado","Whetstone","Darkstone Periapt","MealTicket","Question Card","Strawberry","Centennial Puzzle","Sundial","Kunai"],"acts_visited":["Exordium","theJungle:Jungle","TheBeyond","TheEnding"],"potions_floor_usage":[56],"damage_taken":[{"damage":0.0,"enemies":"Cultist","floor":1.0,"turns":2.0},{"damage":0.0,"enemies":"2 Louse","floor":3.0,"turns":1.0},{"damage":0.0,"enemies":"Jaw Worm","floor":4.0,"turns":1.0},{"damage":0.0,"enemies":"Gremlin Nob","floor":6.0,"turns":1.0},{"damage":0.0,"enemies":"Lagavulin","floor":8.0,"turns":1.0},{"damage":0.0,"enemies":"3 Sentries","floor":10.0,"turns":2.0},{"damage":0.0,"enemies":"Lagavulin","floor":12.0,"turns":1.0},{"damage":0.0,"enemies":"Blue Slaver","floor":13.0,"turns":1.0},{"damage":0.0,"enemies":"Looter","floor":14.0,"turns":1.0},{"damage":0.0,"enemies":"The Guardian","floor":16.0,"turns":1.0},{"damage":0.0,"enemies":"theJungle:5_Spyders","floor":18.0,"turns":1.0},{"damage":0.0,"enemies":"Shell Parasite","floor":19.0,"turns":1.0},{"damage":0.0,"enemies":"theJungle:MamaSnecko","floor":23.0,"turns":1.0},{"damage":0.0,"enemies":"theJungle:Lyon","floor":24.0,"turns":1.0},{"damage":0.0,"enemies":"theJungle:Cassacara","floor":25.0,"turns":1.0},{"damage":0.0,"enemies":"theJungle:SlimyTreeVines","floor":27.0,"turns":1.0},{"damage":0.0,"enemies":"theJungle:MamaSnecko","floor":31.0,"turns":1.0},{"damage":0.0,"enemies":"theJungle:QueenSpyder","floor":33.0,"turns":1.0},{"damage":0.0,"enemies":"3 Shapes","floor":35.0,"turns":1.0},{"damage":0.0,"enemies":"3 Darklings","floor":36.0,"turns":1.0},{"damage":0.0,"enemies":"Reptomancer","floor":40.0,"turns":1.0},{"damage":0.0,"enemies":"4 Shapes","floor":41.0,"turns":1.0},{"damage":0.0,"enemies":"Giant Head","floor":44.0,"turns":1.0},{"damage":0.0,"enemies":"Writhing Mass","floor":45.0,"turns":1.0},{"damage":0.0,"enemies":"Nemesis","floor":46.0,"turns":1.0},{"damage":0.0,"enemies":"Transient","floor":47.0,"turns":6.0},{"damage":0.0,"enemies":"Reptomancer","floor":48.0,"turns":1.0},{"damage":0.0,"enemies":"Time Eater","floor":50.0,"turns":2.0},{"damage":0.0,"enemies":"Awakened One","floor":51.0,"turns":2.0},{"damage":0.0,"enemies":"Shield and Spear","floor":55.0,"turns":1.0},{"damage":0,"enemies":"The Heart","floor":56,"turns":5}],"seed_played":"-2735057588531937559","potions_obtained":[{"floor":4.0,"key":"Dexterity Potion"},{"floor":48.0,"key":"LiquidMemories"},{"floor":48.0,"key":"DuplicationPotion"}],"is_trial":false,"path_per_floor":["M","?","M","M","?","E","R","E","T","E","T","E","M","M","R","B",null,"M","M","$","?","?","E","M","E","T","M","R","T","R","E","R","B",null,"M","M","T","?","$","E","M","?","T","E","M","E","M","E","R","B","B",null,"R","$","E","B",null],"character_chosen":"THE_SILENT","items_purchased":["Shuriken","Anchor","Well Laid Plans","Backflip","Apotheosis","Happy Flower","Meat on the Bone","Vajra","Membership Card","Torii","Poisoned Stab","Bag of Preparation","Masterful Stab","Calculated Gamble","Prepared","Medical Kit","HornCleat","Blood Vial","Pen Nib","FearPotion","Explosive Potion"],"campfire_rested":0,"item_purchase_floors":[0,0,0,0,0,0,0,0,0,0,0,0,0,0,0,0,0,0,0,0,0],"current_hp_per_floor":[32,6,20,34,27,43,43,47,47,51,51,55,57,61,61,63,73,77,80,80,80,80,82,84,86,86,88,88,88,88,90,90,92,92,94,96,96,96,96,98,100,100,100,102,104,106,108,117,117,117,117,117,117,117,119,119],"gold":965,"neow_bonus":"","is_daily":false,"chose_seed":false,"campfire_upgraded":6,"win_rate":0,"timestamp":1607608225,"path_taken":["M","?","M","M","?","E","R","E","T","E","?","E","M","M","R","BOSS","M","M","$","?","?","E","M","E","T","M","R","?","R","E","R","BOSS","M","M","?","?","$","E","M","?","T","E","M","E","M","E","R","BOSS","BOSS","R","$","E","BOSS"],"build_version":"2020-11-30","purchased_purges":12,"victory":true,"max_hp_per_floor":[66,66,66,66,66,68,68,70,70,72,72,74,74,76,76,76,76,78,80,80,80,80,82,84,86,86,88,88,88,88,90,90,92,92,94,96,96,96,96,98,100,100,100,102,104,106,108,117,117,117,117,117,117,117,119,119],"card_choices":[{"not_picked":["Poisoned Stab","All Out Attack"],"picked":"Blur","floor":1.0},{"not_picked":["Dagger Throw","Sucker Punch"],"picked":"Tactician","floor":3.0},{"not_picked":["PiercingWail","Predator"],"picked":"Acrobatics","floor":4.0},{"not_picked":["Tactician","Prepared","Outmaneuver"],"picked":"Singing Bowl","floor":6.0},{"not_picked":["Poisoned Stab","Skewer","Accuracy"],"picked":"Singing Bowl","floor":8.0},{"not_picked":["Die Die Die","Dodge and Roll","All Out Attack"],"picked":"Singing Bowl","floor":10.0},{"not_picked":["Cloak And Dagger","Dagger Spray","Deadly Poison"],"picked":"Singing Bowl","floor":12.0},{"not_picked":["Dodge and Roll","Cloak And Dagger"],"picked":"Reflex","floor":13.0},{"not_picked":["Cloak And Dagger","Prepared","Catalyst"],"picked":"Singing Bowl","floor":14.0},{"not_picked":["Storm of Steel","Die Die Die"],"picked":"Grand Finale","floor":16.0},{"not_picked":["Underhanded Strike","Slice","Flying Knee"],"picked":"Singing Bowl","floor":18.0},{"not_picked":["Eviscerate+1","Caltrops","Flechettes"],"picked":"Singing Bowl","floor":19.0},{"not_picked":["Bane","Blade Dance","Crippling Poison"],"picked":"Singing Bowl","floor":23.0},{"not_picked":["Setup","Bane","Blade Dance"],"picked":"Singing Bowl","floor":24.0},{"not_picked":["Eviscerate","Bouncing Flask","Cloak And Dagger"],"picked":"Singing Bowl","floor":25.0},{"not_picked":["Flying Knee","Poisoned Stab","Bane+1"],"picked":"Singing Bowl","floor":27.0},{"not_picked":["Noxious Fumes+1","Dash+1","A Thousand Cuts+1"],"picked":"Singing Bowl","floor":31.0},{"not_picked":["Tools of the Trade+1","Phantasmal Killer","After Image+1"],"picked":"Singing Bowl","floor":33.0},{"not_picked":["Deflect+1","Backflip","Flying Knee+1"],"picked":"Singing Bowl","floor":35.0},{"not_picked":["Dagger Spray","Backstab+1","Deflect"],"picked":"Singing Bowl","floor":36.0},{"not_picked":["Caltrops+1","Dodge and Roll+1","PiercingWail"],"picked":"Singing Bowl","floor":40.0},{"not_picked":["Backstab","All Out Attack","Backflip+1"],"picked":"Singing Bowl","floor":41.0},{"not_picked":["Night Terror","Underhanded Strike","Bane+1"],"picked":"Singing Bowl","floor":44.0},{"not_picked":["Choke","Sucker Punch+1","Poisoned Stab"],"picked":"Singing Bowl","floor":45.0},{"not_picked":["Skewer+1","Deadly Poison","Deflect"],"picked":"Singing Bowl","floor":46.0},{"not_picked":["Eviscerate","Bouncing Flask","Flying Knee","Prepared"],"picked":"Singing Bowl","floor":47.0},{"not_picked":["Sucker Punch","Wraith Form v2+1","Phantasmal Killer","Distraction"],"picked":"Singing Bowl","floor":48.0},{"not_picked":["Concentrate","Escape Plan","Leg Sweep","Crippling Poison"],"picked":"Singing Bowl","floor":55}],"player_experience":426421,"relics_obtained":[{"floor":6.0,"key":"Juzu Bracelet"},{"floor":8.0,"key":"Mummified Hand"},{"floor":10.0,"key":"CeramicFish"},{"floor":11.0,"key":"Tiny Chest"},{"floor":12.0,"key":"Boot"},{"floor":23.0,"key":"Frozen Egg 2"},{"floor":25.0,"key":"Bottled Flame"},{"floor":26.0,"key":"Omamori"},{"floor":29.0,"key":"Ancient Tea Set"},{"floor":31.0,"key":"Lantern"},{"floor":37.0,"key":"Bottled Tornado"},{"floor":40.0,"key":"Whetstone"},{"floor":43.0,"key":"Darkstone Periapt"},{"floor":44.0,"key":"MealTicket"},{"floor":46.0,"key":"Question Card"},{"floor":48.0,"key":"Strawberry"},{"floor":48.0,"key":"Centennial Puzzle"},{"floor":48.0,"key":"Sundial"},{"floor":55,"key":"Kunai"}],"event_choices":[{"damage_healed":0.0,"max_hp_gain":0.0,"max_hp_loss":0.0,"gold_gain":0.0,"event_name":"Scrap Ooze","player_choice":"Success","floor":2.0,"gold_loss":0.0,"damage_taken":26.0,"relics_obtained":["Singing Bowl"]},{"cards_removed":["Neutralize"],"damage_healed":0.0,"max_hp_gain":0.0,"max_hp_loss":0.0,"gold_gain":0.0,"event_name":"Golden Wing","player_choice":"Card Removal","floor":5.0,"gold_loss":0.0,"damage_taken":7.0},{"damage_healed":19.0,"max_hp_gain":0.0,"max_hp_loss":0.0,"gold_gain":0.0,"event_name":"Winding Halls","player_choice":"Writhe","floor":38.0,"gold_loss":0.0,"damage_taken":0.0,"cards_obtained":["Writhe"]},{"damage_healed":0.0,"max_hp_gain":0.0,"max_hp_loss":0.0,"gold_gain":0.0,"event_name":"Tomb of Lord Red Mask","player_choice":"Ignored","floor":42.0,"gold_loss":0.0,"damage_taken":0.0}],"is_beta":false,"boss_relics":[{"not_picked":["Coffee Dripper","Runic Dome"],"picked":"Astrolabe"},{"not_picked":["Tiny House","Cursed Key"],"picked":"WristBlade"}],"items_purged_floors":[0,0,0,0,0,0,0,0,0,0,20,39],"is_endless":false,"potions_floor_spawned":[4,6,8,10,14,16,18,23,27,33,40,44,46,55],"ascension_level":20}}