{"host":"wbdldanbffix1hn8","time":1607588403,"event":{"gold_per_floor":[110,285,182,182,58,91,91,126,126,226,240,265,61,75,75,172,172,182,182,282,294,294,294],"floor_reached":22,"playtime":5263,"items_purged":[],"score":250,"play_id":"1349a7f5-dfe0-4654-88a3-e76b907a8540","local_time":"20201210032003","is_ascension_mode":false,"campfire_choices":[{"data":"MadScienceMod:AssemblyLine","floor":7,"key":"SMITH"},{"floor":15,"key":"REST"}],"neow_cost":"NONE","seed_source_timestamp":8072803317200,"circlet_count":0,"master_deck":["MadScienceMod:Strike_MadScience","MadScienceMod:Strike_MadScience","MadScienceMod:Strike_MadScience","MadScienceMod:Strike_MadScience","MadScienceMod:Defend_MadScience","MadScienceMod:Defend_MadScience","MadScienceMod:Defend_MadScience","MadScienceMod:Defend_MadScience","MadScienceMod:PoweredStrike","MadScienceMod:HideBehindJunk","MadScienceMod:FragmentationGrenade","Doubt","MadScienceMod:OilDrum","MadScienceMod:PowerArmor","MadScienceMod:AssemblyLine+1","MadScienceMod:Bayonet+1","MadScienceMod:Weaponize","MadScienceMod:AutoStrike","MadScienceMod:BandageBot","MadScienceMod:Inflate","MadScienceMod:Virus","MadScienceMod:RecyclingStation","MadScienceMod:NowOrNever","MadScienceMod:FumeHood","MadScienceMod:LightOnFire","MadScienceMod:RadioactiveSword"],"relics":["MadScienceMod:FuelTank","NeowsBlessing","Pen Nib","Bag of Preparation","InkBottle","HollowMod:LifeEnderRelic","Membership Card","Snecko Eye","Matryoshka"],"potions_floor_usage":[],"damage_taken":[{"damage":0,"enemies":"Cultist","floor":1,"turns":1},{"damage":0,"enemies":"HollowMod:MossKnight","floor":6,"turns":1},{"damage":0,"enemies":"Lagavulin","floor":8,"turns":1},{"damage":10,"enemies":"Small Slimes","floor":11,"turns":3},{"damage":17,"enemies":"3 Sentries","floor":12,"turns":8},{"damage":6,"enemies":"Jaw Worm","floor":14,"turns":4},{"damage":48,"enemies":"Fading Forest","floor":16,"turns":11},{"damage":36,"enemies":"3 Byrds","floor":18,"turns":8},{"damage":40,"enemies":"Spheric Guardian","floor":21,"turns":6},{"damage":27,"enemies":"Snecko","floor":22,"turns":5}],"seed_played":"-6939239371953544387","potions_obtained":[{"floor":6,"key":"EssenceOfSteel"},{"floor":11,"key":"Languid Potion"},{"floor":12,"key":"BlessingOfTheForge"}],"is_trial":false,"path_per_floor":["M","?","$","?","$","E","R","E","T","?","M","E","$","M","R_BF","B",null,"M","?","?","M","M"],"character_chosen":"MAD_SCIENTIST","items_purchased":["MadScienceMod:OilDrum","MadScienceMod:PowerArmor","MadScienceMod:AssemblyLine","MadScienceMod:Bayonet+1","Membership Card","MadScienceMod:Virus","MadScienceMod:RecyclingStation"],"campfire_rested":1,"item_purchase_floors":[3,3,5,5,13,13,13],"current_hp_per_floor":[75,75,75,75,75,75,75,75,75,75,65,48,48,42,64,28,75,57,57,57,17,0,0],"gold":294,"neow_bonus":"THREE_ENEMY_KILL","is_prod":false,"is_daily":false,"chose_seed":false,"campfire_upgraded":1,"win_rate":0.0,"timestamp":1607588403,"path_taken":["M","?","$","?","?","E","R","E","T","?","?","E","$","M","R_BF","BOSS","M","?","?","?","M"],"build_version":"2020-11-30","purchased_purges":0,"victory":false,"max_hp_per_floor":[75,75,75,75,75,75,75,75,75,75,75,75,75,75,75,75,75,75,75,75,75,75,75],"card_choices":[{"not_picked":["MadScienceMod:Lightbulb","MadScienceMod:JunkLaser"],"picked":"MadScienceMod:FragmentationGrenade","floor":1},{"not_picked":["MadScienceMod:ShrinkRay","MadScienceMod:Sprocket"],"picked":"MadScienceMod:Weaponize","floor":6},{"not_picked":["MadScienceMod:AssemblyLine","MadScienceMod:FlexibleSpear"],"picked":"MadScienceMod:AutoStrike","floor":8},{"not_picked":["MadScienceMod:Detonate","MadScienceMod:MechanicalClaw"],"picked":"MadScienceMod:BandageBot","floor":11},{"not_picked":["MadScienceMod:Weaponize","MadScienceMod:LightOnFire"],"picked":"MadScienceMod:Inflate","floor":12},{"not_picked":["MadScienceMod:OmniHammer","MadScienceMod:FragmentationGrenade"],"picked":"MadScienceMod:NowOrNever","floor":14},{"not_picked":["MadScienceMod:GlassCannon","MadScienceMod:Mechanize"],"picked":"MadScienceMod:FumeHood","floor":16},{"not_picked":["MadScienceMod:OmniHammer","MadScienceMod:Weaponize"],"picked":"MadScienceMod:LightOnFire","floor":18},{"not_picked":["MadScienceMod:Bayonet","MadScienceMod:LightOnFire"],"picked":"MadScienceMod:RadioactiveSword","floor":21}],"player_experience":134276,"relics_obtained":[{"floor":6,"key":"Pen Nib"},{"floor":8,"key":"Bag of Preparation"},{"floor":9,"key":"InkBottle"},{"floor":12,"key":"HollowMod:LifeEnderRelic"}],"event_choices":[{"damage_healed":0,"gold_gain":175,"player_choice":"AGREE","damage_taken":0,"max_hp_gain":0,"max_hp_loss":0,"event_name":"Liars Game","floor":2,"gold_loss":0,"cards_obtained":["Doubt"]},{"damage_healed":0,"gold_gain":100,"player_choice":"Pray","damage_taken":0,"max_hp_gain":0,"max_hp_loss":0,"event_name":"Golden Shrine","floor":10,"gold_loss":0},{"damage_healed":0,"gold_gain":0,"player_choice":"Opened","damage_taken":0,"relics_obtained":["Matryoshka"],"max_hp_gain":0,"max_hp_loss":0,"event_name":"The Mausoleum","floor":19,"gold_loss":0},{"damage_healed":0,"gold_gain":100,"player_choice":"Pray","damage_taken":0,"max_hp_gain":0,"max_hp_loss":0,"event_name":"Golden Shrine","floor":20,"gold_loss":0}],"is_beta":false,"boss_relics":[{"not_picked":["Velvet Choker","Abe\u0027s Treasure"],"picked":"Snecko Eye"}],"items_purged_floors":[],"is_endless":false,"potions_floor_spawned":[6,11,12,14,21],"killed_by":"Snecko","ascension_level":0}}