{"host":"yassvrowvc2yfwp2","time":1607605328,"event":{"gold_per_floor":[115,115,128,148,148,178,204,204,230,241,241,241],"floor_reached":11,"playtime":295,"items_purged":[],"score":112,"play_id":"d3e7be18-cd2c-40ec-a4f1-a63c84740eec","local_time":"20201210210208","daily_mods":["Specialized","Colorless Cards","Heirloom","DeadlyEvents","Elite Swarm"],"is_ascension_mode":true,"campfire_choices":[{"floor":8,"key":"REST"}],"neow_cost":"","seed_source_timestamp":0,"circlet_count":0,"master_deck":["Strike_S","Strike_S","Strike_S","Strike_S","Defend_S","Defend_S","Defend_S","Defend_S+1","KidneyShot","Exchange","expansioncontent:DarkVoid","expansioncontent:DarkVoid","expansioncontent:DarkVoid","expansioncontent:DarkVoid","expansioncontent:DarkVoid","Rearm","Violence","Moonlight","Replay:SS_forest_5+1","LightFlow","Dilation","Potential"],"relics":["Uniform","replay:Trail_Library","Calipers","Gremlin Food","Boot","ReplayFunnel"],"potions_floor_usage":[11],"damage_taken":[{"damage":0,"enemies":"2 Louse","floor":1,"turns":1},{"damage":1,"enemies":"Cultist","floor":3,"turns":3},{"damage":0,"enemies":"Small Slimes","floor":4,"turns":2},{"damage":38,"enemies":"Lagavulin","floor":6,"turns":8},{"damage":18,"enemies":"3 Sentries","floor":7,"turns":4},{"damage":0,"enemies":"Looter","floor":10,"turns":1},{"damage":17,"enemies":"Lagavulin","floor":11,"turns":5}],"seed_played":"6555086816751215028","potions_obtained":[{"floor":3,"key":"AttackPotion"}],"is_trial":true,"path_per_floor":["M","?","M","M","?","E","E","R","T","M","E"],"character_chosen":"THE_SERVANT","items_purchased":[],"campfire_rested":1,"item_purchase_floors":[],"current_hp_per_floor":[65,65,64,64,64,26,8,27,27,27,10,10],"gold":241,"neow_bonus":"","is_prod":false,"is_daily":false,"chose_seed":false,"campfire_upgraded":0,"win_rate":0,"timestamp":1607605328,"path_taken":["M","?","M","?","?","E","?","R","T","M","E"],"build_version":"2020-11-30","purchased_purges":0,"victory":false,"max_hp_per_floor":[65,65,65,65,65,65,65,65,65,65,65,65],"card_choices":[{"not_picked":["Defy","Potential"],"picked":"Rearm","floor":1},{"not_picked":["Rewind","Replay:BasicMightCard"],"picked":"Moonlight","floor":3},{"not_picked":["Revamp","TimeWarp"],"picked":"Replay:SS_forest_5","floor":4},{"not_picked":["Chrysalis","KillingDoll"],"picked":"LightFlow","floor":6},{"not_picked":["expansioncontent:DashGenerateEvil","Duplication"],"picked":"Dilation","floor":7},{"not_picked":["FastForward","Rewind"],"picked":"Potential","floor":10}],"player_experience":1896596,"relics_obtained":[{"floor":6,"key":"Gremlin Food"},{"floor":7,"key":"Boot"},{"floor":9,"key":"ReplayFunnel"}],"event_choices":[{"damage_healed":0,"gold_gain":0,"player_choice":"1 cards matched","damage_taken":0,"max_hp_gain":0,"max_hp_loss":0,"event_name":"Match and Keep!","floor":2,"gold_loss":0,"cards_obtained":["Violence"]},{"damage_healed":0,"gold_gain":0,"player_choice":"Upgraded","damage_taken":0,"max_hp_gain":0,"max_hp_loss":0,"event_name":"Upgrade Shrine","floor":5,"gold_loss":0,"cards_upgraded":["Replay:SS_forest_5"]}],"is_beta":false,"boss_relics":[],"items_purged_floors":[],"is_endless":false,"potions_floor_spawned":[3],"killed_by":"Lagavulin","ascension_level":1}}