{"host":"1c52r9kaxdyo25eq","time":1607577673,"event":{"gold_per_floor":[114,114,114,114,129,159,84,84,84,84,103,177,196,215,215,340,340,359,378,397,416,435,473,492,511,511,511,311,311,349,368,368,502,529,548,198,216,291,310,348,367,379,391,103,103,141,141,179,179,179],"floor_reached":51,"playtime":1714,"items_purged":["Defend_P","Strike_P","Secret Weapon+1"],"score":1077,"play_id":"a9b838f8-d49a-4287-9e01-111252b8a186","local_time":"20201210142113","daily_mods":["Allstar","Vintage","Night Terrors"],"is_ascension_mode":false,"campfire_choices":[{"data":"Apotheosis","floor":8.0,"key":"SMITH"},{"data":"Eruption","floor":15.0,"key":"SMITH"},{"data":"Strike_P","floor":27,"key":"PURGE"},{"data":"Defend_P","floor":29,"key":"PURGE"},{"data":"Defend_P+1","floor":32,"key":"PURGE"},{"data":"Madness","floor":42,"key":"SMITH"},{"data":"Scrawl","floor":47,"key":"SMITH"},{"data":"Madness","floor":49,"key":"SMITH"}],"neow_cost":"","seed_source_timestamp":0,"circlet_count":0,"master_deck":["Eruption+1","Vigilance+1","Master of Strategy","Apotheosis+1","Secret Technique","Perseverance","EmptyMind","Ragnarok","InnerPeace","Scrawl+1","MentalFortress+1","Blind+1","Madness+1","Madness+1"],"special_seed":18606,"relics":["PureWater","Boot","Bronze Scales","GoldenEye","Darkstone Periapt","Golden Idol","Smiling Mask","Eternal Feather","Torii","Frozen Egg 2","Cursed Key","Ornamental Fan","Peace Pipe","Potion Belt","Juzu Bracelet","Pantograph","Du-Vu Doll","Meat on the Bone","CeramicFish","Omamori","Pen Nib","Astrolabe","Damaru","Calipers","Gremlin Horn","Bag of Marbles","StrikeDummy","MawBank","Shuriken","Mango","Art of War","Lantern"],"potions_floor_usage":[30,33,41,50],"damage_taken":[{"damage":0.0,"enemies":"Cultist","floor":1.0,"turns":4.0},{"damage":0.0,"enemies":"2 Louse","floor":5.0,"turns":4.0},{"damage":0.0,"enemies":"Lagavulin","floor":6.0,"turns":6.0},{"damage":0.0,"enemies":"Jaw Worm","floor":11.0,"turns":3.0},{"damage":0.0,"enemies":"3 Sentries","floor":12.0,"turns":4.0},{"damage":0.0,"enemies":"Blue Slaver","floor":13.0,"turns":5.0},{"damage":0.0,"enemies":"Large Slime","floor":14.0,"turns":5.0},{"damage":0.0,"enemies":"The Guardian","floor":16.0,"turns":8.0},{"damage":0.0,"enemies":"Chosen","floor":18.0,"turns":3.0},{"damage":0.0,"enemies":"Shell Parasite","floor":19.0,"turns":2.0},{"damage":0.0,"enemies":"Shelled Parasite and Fungi","floor":20.0,"turns":2.0},{"damage":0.0,"enemies":"Snake Plant","floor":21.0,"turns":4.0},{"damage":0.0,"enemies":"Snecko","floor":22.0,"turns":2.0},{"damage":23.0,"enemies":"Slavers","floor":23.0,"turns":4.0},{"damage":7.0,"enemies":"Cultist and Chosen","floor":24.0,"turns":4.0},{"damage":1.0,"enemies":"Chosen and Byrds","floor":25.0,"turns":3.0},{"damage":6,"enemies":"Book of Stabbing","floor":30,"turns":4},{"damage":0,"enemies":"Centurion and Healer","floor":31,"turns":3},{"damage":8,"enemies":"Automaton","floor":33,"turns":8},{"damage":0,"enemies":"Orb Walker","floor":35,"turns":2},{"damage":0,"enemies":"3 Darklings","floor":39,"turns":2},{"damage":0,"enemies":"Giant Head","floor":40,"turns":1},{"damage":0,"enemies":"Maw","floor":41,"turns":2},{"damage":0,"enemies":"Nemesis","floor":46,"turns":2},{"damage":0,"enemies":"Reptomancer","floor":48,"turns":2},{"damage":0,"enemies":"Time Eater","floor":50,"turns":6}],"seed_played":"8996604888150855735","potions_obtained":[{"floor":1.0,"key":"EssenceOfSteel"},{"floor":5.0,"key":"StancePotion"},{"floor":11.0,"key":"FearPotion"},{"floor":13.0,"key":"SpeedPotion"},{"floor":16.0,"key":"Weak Potion"},{"floor":21.0,"key":"StancePotion"},{"floor":22.0,"key":"PowerPotion"},{"floor":23.0,"key":"Block Potion"},{"floor":25.0,"key":"Fire Potion"},{"floor":31,"key":"Swift Potion"},{"floor":39,"key":"Fire Potion"},{"floor":40,"key":"Energy Potion"},{"floor":46,"key":"DuplicationPotion"}],"is_trial":false,"path_per_floor":["M","?","?","?","M","E","$","R","T","?","M","?","M","M","R","B",null,"M","M","M","M","M","E","M","M","T","R","$","R","E","M","R","B",null,"M","$","?","T","M","E","M","R","T","$","?","E","R","E","R","B",null],"character_chosen":"WATCHER","items_purchased":["Omamori","Calipers","Mango"],"campfire_rested":0,"item_purchase_floors":[28,36,44],"current_hp_per_floor":[72,65,51,51,55,61,61,61,61,43,49,55,61,65,71,72,72,72,72,72,72,72,55,54,59,59,68,68,72,66,72,72,64,72,72,72,63,63,63,63,63,69,69,83,83,83,86,86,86,86],"gold":179,"neow_bonus":"","is_prod":false,"is_daily":true,"chose_seed":false,"campfire_upgraded":5,"win_rate":0,"timestamp":1607577673,"path_taken":["M","?","?","?","M","E","?","R","T","?","M","?","?","M","R","BOSS","M","M","M","M","M","E","M","M","T","R","$","R","E","M","R","BOSS","M","$","?","?","M","E","M","R","T","$","?","E","R","E","R","BOSS"],"build_version":"2020-11-30","purchased_purges":3,"victory":true,"max_hp_per_floor":[72,72,72,72,72,72,72,72,72,72,72,72,72,72,72,72,72,72,72,72,72,72,72,72,72,72,72,72,72,72,72,72,72,72,72,72,72,72,72,72,72,72,72,86,86,86,86,86,86,86],"card_choices":[{"not_picked":["FlurryOfBlows","Consecrate","Collect"],"picked":"SKIP","floor":6.0},{"not_picked":["PathToVictory","Collect"],"picked":"EmptyMind","floor":12.0},{"not_picked":["SpiritShield","Omniscience"],"picked":"Ragnarok","floor":16.0},{"not_picked":["Halt","Perseverance"],"picked":"InnerPeace","floor":23.0},{"not_picked":["InnerPeace","ThirdEye","DeceiveReality"],"picked":"SKIP","floor":30},{"not_picked":["Wish","LessonLearned"],"picked":"Scrawl","floor":33},{"not_picked":["CarveReality+1","InnerPeace+1","Consecrate+1"],"picked":"SKIP","floor":40},{"not_picked":["CarveReality+1","Sanctity+1","Swivel"],"picked":"SKIP","floor":46},{"not_picked":["Conclude","EmptyBody","WheelKick"],"picked":"SKIP","floor":48}],"player_experience":449993,"relics_obtained":[{"floor":1.0,"key":"Boot"},{"floor":5.0,"key":"Bronze Scales"},{"floor":6.0,"key":"GoldenEye"},{"floor":9.0,"key":"Darkstone Periapt"},{"floor":11.0,"key":"Smiling Mask"},{"floor":12.0,"key":"Eternal Feather"},{"floor":13.0,"key":"Torii"},{"floor":14.0,"key":"Frozen Egg 2"},{"floor":18.0,"key":"Ornamental Fan"},{"floor":19.0,"key":"Peace Pipe"},{"floor":20.0,"key":"Potion Belt"},{"floor":21.0,"key":"Juzu Bracelet"},{"floor":22.0,"key":"Pantograph"},{"floor":23.0,"key":"Du-Vu Doll"},{"floor":24.0,"key":"Meat on the Bone"},{"floor":25.0,"key":"CeramicFish"},{"floor":30,"key":"Pen Nib"},{"floor":35,"key":"Damaru"},{"floor":38,"key":"Gremlin Horn"},{"floor":39,"key":"Bag of Marbles"},{"floor":40,"key":"StrikeDummy"},{"floor":41,"key":"MawBank"},{"floor":43,"key":"Shuriken"},{"floor":46,"key":"Art of War"},{"floor":48,"key":"Lantern"}],"event_choices":[{"cards_removed":["Defend_P"],"damage_healed":0.0,"max_hp_gain":0.0,"max_hp_loss":0.0,"gold_gain":0.0,"event_name":"Golden Wing","player_choice":"Card Removal","floor":2.0,"gold_loss":0.0,"damage_taken":7.0},{"damage_healed":0.0,"max_hp_gain":0.0,"max_hp_loss":0.0,"gold_gain":0.0,"event_name":"Shining Light","player_choice":"Entered Light","floor":3.0,"gold_loss":0.0,"damage_taken":14.0,"cards_upgraded":["Vigilance","Defend_P"]},{"damage_healed":0.0,"max_hp_gain":0.0,"max_hp_loss":0.0,"gold_gain":0.0,"cards_transformed":["Strike_P"],"event_name":"Living Wall","player_choice":"Change","floor":4.0,"gold_loss":0.0,"damage_taken":0.0,"cards_obtained":["Perseverance"]},{"damage_healed":0.0,"max_hp_gain":0.0,"max_hp_loss":0.0,"gold_gain":0.0,"event_name":"Golden Idol","player_choice":"Take Damage","floor":10.0,"gold_loss":0.0,"damage_taken":18.0,"relics_obtained":["Golden Idol"]},{"damage_healed":0.0,"max_hp_gain":0.0,"max_hp_loss":0.0,"gold_gain":0.0,"event_name":"Dead Adventurer","player_choice":"Searched \u00272\u0027 times","floor":12.0,"gold_loss":0.0,"damage_taken":0.0},{"damage_healed":0,"gold_gain":0,"player_choice":"Embrace Madness","damage_taken":9,"max_hp_gain":0,"max_hp_loss":0,"event_name":"Winding Halls","floor":37,"gold_loss":0,"cards_obtained":["Madness","Madness"]},{"damage_healed":0,"gold_gain":0,"player_choice":"Memory 1","damage_taken":0,"max_hp_gain":0,"max_hp_loss":0,"event_name":"SensoryStone","floor":45,"gold_loss":0}],"is_beta":false,"boss_relics":[{"not_picked":["Runic Dome","Black Star"],"picked":"Cursed Key"},{"not_picked":["VioletLotus","SacredBark"],"picked":"Astrolabe"}],"items_purged_floors":[7,28,36],"is_endless":false,"potions_floor_spawned":[1,5,11,13,16,21,22,23,25,31,39,40,46],"ascension_level":0}}