{"host":"6ko66ogg91i6g7xq","time":1607568267,"event":{"gold_per_floor":[110,110,110,110,110,110,144,157,157,157,183,183,31,63,63,164,164,180,180,200,211,229,255,255,286,286,286,317,267,267,287,287,388,388,403,449,370,370,370,370,403,181,181,231,246,265,265,278,278,278,278,278,26,58,58],"floor_reached":56,"playtime":1821,"items_purged":[],"score":1371,"play_id":"df355ae8-4022-4f7a-9318-671179fd2783","local_time":"20201209214427","is_ascension_mode":true,"campfire_choices":[{"floor":6,"key":"RECALL"},{"data":"Noxious Fumes","floor":10,"key":"SMITH"},{"floor":12,"key":"REST"},{"data":"Neutralize","floor":15,"key":"SMITH"},{"floor":24,"key":"REST"},{"floor":30,"key":"REST"},{"floor":32,"key":"REST"},{"floor":40,"key":"REST"},{"data":"Burst","floor":47,"key":"SMITH"},{"data":"Catalyst","floor":49,"key":"SMITH"},{"data":"Catalyst","floor":52,"key":"SMITH"}],"neow_cost":"NONE","seed_source_timestamp":196054655747900,"circlet_count":0,"master_deck":["Strike_G","Strike_G+1","Strike_G+1","Strike_G","Strike_G","Defend_G","Defend_G","Defend_G","Defend_G","Defend_G","Survivor","Neutralize+1","Deadly Poison+1","Noxious Fumes+1","Dodge and Roll","Dodge and Roll+1","Burst+1","Crippling Poison+1","Blur","Deadly Poison+1","Burst+1","Catalyst+1","Leg Sweep","Backflip","Catalyst+1","Noxious Fumes+1"],"special_seed":0,"relics":["Ring of the Snake","NeowsBlessing","Paper Crane","Singing Bowl","Blood Vial","Snake Skull","Boot","SlaversCollar","The Specimen","Omamori","War Paint","Black Star","CaptainsWheel","Eternal Feather","Centennial Puzzle","Bronze Scales","Toxic Egg 2","Torii","Mummified Hand","Mercury Hourglass","Lantern"],"potions_floor_usage":[14,20,21,23,36,36,50,55],"damage_taken":[{"damage":0,"enemies":"Cultist","floor":1,"turns":1},{"damage":0,"enemies":"Gremlin Nob","floor":7,"turns":1},{"damage":0,"enemies":"Jaw Worm","floor":8,"turns":1},{"damage":22,"enemies":"Lagavulin","floor":11,"turns":5},{"damage":4,"enemies":"Gremlin Nob","floor":14,"turns":4},{"damage":24,"enemies":"Hexaghost","floor":16,"turns":10},{"damage":15,"enemies":"3 Byrds","floor":18,"turns":4},{"damage":0,"enemies":"Chosen","floor":20,"turns":5},{"damage":12,"enemies":"Centurion and Healer","floor":21,"turns":7},{"damage":9,"enemies":"Shelled Parasite and Fungi","floor":22,"turns":5},{"damage":17,"enemies":"Slavers","floor":23,"turns":5},{"damage":13,"enemies":"Gremlin Leader","floor":25,"turns":6},{"damage":13,"enemies":"Slavers","floor":28,"turns":5},{"damage":3,"enemies":"Snake Plant","floor":31,"turns":4},{"damage":20,"enemies":"Automaton","floor":33,"turns":8},{"damage":7,"enemies":"Orb Walker","floor":35,"turns":4},{"damage":48,"enemies":"2 Orb Walkers","floor":36,"turns":6},{"damage":8,"enemies":"Giant Head","floor":41,"turns":8},{"damage":0,"enemies":"Mind Bloom Boss Battle","floor":44,"turns":6},{"damage":0,"enemies":"3 Shapes","floor":45,"turns":5},{"damage":1,"enemies":"3 Darklings","floor":46,"turns":12},{"damage":1,"enemies":"Maw","floor":48,"turns":6},{"damage":21,"enemies":"Donu and Deca","floor":50,"turns":6},{"damage":33,"enemies":"Shield and Spear","floor":54,"turns":6},{"damage":23,"enemies":"The Heart","floor":55,"turns":5}],"seed_played":"4888263778097913335","potions_obtained":[{"floor":8,"key":"FearPotion"},{"floor":16,"key":"Ancient Potion"},{"floor":18,"key":"Fire Potion"},{"floor":22,"key":"EssenceOfSteel"},{"floor":28,"key":"Weak Potion"},{"floor":33,"key":"PowerPotion"},{"floor":36,"key":"sneckomod:MuddlingPotion"},{"floor":44,"key":"Strength Potion"},{"floor":48,"key":"LiquidBronze"}],"is_trial":false,"path_per_floor":["M","?","?","?","$","R","E","M","T","R","E","R","$","E","R","B",null,"M","?","M","M","M","E","R","E","T","?","E","?","R","M","R","B",null,"M","?","$","?","?","R","E","$","T","?","M","M","R","M","R","B",null,"R","$","E","B",null],"character_chosen":"THE_SILENT","items_purchased":["Snake Skull","Leg Sweep","Bronze Scales","Catalyst","Mummified Hand"],"campfire_rested":5,"item_purchase_floors":[13,37,42,42,53],"current_hp_per_floor":[70,70,70,56,56,56,56,56,56,56,34,55,55,55,55,33,72,57,57,59,51,46,31,53,44,44,29,20,20,45,46,72,54,87,80,36,36,36,32,60,54,54,54,58,62,65,80,83,98,79,103,103,103,70,49],"gold":58,"neow_bonus":"THREE_ENEMY_KILL","is_prod":false,"is_daily":false,"chose_seed":false,"campfire_upgraded":5,"win_rate":0,"timestamp":1607568267,"path_taken":["M","?","?","?","$","R","E","M","T","R","E","R","$","E","R","BOSS","M","?","M","M","?","E","R","E","T","?","E","?","R","?","R","BOSS","M","?","$","?","?","R","E","$","T","?","M","M","R","M","R","BOSS","R","$","E","BOSS"],"build_version":"2020-11-30","purchased_purges":0,"victory":true,"max_hp_per_floor":[70,70,70,70,70,70,70,70,70,70,70,70,70,72,72,72,72,72,72,72,74,76,76,76,78,78,83,85,85,85,87,87,87,87,87,89,89,89,95,95,95,95,95,97,99,101,101,103,103,103,103,103,103,103,103],"relic_stats":{"Singing Bowl":28,"Torii":12,"counters":[25,135],"Eternal Feather":30,"Snake Skull":[273],"War Paint":["Crippling Poison","Dodge and Roll"],"Boot":[49],"Mercury Hourglass":[12],"Blood Vial":36,"Centennial Puzzle":[15],"Mummified Hand":[3],"Bronze Scales":[157],"Black Star":2,"obtain_stats":[{"Lantern":54,"NeowsBlessing":0,"Singing Bowl":9,"The Specimen":23,"Torii":44,"Eternal Feather":41,"Snake Skull":13,"Omamori":25,"Paper Crane":7,"War Paint":28,"Boot":14,"Mercury Hourglass":54,"Blood Vial":11,"SlaversCollar":17,"CaptainsWheel":36,"Centennial Puzzle":41,"Mummified Hand":53,"Bronze Scales":42,"Black Star":34,"Toxic Egg 2":43,"Ring of the Snake":0},{"Lantern":24,"NeowsBlessing":0,"Singing Bowl":3,"The Specimen":11,"Torii":19,"Eternal Feather":18,"Snake Skull":4,"Omamori":12,"Paper Crane":2,"War Paint":13,"Boot":5,"Mercury Hourglass":24,"Blood Vial":4,"SlaversCollar":6,"CaptainsWheel":17,"Centennial Puzzle":18,"Mummified Hand":23,"Bronze Scales":18,"Black Star":15,"Toxic Egg 2":18,"Ring of the Snake":0},{"Lantern":130,"NeowsBlessing":0,"Singing Bowl":3,"The Specimen":48,"Torii":95,"Eternal Feather":89,"Snake Skull":8,"Omamori":54,"Paper Crane":2,"War Paint":59,"Boot":12,"Mercury Hourglass":130,"Blood Vial":8,"SlaversCollar":22,"CaptainsWheel":81,"Centennial Puzzle":89,"Mummified Hand":124,"Bronze Scales":89,"Black Star":71,"Toxic Egg 2":89,"Ring of the Snake":0}],"Ring of the Snake":[50]},"card_choices":[{"not_picked":["Slice","PiercingWail"],"picked":"Deadly Poison","floor":1},{"not_picked":["Night Terror","Outmaneuver"],"picked":"Noxious Fumes","floor":7},{"not_picked":["Blade Dance","Prepared"],"picked":"Dodge and Roll","floor":8},{"not_picked":["Dagger Throw","Deflect"],"picked":"Dodge and Roll","floor":11},{"not_picked":["Finisher","Choke","Masterful Stab"],"picked":"Singing Bowl","floor":14},{"not_picked":["Grand Finale","Doppelganger"],"picked":"Burst","floor":16},{"not_picked":["Terror","Flechettes"],"picked":"Crippling Poison","floor":18},{"not_picked":["Reflex","Slice"],"picked":"Blur","floor":20},{"not_picked":["Deflect+1","Underhanded Strike+1","Blade Dance+1"],"picked":"Singing Bowl","floor":21},{"not_picked":["Flying Knee+1","Quick Slash+1","Dagger Spray"],"picked":"Singing Bowl","floor":22},{"not_picked":["Prepared","Bane"],"picked":"Deadly Poison+1","floor":23},{"not_picked":["Bane","Dagger Throw","Outmaneuver+1"],"picked":"Singing Bowl","floor":25},{"not_picked":["Outmaneuver","Concentrate","Reflex"],"picked":"Singing Bowl","floor":28},{"not_picked":["Accuracy","Tactician","Wraith Form v2"],"picked":"Singing Bowl","floor":31},{"not_picked":["Storm of Steel","After Image"],"picked":"Burst","floor":33},{"not_picked":["Underhanded Strike","Dodge and Roll"],"picked":"Catalyst","floor":35},{"not_picked":["Deflect","Underhanded Strike","Cloak And Dagger"],"picked":"Singing Bowl","floor":36},{"not_picked":["Magnetism","Panacea","expansioncontent:BronzeBeam"],"picked":"Singing Bowl","floor":39},{"not_picked":["expansioncontent:ManipulateTime","expansioncontent:CaCaw","Deep Breath"],"picked":"Singing Bowl","floor":39},{"not_picked":["Dark Shackles","expansioncontent:DefensiveMode","expansioncontent:SlimeTackle"],"picked":"Singing Bowl","floor":39},{"not_picked":["Calculated Gamble+1","Dagger Spray+1"],"picked":"Backflip","floor":41},{"not_picked":["Heel Hook","Dagger Spray+1","Finisher"],"picked":"Singing Bowl","floor":44},{"not_picked":["Acrobatics+1","All Out Attack","Quick Slash+1"],"picked":"Singing Bowl","floor":45},{"not_picked":["Poisoned Stab","Eviscerate","PiercingWail+1"],"picked":"Singing Bowl","floor":46},{"not_picked":["Dagger Throw","Outmaneuver+1","Flying Knee+1"],"picked":"Singing Bowl","floor":48},{"not_picked":["Infinite Blades","Dagger Spray"],"picked":"Noxious Fumes+1","floor":54}],"player_experience":250012,"relics_obtained":[{"floor":7,"key":"Paper Crane"},{"floor":9,"key":"Singing Bowl"},{"floor":11,"key":"Blood Vial"},{"floor":14,"key":"Boot"},{"floor":23,"key":"The Specimen"},{"floor":25,"key":"Omamori"},{"floor":28,"key":"War Paint"},{"floor":36,"key":"CaptainsWheel"},{"floor":41,"key":"Eternal Feather"},{"floor":41,"key":"Centennial Puzzle"},{"floor":43,"key":"Toxic Egg 2"},{"floor":44,"key":"Torii"},{"floor":54,"key":"Mercury Hourglass"},{"floor":54,"key":"Lantern"}],"event_choices":[{"damage_healed":0,"gold_gain":0,"player_choice":"Leave","damage_taken":0,"max_hp_gain":0,"max_hp_loss":0,"event_name":"The Cleric","floor":2,"gold_loss":0},{"damage_healed":0,"gold_gain":0,"player_choice":"Grow","damage_taken":0,"max_hp_gain":0,"max_hp_loss":0,"event_name":"Living Wall","floor":3,"gold_loss":0,"cards_upgraded":["Deadly Poison"]},{"damage_healed":0,"gold_gain":0,"player_choice":"Entered Light","damage_taken":14,"max_hp_gain":0,"max_hp_loss":0,"event_name":"Shining Light","floor":4,"gold_loss":0,"cards_upgraded":["Strike_G","Strike_G"]},{"damage_healed":0,"gold_gain":0,"player_choice":"Forge","damage_taken":0,"max_hp_gain":0,"max_hp_loss":0,"event_name":"Accursed Blacksmith","floor":19,"gold_loss":0,"cards_upgraded":["Burst"]},{"damage_healed":0,"gold_gain":0,"player_choice":"Shed Blood","damage_taken":20,"max_hp_gain":5,"max_hp_loss":0,"event_name":"Forgotten Altar","floor":27,"gold_loss":0},{"damage_healed":0,"gold_gain":0,"player_choice":"Bet on Owner","damage_taken":0,"max_hp_gain":0,"max_hp_loss":0,"event_name":"The Joust","floor":29,"gold_loss":50},{"damage_healed":0,"gold_gain":0,"player_choice":"Fight","damage_taken":0,"max_hp_gain":0,"max_hp_loss":0,"event_name":"Mysterious Sphere","floor":36,"gold_loss":0},{"damage_healed":0,"gold_gain":0,"player_choice":"Ignored","damage_taken":0,"max_hp_gain":0,"max_hp_loss":0,"event_name":"Tomb of Lord Red Mask","floor":38,"gold_loss":0},{"damage_healed":0,"gold_gain":0,"player_choice":"Memory 3","damage_taken":10,"max_hp_gain":0,"max_hp_loss":0,"event_name":"SensoryStone","floor":39,"gold_loss":0},{"damage_healed":0,"gold_gain":0,"player_choice":"Fight","damage_taken":0,"max_hp_gain":0,"max_hp_loss":0,"event_name":"MindBloom","floor":44,"gold_loss":0}],"is_beta":false,"boss_relics":[{"not_picked":["Busted Crown","Philosopher\u0027s Stone"],"picked":"SlaversCollar"},{"not_picked":["Fusion Hammer","Snecko Eye"],"picked":"Black Star"}],"items_purged_floors":[],"is_endless":false,"potions_floor_spawned":[8,16,18,22,28,33,36,44,48],"ascension_level":1}}