{"host":"4kqw88srlhl37mck","time":1607585639,"event":{"gold_per_floor":[109,135,149,169,187,187,222,222,222,232,232,262,279,292,292,392,442,452,465,465,166,176,205,205,219,242,242,242,255,255,286,286,390,390,405,258,258,10,10,10,21,35,61,0,12,42,73,85,97,109,109],"floor_reached":50,"playtime":3594,"items_purged":[],"score":569,"play_id":"70d7a161-1586-4a3e-9e93-d6ea68de6dc3","local_time":"20201209233359","is_ascension_mode":false,"campfire_choices":[{"data":"MasterSpark","floor":6,"key":"SMITH"},{"data":"DoubleSpark","floor":11,"key":"SMITH"},{"floor":15,"key":"REST"},{"floor":24,"key":"REST"},{"data":"LuminesStrike","floor":27,"key":"SMITH"},{"data":"MysteriousBeam","floor":30,"key":"SMITH"},{"floor":32,"key":"REST"},{"data":"NonDirectionalLaser","floor":40,"key":"SMITH"},{"data":"UpSweep","floor":45,"key":"SMITH"},{"floor":49,"key":"REST"}],"neow_cost":"NONE","seed_source_timestamp":46375591954448,"circlet_count":0,"master_deck":["Strike_MRS","Strike_MRS","Strike_MRS","Defend_MRS","Defend_MRS","Defend_MRS","Defend_MRS","MasterSpark+1","UpSweep+1","DoubleSpark+1","SprinkleStarSeal+1","Good Instincts","NonDirectionalLaser+1","DoubleSpark","GalacticHalo","MysteriousBeam+1","MilkyWay","LuminesStrike+1","LuminesStrike+1","MysteriousBeam+1","CurseOfTheBell","NonDirectionalLaser+1","PowerUp+1"],"relics":["MiniHakkero","Potion Belt","Centennial Puzzle","Boot","Frozen Egg 2","Tiny House","Pen Nib","MealTicket","Bag of Preparation","Orichalcum","Vajra","Calling Bell","Juzu Bracelet","HandmadeGrimoire","TungstenRod","theForsaken:Lifeblossom","Pear","MawBank","Red Mask"],"potions_floor_usage":[17,23,23,23,23,33,33,33,50,50],"damage_taken":[{"damage":0,"enemies":"Cultist","floor":1,"turns":3},{"damage":0,"enemies":"2 Louse","floor":3,"turns":2},{"damage":7,"enemies":"Small Slimes","floor":4,"turns":3},{"damage":7,"enemies":"Looter","floor":5,"turns":3},{"damage":7,"enemies":"Gremlin Nob","floor":7,"turns":4},{"damage":0,"enemies":"Blue Slaver","floor":10,"turns":3},{"damage":21,"enemies":"Lagavulin","floor":12,"turns":5},{"damage":23,"enemies":"Gremlin Gang","floor":13,"turns":4},{"damage":12,"enemies":"3 Louse","floor":14,"turns":2},{"damage":0,"enemies":"Slime Boss","floor":16,"turns":8},{"damage":5,"enemies":"3 Byrds","floor":18,"turns":4},{"damage":0,"enemies":"Chosen","floor":19,"turns":4},{"damage":0,"enemies":"Snecko","floor":22,"turns":4},{"damage":31,"enemies":"Gremlin Leader","floor":23,"turns":3},{"damage":2,"enemies":"Cultist and Chosen","floor":25,"turns":6},{"damage":4,"enemies":"3 Cultists","floor":29,"turns":4},{"damage":30,"enemies":"Slavers","floor":31,"turns":4},{"damage":74,"enemies":"Automaton","floor":33,"turns":8},{"damage":14,"enemies":"3 Darklings","floor":35,"turns":5},{"damage":8,"enemies":"3 Shapes","floor":41,"turns":4},{"damage":0,"enemies":"Sphere and 2 Shapes","floor":42,"turns":3},{"damage":7,"enemies":"Transient","floor":46,"turns":5},{"damage":28,"enemies":"Spire Growth","floor":47,"turns":4},{"damage":137,"enemies":"Time Eater","floor":50,"turns":11}],"seed_played":"-8371672799663403184","potions_obtained":[{"floor":3,"key":"SkillPotion"},{"floor":4,"key":"PowerPotion"},{"floor":5,"key":"ColorlessPotion"},{"floor":10,"key":"Swift Potion"},{"floor":16,"key":"Weak Potion"},{"floor":17,"key":"Fruit Juice"},{"floor":18,"key":"FearPotion"},{"floor":20,"key":"Explosive Potion"},{"floor":20,"key":"Regen Potion"},{"floor":23,"key":"FearPotion"},{"floor":31,"key":"DistilledChaos"},{"floor":41,"key":"Weak Potion"},{"floor":42,"key":"BlessingOfTheForge"},{"floor":46,"key":"Explosive Potion"}],"is_trial":false,"path_per_floor":["M","T","M","M","M","R","E","?","T","M","R","E","M","M","R","B",null,"M","M","?","$","M","E","R","M","T","R","?","M","R","E","R","B",null,"M","$","?","$","?","R","M","M","T","?","R","M","M","?","R","B"],"character_chosen":"MARISA","items_purchased":["Pen Nib","MealTicket","theForsaken:Lifeblossom","Pear"],"campfire_rested":4,"item_purchase_floors":[21,21,36,38],"current_hp_per_floor":[82,82,82,75,68,68,61,61,61,61,61,40,17,5,29,29,92,87,87,87,87,87,61,88,86,86,86,86,82,82,52,79,5,92,78,92,92,102,102,102,100,102,102,102,102,96,74,74,102,0,0],"gold":109,"neow_bonus":"TEN_PERCENT_HP_BONUS","is_prod":false,"is_daily":false,"chose_seed":false,"campfire_upgraded":6,"win_rate":0.0,"timestamp":1607585639,"path_taken":["M","?","M","M","M","R","E","?","T","M","R","E","M","M","R","BOSS","M","M","?","$","M","E","R","M","T","R","?","M","R","E","R","BOSS","M","$","?","?","?","R","M","M","T","?","R","M","M","?","R","BOSS"],"build_version":"2020-11-30","purchased_purges":0,"victory":false,"max_hp_per_floor":[82,82,82,82,82,82,82,82,82,82,82,82,82,82,82,82,92,92,92,92,92,92,92,92,92,92,92,92,92,92,92,92,92,92,92,92,92,102,102,102,102,102,102,102,102,102,102,102,102,102,102],"card_choices":[{"not_picked":["WitchLeyline","EventHorizon","MagicAbsorber"],"picked":"SKIP","floor":1},{"not_picked":["RefractionSpark","Orbital"],"picked":"DoubleSpark","floor":3},{"not_picked":["DeepEcoloBomb","SporeBomb"],"picked":"SprinkleStarSeal","floor":4},{"not_picked":["MysteriousBeam","SporeBomb","DeepEcoloBomb"],"picked":"SKIP","floor":5},{"not_picked":["DC","OneTimeOff","IllusionStar"],"picked":"SKIP","floor":7},{"not_picked":["Apotheosis","The Bomb"],"picked":"Good Instincts","floor":8},{"not_picked":["AsteroidBelt","EventHorizon"],"picked":"NonDirectionalLaser","floor":10},{"not_picked":["MeteoricShower","MagicChant"],"picked":"EnergyFlow+1","floor":12},{"not_picked":["Occultation","SporeBomb"],"picked":"DoubleSpark","floor":13},{"not_picked":["DoubleSpark","UnstableBomb"],"picked":"GalacticHalo","floor":14},{"not_picked":["GrandCross","AsteroidBelt"],"picked":"MysteriousBeam","floor":18},{"not_picked":["StarBarrage","MachineGunSpark"],"picked":"MilkyWay","floor":19},{"not_picked":["DC","UnstableBomb"],"picked":"LuminesStrike+1","floor":22},{"not_picked":["Acceleration","SporeBomb+1","EnergyFlow+1"],"picked":"SKIP","floor":23},{"not_picked":["AlicesGift","6A"],"picked":"LuminesStrike","floor":25},{"not_picked":["UnstableBomb","WitchOfGreed+1","AsteroidBelt"],"picked":"SKIP","floor":29},{"not_picked":["AlicesGift","EventHorizon+1"],"picked":"MysteriousBeam+1","floor":31},{"not_picked":["WitchLeyline+1","MysteriousBeam","MeteoricShower"],"picked":"SKIP","floor":35},{"not_picked":["SporeBomb","ChargeUpSpray","EventHorizon+1"],"picked":"SKIP","floor":41},{"not_picked":["IllusionStar+1","SporeBomb+1"],"picked":"NonDirectionalLaser+1","floor":42},{"not_picked":["WitchLeyline+1","ChargingUp+1","OneTimeOff"],"picked":"SKIP","floor":46},{"not_picked":["DoubleSpark+1","UnstableBomb+1"],"picked":"PowerUp+1","floor":47}],"player_experience":182318,"relics_obtained":[{"floor":2,"key":"Potion Belt"},{"floor":7,"key":"Centennial Puzzle"},{"floor":9,"key":"Boot"},{"floor":12,"key":"Frozen Egg 2"},{"floor":23,"key":"Bag of Preparation"},{"floor":26,"key":"Orichalcum"},{"floor":31,"key":"Vajra"},{"floor":34,"key":"Juzu Bracelet"},{"floor":34,"key":"HandmadeGrimoire"},{"floor":34,"key":"TungstenRod"},{"floor":43,"key":"MawBank"}],"event_choices":[{"damage_healed":0,"gold_gain":1,"player_choice":"1","damage_taken":0,"max_hp_gain":0,"max_hp_loss":0,"event_name":"betterStone:BetterStone","floor":8,"gold_loss":0},{"damage_healed":0,"gold_gain":0,"player_choice":"Got Potions","damage_taken":0,"max_hp_gain":0,"max_hp_loss":0,"event_name":"Lab","floor":20,"gold_loss":0},{"damage_healed":0,"gold_gain":0,"player_choice":"Ignored","damage_taken":0,"max_hp_gain":0,"max_hp_loss":0,"event_name":"betterNote:BetterNote","floor":28,"gold_loss":0,"cards_obtained":["CutThroughFate"]},{"cards_removed":["Strike_MRS"],"damage_healed":0,"gold_gain":0,"player_choice":"Offered Basic","damage_taken":0,"max_hp_gain":0,"max_hp_loss":0,"event_name":"Bonfire Elementals","floor":37,"gold_loss":0},{"cards_removed":["EnergyFlow"],"damage_healed":0,"gold_gain":0,"player_choice":"Removed Power","damage_taken":0,"max_hp_gain":0,"max_hp_loss":0,"event_name":"Falling","floor":39,"gold_loss":0},{"damage_healed":0,"gold_gain":0,"player_choice":"Paid","damage_taken":0,"relics_obtained":["Red Mask"],"max_hp_gain":0,"max_hp_loss":0,"event_name":"Tomb of Lord Red Mask","floor":44,"gold_loss":73}],"is_beta":false,"boss_relics":[{"not_picked":["Philosopher\u0027s Stone","Velvet Choker"],"picked":"Tiny House"},{"not_picked":["Snecko Eye","Fusion Hammer"],"picked":"Calling Bell"}],"items_purged_floors":[],"is_endless":false,"potions_floor_spawned":[3,4,5,10,16,18,19,23,31,41,42,46],"killed_by":"Time Eater","ascension_level":0}}