{"host":"y76clbnovzmw9ubx","time":1607560144,"event":{"gold_per_floor":[117,134,150,163,163,190,190,205,205,158,192,192,204,221,221,297,297,317,328,328,328,339,339,339,339],"floor_reached":24,"playtime":1747,"items_purged":[],"score":420,"play_id":"9080794c-d14b-4be9-871a-b194cd40bd05","local_time":"20201209192904","is_ascension_mode":true,"campfire_choices":[{"data":"Defragment","floor":7,"key":"SMITH"},{"data":"Reinforced Body","floor":12,"key":"SMITH"},{"floor":15,"key":"REST"},{"data":"Ghostly","floor":23,"key":"SMITH"}],"neow_cost":"NONE","seed_source_timestamp":1041126139286,"circlet_count":0,"master_deck":["AscendersBane","Strike_B+1","Strike_B+1","Strike_B+1","Defend_B+1","Defend_B+1","Defend_B+1","Defend_B+1","Zap","Dualcast","Chaos","Compile Driver","Melter","Streamline","Defragment+1","Rebound","Reinforced Body+1","Conserve Battery","Hologram","Rainbow","Auto Shields","Ghostly","Ghostly","Ghostly+1","Skim"],"relics":["Cracked Core","Blood Vial","MealTicket","Akabeko","Philosopher\u0027s Stone"],"potions_floor_usage":[6,11,16,19,22],"damage_taken":[{"damage":7,"enemies":"Jaw Worm","floor":1,"turns":4},{"damage":4,"enemies":"Small Slimes","floor":2,"turns":3},{"damage":6,"enemies":"2 Louse","floor":3,"turns":2},{"damage":8,"enemies":"Red Slaver","floor":4,"turns":3},{"damage":20,"enemies":"3 Sentries","floor":6,"turns":6},{"damage":16,"enemies":"Looter","floor":8,"turns":4},{"damage":17,"enemies":"Lagavulin","floor":11,"turns":7},{"damage":3,"enemies":"Blue Slaver","floor":13,"turns":2},{"damage":9,"enemies":"Red Slaver","floor":14,"turns":3},{"damage":17,"enemies":"Slime Boss","floor":16,"turns":9},{"damage":3,"enemies":"Spheric Guardian","floor":18,"turns":5},{"damage":31,"enemies":"3 Byrds","floor":19,"turns":2},{"damage":15,"enemies":"Cultist and Chosen","floor":22,"turns":7},{"damage":23,"enemies":"Slavers","floor":24,"turns":1}],"seed_played":"-7978003226477890861","potions_obtained":[{"floor":1,"key":"Explosive Potion"},{"floor":4,"key":"FearPotion"},{"floor":13,"key":"AttackPotion"},{"floor":14,"key":"FocusPotion"},{"floor":16,"key":"LiquidBronze"},{"floor":19,"key":"AttackPotion"},{"floor":22,"key":"SteroidPotion"}],"is_trial":false,"path_per_floor":["M","M","M","M","?","E","R","M","T","?","E","R","M","M","R","B",null,"M","M","?","?","M","R","E"],"character_chosen":"DEFECT","items_purchased":[],"campfire_rested":1,"item_purchase_floors":[],"current_hp_per_floor":[57,53,47,39,62,42,42,28,28,28,13,13,12,5,26,11,56,55,26,26,26,13,13,0,0],"gold":339,"neow_bonus":"TRANSFORM_CARD","is_prod":false,"is_daily":false,"chose_seed":false,"campfire_upgraded":3,"win_rate":0,"timestamp":1607560144,"path_taken":["M","M","M","M","?","E","R","M","T","?","E","R","M","M","R","BOSS","M","M","?","?","M","R","E"],"build_version":"2020-11-30","purchased_purges":0,"victory":false,"max_hp_per_floor":[71,71,71,71,71,71,71,71,71,71,71,71,71,71,71,71,71,71,71,71,35,35,35,35,35],"relic_stats":{"Blood Vial":18,"counters":[14,58],"MealTicket":0,"obtain_stats":[{"Blood Vial":6,"MealTicket":9,"Philosopher\u0027s Stone":17,"Cracked Core":0,"Akabeko":11},{"Blood Vial":5,"MealTicket":6,"Philosopher\u0027s Stone":10,"Cracked Core":0,"Akabeko":7},{"Blood Vial":18,"MealTicket":22,"Philosopher\u0027s Stone":43,"Cracked Core":0,"Akabeko":29}]},"card_choices":[{"not_picked":["Loop","Turbo"],"picked":"Compile Driver","floor":1},{"not_picked":["Coolheaded","Seek"],"picked":"Melter","floor":2},{"not_picked":["Leap","Coolheaded"],"picked":"Streamline","floor":3},{"not_picked":["Heatsinks","Reboot"],"picked":"Defragment","floor":4},{"not_picked":["Redo","Steam"],"picked":"Rebound","floor":6},{"not_picked":["Compile Driver","Coolheaded"],"picked":"Reinforced Body","floor":8},{"not_picked":["Reprogram","Turbo"],"picked":"Conserve Battery","floor":11},{"not_picked":["Self Repair","Heatsinks"],"picked":"Hologram","floor":13},{"not_picked":["Hologram","Stack","Barrage"],"picked":"SKIP","floor":14},{"not_picked":["Hyperbeam","Meteor Strike"],"picked":"Rainbow","floor":16},{"not_picked":["Turbo","Redo","Blizzard+1"],"picked":"SKIP","floor":18},{"not_picked":["Gash","Self Repair"],"picked":"Auto Shields","floor":19},{"not_picked":["Turbo","Heatsinks"],"picked":"Skim","floor":22}],"player_experience":2794232,"relics_obtained":[{"floor":6,"key":"Blood Vial"},{"floor":9,"key":"MealTicket"},{"floor":11,"key":"Akabeko"}],"event_choices":[{"damage_healed":23,"gold_gain":0,"player_choice":"Banana","damage_taken":0,"max_hp_gain":0,"max_hp_loss":0,"event_name":"Big Fish","floor":5,"gold_loss":0},{"damage_healed":0,"gold_gain":0,"player_choice":"Left Gold","damage_taken":0,"max_hp_gain":0,"max_hp_loss":0,"event_name":"World of Goop","floor":10,"gold_loss":47},{"damage_healed":0,"gold_gain":0,"player_choice":"Simplicity","damage_taken":0,"max_hp_gain":0,"max_hp_loss":0,"event_name":"Back to Basics","floor":20,"gold_loss":0,"cards_upgraded":["Strike_B","Strike_B","Strike_B","Defend_B","Defend_B","Defend_B","Defend_B"]},{"damage_healed":0,"gold_gain":0,"player_choice":"Became a Ghost","damage_taken":0,"max_hp_gain":0,"max_hp_loss":36,"event_name":"Ghosts","floor":21,"gold_loss":0,"cards_obtained":["Ghostly","Ghostly","Ghostly"]}],"is_beta":false,"boss_relics":[{"not_picked":["SlaversCollar","Ectoplasm"],"picked":"Philosopher\u0027s Stone"}],"items_purged_floors":[],"is_endless":false,"potions_floor_spawned":[1,4,13,14,16,19,22],"killed_by":"Slavers","ascension_level":20}}