{"host":"r96gpt22bjdw55rp","time":1607584054,"event":{"gold_per_floor":[109,284,359,229,249,274,274,274,300,300,300,331,331,331,331,426,426,439,439,339,354,229,229,261,273,298,298,298,298,298,348,348,450,450,466,484,484,89,89,89,89,124,151,151,186,236,186,186,186,290,290,302,312,328,328,328,328,328],"floor_reached":56,"playtime":3238,"items_purged":["Doubt","DTMod:TargetDefense","DTMod:Strike","Writhe"],"score":650,"play_id":"c90dd179-62c1-4b4b-9b0e-6452ec245341","local_time":"20201210160734","daily_mods":["Time Dilation","Flight"],"is_ascension_mode":false,"metric_token":799,"campfire_choices":[{"data":"DTMod:SealedStrike","floor":7,"key":"SMITH"},{"floor":11,"key":"REST"},{"floor":13,"key":"REST"},{"data":"DTMod:SealedStrike+1","floor":23,"key":"SMITH"},{"floor":28,"key":"REST"},{"floor":29,"key":"REST"},{"data":"DTMod:SealedStrike+2","floor":30,"key":"SMITH"},{"data":"DTMod:SealedStrike+3","floor":32,"key":"SMITH"},{"data":"DTMod:SealedStrike+4","floor":40,"key":"SMITH"},{"floor":41,"key":"REST"},{"floor":44,"key":"REST"},{"floor":49,"key":"REST"}],"neow_cost":"","dtmod_dragon_data":[58,58,1,0,12,4],"seed_source_timestamp":0,"circlet_count":0,"master_deck":["DTMod:Strike+1","DTMod:Strike+1","DTMod:Strike+1","DTMod:DoubleHit+1","DTMod:TargetDefense+1","DTMod:TargetDefense+1","DTMod:SwitchingTactic+1","DTMod:Threaten+1","DTMod:BalancedStrike+1","DTMod:BalancedStrike+1","DTMod:FlameSlash+1","DTMod:SealedStrike+5","DTMod:ComboAttack+1","Pot Of Greed+1","DTMod:FierySynthesis+1","DTMod:ResonanceForm+1","DTMod:DarkBreath+1","DTMod:DragonDance+1","ReplayTheSpireMod:Brewmster+1","DTMod:QuickFly+1"],"relics":["DTMod:PactStone","Calipers","DTMod:BasicTextbook","DTMod:AncientBone","Grinning Jar","Snecko Heart","HollowMod:LifeEnderRelic","Pet Ghost","Bag of Marbles","Black Star","PreservedInsect","Bottled Tornado","Oddly Smooth Stone","Regal Pillow","Lantern","Smiling Mask","Orichalcum","TungstenRod","ReplayTheSpireMod:Ninjato"],"potions_floor_usage":[6,24,33,33,45,45,50,50,50],"damage_taken":[{"damage":0,"enemies":"Jaw Worm","floor":1,"turns":3},{"damage":0,"enemies":"Small Slimes","floor":5,"turns":3},{"damage":16,"enemies":"Replay:BlueRogue","floor":6,"turns":7},{"damage":6,"enemies":"3 Sentries","floor":12,"turns":5},{"damage":15,"enemies":"Slime Boss","floor":16,"turns":10},{"damage":0,"enemies":"Chosen","floor":18,"turns":3},{"damage":1,"enemies":"Spheric Guardian","floor":21,"turns":3},{"damage":26,"enemies":"Slavers","floor":24,"turns":6},{"damage":0,"enemies":"Snecko","floor":25,"turns":4},{"damage":8,"enemies":"Collector","floor":33,"turns":7},{"damage":0,"enemies":"3 Darklings","floor":35,"turns":5},{"damage":0,"enemies":"3 Shapes","floor":36,"turns":2},{"damage":0,"enemies":"Nemesis","floor":42,"turns":5},{"damage":0,"enemies":"Giant Head","floor":45,"turns":5},{"damage":0,"enemies":"Mind Bloom Boss Battle","floor":46,"turns":5},{"damage":7,"enemies":"Replay:Hell Engine","floor":50,"turns":4},{"damage":0,"enemies":"Jaw Worm","floor":52,"turns":1},{"damage":0,"enemies":"Cultist","floor":53,"turns":1},{"damage":0,"enemies":"2 Louse","floor":54,"turns":1},{"damage":0,"enemies":"Looter","floor":56,"turns":1}],"seed_played":"-745742071536661278","potions_obtained":[{"floor":1,"key":"Fire Potion"},{"floor":12,"key":"Keypotion"},{"floor":16,"key":"PowerPotion"},{"floor":24,"key":"PowerPotion"},{"floor":50,"key":"Weak Potion"},{"floor":52,"key":"Energy Potion"}],"is_trial":true,"path_per_floor":["M","?","?","$","M","E","R","?","T","?","R","E","R","?","R","B",null,"M","?","$","M","$","R","E","M","T","?","R","R","R","?","R","B",null,"M","M","?","$","T","R","R","E","T","R","E","?","$","?","R","B",null,"M","M","M","?","M"],"character_chosen":"THE_DT","items_purchased":["DTMod:BalancedStrike","PreservedInsect","DTMod:DragonDance","ReplayTheSpireMod:Brewmster"],"campfire_rested":7,"item_purchase_floors":[4,38,38,38],"current_hp_per_floor":[45,45,34,34,34,18,18,18,18,9,22,16,29,22,35,20,45,45,39,39,38,38,38,12,12,12,12,25,38,38,38,38,30,45,45,45,45,45,45,45,45,45,45,45,45,45,45,45,45,38,45,45,45,45,45,45,45,45],"gold":328,"neow_bonus":"","is_prod":false,"is_daily":false,"chose_seed":false,"campfire_upgraded":5,"win_rate":0.0,"timestamp":1607584054,"path_taken":["M","?","?","$","M","E","R","?","T","?","R","E","R","?","R","BOSS","M","?","$","M","$","R","E","?","T","?","R","R","R","?","R","BOSS","M","?","?","$","?","R","R","E","T","R","E","?","$","?","R","BOSS","M","M","?","?","?"],"build_version":"2020-11-30","purchased_purges":4,"victory":false,"max_hp_per_floor":[45,45,45,45,45,45,45,45,45,45,45,45,45,45,45,45,45,45,45,45,45,45,45,45,45,45,45,45,45,45,45,45,45,45,45,45,45,45,45,45,45,45,45,45,45,45,45,45,45,45,45,45,45,45,45,45,45,45],"card_choices":[{"not_picked":["DTMod:MasterPlan","DTMod:RecklessFlurry"],"picked":"DTMod:Threaten","floor":1},{"not_picked":["DTMod:LastStand","DTMod:BurningForce"],"picked":"DTMod:FlameSlash","floor":5},{"not_picked":["DTMod:BurningEnergy","DTMod:BreakAttack"],"picked":"DTMod:SealedStrike","floor":6},{"not_picked":["DTMod:ForkedFire","DTMod:FlameSlash"],"picked":"DTMod:ComboAttack","floor":12},{"not_picked":["DTMod:HeadStart","DTMod:Safeguard"],"picked":"DTMod:FierySynthesis","floor":16},{"not_picked":["DTMod:Dissolve","DTMod:BurningForce","DTMod:BreakAttack"],"picked":"SKIP","floor":18},{"not_picked":["DTMod:MagicField","DTMod:GhostSkin","DTMod:Conduct"],"picked":"SKIP","floor":21},{"not_picked":["DTMod:Threaten+1","DTMod:HeatWave","DTMod:GhostSkin"],"picked":"SKIP","floor":24},{"not_picked":["DTMod:FlameSlash","DTMod:ForkedFire","DTMod:LastStand"],"picked":"SKIP","floor":25},{"not_picked":["DTMod:Inferno","DTMod:StunTrap"],"picked":"DTMod:ResonanceForm","floor":33},{"not_picked":["DTMod:Punisher+1","DTMod:Feint"],"picked":"DTMod:DarkBreath+1","floor":35},{"not_picked":["DTMod:HeatWave","DTMod:Weaken","DTMod:DeepFocus"],"picked":"SKIP","floor":36},{"not_picked":["DTMod:MaximumCharge","DTMod:GearUp","DTMod:HeatWave+1"],"picked":"SKIP","floor":42},{"not_picked":["DTMod:LowKick","DTMod:BlazingStrike+1"],"picked":"DTMod:QuickFly+1","floor":45},{"not_picked":["DTMod:ComboAttack","DTMod:Hide","DTMod:PurifyingFlame"],"picked":"SKIP","floor":52},{"not_picked":["DTMod:ComboAttack","DTMod:Hide","DTMod:PurifyingFlame"],"picked":"SKIP","floor":52},{"not_picked":["DTMod:BurningEnergy","DTMod:Coolant","DTMod:BalancedStrike"],"picked":"SKIP","floor":53},{"not_picked":["DTMod:TagTeam","DTMod:CrossStep","DTMod:FlameSlash"],"picked":"SKIP","floor":54}],"player_experience":1802224,"relics_obtained":[{"floor":6,"key":"Calipers"},{"floor":9,"key":"DTMod:BasicTextbook"},{"floor":12,"key":"DTMod:AncientBone"},{"floor":24,"key":"HollowMod:LifeEnderRelic"},{"floor":26,"key":"Pet Ghost"},{"floor":39,"key":"Bottled Tornado"},{"floor":42,"key":"Oddly Smooth Stone"},{"floor":42,"key":"Regal Pillow"},{"floor":43,"key":"Lantern"},{"floor":45,"key":"Smiling Mask"},{"floor":45,"key":"Orichalcum"},{"floor":46,"key":"TungstenRod"}],"event_choices":[{"damage_healed":0,"gold_gain":175,"player_choice":"AGREE","damage_taken":0,"max_hp_gain":0,"max_hp_loss":0,"event_name":"Liars Game","floor":2,"gold_loss":0,"cards_obtained":["Doubt"]},{"damage_healed":0,"gold_gain":75,"player_choice":"Gather Gold","damage_taken":11,"max_hp_gain":0,"max_hp_loss":0,"event_name":"World of Goop","floor":3,"gold_loss":0},{"damage_healed":0,"gold_gain":0,"player_choice":"Searched \u00271\u0027 times","damage_taken":0,"max_hp_gain":0,"max_hp_loss":0,"event_name":"Dead Adventurer","floor":8,"gold_loss":0},{"damage_healed":0,"gold_gain":0,"player_choice":"Entered Light","damage_taken":9,"max_hp_gain":0,"max_hp_loss":0,"event_name":"Shining Light","floor":10,"gold_loss":0,"cards_upgraded":["DTMod:Strike","DTMod:BalancedStrike"]},{"damage_healed":0,"gold_gain":0,"player_choice":"Success","damage_taken":7,"relics_obtained":["Grinning Jar"],"max_hp_gain":0,"max_hp_loss":0,"event_name":"Scrap Ooze","floor":14,"gold_loss":0},{"damage_healed":0,"gold_gain":0,"player_choice":"","damage_taken":6,"max_hp_gain":0,"max_hp_loss":0,"event_name":"Knowing Skull","floor":19,"potions_obtained":[],"gold_loss":0,"cards_obtained":[]},{"damage_healed":0,"gold_gain":0,"player_choice":"Opened","damage_taken":0,"relics_obtained":["Bag of Marbles"],"max_hp_gain":0,"max_hp_loss":0,"event_name":"The Mausoleum","floor":27,"gold_loss":0,"cards_obtained":["Writhe"]},{"damage_healed":0,"gold_gain":100,"player_choice":"Bet on Murderer","damage_taken":0,"max_hp_gain":0,"max_hp_loss":0,"event_name":"The Joust","floor":31,"gold_loss":50},{"cards_removed":["Pot Of Greed"],"damage_healed":0,"gold_gain":0,"player_choice":"Removed Skill","damage_taken":0,"max_hp_gain":0,"max_hp_loss":0,"event_name":"Falling","floor":37,"gold_loss":0},{"damage_healed":0,"gold_gain":0,"player_choice":"Fight","damage_taken":0,"max_hp_gain":0,"max_hp_loss":0,"event_name":"MindBloom","floor":46,"gold_loss":0},{"damage_healed":0,"gold_gain":0,"player_choice":"Gave Potion","damage_taken":0,"relics_obtained":["ReplayTheSpireMod:Ninjato"],"max_hp_gain":0,"max_hp_loss":0,"event_name":"WeMeetAgain","floor":48,"gold_loss":0},{"cards_removed":["DTMod:TargetDefense"],"damage_healed":0,"gold_gain":0,"player_choice":"Offered Basic","damage_taken":0,"max_hp_gain":0,"max_hp_loss":0,"event_name":"Bonfire Elementals","floor":55,"gold_loss":0}],"is_beta":false,"boss_relics":[{"not_picked":["Runic Pyramid","ReplayTheSpireMod:DimensionalGlitch"],"picked":"Snecko Heart"},{"not_picked":["Replay:Ancient Bell","Astrolabe"],"picked":"Black Star"},{"not_picked":["Velvet Choker","Painkiller Herb","Honey Jar"]}],"items_purged_floors":[4,20,22,47],"is_endless":true,"potions_floor_spawned":[1,12,16,24,42,46,50,52,53],"killed_by":"Looter","ascension_level":0}}