{"host":"d7qmn60fs48wu5y6","time":1607563462,"event":{"gold_per_floor":[118,118,132,147,222,254,266,266,289,322,322,17,17,46,46,148,148,162,162,17,29,29,63,63,63,63,3,37,37,63,63,63,167,167,180,99,99,153,153,165,165,165,189,189,204,204,237,252,252,252,252,252,44,71,71,71],"floor_reached":55,"playtime":2131,"items_purged":["Strike_R","Strike_R"],"score":777,"play_id":"edca505a-ae91-46ca-9a26-777fd011ae99","local_time":"20201209172422","is_ascension_mode":true,"campfire_choices":[{"floor":8,"key":"REST"},{"data":"Battle Trance","floor":13,"key":"SMITH"},{"data":"Shockwave","floor":15,"key":"SMITH"},{"floor":24,"key":"REST"},{"data":"Limit Break","floor":25,"key":"SMITH"},{"floor":29,"key":"REST"},{"floor":32,"key":"REST"},{"floor":41,"key":"REST"},{"floor":42,"key":"REST"},{"floor":44,"key":"RECALL"},{"floor":46,"key":"REST"},{"floor":49,"key":"REST"},{"data":"Limit Break","floor":52,"key":"SMITH"}],"neow_cost":"NONE","seed_source_timestamp":462650757280800,"circlet_count":0,"master_deck":["Strike_R","Defend_R+1","Defend_R","Defend_R","Defend_R","Bash","Bludgeon","Shockwave+1","Demon Form","Anger","Battle Trance+1","Limit Break+1","Cleave","Uppercut+1","Demon Form","Inflame","Shrug It Off+1","Disarm","Feed","Shrug It Off+1","expansioncontent:Chronoboost","Bloodletting+1","Fire Breathing","True Grit+1","Limit Break+1","Heavy Blade","Shrug It Off","Headbutt"],"relics":["Burning Blood","Strawberry","Oddly Smooth Stone","Orichalcum","Incense Burner","Juzu Bracelet","Empty Cage","Membership Card","WingedGreaves","War Paint","Matryoshka","Bird Faced Urn","Mark of Pain","Ginger","Kunai","Lantern","Akabeko"],"potions_floor_usage":[10,23,23,38,38,40,48,50,50,54,54,55],"damage_taken":[{"damage":5,"enemies":"2 Louse","floor":1,"turns":3},{"damage":0,"enemies":"Small Slimes","floor":3,"turns":3},{"damage":0,"enemies":"Cultist","floor":4,"turns":3},{"damage":31,"enemies":"Lagavulin","floor":6,"turns":6},{"damage":18,"enemies":"3 Louse","floor":7,"turns":3},{"damage":12,"enemies":"Gremlin Nob","floor":10,"turns":3},{"damage":9,"enemies":"3 Sentries","floor":14,"turns":7},{"damage":30,"enemies":"Hexaghost","floor":16,"turns":7},{"damage":0,"enemies":"Chosen","floor":18,"turns":3},{"damage":20,"enemies":"Spheric Guardian","floor":21,"turns":4},{"damage":39,"enemies":"Slavers","floor":23,"turns":5},{"damage":25,"enemies":"Gremlin Leader","floor":28,"turns":6},{"damage":30,"enemies":"Book of Stabbing","floor":30,"turns":7},{"damage":16,"enemies":"Colosseum Slavers","floor":31,"turns":5},{"damage":39,"enemies":"Champ","floor":33,"turns":8},{"damage":0,"enemies":"3 Shapes","floor":35,"turns":8},{"damage":72,"enemies":"2 Orb Walkers","floor":38,"turns":7},{"damage":12,"enemies":"Orb Walker","floor":40,"turns":5},{"damage":35,"enemies":"Spire Growth","floor":45,"turns":6},{"damage":45,"enemies":"Giant Head","floor":47,"turns":9},{"damage":11,"enemies":"4 Shapes","floor":48,"turns":5},{"damage":20,"enemies":"Time Eater","floor":50,"turns":10},{"damage":74,"enemies":"Shield and Spear","floor":54,"turns":7},{"damage":70,"enemies":"The Heart","floor":55,"turns":3}],"seed_played":"-8257327196091708620","potions_obtained":[{"floor":3,"key":"SkillPotion"},{"floor":4,"key":"Swift Potion"},{"floor":16,"key":"PowerPotion"},{"floor":21,"key":"SneckoOil"},{"floor":22,"key":"HeartOfIron"},{"floor":23,"key":"Dexterity Potion"},{"floor":33,"key":"GamblersBrew"},{"floor":38,"key":"LiquidBronze"},{"floor":45,"key":"Ancient Potion"},{"floor":47,"key":"PowerPotion"}],"is_trial":false,"path_per_floor":["M","?","M","M","?","E","M","R","T","E","?","$","R","E","R","B",null,"M","?","$","M","?","E","R","R","T","$","E","R","E","?","R","B",null,"M","$","?","?","?","M","R","R","T","R","M","R","E","M","R","B",null,"R","$","E","B"],"character_chosen":"IRONCLAD","items_purchased":["Incense Burner","Membership Card","Inflame","Shrug It Off","expansioncontent:Chronoboost","Shrug It Off","EssenceOfSteel","HeartOfIron","Headbutt","ColorlessPotion"],"campfire_rested":8,"item_purchase_floors":[12,20,27,27,36,53,53,53,53,53],"current_hp_per_floor":[80,80,80,80,69,51,39,65,65,59,87,87,87,84,84,60,87,87,87,87,73,73,40,66,66,66,66,47,73,49,41,67,40,87,90,90,90,26,26,26,53,80,80,80,59,86,53,58,85,81,90,90,90,26,0,0],"gold":71,"neow_bonus":"ONE_RANDOM_RARE_CARD","is_prod":false,"is_daily":false,"chose_seed":false,"campfire_upgraded":4,"win_rate":0,"timestamp":1607563462,"path_taken":["M","?","M","M","?","E","M","R","T","E","?","$","R","E","R","BOSS","M","?","$","M","?","E","R","R","T","$","E","R","E","?","R","BOSS","M","$","?","?","?","M","R","R","T","R","M","R","E","M","R","BOSS","R","$","E","BOSS"],"build_version":"2020-11-30","purchased_purges":2,"victory":false,"max_hp_per_floor":[80,80,80,80,80,87,87,87,87,87,87,87,87,87,87,87,87,87,87,87,87,87,87,87,87,87,87,87,87,87,87,87,87,87,90,90,90,90,90,90,90,90,90,90,90,90,90,90,90,90,90,90,90,90,90,90],"card_choices":[{"not_picked":["Warcry","Clash","Armaments"],"picked":"SKIP","floor":1},{"not_picked":["Anger","Perfected Strike"],"picked":"Shockwave","floor":3},{"not_picked":["Headbutt","Uppercut"],"picked":"Spot Weakness","floor":4},{"not_picked":["Headbutt","Havoc"],"picked":"Demon Form","floor":6},{"not_picked":["Bloodletting","Combust"],"picked":"Anger","floor":7},{"not_picked":["Twin Strike","Blood for Blood"],"picked":"Battle Trance","floor":10},{"not_picked":["Clothesline","Perfected Strike","Second Wind"],"picked":"SKIP","floor":14},{"not_picked":["Feed","Fiend Fire"],"picked":"Limit Break","floor":16},{"not_picked":["Seeing Red","Wild Strike"],"picked":"Cleave","floor":18},{"not_picked":["Cleave+1","Carnage+1"],"picked":"Uppercut+1","floor":21},{"not_picked":["Clothesline+1","Power Through"],"picked":"Demon Form","floor":23},{"not_picked":["Iron Wave+1","Shrug It Off"],"picked":"Disarm","floor":28},{"not_picked":["Flex","Warcry","Body Slam"],"picked":"SKIP","floor":30},{"not_picked":["Juggernaut","Bludgeon"],"picked":"Feed","floor":33},{"not_picked":["Flame Barrier","Reckless Charge+1"],"picked":"Shrug It Off+1","floor":35},{"not_picked":["Whirlwind","Twin Strike"],"picked":"Bloodletting+1","floor":38},{"not_picked":["Armaments+1","Combust+1"],"picked":"Fire Breathing","floor":40},{"not_picked":["Whirlwind","Headbutt"],"picked":"True Grit+1","floor":45},{"not_picked":["Dual Wield","Pommel Strike+1"],"picked":"Limit Break","floor":47},{"not_picked":["Sword Boomerang","Infernal Blade"],"picked":"Heavy Blade","floor":48},{"not_picked":["True Grit","Iron Wave+1","Wild Strike+1"],"picked":"SKIP","floor":54}],"player_experience":824207,"relics_obtained":[{"floor":6,"key":"Strawberry"},{"floor":9,"key":"Oddly Smooth Stone"},{"floor":10,"key":"Orichalcum"},{"floor":14,"key":"Juzu Bracelet"},{"floor":23,"key":"WingedGreaves"},{"floor":26,"key":"War Paint"},{"floor":28,"key":"Matryoshka"},{"floor":30,"key":"Bird Faced Urn"},{"floor":38,"key":"Ginger"},{"floor":43,"key":"Kunai"},{"floor":47,"key":"Lantern"},{"floor":54,"key":"Akabeko"}],"event_choices":[{"damage_healed":0,"gold_gain":0,"player_choice":"Ignored","damage_taken":0,"max_hp_gain":0,"max_hp_loss":0,"event_name":"Liars Game","floor":2,"gold_loss":0},{"damage_healed":0,"gold_gain":75,"player_choice":"Gather Gold","damage_taken":11,"max_hp_gain":0,"max_hp_loss":0,"event_name":"World of Goop","floor":5,"gold_loss":0},{"damage_healed":29,"gold_gain":0,"player_choice":"Banana","damage_taken":0,"max_hp_gain":0,"max_hp_loss":0,"event_name":"Big Fish","floor":11,"gold_loss":0},{"damage_healed":0,"gold_gain":0,"player_choice":"Got Potions","damage_taken":0,"max_hp_gain":0,"max_hp_loss":0,"event_name":"Lab","floor":22,"gold_loss":0},{"damage_healed":0,"gold_gain":0,"player_choice":"Fight","damage_taken":0,"max_hp_gain":0,"max_hp_loss":0,"event_name":"Colosseum","floor":31,"gold_loss":0},{"damage_healed":0,"gold_gain":0,"player_choice":"Fled From Nobs","damage_taken":0,"max_hp_gain":0,"max_hp_loss":0,"event_name":"Colosseum","floor":31,"gold_loss":0},{"damage_healed":0,"gold_gain":0,"player_choice":"Upgraded","damage_taken":0,"max_hp_gain":0,"max_hp_loss":0,"event_name":"Upgrade Shrine","floor":37,"gold_loss":0,"cards_upgraded":["Shrug It Off"]},{"damage_healed":0,"gold_gain":0,"player_choice":"Fight","damage_taken":0,"max_hp_gain":0,"max_hp_loss":0,"event_name":"Mysterious Sphere","floor":38,"gold_loss":0},{"cards_removed":["Spot Weakness"],"damage_healed":0,"gold_gain":0,"player_choice":"Removed Skill","damage_taken":0,"max_hp_gain":0,"max_hp_loss":0,"event_name":"Falling","floor":39,"gold_loss":0}],"is_beta":false,"boss_relics":[{"not_picked":["SlaversCollar","SacredBark"],"picked":"Empty Cage"},{"not_picked":["Runic Cube","Velvet Choker"],"picked":"Mark of Pain"}],"items_purged_floors":[36,53],"is_endless":false,"potions_floor_spawned":[3,4,16,21,23,31,33,38,45,47],"killed_by":"The Heart","ascension_level":1}}