{"host":"1mv6gj0zv8k9e9tz","time":1607618126,"event":{"mods":["BaseMod","AchievementEnabler","StSLib","Colored Map","Minty Spire (QoL Compilation)","Rare Cards Sparkle","Better Third Choice","KOR Keyword Fix","Permanent Neow"],"gold_per_floor":[119,119,134,146,146,180,197,197,197],"floor_reached":8,"playtime":778,"items_purged":[],"score":90,"play_id":"7700160d-8545-4938-aa74-d27b39bfc315","local_time":"20201211013526","is_ascension_mode":true,"campfire_choices":[],"circlet_count":0,"master_deck":["AscendersBane","Strike_G","Strike_G","Strike_G","Strike_G","Defend_G","Defend_G","Defend_G","Defend_G","Survivor","Neutralize","Poisoned Stab+1","Calculated Gamble","Noxious Fumes","Wireheading+1"],"special_seed":0,"relics":["Empty Cage","Vajra","Blood Vial"],"acts_visited":["Exordium"],"potions_floor_usage":[6,6,8],"damage_taken":[{"damage":8.0,"enemies":"Jaw Worm","floor":1.0,"turns":7.0},{"damage":2,"enemies":"2 Louse","floor":3,"turns":3},{"damage":1,"enemies":"Small Slimes","floor":4,"turns":3},{"damage":15,"enemies":"Lagavulin","floor":6,"turns":7},{"damage":20,"enemies":"Exordium Thugs","floor":7,"turns":4},{"damage":5,"enemies":"3 Sentries","floor":8,"turns":2}],"seed_played":"7582950830450727646","potions_obtained":[{"floor":1.0,"key":"BlessingOfTheForge"},{"floor":4,"key":"FearPotion"},{"floor":6,"key":"AttackPotion"}],"is_trial":false,"path_per_floor":["M","?","M","M","?","E","M","E"],"character_chosen":"THE_SILENT","items_purchased":[],"campfire_rested":0,"item_purchase_floors":[],"current_hp_per_floor":[55,55,53,52,40,25,7,4,4],"gold":197,"neow_bonus":"BOSS_RELIC","is_daily":false,"chose_seed":false,"campfire_upgraded":0,"win_rate":0,"timestamp":1607618126,"path_taken":["M","?","M","M","?","E","M","E"],"build_version":"2020-11-30","purchased_purges":0,"victory":false,"max_hp_per_floor":[70,70,70,70,70,70,70,70,70],"card_choices":[{"not_picked":["Choke","Bane"],"picked":"Poisoned Stab","floor":1.0},{"not_picked":["Skewer","Sucker Punch"],"picked":"Calculated Gamble","floor":3},{"not_picked":["All Out Attack","Deflect"],"picked":"Noxious Fumes","floor":4},{"not_picked":["Predator","Heel Hook","Slice"],"picked":"SKIP","floor":6},{"not_picked":["Quick Slash","Bane","Infinite Blades"],"picked":"SKIP","floor":7}],"player_experience":451826,"relics_obtained":[{"floor":6,"key":"Blood Vial"}],"event_choices":[{"damage_healed":0,"gold_gain":0,"player_choice":"Grow","damage_taken":0,"max_hp_gain":0,"max_hp_loss":0,"event_name":"Living Wall","floor":2,"gold_loss":0,"cards_upgraded":["Poisoned Stab"]}],"is_beta":false,"boss_relics":[],"items_purged_floors":[],"is_endless":false,"potions_floor_spawned":[1,4,6],"killed_by":"3 Sentries","ascension_level":11}}