{"host":"9vecvdjkx64cw9bo","time":1607583738,"event":{"gold_per_floor":[116,41,41,41,66,66,97,116,116,156,156,190,190,206,206,295,295,314,229,229,78,103,103,124,124,124,147,161,175,175,175,175,266,266,279,293,313,213,269,304,304,322,322,667,679,716,739,782,794,806,818],"floor_reached":52,"playtime":6676,"items_purged":["Thunder Strike","Zap"],"score":2135,"play_id":"47d8928e-99fd-417a-a004-c98a50c59e6e","local_time":"20201210160218","is_ascension_mode":true,"campfire_choices":[{"data":"Redo","floor":6.0,"key":"SMITH"},{"data":"Multi-Cast","floor":11.0,"key":"SMITH"},{"data":"Coolheaded","floor":13.0,"key":"SMITH"},{"data":"Dualcast","floor":15.0,"key":"SMITH"},{"data":"Fission","floor":23.0,"key":"SMITH"},{"data":"Turbo","floor":25.0,"key":"SMITH"},{"data":"Skim","floor":30.0,"key":"SMITH"},{"data":"Seek","floor":32.0,"key":"SMITH"},{"data":"Reboot","floor":41.0,"key":"SMITH"},{"data":"Undo","floor":49.0,"key":"SMITH"}],"neow_cost":"NONE","seed_source_timestamp":697176153409100,"circlet_count":0,"master_deck":["AscendersBane","Dualcast+1","Redo+1","Darkness+1","Multi-Cast+1","Coolheaded+1","Conserve Battery","Hologram","BootSequence","Reboot+1","Meteor Strike","Undo+1","Core Surge","Tempest","Seek+1","Fission+1","Skim+1","Self Repair+1","Turbo+1","Hologram+1"],"special_seed":0,"relics":["Cracked Core","NeowsBlessing","Shuriken","Nunchaku","Dream Catcher","Blue Candle","Pandora\u0027s Box","MealTicket","Frozen Egg 2","Bottled Lightning","StrikeDummy","Inserter","Thread and Needle","Torii","MawBank","Letter Opener","Pocketwatch","Kunai"],"potions_floor_usage":[],"damage_taken":[{"damage":0.0,"enemies":"2 Louse","floor":1.0,"turns":1.0},{"damage":0.0,"enemies":"Jaw Worm","floor":5.0,"turns":1.0},{"damage":0.0,"enemies":"3 Sentries","floor":7.0,"turns":1.0},{"damage":0.0,"enemies":"Cultist","floor":8.0,"turns":3.0},{"damage":0.0,"enemies":"Gremlin Nob","floor":10.0,"turns":2.0},{"damage":1.0,"enemies":"Lagavulin","floor":12.0,"turns":5.0},{"damage":11.0,"enemies":"Lots of Slimes","floor":14.0,"turns":5.0},{"damage":14.0,"enemies":"Hexaghost","floor":16.0,"turns":9.0},{"damage":21.0,"enemies":"3 Byrds","floor":18.0,"turns":6.0},{"damage":17.0,"enemies":"Shell Parasite","floor":22.0,"turns":6.0},{"damage":4.0,"enemies":"Centurion and Healer","floor":24.0,"turns":5.0},{"damage":2.0,"enemies":"Snake Plant","floor":27.0,"turns":3.0},{"damage":0.0,"enemies":"Shelled Parasite and Fungi","floor":28.0,"turns":1.0},{"damage":10.0,"enemies":"Sentry and Sphere","floor":29.0,"turns":4.0},{"damage":47.0,"enemies":"Collector","floor":33.0,"turns":10.0},{"damage":3.0,"enemies":"Orb Walker","floor":35.0,"turns":2.0},{"damage":2.0,"enemies":"3 Shapes","floor":36.0,"turns":4.0},{"damage":0.0,"enemies":"Sphere and 2 Shapes","floor":37.0,"turns":3.0},{"damage":1.0,"enemies":"2 Orb Walkers","floor":39.0,"turns":3.0},{"damage":0.0,"enemies":"Giant Head","floor":40.0,"turns":3.0},{"damage":17.0,"enemies":"Maw","floor":42.0,"turns":4.0},{"damage":0.0,"enemies":"Mind Bloom Boss Battle","floor":46.0,"turns":4.0},{"damage":0.0,"enemies":"4 Shapes","floor":47.0,"turns":1.0},{"damage":0.0,"enemies":"Reptomancer","floor":48.0,"turns":2.0},{"damage":0.0,"enemies":"Donu and Deca","floor":50.0,"turns":2.0},{"damage":49,"enemies":"Time Eater","floor":51,"turns":6}],"seed_played":"3229155973117348092","potions_obtained":[{"floor":5.0,"key":"FairyPotion"},{"floor":10.0,"key":"PotionOfCapacity"},{"floor":12.0,"key":"Swift Potion"},{"floor":22.0,"key":"FocusPotion"},{"floor":36.0,"key":"Swift Potion"},{"floor":40.0,"key":"DistilledChaos"},{"floor":48.0,"key":"LiquidMemories"}],"is_trial":false,"path_per_floor":["M","?","$","?","M","R","E","M","T","E","R","E","R","M","R","B",null,"M","?","T","$","M","R","M","R","T","M","M","M","R","T","R","B",null,"M","M","M","$","?","E","R","M","T","?","T","?","M","E","R","B","B",null],"character_chosen":"DEFECT","items_purchased":["Self Repair+1"],"campfire_rested":0,"item_purchase_floors":[21],"current_hp_per_floor":[64,64,64,40,40,40,40,40,40,40,40,39,39,28,28,14,57,36,36,36,51,44,44,50,50,50,58,58,58,58,58,58,21,59,66,71,71,71,71,71,71,64,64,64,64,71,71,71,71,71,32],"gold":830,"neow_bonus":"THREE_ENEMY_KILL","is_prod":false,"is_daily":false,"chose_seed":false,"campfire_upgraded":10,"win_rate":0,"timestamp":1607583738,"path_taken":["M","?","$","?","M","R","E","M","T","E","R","E","R","M","R","BOSS","M","?","?","$","M","R","M","R","T","?","?","M","R","?","R","BOSS","M","M","M","$","?","E","R","M","T","?","?","?","M","E","R","BOSS","BOSS"],"build_version":"2020-11-30","purchased_purges":2,"victory":true,"max_hp_per_floor":[71,71,71,71,71,71,71,71,71,71,71,71,71,71,71,71,71,71,71,71,71,71,71,71,71,71,71,71,71,71,71,71,71,71,71,71,71,71,71,71,71,71,71,71,71,71,71,71,71,71,71],"card_choices":[{"not_picked":["Ball Lightning","Stack"],"picked":"Redo","floor":1.0},{"not_picked":["Cold Snap","Static Discharge"],"picked":"Multi-Cast","floor":5.0},{"not_picked":["Gash","Reinforced Body"],"picked":"Coolheaded","floor":7.0},{"not_picked":["Steam","Sweeping Beam"],"picked":"Conserve Battery","floor":8.0},{"not_picked":["Gash","Rainbow","Steam"],"picked":"SKIP","floor":10.0},{"not_picked":["Storm","Compile Driver"],"picked":"Hologram","floor":12.0},{"not_picked":["Ball Lightning","Force Field"],"picked":"BootSequence","floor":14.0},{"not_picked":["Fission","Core Surge"],"picked":"Reboot","floor":16.0},{"not_picked":["Heatsinks","Cold Snap+1"],"picked":"Skim","floor":18.0},{"not_picked":["Aggregate","Stack"],"picked":"Turbo","floor":22.0},{"not_picked":["Streamline","Barrage","Turbo"],"picked":"SKIP","floor":24.0},{"not_picked":["Barrage","Leap","Double Energy"],"picked":"SKIP","floor":27.0},{"not_picked":["Stack","Turbo","Gash"],"picked":"SKIP","floor":28.0},{"not_picked":["Barrage+1","Steam Power","Turbo"],"picked":"SKIP","floor":29.0},{"not_picked":["Ball Lightning","Blizzard","Streamline"],"picked":"SKIP","floor":35.0},{"not_picked":["Melter+1","Hologram+1","Coolheaded+1"],"picked":"SKIP","floor":36.0},{"not_picked":["Melter+1","Coolheaded+1"],"picked":"Hologram+1","floor":36.0},{"not_picked":["Lockon+1","Double Energy","Tempest+1"],"picked":"SKIP","floor":37.0},{"not_picked":["Ball Lightning+1","Steam","Conserve Battery+1"],"picked":"SKIP","floor":40.0},{"not_picked":["Barrage","Melter+1","Lockon"],"picked":"SKIP","floor":42.0},{"not_picked":["Tempest+1","Glacier+1","Lockon"],"picked":"SKIP","floor":47.0},{"not_picked":["Ball Lightning","Cold Snap","Chaos+1"],"picked":"SKIP","floor":48.0}],"player_experience":768121,"relics_obtained":[{"floor":7.0,"key":"Shuriken"},{"floor":9.0,"key":"Nunchaku"},{"floor":10.0,"key":"Dream Catcher"},{"floor":12.0,"key":"Blue Candle"},{"floor":20.0,"key":"Frozen Egg 2"},{"floor":26.0,"key":"Bottled Lightning"},{"floor":31.0,"key":"StrikeDummy"},{"floor":39.0,"key":"Thread and Needle"},{"floor":40.0,"key":"Torii"},{"floor":43.0,"key":"MawBank"},{"floor":45.0,"key":"Letter Opener"},{"floor":46.0,"key":"Pocketwatch"},{"floor":48.0,"key":"Kunai"}],"event_choices":[{"cards_removed":["Strike_B"],"damage_healed":0.0,"max_hp_gain":0.0,"max_hp_loss":0.0,"gold_gain":0.0,"event_name":"The Cleric","player_choice":"Card Removal","floor":2.0,"gold_loss":75.0,"damage_taken":0.0},{"damage_healed":0.0,"max_hp_gain":0.0,"max_hp_loss":0.0,"gold_gain":0.0,"event_name":"Golden Idol","player_choice":"Take Damage","floor":4.0,"gold_loss":0.0,"damage_taken":24.0,"relics_obtained":["Golden Idol"]},{"damage_healed":0.0,"max_hp_gain":0.0,"max_hp_loss":0.0,"gold_gain":0.0,"event_name":"Addict","player_choice":"Obtained Relic","floor":19.0,"gold_loss":85.0,"damage_taken":0.0,"relics_obtained":["MealTicket"]},{"damage_healed":0.0,"max_hp_gain":0.0,"max_hp_loss":0.0,"gold_gain":0.0,"event_name":"Mysterious Sphere","player_choice":"Fight","floor":39.0,"gold_loss":0.0,"damage_taken":0.0},{"damage_healed":0.0,"max_hp_gain":0.0,"max_hp_loss":0.0,"gold_gain":333.0,"event_name":"The Moai Head","player_choice":"Gave Idol","floor":44.0,"relics_lost":["Golden Idol"],"gold_loss":0.0,"damage_taken":0.0},{"damage_healed":0.0,"max_hp_gain":0.0,"max_hp_loss":0.0,"gold_gain":0.0,"event_name":"MindBloom","player_choice":"Fight","floor":46.0,"gold_loss":0.0,"damage_taken":0.0}],"is_beta":false,"boss_relics":[{"not_picked":["Sozu","Runic Pyramid"],"picked":"Pandora\u0027s Box"},{"not_picked":["Calling Bell","Snecko Eye"],"picked":"Inserter"}],"items_purged_floors":[21,38],"is_endless":false,"potions_floor_spawned":[5,10,12,14,22,28,36,40,46,47,48],"ascension_level":20}}