{"host":"pnw33a014vs8wril","time":1607591842,"event":{"gold_per_floor":[115,6,81,92,107,132,152,152,152,183,183,183,183,183,183,282,282,292,292,292,292,311,342,342,372,372,372,387,233,249,274,274,377,377,390,390,437,453,553,579,579,610,610,639,639,671,688,700,700,700,700,700,7,33,33],"floor_reached":56,"playtime":2780,"items_purged":["Strike_G","Strike_G","Strike_G"],"score":1433,"play_id":"87aecb09-ecb3-4f3a-b58d-10c71ebe6d16","local_time":"20201210101722","is_ascension_mode":true,"campfire_choices":[{"data":"Accuracy","floor":8,"key":"SMITH"},{"data":"Cloak And Dagger","floor":13,"key":"SMITH"},{"data":"Cloak And Dagger","floor":15,"key":"SMITH"},{"data":"Terror","floor":24,"key":"SMITH"},{"data":"Cloak And Dagger","floor":27,"key":"SMITH"},{"data":"After Image","floor":32,"key":"SMITH"},{"data":"Blade Dance","floor":41,"key":"SMITH"},{"data":"Envenom","floor":45,"key":"SMITH"},{"floor":49,"key":"RECALL"},{"data":"Footwork","floor":52,"key":"SMITH"}],"neow_cost":"NONE","seed_source_timestamp":25427160380100,"circlet_count":0,"master_deck":["Strike_G","Defend_G","Defend_G+1","Defend_G","Defend_G","Defend_G","Survivor","Neutralize","Blade Dance+1","Accuracy+1","Cloak And Dagger+1","Backflip","Cloak And Dagger+1","Footwork+1","After Image+1","Cloak And Dagger+1","Slice+1","Terror+1","Endless Agony+1","Blade Dance+1","Blade Dance+1","Phantasmal Killer","Cloak And Dagger+1","Prepared+1","PiercingWail","Envenom+1","Footwork","Discovery","Apotheosis","Distraction","Noxious Fumes","A Thousand Cuts"],"relics":["Ring of the Snake","Torii","Pantograph","StrikeDummy","WristBlade","Molten Egg 2","Dream Catcher","Blood Vial","Ice Cream","The Courier","Sozu","FossilizedHelix","War Paint","Anchor","HornCleat","Art of War","Eternal Feather","Ornamental Fan","Blue Candle"],"potions_floor_usage":[6,10,31,50,55],"damage_taken":[{"damage":0,"enemies":"2 Louse","floor":1,"turns":3},{"damage":0,"enemies":"Small Slimes","floor":4,"turns":3},{"damage":0,"enemies":"Cultist","floor":5,"turns":3},{"damage":21,"enemies":"3 Sentries","floor":6,"turns":8},{"damage":1,"enemies":"Large Slime","floor":7,"turns":9},{"damage":9,"enemies":"Gremlin Nob","floor":10,"turns":4},{"damage":10,"enemies":"Slime Boss","floor":16,"turns":9},{"damage":0,"enemies":"3 Byrds","floor":18,"turns":5},{"damage":0,"enemies":"Spheric Guardian","floor":22,"turns":2},{"damage":7,"enemies":"Book of Stabbing","floor":23,"turns":4},{"damage":24,"enemies":"Slavers","floor":25,"turns":4},{"damage":15,"enemies":"Snake Plant","floor":28,"turns":3},{"damage":0,"enemies":"Cultist and Chosen","floor":30,"turns":3},{"damage":6,"enemies":"Book of Stabbing","floor":31,"turns":2},{"damage":15,"enemies":"Automaton","floor":33,"turns":8},{"damage":0,"enemies":"3 Shapes","floor":35,"turns":3},{"damage":11,"enemies":"2 Orb Walkers","floor":37,"turns":4},{"damage":0,"enemies":"3 Darklings","floor":38,"turns":4},{"damage":16,"enemies":"Nemesis","floor":40,"turns":7},{"damage":9,"enemies":"Reptomancer","floor":42,"turns":4},{"damage":0,"enemies":"Giant Head","floor":44,"turns":5},{"damage":0,"enemies":"Nemesis","floor":46,"turns":5},{"damage":0,"enemies":"Writhing Mass","floor":47,"turns":4},{"damage":0,"enemies":"Jaw Worm Horde","floor":48,"turns":3},{"damage":42,"enemies":"Time Eater","floor":50,"turns":8},{"damage":0,"enemies":"Shield and Spear","floor":54,"turns":6},{"damage":46,"enemies":"The Heart","floor":55,"turns":10}],"seed_played":"8798598575763325509","potions_obtained":[{"floor":4,"key":"Strength Potion"},{"floor":10,"key":"Fruit Juice"},{"floor":23,"key":"Explosive Potion"},{"floor":28,"key":"BlessingOfTheForge"},{"floor":30,"key":"DistilledChaos"},{"floor":33,"key":"Block Potion"}],"is_trial":false,"path_per_floor":["M","$","?","M","M","E","M","R","T","E","?","?","R","?","R","B",null,"M","T","?","?","M","E","R","E","T","R","M","$","M","E","R","B",null,"M","?","?","M","?","E","R","E","T","E","R","E","M","M","R","B",null,"R","$","E","B",null],"character_chosen":"THE_SILENT","items_purchased":["Accuracy","Blade Dance","Ornamental Fan","Footwork","Discovery","Apotheosis","Distraction","Noxious Fumes"],"campfire_rested":0,"item_purchase_floors":[2,29,53,53,53,53,53,53],"current_hp_per_floor":[77,77,66,66,66,45,44,44,44,40,45,38,38,38,38,53,87,87,87,87,87,87,80,80,58,58,58,45,45,47,43,43,55,87,87,83,72,74,74,60,60,53,53,55,55,57,59,61,76,41,83,83,83,83,37],"gold":33,"neow_bonus":"TEN_PERCENT_HP_BONUS","is_prod":false,"is_daily":false,"chose_seed":false,"campfire_upgraded":9,"win_rate":0,"timestamp":1607591842,"path_taken":["M","$","?","M","M","E","M","R","T","E","?","?","R","?","R","BOSS","M","?","?","?","M","E","R","E","T","R","?","$","M","E","R","BOSS","M","?","?","?","?","E","R","E","T","E","R","E","M","M","R","BOSS","R","$","E","BOSS"],"build_version":"2020-11-30","purchased_purges":3,"victory":true,"max_hp_per_floor":[77,77,77,77,77,77,77,77,77,82,87,87,87,87,87,87,87,87,87,87,87,87,87,87,87,87,87,87,87,87,87,87,87,87,87,83,83,83,83,83,83,83,83,83,83,83,83,83,83,83,83,83,83,83,83],"card_choices":[{"not_picked":["Catalyst","Dagger Throw"],"picked":"Blade Dance","floor":1},{"not_picked":["Dagger Spray","PiercingWail"],"picked":"Cloak And Dagger","floor":4},{"not_picked":["Dagger Throw","Riddle With Holes","Glass Knife"],"picked":"SKIP","floor":5},{"not_picked":["Underhanded Strike","Poisoned Stab"],"picked":"Backflip","floor":6},{"not_picked":["Backflip","PiercingWail"],"picked":"Cloak And Dagger","floor":7},{"not_picked":["Burst","Underhanded Strike"],"picked":"Footwork","floor":10},{"not_picked":["Night Terror","Glass Knife"],"picked":"After Image","floor":16},{"not_picked":["Dodge and Roll","Flying Knee+1"],"picked":"Cloak And Dagger","floor":18},{"not_picked":["Tactician","Dodge and Roll+1"],"picked":"Slice+1","floor":22},{"not_picked":["Masterful Stab+1","Deflect"],"picked":"Terror","floor":23},{"not_picked":["Underhanded Strike+1","Outmaneuver"],"picked":"Endless Agony+1","floor":25},{"not_picked":["Slice+1","Dagger Throw+1"],"picked":"Blade Dance+1","floor":28},{"not_picked":["Prepared","Choke+1","Bouncing Flask"],"picked":"SKIP","floor":30},{"not_picked":["Dodge and Roll","Unload+1","Terror"],"picked":"SKIP","floor":31},{"not_picked":["Corpse Explosion","Venomology"],"picked":"Phantasmal Killer","floor":33},{"not_picked":["Eviscerate+1","Accuracy"],"picked":"Cloak And Dagger+1","floor":35},{"not_picked":["Dagger Throw+1","PiercingWail+1"],"picked":"Prepared+1","floor":37},{"not_picked":["Leg Sweep+1","Finisher+1","Quick Slash+1"],"picked":"SKIP","floor":38},{"not_picked":["Calculated Gamble+1","Dodge and Roll","Dagger Spray+1"],"picked":"SKIP","floor":40},{"not_picked":["Choke+1","Tactician"],"picked":"PiercingWail","floor":42},{"not_picked":["Flying Knee+1","Leg Sweep"],"picked":"Envenom","floor":44},{"not_picked":["Calculated Gamble+1","Concentrate+1","Choke+1"],"picked":"SKIP","floor":46},{"not_picked":["Distraction","Sucker Punch+1","Deadly Poison+1"],"picked":"SKIP","floor":47},{"not_picked":["Tactician+1","Dagger Spray+1","Quick Slash+1"],"picked":"SKIP","floor":48},{"not_picked":["Catalyst","Endless Agony+1"],"picked":"A Thousand Cuts","floor":54}],"player_experience":912125,"relics_obtained":[{"floor":6,"key":"Torii"},{"floor":9,"key":"Pantograph"},{"floor":10,"key":"StrikeDummy"},{"floor":19,"key":"Molten Egg 2"},{"floor":23,"key":"Blood Vial"},{"floor":25,"key":"Ice Cream"},{"floor":31,"key":"The Courier"},{"floor":37,"key":"FossilizedHelix"},{"floor":40,"key":"War Paint"},{"floor":42,"key":"Anchor"},{"floor":43,"key":"HornCleat"},{"floor":44,"key":"Art of War"},{"floor":46,"key":"Eternal Feather"},{"floor":54,"key":"Blue Candle"}],"event_choices":[{"damage_healed":0,"gold_gain":75,"player_choice":"Gather Gold","damage_taken":11,"max_hp_gain":0,"max_hp_loss":0,"event_name":"World of Goop","floor":3,"gold_loss":0},{"damage_healed":0,"gold_gain":0,"player_choice":"Donut","damage_taken":0,"max_hp_gain":5,"max_hp_loss":0,"event_name":"Big Fish","floor":11,"gold_loss":0},{"cards_removed":["Strike_G"],"damage_healed":0,"gold_gain":0,"player_choice":"Card Removal","damage_taken":7,"max_hp_gain":0,"max_hp_loss":0,"event_name":"Golden Wing","floor":12,"gold_loss":0},{"damage_healed":0,"gold_gain":0,"player_choice":"0 cards matched","damage_taken":0,"max_hp_gain":0,"max_hp_loss":0,"event_name":"Match and Keep!","floor":14,"gold_loss":0,"cards_obtained":[]},{"damage_healed":0,"gold_gain":0,"player_choice":"Opened","damage_taken":0,"relics_obtained":["Dream Catcher"],"max_hp_gain":0,"max_hp_loss":0,"event_name":"The Mausoleum","floor":20,"gold_loss":0,"cards_obtained":["Writhe"]},{"cards_removed":["Writhe"],"damage_healed":0,"gold_gain":0,"player_choice":"Removed Curses","damage_taken":0,"max_hp_gain":0,"max_hp_loss":0,"event_name":"Fountain of Cleansing","floor":21,"gold_loss":0},{"damage_healed":0,"gold_gain":0,"player_choice":"Max HP","damage_taken":0,"max_hp_gain":0,"max_hp_loss":4,"event_name":"Winding Halls","floor":36,"gold_loss":0},{"damage_healed":0,"gold_gain":0,"player_choice":"Fight","damage_taken":0,"max_hp_gain":0,"max_hp_loss":0,"event_name":"Mysterious Sphere","floor":37,"gold_loss":0},{"damage_healed":0,"gold_gain":100,"player_choice":"Pray","damage_taken":0,"max_hp_gain":0,"max_hp_loss":0,"event_name":"Golden Shrine","floor":39,"gold_loss":0}],"is_beta":false,"boss_relics":[{"not_picked":["Busted Crown","Fusion Hammer"],"picked":"WristBlade"},{"not_picked":["HoveringKite","Runic Pyramid"],"picked":"Sozu"}],"items_purged_floors":[2,29,53],"is_endless":false,"potions_floor_spawned":[4,10,23,28,30,33,35,37,42,44,48],"ascension_level":1}}