{"host":"6ko66ogg91i6g7xq","time":1607635919,"event":{"mods":["BaseMod","StSLib","Downfall","Hermit","Minty Spire (QoL Compilation)","Relic Stats","AchievementEnabler","Colored Powertips","The Jungle","Quick Restart","Act Like it!","everything is the same but u backflip on backflip","Colored Map"],"gold_per_floor":[116,116,116,291,302,332,332],"floor_reached":6,"playtime":55,"items_purged":[],"score":76,"play_id":"22029033-c1a2-4051-b318-2ba215f19ab3","local_time":"20201210163159","is_ascension_mode":true,"campfire_choices":[],"circlet_count":0,"master_deck":["Strike_G","Strike_G","Strike_G","Strike_G","Strike_G","Defend_G","Defend_G+1","Defend_G","Defend_G","Defend_G","Survivor+1","Neutralize","Doubt","Deadly Poison","Bouncing Flask"],"relics":["Ring of the Snake","NeowsBlessing","Unceasing Top"],"acts_visited":["Exordium"],"potions_floor_usage":[],"damage_taken":[{"damage":0,"enemies":"Small Slimes","floor":1,"turns":1},{"damage":0,"enemies":"2 Louse","floor":5,"turns":1},{"damage":0,"enemies":"3 Sentries","floor":6,"turns":2}],"seed_played":"7669083590973039303","potions_obtained":[{"floor":5,"key":"Weak Potion"},{"floor":6,"key":"Fire Potion"}],"is_trial":false,"path_per_floor":["M","$","?","?","M","E"],"character_chosen":"THE_SILENT","items_purchased":[],"campfire_rested":0,"item_purchase_floors":[],"current_hp_per_floor":[70,70,56,56,56,56,56],"gold":332,"neow_bonus":"THREE_ENEMY_KILL","is_daily":false,"chose_seed":false,"campfire_upgraded":0,"win_rate":0.0,"timestamp":1607635919,"path_taken":["M","$","?","?","M","E"],"build_version":"2020-11-30","purchased_purges":0,"victory":false,"max_hp_per_floor":[70,70,70,70,70,70,70],"relic_stats":{"counters":[3,4],"obtain_stats":[{"NeowsBlessing":0,"Unceasing Top":6,"Ring of the Snake":0},{"NeowsBlessing":0,"Unceasing Top":3,"Ring of the Snake":0},{"NeowsBlessing":0,"Unceasing Top":4,"Ring of the Snake":0}],"Unceasing Top":[0],"Ring of the Snake":[6]},"card_choices":[{"not_picked":["Acrobatics","Bane","Prepared"],"picked":"SKIP","floor":1},{"not_picked":["Deflect","Sucker Punch"],"picked":"Deadly Poison","floor":5},{"not_picked":["Sucker Punch","Burst"],"picked":"Bouncing Flask","floor":6}],"player_experience":256023,"relics_obtained":[{"floor":6,"key":"Unceasing Top"}],"event_choices":[{"damage_healed":0,"gold_gain":0,"player_choice":"Entered Light","damage_taken":14,"max_hp_gain":0,"max_hp_loss":0,"event_name":"Shining Light","floor":3,"gold_loss":0,"cards_upgraded":["Survivor","Defend_G"]},{"damage_healed":0,"gold_gain":175,"player_choice":"AGREE","damage_taken":0,"max_hp_gain":0,"max_hp_loss":0,"event_name":"Liars Game","floor":4,"gold_loss":0,"cards_obtained":["Doubt"]}],"is_beta":false,"boss_relics":[],"items_purged_floors":[],"is_endless":false,"potions_floor_spawned":[5,6],"killed_by":"3 Sentries","ascension_level":2}}