{"host":"qm4rv4rkpk76sbxu","time":1607628014,"event":{"mods":["BaseMod","Bestiary","Block Reminder","Keyboard Shortcuts","Minty Spire (QoL Compilation)","MonsterHotkey","Quick Restart","Relic Stats","Slay-I","StSLib","ojb\u0027s Better Paths Mod","DeckTracker","Filter the Spire","Potion Indicator Mod","Random Character Button"],"gold_per_floor":[13,13,28,28,28,28,28,61,61,84,115,115,164,192,192,294,294,319,344,269,344,367,402,129,160,160,160,213,213,240,5,5,85,85,96,0,22,72,88,126,126,138,138,13,24,43,69,87,87,87,87],"floor_reached":50,"playtime":4085,"items_purged":["Strike_G","Strike_G","Strike_G"],"score":1256,"play_id":"7b5ee004-3528-4880-a6ce-ea3d83c569d0","local_time":"20201210202014","is_ascension_mode":true,"campfire_choices":[{"data":"Flying Knee","floor":6.0,"key":"SMITH"},{"data":"Neutralize","floor":12.0,"key":"SMITH"},{"data":"Tools of the Trade","floor":15.0,"key":"SMITH"},{"data":"Wraith Form v2","floor":27.0,"key":"SMITH"},{"data":"Well Laid Plans","floor":32.0,"key":"SMITH"},{"data":"Leg Sweep","floor":41,"key":"SMITH"},{"floor":49,"key":"RECALL"}],"circlet_count":0,"master_deck":["AscendersBane","Defend_G","Defend_G","Defend_G","Defend_G","Survivor","Neutralize+1","Flying Knee+1","Finisher","Deflect","Tools of the Trade+1","Blade Dance","Choke","Wraith Form v2+1","Backflip","Well Laid Plans+1","Blade Dance","Acrobatics","Heel Hook","Leg Sweep+1","Envenom+1","Panacea","Backflip","Die Die Die","Catalyst+1","Acrobatics","Acrobatics"],"special_seed":0,"relics":["Ring of the Snake","Bloody Idol","Happy Flower","Regal Pillow","Ninja Scroll","Mummified Hand","CeramicFish","Philosopher\u0027s Stone","Ornamental Fan","Mercury Hourglass","Orrery","Frozen Egg 2","Pear","Turnip","Sozu","Red Mask","Mango","Boot","Bottled Flame","Lantern"],"acts_visited":["Exordium","TheCity","TheBeyond"],"potions_floor_usage":[],"damage_taken":[{"damage":1.0,"enemies":"Small Slimes","floor":1.0,"turns":6.0},{"damage":4.0,"enemies":"Jaw Worm","floor":3.0,"turns":5.0},{"damage":12.0,"enemies":"Lagavulin","floor":8.0,"turns":6.0},{"damage":0.0,"enemies":"2 Louse","floor":10.0,"turns":2.0},{"damage":2.0,"enemies":"Gremlin Nob","floor":11.0,"turns":3.0},{"damage":2.0,"enemies":"Lagavulin","floor":13.0,"turns":5.0},{"damage":0.0,"enemies":"Looter","floor":14.0,"turns":1.0},{"damage":12.0,"enemies":"The Guardian","floor":16.0,"turns":12.0},{"damage":0.0,"enemies":"Spheric Guardian","floor":18.0,"turns":4.0},{"damage":0.0,"enemies":"3 Byrds","floor":19.0,"turns":5.0},{"damage":6.0,"enemies":"Centurion and Healer","floor":22.0,"turns":7.0},{"damage":22.0,"enemies":"Book of Stabbing","floor":23.0,"turns":5.0},{"damage":2.0,"enemies":"Slavers","floor":25.0,"turns":5.0},{"damage":0.0,"enemies":"Gremlin Leader","floor":28.0,"turns":4.0},{"damage":4.0,"enemies":"Automaton","floor":33.0,"turns":9.0},{"damage":6.0,"enemies":"3 Shapes","floor":35.0,"turns":4.0},{"damage":0.0,"enemies":"3 Darklings","floor":37.0,"turns":3.0},{"damage":2,"enemies":"2 Orb Walkers","floor":38,"turns":3},{"damage":1,"enemies":"Jaw Worm Horde","floor":39,"turns":4},{"damage":7,"enemies":"Giant Head","floor":40,"turns":7},{"damage":0,"enemies":"Maw","floor":42,"turns":3},{"damage":0,"enemies":"3 Darklings","floor":45,"turns":5},{"damage":2,"enemies":"4 Shapes","floor":46,"turns":4},{"damage":0,"enemies":"Reptomancer","floor":47,"turns":5},{"damage":18,"enemies":"Spire Growth","floor":48,"turns":3},{"damage":77,"enemies":"Awakened One","floor":50,"turns":11}],"seed_played":"4759351409517462165","potions_obtained":[{"floor":3.0,"key":"Strength Potion"},{"floor":10.0,"key":"DuplicationPotion"},{"floor":11.0,"key":"ColorlessPotion"},{"floor":13.0,"key":"PowerPotion"},{"floor":18.0,"key":"AttackPotion"},{"floor":23.0,"key":"Strength Potion"},{"floor":33.0,"key":"Swift Potion"}],"is_trial":false,"path_per_floor":["M","$","M","?","?","R","?","E","T","M","E","R","E","M","R","B",null,"M","M","?","T","M","E","$","E","T","R","E","?","T","$","R","B",null,"M","?","M","?","M","E","R","M","T","$","M","M","E","M","R","B"],"character_chosen":"THE_SILENT","items_purchased":["Orrery","Leg Sweep","Panacea","Backflip"],"campfire_rested":0,"item_purchase_floors":[24,24,31,31],"current_hp_per_floor":[58,58,54,54,49,49,49,37,37,37,35,35,33,33,33,21,50,50,50,50,50,44,22,22,20,30,30,30,30,35,45,45,51,65,64,64,70,84,84,84,84,84,84,84,84,84,84,71,71,0,0],"gold":87,"neow_bonus":"REMOVE_TWO","is_daily":false,"chose_seed":false,"campfire_upgraded":6,"win_rate":0,"timestamp":1607628014,"path_taken":["M","$","M","?","?","R","?","E","T","M","E","R","E","M","R","BOSS","M","M","?","?","M","E","$","E","T","R","E","?","?","?","R","BOSS","M","?","M","?","M","E","R","M","T","$","M","M","E","M","R","BOSS"],"build_version":"2020-11-30","purchased_purges":3,"victory":false,"max_hp_per_floor":[66,66,66,60,60,60,60,60,60,60,60,60,60,60,60,60,60,60,60,60,60,60,60,60,60,70,70,70,70,70,70,70,70,70,70,70,70,84,84,84,84,84,84,84,84,84,84,84,84,84,84],"relic_stats":{"Regal Pillow":0,"Happy Flower":[40],"counters":[26,131],"CeramicFish":144,"Boot":[114],"Mercury Hourglass":[334],"Sozu":4,"Mummified Hand":[69],"Ornamental Fan":[396],"Bloody Idol":53,"Turnip":[5],"obtain_stats":[{"Regal Pillow":8,"Lantern":47,"Pear":26,"Happy Flower":5,"Golden Idol":4,"CeramicFish":13,"Mango":38,"Frozen Egg 2":25,"Boot":40,"Mercury Hourglass":23,"Sozu":34,"Bottled Flame":43,"Ninja Scroll":9,"Mummified Hand":11,"Ornamental Fan":21,"Bloody Idol":29,"Orrery":24,"Philosopher\u0027s Stone":17,"Turnip":28,"Red Mask":36,"Ring of the Snake":0},{"Regal Pillow":3,"Lantern":24,"Pear":13,"Happy Flower":2,"Golden Idol":2,"CeramicFish":6,"Mango":18,"Frozen Egg 2":13,"Boot":20,"Mercury Hourglass":12,"Sozu":15,"Bottled Flame":21,"Ninja Scroll":3,"Mummified Hand":5,"Ornamental Fan":10,"Bloody Idol":14,"Orrery":12,"Philosopher\u0027s Stone":8,"Turnip":14,"Red Mask":16,"Ring of the Snake":0},{"Regal Pillow":17,"Lantern":117,"Pear":66,"Happy Flower":11,"Golden Idol":11,"CeramicFish":27,"Mango":89,"Frozen Egg 2":66,"Boot":100,"Mercury Hourglass":61,"Sozu":79,"Bottled Flame":103,"Ninja Scroll":17,"Mummified Hand":22,"Ornamental Fan":49,"Bloody Idol":70,"Orrery":61,"Philosopher\u0027s Stone":40,"Turnip":70,"Red Mask":83,"Ring of the Snake":0}],"Ring of the Snake":[52]},"card_choices":[{"not_picked":["Acrobatics","Dagger Spray"],"picked":"Flying Knee","floor":1.0},{"not_picked":["Concentrate","Underhanded Strike"],"picked":"Finisher","floor":3.0},{"not_picked":["Distraction","Reflex"],"picked":"Deflect","floor":8.0},{"not_picked":["Sucker Punch","Expertise","Prepared"],"picked":"SKIP","floor":10.0},{"not_picked":["Prepared","Backflip"],"picked":"Tools of the Trade","floor":11.0},{"not_picked":["Calculated Gamble","PiercingWail"],"picked":"Blade Dance","floor":13.0},{"not_picked":["Underhanded Strike","Riddle With Holes"],"picked":"Choke","floor":14.0},{"not_picked":["Doppelganger","A Thousand Cuts"],"picked":"Wraith Form v2","floor":16.0},{"not_picked":["PiercingWail","Deadly Poison","Bane"],"picked":"SKIP","floor":18.0},{"not_picked":["Underhanded Strike","Blade Dance"],"picked":"Backflip","floor":19.0},{"not_picked":["Bouncing Flask","Acrobatics","PiercingWail"],"picked":"SKIP","floor":22.0},{"not_picked":["Phantasmal Killer","Leg Sweep","Bane"],"picked":"SKIP","floor":23.0},{"not_picked":["Footwork","Backflip"],"picked":"Well Laid Plans","floor":24.0},{"not_picked":["PiercingWail","Flying Knee"],"picked":"Blade Dance","floor":24.0},{"not_picked":["PiercingWail","Slice"],"picked":"Acrobatics","floor":24.0},{"not_picked":["Grand Finale","Dagger Spray"],"picked":"Heel Hook","floor":24.0},{"not_picked":["Finisher","Leg Sweep","Sucker Punch"],"picked":"SKIP","floor":25.0},{"not_picked":["Accuracy+1","Cloak And Dagger"],"picked":"Envenom+1","floor":28.0},{"not_picked":["Phantasmal Killer","Bullet Time"],"picked":"Die Die Die","floor":33.0},{"not_picked":["Flying Knee","Setup+1","Underhanded Strike"],"picked":"SKIP","floor":35.0},{"not_picked":["Blade Dance","Poisoned Stab"],"picked":"Catalyst+1","floor":37.0},{"not_picked":["Bane+1","Caltrops+1","Dagger Spray"],"picked":"SKIP","floor":39},{"not_picked":["Tools of the Trade+1","Prepared"],"picked":"Acrobatics","floor":40},{"not_picked":["Dagger Throw","Slice","Underhanded Strike"],"picked":"SKIP","floor":42},{"not_picked":["Quick Slash","Dagger Throw+1","Poisoned Stab"],"picked":"SKIP","floor":45},{"not_picked":["Sucker Punch","Quick Slash"],"picked":"Acrobatics","floor":46},{"not_picked":["Flying Knee","Deadly Poison","Choke+1"],"picked":"SKIP","floor":47},{"not_picked":["Flying Knee","Deflect+1","Escape Plan+1"],"picked":"SKIP","floor":48}],"player_experience":1030171,"relics_obtained":[{"floor":8.0,"key":"Regal Pillow"},{"floor":9.0,"key":"Ninja Scroll"},{"floor":11.0,"key":"Mummified Hand"},{"floor":13.0,"key":"CeramicFish"},{"floor":21.0,"key":"Ornamental Fan"},{"floor":23.0,"key":"Mercury Hourglass"},{"floor":25.0,"key":"Frozen Egg 2"},{"floor":26.0,"key":"Pear"},{"floor":28.0,"key":"Turnip"},{"floor":38,"key":"Mango"},{"floor":40,"key":"Boot"},{"floor":43,"key":"Bottled Flame"},{"floor":47,"key":"Lantern"}],"event_choices":[{"damage_healed":0.0,"max_hp_gain":0.0,"max_hp_loss":6.0,"gold_gain":0.0,"event_name":"Golden Idol","player_choice":"Lose Max HP","floor":4.0,"gold_loss":0.0,"damage_taken":0.0,"relics_obtained":["Golden Idol"]},{"damage_healed":0.0,"max_hp_gain":0.0,"max_hp_loss":0.0,"gold_gain":0.0,"event_name":"Scrap Ooze","player_choice":"Success","floor":5.0,"gold_loss":0.0,"damage_taken":5.0,"relics_obtained":["Happy Flower"]},{"damage_healed":0.0,"max_hp_gain":0.0,"max_hp_loss":0.0,"gold_gain":0.0,"event_name":"Liars Game","player_choice":"Ignored","floor":7.0,"gold_loss":0.0,"damage_taken":0.0},{"cards_removed":["Strike_G"],"damage_healed":0.0,"max_hp_gain":0.0,"max_hp_loss":0.0,"gold_gain":0.0,"event_name":"Beggar","player_choice":"Gave Gold","floor":20.0,"gold_loss":75.0,"damage_taken":0.0},{"damage_healed":0.0,"max_hp_gain":0.0,"max_hp_loss":0.0,"gold_gain":0.0,"event_name":"Forgotten Altar","player_choice":"Gave Idol","floor":29.0,"relics_lost":["Golden Idol"],"gold_loss":0.0,"damage_taken":0.0,"relics_obtained":["Bloody Idol"]},{"damage_healed":0.0,"max_hp_gain":0.0,"max_hp_loss":0.0,"gold_gain":0.0,"event_name":"Tomb of Lord Red Mask","player_choice":"Paid","floor":36.0,"gold_loss":96.0,"damage_taken":0.0,"relics_obtained":["Red Mask"]},{"damage_healed":0,"gold_gain":0,"player_choice":"Fight","damage_taken":0,"max_hp_gain":0,"max_hp_loss":0,"event_name":"Mysterious Sphere","floor":38,"gold_loss":0}],"is_beta":false,"boss_relics":[{"not_picked":["Fusion Hammer","Snecko Eye"],"picked":"Philosopher\u0027s Stone"},{"not_picked":["Black Star","Runic Pyramid"],"picked":"Sozu"}],"items_purged_floors":[24,31,44],"is_endless":false,"potions_floor_spawned":[3,10,11,13,18,23,33,37,40,45,46],"killed_by":"Awakened One","ascension_level":20}}