{"host":"2lo6hma6kymb0g9i","time":1607619970,"event":{"mods":["BaseMod","DeckTracker","Colored Map","Minty Spire (QoL Compilation)"],"gold_per_floor":[109,109,109,126,144,144,176,193,217,242,242,269,279,204,204,302,302,284,297,316,316,328,328,328,328,353,353,353,353],"floor_reached":28,"playtime":2543,"items_purged":["Strike_G"],"score":329,"play_id":"e3d45813-5e67-4663-8432-22e429ccc1ac","local_time":"20201211020610","is_ascension_mode":true,"campfire_choices":[{"data":"Neutralize","floor":6,"key":"SMITH"},{"floor":11,"key":"REST"},{"data":"Bouncing Flask","floor":15,"key":"SMITH"},{"floor":23,"key":"REST"}],"circlet_count":0,"master_deck":["Strike_G","Strike_G","Defend_G","Defend_G","Defend_G","Defend_G","Defend_G+1","Survivor","Neutralize+1","Thinking Ahead+1","Poisoned Stab","Underhanded Strike","Well Laid Plans","Bouncing Flask+1","Escape Plan","Terror","Heel Hook","Malaise","Dagger Throw+1","Quick Slash+1","Footwork","Prepared","Tactician"],"relics":["Ring of the Serpent","PreservedInsect","War Paint","Boot","MealTicket","Nunchaku","Sundial"],"acts_visited":["Exordium","TheCity"],"potions_floor_usage":[10,10,20],"damage_taken":[{"damage":0,"enemies":"Small Slimes","floor":1,"turns":4},{"damage":1,"enemies":"Jaw Worm","floor":4,"turns":4},{"damage":1,"enemies":"Cultist","floor":5,"turns":3},{"damage":24,"enemies":"3 Sentries","floor":7,"turns":15},{"damage":1,"enemies":"Looter","floor":8,"turns":3},{"damage":0,"enemies":"Gremlin Nob","floor":10,"turns":2},{"damage":4,"enemies":"3 Sentries","floor":12,"turns":6},{"damage":9,"enemies":"Large Slime","floor":13,"turns":5},{"damage":9,"enemies":"Hexaghost","floor":16,"turns":8},{"damage":17,"enemies":"2 Thieves","floor":18,"turns":4},{"damage":15,"enemies":"Spheric Guardian","floor":19,"turns":5},{"damage":18,"enemies":"Snake Plant","floor":20,"turns":4},{"damage":4,"enemies":"Cultist and Chosen","floor":22,"turns":7},{"damage":14,"enemies":"3 Cultists","floor":28,"turns":3}],"seed_played":"-4570255154358102019","potions_obtained":[{"floor":7,"key":"DuplicationPotion"},{"floor":8,"key":"Poison Potion"},{"floor":12,"key":"Dexterity Potion"},{"floor":13,"key":"Fire Potion"},{"floor":18,"key":"FearPotion"},{"floor":22,"key":"ColorlessPotion"}],"is_trial":false,"path_per_floor":["M","?","?","M","M","R","E","M","T","E","R","E","M","$","R","B",null,"M","M","M","?","M","R","?","?","T","?","M"],"character_chosen":"THE_SILENT","items_purchased":[],"campfire_rested":2,"item_purchase_floors":[],"current_hp_per_floor":[49,42,42,41,40,40,16,15,15,15,36,32,23,38,38,29,60,43,28,10,10,6,27,27,14,14,14,0,0],"gold":353,"neow_bonus":"RANDOM_COLORLESS_2","is_daily":false,"chose_seed":false,"campfire_upgraded":2,"win_rate":0,"timestamp":1607619970,"path_taken":["M","?","?","M","M","R","E","?","T","E","R","E","M","$","R","BOSS","M","M","M","?","M","R","?","?","T","?","M"],"build_version":"2020-11-30","purchased_purges":1,"victory":false,"max_hp_per_floor":[70,70,70,70,70,70,70,70,70,70,70,70,70,70,70,70,70,70,70,70,70,70,70,70,75,75,75,75,75],"card_choices":[{"not_picked":["Mayhem","Transmutation"],"picked":"Thinking Ahead","floor":0},{"not_picked":["Setup","Crippling Poison"],"picked":"Poisoned Stab","floor":1},{"not_picked":["PiercingWail","Deadly Poison"],"picked":"Underhanded Strike","floor":4},{"not_picked":["Accuracy","Masterful Stab"],"picked":"Well Laid Plans","floor":5},{"not_picked":["Outmaneuver","Distraction","Slice"],"picked":"SKIP","floor":7},{"not_picked":["Masterful Stab","Reflex"],"picked":"Bouncing Flask","floor":8},{"not_picked":["Dagger Spray","Tactician"],"picked":"Escape Plan","floor":10},{"not_picked":["Masterful Stab","Underhanded Strike"],"picked":"Terror","floor":12},{"not_picked":["Eviscerate","Poisoned Stab"],"picked":"Heel Hook","floor":13},{"not_picked":["Phantasmal Killer","Doppelganger"],"picked":"Malaise","floor":16},{"not_picked":["Poisoned Stab+1","Slice"],"picked":"Dagger Throw+1","floor":18},{"not_picked":["Eviscerate+1","Prepared"],"picked":"Quick Slash+1","floor":19},{"not_picked":["Expertise","Terror"],"picked":"Footwork","floor":20},{"not_picked":["Outmaneuver","Dagger Throw"],"picked":"Prepared","floor":22}],"player_experience":742328,"relics_obtained":[{"floor":7,"key":"PreservedInsect"},{"floor":9,"key":"War Paint"},{"floor":10,"key":"Boot"},{"floor":12,"key":"MealTicket"},{"floor":26,"key":"Nunchaku"}],"event_choices":[{"cards_removed":["Strike_G"],"damage_healed":0,"gold_gain":0,"player_choice":"Card Removal","damage_taken":7,"max_hp_gain":0,"max_hp_loss":0,"event_name":"Golden Wing","floor":2,"gold_loss":0},{"cards_removed":["Strike_G"],"damage_healed":0,"gold_gain":0,"player_choice":"Purged","damage_taken":0,"max_hp_gain":0,"max_hp_loss":0,"event_name":"Purifier","floor":3,"gold_loss":0},{"damage_healed":0,"gold_gain":0,"player_choice":"Ignored","damage_taken":0,"max_hp_gain":0,"max_hp_loss":0,"event_name":"Ghosts","floor":21,"gold_loss":0},{"damage_healed":0,"gold_gain":0,"player_choice":"Read","damage_taken":0,"max_hp_gain":0,"max_hp_loss":0,"event_name":"The Library","floor":24,"gold_loss":0,"cards_obtained":["Tactician"]},{"damage_healed":0,"gold_gain":0,"player_choice":"Shed Blood","damage_taken":18,"max_hp_gain":5,"max_hp_loss":0,"event_name":"Forgotten Altar","floor":25,"gold_loss":0},{"damage_healed":0,"gold_gain":0,"player_choice":"Gave Potion","damage_taken":0,"relics_obtained":["Sundial"],"max_hp_gain":0,"max_hp_loss":0,"event_name":"WeMeetAgain","floor":27,"gold_loss":0}],"is_beta":false,"boss_relics":[{"not_picked":["Velvet Choker","Coffee Dripper"],"picked":"Ring of the Serpent"}],"items_purged_floors":[14],"is_endless":false,"potions_floor_spawned":[7,8,12,13,18,22],"killed_by":"3 Cultists","ascension_level":5}}