{"host":"d43m95u7l79th215","time":1607563014,"event":{"gold_per_floor":[114,126,138,23,33,86,86,104,104,104,177,177,194,212,212,315,315,325,325,39,64,163,163,163,184,184,184,199,214,234,234,234],"floor_reached":31,"playtime":3759,"items_purged":["DemoMod:Strike_Huntress"],"score":241,"play_id":"150eba50-f136-4882-8f09-9fc8f8a3e4ff","local_time":"20201210021654","is_ascension_mode":false,"campfire_choices":[{"floor":7,"key":"REST"},{"data":"DemoMod:DarkMarker","floor":10,"key":"SMITH"},{"data":"DemoMod:TripleGun","floor":12,"key":"SMITH"},{"data":"DemoMod:AWP","floor":15,"key":"SMITH"},{"floor":23,"key":"REST"},{"data":"DemoMod:TableSutra","floor":27,"key":"SMITH"}],"neow_cost":"NONE","seed_source_timestamp":649100266583500,"circlet_count":0,"master_deck":["DemoMod:Strike_Huntress","DemoMod:Strike_Huntress","DemoMod:Defend_Huntress","DemoMod:Defend_Huntress","DemoMod:Defend_Huntress","DemoMod:Defend_Huntress","DemoMod:Roll","DemoMod:ManualReload","DemoMod:RustySidearm","DemoMod:CrossBow","DemoMod:TeaPot","DemoMod:Ejector","DemoMod:SAA","DemoMod:DarkMarker+1","DemoMod:TripleGun+1","DemoMod:AWP+1","DemoMod:RadGun","DemoMod:MegaHand","DemoMod:BSG+1","DemoMod:BlankBullets","DemoMod:GunShield","DemoMod:TableSutra+1","DemoMod:AWP","DemoMod:FastSwitch","DemoMod:Unity+1","DemoMod:MachoBrace","DemoMod:FinishedGun","DemoMod:DoubleSwitch+1","DemoMod:Purify+1"],"relics":["DemoMod:Dog","HushsDoor","NeowsBlessing","DemoMod:PinkGuonStone","DoctorsRemote","DeathBook","SlaversCollar"],"potions_floor_usage":[13,16,16,18,30],"damage_taken":[{"damage":0,"enemies":"Small Slimes","floor":1,"turns":1},{"damage":0,"enemies":"2 Louse","floor":2,"turns":1},{"damage":0,"enemies":"Jaw Worm","floor":3,"turns":1},{"damage":3,"enemies":"Looter","floor":5,"turns":4},{"damage":29,"enemies":"3 Sentries","floor":6,"turns":10},{"damage":3,"enemies":"Blue Slaver","floor":8,"turns":4},{"damage":0,"enemies":"Large Slime","floor":13,"turns":4},{"damage":3,"enemies":"Exordium Thugs","floor":14,"turns":5},{"damage":16,"enemies":"The Guardian","floor":16,"turns":7},{"damage":27,"enemies":"Shell Parasite","floor":18,"turns":6},{"damage":8,"enemies":"Spheric Guardian","floor":21,"turns":4},{"damage":20,"enemies":"Chosen and Byrds","floor":25,"turns":4},{"damage":10,"enemies":"DemoMod:Veteran_shot_gun_kin_and_bullet_kin","floor":28,"turns":1},{"damage":22,"enemies":"DemoMod:Red_and_blue_shotgun_kin","floor":29,"turns":3},{"damage":21,"enemies":"DemoMod:2_Mousers","floor":30,"turns":4},{"damage":22,"enemies":"DemoMod:Red_and_blue_shotgun_kin_with_gunsinger","floor":31,"turns":1}],"seed_played":"-2516253105126816362","potions_obtained":[{"floor":3,"key":"DistilledChaos"},{"floor":6,"key":"Dexterity Potion"},{"floor":8,"key":"DemoMod:LeadSkinPotion"},{"floor":14,"key":"Block Potion"},{"floor":25,"key":"Block Potion"}],"is_trial":false,"path_per_floor":["M","M","M","$","M","E","R","M","T","R","?","R","M","M","R","B",null,"M","?","$","M","?","R","?","M","T","R","M","M","M","M"],"character_chosen":"HUNTRESS","items_purchased":["DemoMod:GnawedKey","DemoMod:BlankBullets","DemoMod:TableSutra","DemoMod:AWP","DemoMod:FastSwitch"],"campfire_rested":2,"item_purchase_floors":[4,17,20,20,20],"current_hp_per_floor":[70,70,70,70,67,45,68,65,65,65,65,65,65,62,62,46,73,46,46,46,38,38,59,59,39,73,73,63,41,20,0,0],"gold":234,"neow_bonus":"THREE_ENEMY_KILL","is_prod":false,"is_daily":false,"chose_seed":false,"campfire_upgraded":4,"win_rate":0.0,"timestamp":1607563014,"path_taken":["M","M","M","$","M","E","R","M","T","R","?","R","M","M","R","BOSS","M","?","$","M","?","R","?","?","T","R","M","M","M","M"],"build_version":"2020-11-30","purchased_purges":1,"victory":false,"max_hp_per_floor":[70,70,70,70,70,77,77,77,77,77,77,77,77,77,77,77,73,73,73,73,73,73,73,73,73,73,73,73,73,73,73,73],"card_choices":[{"not_picked":["DemoMod:AC15","DemoMod:Unmoved"],"picked":"DemoMod:TeaPot","floor":1},{"not_picked":["DemoMod:MachoBrace","DemoMod:DoubleSwitch"],"picked":"DemoMod:Ejector","floor":2},{"not_picked":["DemoMod:TeaPot","DemoMod:JK47"],"picked":"DemoMod:SAA","floor":3},{"not_picked":["DemoMod:MachoBrace","DemoMod:SAA"],"picked":"DemoMod:DarkMarker","floor":5},{"not_picked":["DemoMod:GunShield","Bomb"],"picked":"DemoMod:TripleGun","floor":6},{"not_picked":["DemoMod:AC15","DemoMod:GunstockTap"],"picked":"DemoMod:AWP","floor":8},{"not_picked":["DemoMod:EasyReloadBullets","Bomb"],"picked":"DemoMod:RadGun","floor":13},{"not_picked":["DemoMod:TeaPot","DemoMod:AC15"],"picked":"DemoMod:MegaHand","floor":14},{"not_picked":["DemoMod:Slinger","DemoMod:ThirdPartyController"],"picked":"DemoMod:BSG","floor":16},{"not_picked":["DemoMod:DoubleSwitch+1","DemoMod:DirectionalPad"],"picked":"DemoMod:GunShield","floor":18},{"not_picked":["DemoMod:HuntsMan+1","DemoMod:HardPowerCard+1"],"picked":"DemoMod:Unity+1","floor":21},{"not_picked":["DemoMod:AC15","DemoMod:HighKaliber"],"picked":"DemoMod:MachoBrace","floor":25},{"not_picked":["DemoMod:MachoBrace+1","DemoMod:PotionOfGunFriendShip"],"picked":"DemoMod:FinishedGun","floor":28},{"not_picked":["DemoMod:AWP+1","DemoMod:BoxingGlove+1"],"picked":"DemoMod:DoubleSwitch+1","floor":29},{"not_picked":["DemoMod:HungryBullets","DemoMod:SAA+1"],"picked":"DemoMod:Purify+1","floor":30}],"player_experience":386233,"relics_obtained":[{"floor":6,"key":"DemoMod:PinkGuonStone"},{"floor":9,"key":"DoctorsRemote"}],"event_choices":[{"damage_healed":0,"gold_gain":73,"player_choice":"Gained Gold","damage_taken":0,"max_hp_gain":0,"max_hp_loss":0,"event_name":"Golden Wing","floor":11,"gold_loss":0},{"damage_healed":0,"gold_gain":99,"player_choice":"Stole From Cult","damage_taken":0,"max_hp_gain":0,"max_hp_loss":0,"event_name":"Nest","floor":22,"gold_loss":0},{"damage_healed":0,"gold_gain":0,"player_choice":"Forge","damage_taken":0,"max_hp_gain":0,"max_hp_loss":0,"event_name":"Accursed Blacksmith","floor":24,"gold_loss":0,"cards_upgraded":["DemoMod:BSG"]}],"is_beta":false,"boss_relics":[{"not_picked":["ChampionBelt","Painkiller Herb"],"picked":"SlaversCollar"},{"not_picked":[]}],"items_purged_floors":[20],"is_endless":false,"potions_floor_spawned":[3,6,8,14,25],"killed_by":"DemoMod:Red_and_blue_shotgun_kin_with_gunsinger","ascension_level":0}}