{"host":"19tvufa8xx4wr4o1","time":1607642096,"event":{"mods":["BaseMod","StSLib","AchievementEnabler","Better Sensory Stone","Better Third Choice","Highlight Path","Minty Spire (QoL Compilation)","Relic Stats"],"gold_per_floor":[110,110,110,128,140,140,170,170,170,345,345,361,375,395,395,495,495,513,548,12,27,126,155,155,165,165,165,165,180,190,44,44,146,146,163,385,385,385,400,400,425,425,425,437,437,452,452,452,452,452,452],"floor_reached":50,"playtime":1689,"items_purged":["Strike_P"],"score":804,"play_id":"10b6efce-b81d-4dc2-89cd-d70890947754","local_time":"20201210171456","is_ascension_mode":true,"campfire_choices":[{"data":"Eruption","floor":6.0,"key":"SMITH"},{"floor":15,"key":"REST"},{"floor":24,"key":"REST"},{"floor":27,"key":"REST"},{"data":"Fasting2","floor":32,"key":"SMITH"},{"data":"Protect","floor":40,"key":"SMITH"},{"floor":42,"key":"REST"},{"floor":45,"key":"REST"},{"floor":49,"key":"REST"}],"circlet_count":0,"master_deck":["Strike_P+1","Strike_P+1","Defend_P+1","Defend_P+1","Defend_P+1","Eruption+1","Vigilance+1","FearNoEvil+1","Conclude+1","FlurryOfBlows+1","MentalFortress+1","Dramatic Entrance+1","BattleHymn+1","EmptyFist+1","DeusExMachina+1","Fasting2+1","FollowUp+1","FlyingSleeves+1","CrushJoints+1","LikeWater+1","Consecrate+1","Judgement+1","SpiritShield+1","Halt+1","Protect+1","Protect+1","LikeWater+1","EmptyBody+1"],"special_seed":0,"relics":["PureWater","Molten Egg 2","Omamori","SlaversCollar","Red Mask","OrangePellets","Regal Pillow","Mango","Bottled Flame","Nilry\u0027s Codex","Lee\u0027s Waffle","VioletLotus","Mummified Hand","Gremlin Horn","Mark of the Bloom","Toxic Egg 2"],"acts_visited":["Exordium","TheCity","TheBeyond"],"potions_floor_usage":[7,16,29,30,33,44,50],"damage_taken":[{"damage":0.0,"enemies":"Jaw Worm","floor":1.0,"turns":4.0},{"damage":1.0,"enemies":"Small Slimes","floor":4.0,"turns":3.0},{"damage":0.0,"enemies":"2 Louse","floor":5.0,"turns":2.0},{"damage":33,"enemies":"Gremlin Nob","floor":7,"turns":5},{"damage":0,"enemies":"Large Slime","floor":12,"turns":2},{"damage":0,"enemies":"2 Fungi Beasts","floor":13,"turns":2},{"damage":0,"enemies":"Blue Slaver","floor":14,"turns":2},{"damage":0,"enemies":"Slime Boss","floor":16,"turns":4},{"damage":12,"enemies":"Chosen","floor":18,"turns":3},{"damage":0,"enemies":"Masked Bandits","floor":19,"turns":1},{"damage":17,"enemies":"2 Thieves","floor":21,"turns":3},{"damage":21,"enemies":"Slavers","floor":23,"turns":3},{"damage":31,"enemies":"Snecko","floor":25,"turns":4},{"damage":7,"enemies":"Centurion and Healer","floor":29,"turns":3},{"damage":9,"enemies":"Cultist and Chosen","floor":30,"turns":5},{"damage":32,"enemies":"Automaton","floor":33,"turns":6},{"damage":13,"enemies":"3 Shapes","floor":35,"turns":2},{"damage":22,"enemies":"Orb Walker","floor":39,"turns":4},{"damage":63,"enemies":"Nemesis","floor":41,"turns":10},{"damage":16,"enemies":"Writhing Mass","floor":44,"turns":4},{"damage":0,"enemies":"4 Shapes","floor":46,"turns":2},{"damage":83,"enemies":"Awakened One","floor":50,"turns":8}],"seed_played":"2140477825093110408","potions_obtained":[{"floor":1.0,"key":"SpeedPotion"},{"floor":5.0,"key":"Energy Potion"},{"floor":7,"key":"Regen Potion"},{"floor":14,"key":"BottledMiracle"},{"floor":23,"key":"Dexterity Potion"},{"floor":25,"key":"Block Potion"},{"floor":29,"key":"DistilledChaos"},{"floor":30,"key":"SpeedPotion"},{"floor":35,"key":"SpeedPotion"},{"floor":41,"key":"Block Potion"}],"is_trial":false,"path_per_floor":["M","?","?","M","M","R","E","?","T","?","?","M","M","M","R","B",null,"M","?","$","M","?","E","R","M","T","R","?","M","M","$","R","B",null,"M","?","?","?","M","R","E","R","T","M","R","M","?","T","R","B"],"character_chosen":"WATCHER","items_purchased":["Fasting2","OrangePellets","FollowUp+1","Regal Pillow","FlyingSleeves+1","Lee\u0027s Waffle"],"campfire_rested":6,"item_purchase_floors":[20,20,20,20,20,31],"current_hp_per_floor":[47,47,47,46,46,46,13,13,13,13,13,13,13,13,34,46,66,54,54,54,37,37,30,70,39,39,79,63,56,47,93,93,61,85,72,72,93,93,71,71,8,50,50,34,76,76,76,76,76,0,0],"gold":452,"neow_bonus":"REMOVE_TWO","is_daily":false,"chose_seed":false,"campfire_upgraded":3,"win_rate":0,"timestamp":1607642096,"path_taken":["M","?","?","M","M","R","E","?","T","?","?","M","?","M","R","BOSS","M","?","$","M","?","E","R","M","T","R","?","M","M","?","R","BOSS","M","?","?","?","M","R","E","R","T","M","R","M","?","?","R","BOSS"],"build_version":"2020-11-30","purchased_purges":1,"victory":false,"max_hp_per_floor":[72,72,72,72,72,72,72,72,72,72,72,72,72,72,72,72,72,72,72,72,72,72,86,86,86,86,86,86,86,86,93,93,93,93,93,93,93,93,93,93,93,93,93,93,93,93,93,93,93,93,93],"relic_stats":{"OrangePellets":[11],"Regal Pillow":60,"Lee\u0027s Waffle":46,"Mark of the Bloom":42,"Gremlin Horn":[5,5],"counters":[22,82],"Mummified Hand":[14],"VioletLotus":[4],"obtain_stats":[{"Regal Pillow":20,"Lee\u0027s Waffle":31,"Mark of the Bloom":47,"Gremlin Horn":43,"Nilry\u0027s Codex":28,"Mango":23,"Omamori":9,"SlaversCollar":17,"OrangePellets":20,"Bottled Flame":26,"Mummified Hand":41,"Molten Egg 2":7,"VioletLotus":34,"Red Mask":19,"PureWater":0,"Toxic Egg 2":48},{"Regal Pillow":10,"Lee\u0027s Waffle":15,"Mark of the Bloom":21,"Gremlin Horn":19,"Nilry\u0027s Codex":13,"Mango":12,"Omamori":4,"SlaversCollar":8,"OrangePellets":10,"Bottled Flame":13,"Mummified Hand":19,"Molten Egg 2":4,"VioletLotus":16,"Red Mask":10,"PureWater":0,"Toxic Egg 2":21},{"Regal Pillow":28,"Lee\u0027s Waffle":46,"Mark of the Bloom":74,"Gremlin Horn":68,"Nilry\u0027s Codex":38,"Mango":34,"Omamori":14,"SlaversCollar":24,"OrangePellets":28,"Bottled Flame":38,"Mummified Hand":68,"Molten Egg 2":14,"VioletLotus":52,"Red Mask":28,"PureWater":0,"Toxic Egg 2":74}]},"card_choices":[{"not_picked":["Consecrate","Sanctity"],"picked":"FearNoEvil","floor":1.0},{"not_picked":["EmptyMind","SashWhip"],"picked":"Conclude","floor":4.0},{"not_picked":["Halt","Consecrate"],"picked":"FlurryOfBlows","floor":5.0},{"not_picked":["BattleHymn","Study"],"picked":"MentalFortress","floor":7},{"not_picked":["Madness","Forethought"],"picked":"Dramatic Entrance+1","floor":11},{"not_picked":["Halt","Pray","PathToVictory"],"picked":"SKIP","floor":12},{"not_picked":["Sanctity","WaveOfTheHand"],"picked":"BattleHymn","floor":13},{"not_picked":["SandsOfTime+1","CrushJoints+1"],"picked":"EmptyFist+1","floor":14},{"not_picked":["Alpha","Scrawl"],"picked":"DeusExMachina","floor":16},{"not_picked":["PathToVictory","JustLucky+1","SignatureMove+1"],"picked":"SKIP","floor":18},{"not_picked":["Crescendo","SashWhip+1"],"picked":"CrushJoints+1","floor":21},{"not_picked":["JustLucky+1","ClearTheMind"],"picked":"LikeWater+1","floor":23},{"not_picked":["Crescendo","PathToVictory+1"],"picked":"Consecrate+1","floor":25},{"not_picked":["ClearTheMind","FearNoEvil+1","FollowUp+1"],"picked":"SKIP","floor":29},{"not_picked":["Halt","ClearTheMind"],"picked":"Judgement","floor":30},{"not_picked":["Devotion","Omniscience"],"picked":"SpiritShield","floor":33},{"not_picked":["FlyingSleeves+1","ThirdEye"],"picked":"Halt+1","floor":35},{"not_picked":["BattleHymn","ClearTheMind+1"],"picked":"Protect","floor":39},{"not_picked":["ForeignInfluence+1","CutThroughFate+1"],"picked":"Protect","floor":41},{"not_picked":["EmptyBody","BowlingBash+1"],"picked":"LikeWater+1","floor":44},{"not_picked":["FlyingSleeves+1","Alpha"],"picked":"EmptyBody+1","floor":46}],"player_experience":478646,"relics_obtained":[{"floor":7,"key":"Molten Egg 2"},{"floor":9,"key":"Omamori"},{"floor":19,"key":"Red Mask"},{"floor":23,"key":"Mango"},{"floor":26,"key":"Bottled Flame"},{"floor":28,"key":"Nilry\u0027s Codex"},{"floor":41,"key":"Mummified Hand"},{"floor":43,"key":"Gremlin Horn"},{"floor":48,"key":"Toxic Egg 2"}],"event_choices":[{"damage_healed":0.0,"max_hp_gain":0.0,"max_hp_loss":0.0,"gold_gain":0.0,"event_name":"betterThird:BetterScrap","player_choice":"LEAVE","floor":2.0,"gold_loss":0.0,"damage_taken":0.0,"cards_obtained":["Burst"]},{"damage_healed":0.0,"max_hp_gain":0.0,"max_hp_loss":0.0,"gold_gain":0.0,"event_name":"Golden Wing","player_choice":"Ignored","floor":3.0,"gold_loss":0.0,"damage_taken":0.0},{"damage_healed":13,"gold_gain":0,"player_choice":"Leave","damage_taken":0,"max_hp_gain":0,"max_hp_loss":72,"event_name":"betterThird:BetterShining","floor":8,"gold_loss":0},{"damage_healed":0,"gold_gain":175,"player_choice":"AGREE","damage_taken":170,"max_hp_gain":0,"max_hp_loss":0,"event_name":"betterThird:BetterSerpent","floor":10,"gold_loss":0},{"damage_healed":0,"gold_gain":1,"player_choice":"1","damage_taken":0,"max_hp_gain":0,"max_hp_loss":0,"event_name":"betterStone:BetterStone","floor":11,"gold_loss":0},{"damage_healed":0,"gold_gain":0,"player_choice":"Fought Bandits","damage_taken":0,"max_hp_gain":0,"max_hp_loss":0,"event_name":"Masked Bandits","floor":19,"gold_loss":0},{"damage_healed":0,"gold_gain":99,"player_choice":"Steal","damage_taken":0,"max_hp_gain":0,"max_hp_loss":0,"event_name":"betterThird:BetterNest","floor":22,"gold_loss":0},{"damage_healed":0,"gold_gain":0,"player_choice":"Obtained Book","damage_taken":16,"max_hp_gain":0,"max_hp_loss":0,"event_name":"Cursed Tome","floor":28,"gold_loss":0},{"damage_healed":0,"gold_gain":222,"player_choice":"Wore Mask","damage_taken":0,"max_hp_gain":0,"max_hp_loss":0,"event_name":"Tomb of Lord Red Mask","floor":36,"gold_loss":0},{"damage_healed":23,"gold_gain":0,"player_choice":"Writhe","damage_taken":0,"max_hp_gain":0,"max_hp_loss":0,"event_name":"Winding Halls","floor":37,"gold_loss":0,"cards_obtained":["Writhe"]},{"damage_healed":0,"gold_gain":0,"player_choice":"Ignored","damage_taken":0,"max_hp_gain":0,"max_hp_loss":0,"event_name":"Mysterious Sphere","floor":38,"gold_loss":0},{"damage_healed":0,"gold_gain":0,"player_choice":"Upgrade","damage_taken":0,"relics_obtained":["Mark of the Bloom"],"max_hp_gain":0,"max_hp_loss":0,"event_name":"MindBloom","floor":47,"gold_loss":0,"cards_upgraded":["Strike_P","Strike_P","Defend_P","Defend_P","Defend_P","Vigilance","FearNoEvil","Conclude","FlurryOfBlows","MentalFortress","BattleHymn","DeusExMachina","Judgement","SpiritShield","Protect"]}],"is_beta":false,"boss_relics":[{"not_picked":["Busted Crown","Runic Dome"],"picked":"SlaversCollar"},{"not_picked":["Runic Pyramid","Coffee Dripper"],"picked":"VioletLotus"}],"items_purged_floors":[20],"is_endless":false,"potions_floor_spawned":[1,5,7,14,23,25,29,30,35,41],"killed_by":"Awakened One","ascension_level":7}}