{"host":"ljavmhyz2e552xgo","time":1607615835,"event":{"mods":["BaseMod","StSLib","Googly Eyes","Permanent Neow","Relic Stats","Better Third Choice","Shop Mod","Spicy Shops","Friendly Minions","Hermit","Jorbs\u0027s Wanderer Trilogy","Minty Spire (QoL Compilation)","Robot Space Explorer"],"gold_per_floor":[117,137,154,173,173,205,205,219,243,255,255,96,114,134,134,231,231,248,248,23,33,33,33,33,62,62,62,77,77,96,112,112,214,214,224,224,77,88,204,204,48,65,89,109,34,34,46,77,77,77],"floor_reached":51,"playtime":3466,"items_purged":["RobotSpaceExplorer:Strike","RobotSpaceExplorer:MiniLasers","RobotSpaceExplorer:Defend"],"score":901,"play_id":"74320d65-1890-4de9-85b7-19aa55c28e1c","local_time":"20201210095715","is_ascension_mode":false,"campfire_choices":[{"data":"RobotSpaceExplorer:TrailblazerForm","floor":7,"key":"SMITH"},{"floor":11,"key":"REST"},{"data":"RobotSpaceExplorer:BigMissile","floor":15,"key":"SMITH"},{"data":"RobotSpaceExplorer:Autoloader","floor":27,"key":"SMITH"},{"data":"RobotSpaceExplorer:HighVoltage","floor":29,"key":"SMITH"},{"data":"RobotSpaceExplorer:PowerCollector","floor":32,"key":"SMITH"},{"data":"Thinking Ahead","floor":40,"key":"SMITH"},{"data":"RobotSpaceExplorer:Arsenal","floor":46,"key":"SMITH"},{"data":"RobotSpaceExplorer:Explosion","floor":49,"key":"SMITH"}],"circlet_count":0,"master_deck":["RobotSpaceExplorer:Strike","RobotSpaceExplorer:Defend","RobotSpaceExplorer:Defend","RobotSpaceExplorer:Defend","RobotSpaceExplorer:Scan","RobotSpaceExplorer:Arsenal+1","RobotSpaceExplorer:Fix","RobotSpaceExplorer:SlimeMissile","RobotSpaceExplorer:BigMissile+1","RobotSpaceExplorer:TrailblazerForm+1","RobotSpaceExplorer:Ammunition","RobotSpaceExplorer:SelfCleaning","RobotSpaceExplorer:HighVoltage+1","RobotSpaceExplorer:Pulsar","RobotSpaceExplorer:BlastShield","RobotSpaceExplorer:Autoloader+1","RobotSpaceExplorer:DoubleFind","RobotSpaceExplorer:IronShell+1","RobotSpaceExplorer:PlasmaMissile+1","RobotSpaceExplorer:TurboDodge+1","RobotSpaceExplorer:GlueSpray+1","RobotSpaceExplorer:PowerCollector+1","RobotSpaceExplorer:Explosion+1","RobotSpaceExplorer:Blitz+1","Thinking Ahead+1"],"relics":["RobotSpaceExplorer:RoboCore","Gremlin Horn","Strawberry","Mango","Snecko Eye","MutagenicStrength","Boot","Incense Burner","Sozu","Vajra","Mercury Hourglass","Pen Nib","Anchor","Centennial Puzzle","Regal Pillow"],"acts_visited":["Exordium","TheCity","TheBeyond"],"potions_floor_usage":[6,10,28,50],"damage_taken":[{"damage":2,"enemies":"Jaw Worm","floor":1,"turns":4},{"damage":4,"enemies":"Cultist","floor":2,"turns":4},{"damage":7,"enemies":"Small Slimes","floor":3,"turns":5},{"damage":12,"enemies":"Blue Slaver","floor":4,"turns":2},{"damage":21,"enemies":"3 Sentries","floor":6,"turns":13},{"damage":9,"enemies":"Exordium Wildlife","floor":8,"turns":7},{"damage":5,"enemies":"2 Fungi Beasts","floor":10,"turns":3},{"damage":0,"enemies":"Lots of Slimes","floor":13,"turns":1},{"damage":0,"enemies":"3 Louse","floor":14,"turns":1},{"damage":32,"enemies":"Hexaghost","floor":16,"turns":19},{"damage":10,"enemies":"Shell Parasite","floor":18,"turns":4},{"damage":0,"enemies":"Spheric Guardian","floor":21,"turns":2},{"damage":37,"enemies":"Slavers","floor":25,"turns":3},{"damage":5,"enemies":"Snake Plant","floor":28,"turns":4},{"damage":0,"enemies":"Sentry and Sphere","floor":30,"turns":3},{"damage":0,"enemies":"Centurion and Healer","floor":31,"turns":4},{"damage":0,"enemies":"Collector","floor":33,"turns":6},{"damage":0,"enemies":"3 Shapes","floor":35,"turns":2},{"damage":1,"enemies":"3 Darklings","floor":38,"turns":3},{"damage":0,"enemies":"Jaw Worm Horde","floor":42,"turns":6},{"damage":0,"enemies":"Spire Growth","floor":44,"turns":3},{"damage":0,"enemies":"Transient","floor":47,"turns":5},{"damage":0,"enemies":"Nemesis","floor":48,"turns":3},{"damage":12,"enemies":"Time Eater","floor":50,"turns":8}],"seed_played":"-5835103985441864671","potions_obtained":[{"floor":2,"key":"AttackPotion"},{"floor":6,"key":"SteroidPotion"},{"floor":16,"key":"Weak Potion"},{"floor":21,"key":"Dexterity Potion"},{"floor":25,"key":"FairyPotion"},{"floor":31,"key":"DistilledChaos"}],"is_trial":false,"path_per_floor":["M","M","M","M","?","E","R","M","T","M","R","$","M","M","R","B",null,"M","?","$","M","?","$","?","E","T","R","M","R","M","M","R","B",null,"M","?","$","M","?","R","$","M","T","M","$","R","M","E","R","B",null],"character_chosen":"RobotSpaceExplorer","items_purchased":["Mango","Vajra","Pen Nib","Centennial Puzzle"],"campfire_rested":1,"item_purchase_floors":[12,37,41,45],"current_hp_per_floor":[73,71,68,56,56,39,39,34,41,40,64,78,78,78,78,50,96,86,86,86,86,86,86,86,53,53,53,48,48,48,52,52,56,96,96,96,96,95,95,95,95,96,96,96,96,96,96,96,96,88],"gold":77,"neow_bonus":"ONE_RANDOM_RARE_CARD","is_daily":false,"chose_seed":false,"campfire_upgraded":8,"win_rate":1,"timestamp":1607615835,"path_taken":["M","M","M","M","?","E","R","M","T","?","R","$","M","M","R","BOSS","M","?","$","M","?","?","?","E","T","R","M","R","?","M","R","BOSS","M","?","?","M","?","R","$","M","T","M","$","R","M","E","R","BOSS"],"build_version":"2020-11-30","purchased_purges":3,"victory":true,"max_hp_per_floor":[75,75,75,75,75,75,75,75,82,82,82,96,96,96,96,96,96,96,96,96,96,96,96,96,96,96,96,96,96,96,96,96,96,96,96,96,96,96,96,96,96,96,96,96,96,96,96,96,96,96],"relic_stats":{"Sozu":5,"Centennial Puzzle":[3],"Regal Pillow":0,"Gremlin Horn":[20,20],"counters":[24,114],"Snecko Eye":[122,93,89,100],"Pen Nib":[8],"Boot":[11],"obtain_stats":[{"Regal Pillow":48,"Gremlin Horn":6,"Vajra":37,"RobotSpaceExplorer:RoboCore":0,"Mango":12,"Pen Nib":41,"Incense Burner":26,"Boot":25,"Mercury Hourglass":39,"Sozu":34,"Anchor":43,"Centennial Puzzle":45,"Strawberry":9,"MutagenicStrength":22,"Snecko Eye":17},{"Regal Pillow":23,"Gremlin Horn":5,"Vajra":18,"RobotSpaceExplorer:RoboCore":0,"Mango":7,"Pen Nib":19,"Incense Burner":13,"Boot":13,"Mercury Hourglass":19,"Sozu":17,"Anchor":20,"Centennial Puzzle":21,"Strawberry":6,"MutagenicStrength":12,"Snecko Eye":10},{"Regal Pillow":106,"Gremlin Horn":28,"Vajra":87,"RobotSpaceExplorer:RoboCore":0,"Mango":38,"Pen Nib":90,"Incense Burner":68,"Boot":68,"Mercury Hourglass":90,"Sozu":85,"Anchor":95,"Centennial Puzzle":98,"Strawberry":35,"MutagenicStrength":65,"Snecko Eye":59}],"Mercury Hourglass":[62]},"card_choices":[{"not_picked":["RobotSpaceExplorer:FreezingShield","RobotSpaceExplorer:ScrapMissile"],"picked":"RobotSpaceExplorer:Fix","floor":1},{"not_picked":["RobotSpaceExplorer:Counterblock","RobotSpaceExplorer:SurgingShield"],"picked":"RobotSpaceExplorer:SlimeMissile","floor":2},{"not_picked":["RobotSpaceExplorer:Electroshield","RobotSpaceExplorer:MiniDrones"],"picked":"RobotSpaceExplorer:BigMissile","floor":3},{"not_picked":["RobotSpaceExplorer:Probe","RobotSpaceExplorer:PlasmaMissile"],"picked":"RobotSpaceExplorer:TrailblazerForm","floor":4},{"not_picked":["RobotSpaceExplorer:Probe","RobotSpaceExplorer:MiniDrones"],"picked":"RobotSpaceExplorer:Ammunition","floor":6},{"not_picked":["RobotSpaceExplorer:MiniDrones","RobotSpaceExplorer:SwiftStep"],"picked":"RobotSpaceExplorer:SelfCleaning","floor":8},{"not_picked":["RobotSpaceExplorer:Discharger","RobotSpaceExplorer:Probe"],"picked":"RobotSpaceExplorer:HighVoltage","floor":10},{"not_picked":["RobotSpaceExplorer:SwiftStep","RobotSpaceExplorer:ScrapToss"],"picked":"RobotSpaceExplorer:Pulsar","floor":13},{"not_picked":["RobotSpaceExplorer:Probe","RobotSpaceExplorer:SlimeMissile"],"picked":"RobotSpaceExplorer:BlastShield","floor":14},{"not_picked":["RobotSpaceExplorer:Multitool","RobotSpaceExplorer:Wormhole"],"picked":"RobotSpaceExplorer:Autoloader","floor":16},{"not_picked":["RobotSpaceExplorer:JunkDive+1","RobotSpaceExplorer:MiniDrones+1"],"picked":"RobotSpaceExplorer:DoubleFind","floor":18},{"not_picked":["RobotSpaceExplorer:Ammunition","RobotSpaceExplorer:Counterblock"],"picked":"RobotSpaceExplorer:IronShell+1","floor":21},{"not_picked":["RobotSpaceExplorer:JunkDive+1","RobotSpaceExplorer:SwiftStep"],"picked":"RobotSpaceExplorer:PlasmaMissile+1","floor":25},{"not_picked":["RobotSpaceExplorer:Ammunition+1","RobotSpaceExplorer:MakeshiftVolley"],"picked":"RobotSpaceExplorer:TurboDodge+1","floor":28},{"not_picked":["RobotSpaceExplorer:ShockKick+1","RobotSpaceExplorer:Jetpack"],"picked":"RobotSpaceExplorer:GlueSpray+1","floor":30},{"not_picked":["RobotSpaceExplorer:MetalStrike","RobotSpaceExplorer:SlimeMissile"],"picked":"RobotSpaceExplorer:PowerCollector","floor":31},{"not_picked":["RobotSpaceExplorer:ShockMissile","RobotSpaceExplorer:Exploration"],"picked":"RobotSpaceExplorer:Explosion","floor":33},{"not_picked":["RobotSpaceExplorer:Electroshield+1","RobotSpaceExplorer:SurgingShield"],"picked":"RobotSpaceExplorer:Blitz+1","floor":38},{"not_picked":["Dark Shackles","Secret Technique"],"picked":"Thinking Ahead","floor":39},{"not_picked":["RobotSpaceExplorer:GlueShot","RobotSpaceExplorer:TurboDodge","RobotSpaceExplorer:Pulsar"],"picked":"SKIP","floor":42},{"not_picked":["RobotSpaceExplorer:MiniDrones","RobotSpaceExplorer:FranticSearch","RobotSpaceExplorer:ScrapMissile+1"],"picked":"SKIP","floor":44},{"not_picked":["RobotSpaceExplorer:FrostMissile+1","RobotSpaceExplorer:MetalStrike+1","RobotSpaceExplorer:GlueSpray+1"],"picked":"SKIP","floor":48}],"player_experience":1362281,"relics_obtained":[{"floor":6,"key":"Gremlin Horn"},{"floor":9,"key":"Strawberry"},{"floor":25,"key":"Boot"},{"floor":26,"key":"Incense Burner"},{"floor":39,"key":"Mercury Hourglass"},{"floor":43,"key":"Anchor"},{"floor":48,"key":"Regal Pillow"}],"event_choices":[{"cards_removed":["RobotSpaceExplorer:Strike"],"damage_healed":0,"gold_gain":0,"player_choice":"Offered Basic","damage_taken":0,"max_hp_gain":0,"max_hp_loss":0,"event_name":"Bonfire Elementals","floor":5,"gold_loss":0},{"cards_removed":["RobotSpaceExplorer:Strike"],"damage_healed":0,"gold_gain":0,"player_choice":"Elegance","damage_taken":0,"max_hp_gain":0,"max_hp_loss":0,"event_name":"betterThird:BetterWriting","floor":19,"gold_loss":0},{"damage_healed":0,"gold_gain":0,"player_choice":"Inject Mutagens","damage_taken":0,"relics_obtained":["MutagenicStrength"],"max_hp_gain":0,"max_hp_loss":0,"event_name":"Drug Dealer","floor":22,"gold_loss":0},{"damage_healed":0,"gold_gain":0,"player_choice":"Ignored","damage_taken":0,"max_hp_gain":0,"max_hp_loss":0,"event_name":"NoteForYourself","floor":24,"gold_loss":0},{"damage_healed":0,"gold_gain":0,"player_choice":"Bought 0 Potions","damage_taken":0,"max_hp_gain":0,"max_hp_loss":0,"event_name":"The Woman in Blue","floor":36,"gold_loss":0},{"damage_healed":0,"gold_gain":0,"player_choice":"Random: Red","damage_taken":0,"max_hp_gain":0,"max_hp_loss":0,"event_name":"betterThird:BetterPortal","floor":39,"gold_loss":0}],"is_beta":false,"boss_relics":[{"not_picked":["Runic Pyramid","Black Star"],"picked":"Snecko Eye"},{"not_picked":["Empty Cage","Pandora\u0027s Box"],"picked":"Sozu"}],"items_purged_floors":[12,20,20],"is_endless":false,"potions_floor_spawned":[2,6,16,21,25,31,35,38,44],"ascension_level":0}}