{"host":"v0kr0xkqfgnh389p","time":1607624764,"event":{"mods":["BaseMod","StSLib","2.2 Compatiblity","AchievementEnabler","BetterRewards","Colored Map","Custom Start","Highlight Path","Hubris","Infinite Spire","Minty Spire (QoL Compilation)","Quick Restart","Replay The Spire","Shop Mod"],"gold_per_floor":[118,43,61,61,72,72,90,90,140,175,11,44,55,55,55,55,55],"floor_reached":16,"playtime":357,"items_purged":["Defend_P"],"score":155,"play_id":"17b71176-c5c4-4215-b233-51a54252d391","local_time":"20201210132604","is_ascension_mode":true,"campfire_choices":[{"floor":6,"key":"RECALL"},{"data":"LessonLearned","floor":8,"key":"SMITH"},{"data":"Devotion","floor":15,"key":"SMITH"}],"circlet_count":0,"master_deck":["Strike_P","Strike_P","Strike_P+1","Strike_P","Defend_P","Defend_P+1","Eruption+1","Vigilance","LessonLearned+1","Prostrate","Ragnarok","Devotion+1"],"relics":["Coffee Dripper","PreservedInsect","MerchantsRug","Kunai"],"acts_visited":["Exordium"],"potions_floor_usage":[],"damage_taken":[{"damage":2,"enemies":"Jaw Worm","floor":1,"turns":3},{"damage":0,"enemies":"Cultist","floor":3,"turns":2},{"damage":0,"enemies":"Small Slimes","floor":5,"turns":2},{"damage":8,"enemies":"Blue Slaver","floor":7,"turns":2},{"damage":39,"enemies":"3 Sentries","floor":10,"turns":8},{"damage":0,"enemies":"Gremlin Nob","floor":12,"turns":2},{"damage":9,"enemies":"2 Fungi Beasts","floor":13,"turns":2},{"damage":14,"enemies":"Hexaghost","floor":16,"turns":4}],"seed_played":"742745064111534501","potions_obtained":[{"floor":1,"key":"Swift Potion"},{"floor":7,"key":"Energy Potion"},{"floor":10,"key":"Swift Potion"}],"is_trial":false,"path_per_floor":["M","$","M","?","M","R","M","R","T","E","$","E","M","$","R","B"],"character_chosen":"WATCHER","items_purchased":["MerchantsRug","Ragnarok"],"campfire_rested":0,"item_purchase_floors":[11,11],"current_hp_per_floor":[70,70,70,70,70,70,62,62,62,23,23,23,14,14,14,0,0],"gold":55,"neow_bonus":"BOSS_RELIC","is_daily":false,"chose_seed":false,"campfire_upgraded":2,"win_rate":0,"timestamp":1607624764,"path_taken":["M","$","M","?","?","R","M","R","T","E","$","E","?","$","R","BOSS"],"build_version":"2020-11-30","purchased_purges":1,"victory":false,"max_hp_per_floor":[72,72,72,72,72,72,72,72,72,72,72,72,72,72,72,72,72],"card_choices":[{"not_picked":["Crescendo","ClearTheMind","Protect"],"picked":"SKIP","floor":1},{"not_picked":["Fasting2","Protect","Replay:AtTheReady"],"picked":"SKIP","floor":3},{"not_picked":["EmptyBody","FlurryOfBlows"],"picked":"LessonLearned","floor":5},{"not_picked":["FollowUp","ForeignInfluence","Replay:ManipulateFuture"],"picked":"SKIP","floor":7},{"not_picked":["Weave","EmptyFist"],"picked":"Prostrate","floor":10},{"not_picked":["Replay:ManipulateFuture","JustLucky"],"picked":"Devotion","floor":12},{"not_picked":["FearNoEvil","CutThroughFate","Tantrum"],"picked":"SKIP","floor":13}],"player_experience":710127,"relics_obtained":[{"floor":10,"key":"PreservedInsect"},{"floor":12,"key":"Kunai"}],"event_choices":[{"cards_removed":["Defend_P"],"damage_healed":0,"gold_gain":0,"player_choice":"Purged","damage_taken":0,"max_hp_gain":0,"max_hp_loss":0,"event_name":"Purifier","floor":4,"gold_loss":0}],"is_beta":false,"boss_relics":[],"items_purged_floors":[2],"is_endless":false,"potions_floor_spawned":[1,7,10],"killed_by":"Hexaghost","ascension_level":3}}