{"host":"nn0usk9aafse27ii","time":1607642182,"event":{"mods":["BaseMod","StSLib","Colored Map","Highlight Path","Minty Spire (QoL Compilation)","Shop Mod","The Servant 0.9.4"],"gold_per_floor":[115,40,52,52,64,64,77,94,94,113,113,131,149,168,168,267,267,279,312,312,312,249,264,264,23,23,23,42,52,52,77,77,174,174,194,194,210,225,243,243,253,253,308,328,328,347,347,378,378,378,378,378,20,52,52],"floor_reached":56,"playtime":9244,"items_purged":["Writhe","Strike_S"],"score":1247,"play_id":"e7f8db56-73e5-4005-b50b-845f89706b4a","local_time":"20201210151622","is_ascension_mode":false,"campfire_choices":[{"data":"Spin","floor":6.0,"key":"SMITH"},{"floor":15.0,"key":"REST"},{"data":"Moondial","floor":24.0,"key":"SMITH"},{"floor":27.0,"key":"REST"},{"floor":30.0,"key":"REST"},{"data":"Embodiment","floor":32.0,"key":"SMITH"},{"floor":40.0,"key":"RECALL"},{"floor":45.0,"key":"REST"},{"data":"ForgedInTime","floor":47.0,"key":"SMITH"},{"data":"RealityMarble","floor":49.0,"key":"SMITH"},{"data":"TheWorld","floor":52.0,"key":"SMITH"}],"circlet_count":0,"master_deck":["Strike_S","Strike_S","Defend_S","Defend_S","Defend_S","Defend_S","KidneyShot","Exchange","Snipe","RealityMarble+1","Blind","Spin+1","Defy","Moondial+1","Potential","ForgedInTime+1","BottledTime","Rewind","Embodiment+1","Replace","Ricochet+1","Potential","TimeWarp+1","BestPractice","ShatteredReality","TheWorld+1","Moondial+1","Madness","Madness","TimeWarp","Advance","Potential+1"],"special_seed":0,"relics":["Uniform","PocketWatch","Lantern","CultistMask","Runic Dome","Red Mask","Toy Ornithopter","KneeBrace","Pantograph","Kunai","Blood Vial","StoneMask","Broom","Bottled Tornado","Gremlin Horn"],"acts_visited":["Exordium","TheCity","TheBeyond","TheEnding"],"potions_floor_usage":[55,55],"damage_taken":[{"damage":0.0,"enemies":"Small Slimes","floor":1.0,"turns":5.0},{"damage":0.0,"enemies":"Cultist","floor":3.0,"turns":4.0},{"damage":7.0,"enemies":"2 Louse","floor":5.0,"turns":3.0},{"damage":11.0,"enemies":"Looter","floor":7.0,"turns":4.0},{"damage":19.0,"enemies":"Exordium Wildlife","floor":8.0,"turns":5.0},{"damage":8.0,"enemies":"Blue Slaver","floor":10.0,"turns":3.0},{"damage":4.0,"enemies":"Red Slaver","floor":12.0,"turns":4.0},{"damage":0.0,"enemies":"2 Fungi Beasts","floor":13.0,"turns":4.0},{"damage":1.0,"enemies":"Exordium Wildlife","floor":14.0,"turns":3.0},{"damage":0.0,"enemies":"Slime Boss","floor":16.0,"turns":5.0},{"damage":2.0,"enemies":"Shell Parasite","floor":18.0,"turns":5.0},{"damage":15.0,"enemies":"Masked Bandits","floor":19.0,"turns":4.0},{"damage":0.0,"enemies":"2 Thieves","floor":21.0,"turns":1.0},{"damage":28.0,"enemies":"Snake Plant","floor":23.0,"turns":5.0},{"damage":0.0,"enemies":"Cultist and Chosen","floor":28.0,"turns":5.0},{"damage":0.0,"enemies":"3 Cultists","floor":29.0,"turns":3.0},{"damage":0.0,"enemies":"Gremlin Leader","floor":31.0,"turns":4.0},{"damage":25.0,"enemies":"Champ","floor":33.0,"turns":14.0},{"damage":0.0,"enemies":"3 Shapes","floor":35.0,"turns":2.0},{"damage":11.0,"enemies":"Orb Walker","floor":37.0,"turns":3.0},{"damage":0.0,"enemies":"Sphere and 2 Shapes","floor":38.0,"turns":2.0},{"damage":0.0,"enemies":"Transient","floor":39.0,"turns":5.0},{"damage":36.0,"enemies":"Writhing Mass","floor":41.0,"turns":5.0},{"damage":14.0,"enemies":"Sphere and 2 Shapes","floor":44.0,"turns":4.0},{"damage":1.0,"enemies":"Transient","floor":46.0,"turns":5.0},{"damage":14.0,"enemies":"Giant Head","floor":48.0,"turns":6.0},{"damage":38.0,"enemies":"Donu and Deca","floor":50.0,"turns":9.0},{"damage":44.0,"enemies":"Shield and Spear","floor":54.0,"turns":8.0},{"damage":49,"enemies":"The Heart","floor":55,"turns":11}],"seed_played":"-517967187750126753","potions_obtained":[{"floor":5.0,"key":"LiquidMemories"},{"floor":7.0,"key":"SkillPotion"},{"floor":8.0,"key":"SkillPotion"},{"floor":16.0,"key":"SmokeBomb"},{"floor":18.0,"key":"LiquidMemories"},{"floor":28.0,"key":"Energy Potion"},{"floor":31.0,"key":"Block Potion"},{"floor":38.0,"key":"PowerPotion"},{"floor":41.0,"key":"Regen Potion"},{"floor":44.0,"key":"PowerPotion"},{"floor":46.0,"key":"SkillPotion"},{"floor":54.0,"key":"DuplicationPotion"}],"is_trial":false,"path_per_floor":["M","$","M","?","M","R","M","M","T","M","?","M","M","M","R","B",null,"M","?","?","M","?","M","R","$","T","R","M","M","R","E","R","B",null,"M","?","M","M","M","R","M","?","T","M","R","M","R","E","R","B",null,"R","$","E","B",null],"character_chosen":"THE_SERVANT","items_purchased":["Pantograph","Bottled Tornado"],"campfire_rested":4,"item_purchase_floors":[25,53],"current_hp_per_floor":[65,65,65,65,58,58,47,28,28,20,20,16,16,15,34,34,65,63,48,48,53,53,25,25,25,25,44,44,44,63,63,63,45,65,68,59,53,64,69,69,40,40,40,42,65,69,69,60,60,67,81,81,81,43,34],"gold":52,"neow_bonus":"ONE_RARE_RELIC","is_daily":false,"chose_seed":false,"campfire_upgraded":6,"win_rate":0,"timestamp":1607642182,"path_taken":["M","$","M","?","?","R","M","M","T","M","?","?","M","M","R","BOSS","M","?","?","?","?","M","R","$","T","R","M","?","R","E","R","BOSS","M","?","M","M","M","R","M","?","T","M","R","M","R","E","R","BOSS","R","$","E","BOSS"],"build_version":"2020-11-30","purchased_purges":2,"victory":true,"max_hp_per_floor":[65,65,65,65,65,65,65,65,65,65,65,65,65,65,65,65,65,65,65,65,65,65,65,65,65,65,65,65,65,65,65,65,65,65,68,68,69,72,73,73,74,74,74,77,77,78,78,79,79,81,81,81,81,83,84],"card_choices":[{"not_picked":["Ricochet","Rearm"],"picked":"Snipe","floor":1.0},{"not_picked":["Starlight","Potential"],"picked":"RealityMarble","floor":3.0},{"not_picked":["Shuttle","ReturningBlade"],"picked":"Spin","floor":5.0},{"not_picked":["RealityMarble","Collapse"],"picked":"Defy","floor":7.0},{"not_picked":["Moonlight","FanOfKnives"],"picked":"Moondial","floor":8.0},{"not_picked":["Hightail","Revamp"],"picked":"Potential","floor":10.0},{"not_picked":["Foresight","Shuttle"],"picked":"ForgedInTime","floor":12.0},{"not_picked":["Rewind","ShatteredReality"],"picked":"BottledTime","floor":13.0},{"not_picked":["ShatteredReality","Snipe"],"picked":"Rewind","floor":14.0},{"not_picked":["PendulumOfEternity","Solidify"],"picked":"Embodiment","floor":16.0},{"not_picked":["Starlight","Alleviate"],"picked":"Replace","floor":18.0},{"not_picked":["Moonlight","Starlight"],"picked":"Ricochet+1","floor":19.0},{"not_picked":["Replace","Rearm"],"picked":"Potential","floor":23.0},{"not_picked":["Snipe","Rearm"],"picked":"TimeWarp+1","floor":28.0},{"not_picked":["MoonPhase","Ricochet+1"],"picked":"BestPractice","floor":29.0},{"not_picked":["Rewind","Spin"],"picked":"ShatteredReality","floor":31.0},{"not_picked":["Sunlight","MurderousAura"],"picked":"TheWorld","floor":33.0},{"not_picked":["Spin+1","Alleviate+1"],"picked":"Moondial+1","floor":35.0},{"not_picked":["SilverBlades+1","Defy"],"picked":"TimeWarp","floor":37.0},{"not_picked":["Unruled+1","DoubleEdge+1","Contraction"],"picked":"SKIP","floor":38.0},{"not_picked":["Rearm","FastForward+1","Alleviate"],"picked":"SKIP","floor":39.0},{"not_picked":["Potential","Revamp+1","Moonlight+1"],"picked":"SKIP","floor":41.0},{"not_picked":["Read+1","Revamp","Sabotage+1"],"picked":"SKIP","floor":44.0},{"not_picked":["Ricochet","Rearm+1","MoonPhase"],"picked":"SKIP","floor":46.0},{"not_picked":["SilverBlades","Spin"],"picked":"Advance","floor":48.0},{"not_picked":["LightFlow","Advance"],"picked":"Potential+1","floor":54.0}],"player_experience":299356,"relics_obtained":[{"floor":9.0,"key":"Lantern"},{"floor":19.0,"key":"Red Mask"},{"floor":26.0,"key":"Kunai"},{"floor":31.0,"key":"Blood Vial"},{"floor":48.0,"key":"Broom"},{"floor":54.0,"key":"Gremlin Horn"}],"event_choices":[{"damage_healed":0.0,"max_hp_gain":0.0,"max_hp_loss":0.0,"gold_gain":0.0,"event_name":"Match and Keep!","player_choice":"1 cards matched","floor":4.0,"gold_loss":0.0,"damage_taken":0.0,"cards_obtained":["Blind"]},{"damage_healed":0.0,"max_hp_gain":0.0,"max_hp_loss":0.0,"gold_gain":0.0,"event_name":"FaceTrader","player_choice":"Trade","floor":11.0,"gold_loss":0.0,"damage_taken":0.0,"relics_obtained":["CultistMask"]},{"damage_healed":0.0,"max_hp_gain":0.0,"max_hp_loss":0.0,"gold_gain":0.0,"event_name":"Masked Bandits","player_choice":"Fought Bandits","floor":19.0,"gold_loss":0.0,"damage_taken":0.0},{"damage_healed":0.0,"max_hp_gain":0.0,"max_hp_loss":0.0,"gold_gain":0.0,"event_name":"The Mausoleum","player_choice":"Opened","floor":20.0,"gold_loss":0.0,"damage_taken":0.0,"relics_obtained":["Toy Ornithopter"]},{"damage_healed":0.0,"max_hp_gain":0.0,"max_hp_loss":0.0,"gold_gain":0.0,"event_name":"WeMeetAgain","player_choice":"Paid Gold","floor":22.0,"gold_loss":63.0,"damage_taken":0.0,"relics_obtained":["KneeBrace"]},{"damage_healed":0.0,"max_hp_gain":0.0,"max_hp_loss":0.0,"gold_gain":0.0,"event_name":"Winding Halls","player_choice":"Embrace Madness","floor":36.0,"gold_loss":0.0,"damage_taken":9.0,"cards_obtained":["Madness","Madness"]},{"cards_removed":["Strike_S"],"damage_healed":0.0,"max_hp_gain":0.0,"max_hp_loss":0.0,"gold_gain":0.0,"event_name":"Falling","player_choice":"Removed Attack","floor":42.0,"gold_loss":0.0,"damage_taken":0.0}],"is_beta":false,"boss_relics":[{"not_picked":["Coffee Dripper","SlaversCollar"],"picked":"Runic Dome"},{"not_picked":["Cursed Key","Black Star"],"picked":"StoneMask"}],"items_purged_floors":[2,53],"is_endless":false,"potions_floor_spawned":[5,7,8,16,18,21,28,31,38,41,44,46,54],"ascension_level":0}}