{"host":"8b6x5jh5dgxmxtlw","time":1607610946,"event":{"gold_per_floor":[119,130,130,150,188,205,205,234,259,273,273,273,273,288,288,386,386,406,423,53,70,70,70,85,115,140,152,152,165,182,195,195,291,291,311,13,13,24,38,38,67,67,67,84,101,130,140,150,150,150,150],"floor_reached":50,"playtime":4613,"items_purged":["Strike_G"],"score":632,"play_id":"333ef89c-4923-41a3-a256-6996b9e1b62f","local_time":"20201210093546","is_ascension_mode":false,"campfire_choices":[{"floor":12,"key":"REST"},{"floor":15,"key":"REST"},{"data":"After Image","floor":23,"key":"SMITH"},{"floor":28,"key":"REST"},{"floor":32,"key":"REST"},{"data":"Outmaneuver","floor":40,"key":"SMITH"},{"data":"Outmaneuver","floor":42,"key":"SMITH"},{"data":"Finisher","floor":49,"key":"SMITH"}],"neow_cost":"NONE","seed_source_timestamp":105241753824300,"circlet_count":0,"master_deck":["Strike_G","Strike_G","Defend_G","Defend_G","Defend_G","Defend_G","Survivor","Neutralize","hubris:TrickCloak","Slice","Blade Dance","Hidden Blade","Backflip","Blade Dance","Terror","Deflect","Blade Dance","Outmaneuver+1","After Image+1","Slice","Hidden Blade+1","Malaise","Acrobatics","Finisher+1","hubris:Sniper","conspire:DoublingDagger","Doppelganger","Terror+1","Outmaneuver+1","Blade Dance","hubris:SlightOfHand+1","conspire:DoublingDagger+1","Blade Dance","ReplayTheSpireMod:Shiv Toss+1"],"relics":["Ring of the Snake","StuffTheSpire:Barrel","Replay:Mystery Machine","aspiration:HiddenCompartment","halation:EternalFortune","Painkiller Herb","StuffTheSpire:Wildfire","Toy Ornithopter","Potion Belt","Replay:Bronze Core","CCEMRelics:GrapeVine","halation:AfternoonTea","StuffTheSpire:EmeraldSignet"],"potions_floor_usage":[8,8,10,16,18,25,25,33,33,41,46,50],"damage_taken":[{"damage":0,"enemies":"Jaw Worm","floor":1,"turns":6},{"damage":0,"enemies":"Cultist","floor":2,"turns":5},{"damage":0,"enemies":"Small Slimes","floor":4,"turns":3},{"damage":0,"enemies":"3 Louse","floor":6,"turns":3},{"damage":20,"enemies":"3 Sentries","floor":8,"turns":9},{"damage":8,"enemies":"Blue Slaver","floor":10,"turns":3},{"damage":0,"enemies":"Gremlin Gang","floor":14,"turns":4},{"damage":39,"enemies":"Slime Boss","floor":16,"turns":10},{"damage":23,"enemies":"conspire:FuzzyDice","floor":18,"turns":6},{"damage":7,"enemies":"Spheric Guardian","floor":19,"turns":4},{"damage":11,"enemies":"Snake Plant","floor":21,"turns":6},{"damage":0,"enemies":"3 Cultists","floor":24,"turns":4},{"damage":12,"enemies":"Slavers","floor":25,"turns":4},{"damage":0,"enemies":"Shelled Parasite and Fungi","floor":27,"turns":3},{"damage":4,"enemies":"conspire:HollyBat","floor":29,"turns":5},{"damage":0,"enemies":"Sentry and Sphere","floor":30,"turns":2},{"damage":0,"enemies":"3 Cultists","floor":31,"turns":3},{"damage":19,"enemies":"Automaton","floor":33,"turns":5},{"damage":0,"enemies":"Orb Walker","floor":35,"turns":2},{"damage":6,"enemies":"3 Darklings","floor":38,"turns":3},{"damage":12,"enemies":"Jaw Worm Horde","floor":39,"turns":2},{"damage":0,"enemies":"Reptomancer","floor":41,"turns":2},{"damage":0,"enemies":"Sphere and 2 Shapes","floor":44,"turns":3},{"damage":0,"enemies":"4 Shapes","floor":45,"turns":2},{"damage":0,"enemies":"Nemesis","floor":46,"turns":3},{"damage":6,"enemies":"Spire Growth","floor":47,"turns":3},{"damage":0,"enemies":"Transient","floor":48,"turns":5},{"damage":93,"enemies":"conspire:OrnateMirror","floor":50,"turns":2}],"seed_played":"-5183806889823331966","potions_obtained":[{"floor":4,"key":"Languid Potion"},{"floor":5,"key":"GamblersBrew"},{"floor":8,"key":"Swift Potion"},{"floor":14,"key":"ColorlessPotion"},{"floor":16,"key":"Fire Potion"},{"floor":19,"key":"Poison Potion"},{"floor":21,"key":"GamblersBrew"},{"floor":30,"key":"Venom Potion"},{"floor":31,"key":"DuplicationPotion"},{"floor":33,"key":"Explosive Potion"},{"floor":41,"key":"Elixir"},{"floor":44,"key":"Dexterity Potion"},{"floor":48,"key":"SteroidPotion"}],"is_trial":false,"path_per_floor":["M","M","?","M","?","M","?","E","T","M","?","R","?","M","R","B",null,"?","?","T","?","?","T","?","E","T","?","T","?","?","?","T","B",null,"?","T","?","?","?","T","E","T","T","?","?","E","?","?","T","B"],"character_chosen":"THE_SILENT","items_purchased":["StuffTheSpire:Wildfire","CCEMRelics:GrapeVine","Outmaneuver"],"campfire_rested":4,"item_purchase_floors":[20,36,36],"current_hp_per_floor":[70,70,70,70,53,53,53,33,33,25,28,49,42,42,63,24,73,50,43,43,32,32,32,32,20,20,20,41,37,37,40,62,53,76,76,76,76,76,72,72,76,76,76,76,76,76,70,70,70,0,0],"gold":150,"neow_bonus":"TRANSFORM_CARD","is_prod":false,"is_daily":false,"chose_seed":false,"campfire_upgraded":4,"win_rate":0.0,"timestamp":1607610946,"path_taken":["M","M","?","?","?","M","?","E","T","M","?","R","?","M","R","BOSS","?","?","T","?","?","T","?","E","T","?","T","?","?","?","T","BOSS","?","T","?","?","?","T","E","T","T","?","?","E","?","?","T","BOSS"],"build_version":"2020-11-30","purchased_purges":1,"victory":false,"max_hp_per_floor":[70,70,70,70,70,70,70,70,70,70,73,73,73,73,73,73,73,73,73,73,73,73,73,73,73,73,73,73,73,73,76,76,76,76,76,76,76,76,76,76,76,76,76,76,76,76,76,76,76,76,76],"card_choices":[{"not_picked":["Outmaneuver","Bane"],"picked":"Slice","floor":1},{"not_picked":["Backflip","Reflex"],"picked":"Blade Dance","floor":2},{"not_picked":["Backflip","Acrobatics"],"picked":"Hidden Blade","floor":4},{"not_picked":["Quick Slash","Dagger Spray"],"picked":"Backflip","floor":5},{"not_picked":["StuffTheSpire:ReptileScales","StuffTheSpire:ClusterCrunch"],"picked":"Blade Dance","floor":5},{"not_picked":["PiercingWail","hubris:Counter"],"picked":"Terror","floor":6},{"not_picked":["Bane","Tools of the Trade"],"picked":"Deflect","floor":8},{"not_picked":["Quick Slash","Outmaneuver"],"picked":"Blade Dance","floor":10},{"not_picked":["Bane","Footwork"],"picked":"Outmaneuver","floor":14},{"not_picked":["Envenom","Burst"],"picked":"After Image","floor":16},{"not_picked":["Backflip","StuffTheSpire:ClusterCrunch"],"picked":"Slice","floor":18},{"not_picked":["Crippling Poison","StuffTheSpire:ClusterCrunch"],"picked":"Hidden Blade+1","floor":19},{"not_picked":["Dagger Spray+1","Quick Slash"],"picked":"Malaise","floor":21},{"not_picked":["Tactician","Well Laid Plans"],"picked":"Acrobatics","floor":24},{"not_picked":["Bane","Flying Knee+1","Dagger Throw"],"picked":"SKIP","floor":25},{"not_picked":["Deadly Poison","Poisoned Stab"],"picked":"Finisher","floor":27},{"not_picked":["Sucker Punch","StuffTheSpire:ReptileScales","Caltrops"],"picked":"SKIP","floor":29},{"not_picked":["Escape Plan","StuffTheSpire:Repulse"],"picked":"hubris:Sniper","floor":30},{"not_picked":["PiercingWail","Dodge and Roll"],"picked":"conspire:DoublingDagger","floor":31},{"not_picked":["Venomology","Unload"],"picked":"Doppelganger","floor":33},{"not_picked":["StuffTheSpire:Python","Poisoned Stab+1"],"picked":"Terror+1","floor":35},{"not_picked":["Acrobatics+1","ReplayTheSpireMod:Speed Training"],"picked":"hubris:SlightOfHand+1","floor":38},{"not_picked":["Noxious Fumes","Underhanded Strike+1","Bouncing Flask+1"],"picked":"SKIP","floor":39},{"not_picked":["Underhanded Strike","StuffTheSpire:BumpUp","Blur+1"],"picked":"SKIP","floor":41},{"not_picked":["StuffTheSpire:Repulse","PiercingWail+1","Wraith Form v2"],"picked":"SKIP","floor":44},{"not_picked":["Backflip","Dagger Throw"],"picked":"conspire:DoublingDagger+1","floor":45},{"not_picked":["Sucker Punch","Backstab"],"picked":"Blade Dance","floor":46},{"not_picked":["Dagger Throw","Deflect","Quick Slash"],"picked":"SKIP","floor":47},{"not_picked":["Acrobatics","StuffTheSpire:Injection"],"picked":"ReplayTheSpireMod:Shiv Toss+1","floor":48}],"player_experience":90288,"relics_obtained":[{"floor":5,"key":"StuffTheSpire:Barrel"},{"floor":8,"key":"Replay:Mystery Machine"},{"floor":9,"key":"aspiration:HiddenCompartment"},{"floor":25,"key":"Toy Ornithopter"},{"floor":26,"key":"Potion Belt"},{"floor":31,"key":"halation:EternalFortune"},{"floor":43,"key":"halation:AfternoonTea"},{"floor":46,"key":"StuffTheSpire:EmeraldSignet"}],"event_choices":[{"cards_removed":["Defend_G"],"damage_healed":0,"gold_gain":0,"player_choice":"Offered Basic","damage_taken":0,"max_hp_gain":0,"max_hp_loss":0,"event_name":"Bonfire Elementals","floor":3,"gold_loss":0},{"cards_removed":["Strike_G"],"damage_healed":0,"gold_gain":0,"player_choice":"Card Removal","damage_taken":7,"max_hp_gain":0,"max_hp_loss":0,"event_name":"Golden Wing","floor":13,"gold_loss":0},{"damage_healed":0,"gold_gain":0,"player_choice":"Ignored","damage_taken":0,"max_hp_gain":0,"max_hp_loss":0,"event_name":"betterNote:BetterNote","floor":22,"gold_loss":0,"cards_obtained":["Burn"]},{"damage_healed":0,"gold_gain":0,"player_choice":"Copied","damage_taken":0,"max_hp_gain":0,"max_hp_loss":0,"event_name":"Duplicator","floor":37,"gold_loss":0,"cards_obtained":["Blade Dance"]}],"is_beta":false,"boss_relics":[{"not_picked":["halation:Prosthetics","halation:Risk"],"picked":"Painkiller Herb"},{"not_picked":["aspiration:RitualDagger","ChewingGum"],"picked":"Replay:Bronze Core"}],"items_purged_floors":[20],"is_endless":false,"potions_floor_spawned":[4,8,14,16,19,21,30,31,33,41,44,48],"killed_by":"conspire:OrnateMirror","ascension_level":0}}