{"host":"b4asi0laiv85suj9","time":1607571413,"event":{"gold_per_floor":[112,130,139,153,166,166,200,200,254,273,305,319,329,329,329,425,425,443,191,191,191,208,241,241,271,271,304,304,332,348,371,371,469,469,485,405,405,419,468,494,513,413,483,483,505,519,519,543,543,543,543,543,113,139,139],"floor_reached":56,"playtime":2180,"items_purged":["Defend_R","Strike_R","Strike_R","Defend_R"],"score":1923,"play_id":"d1fcf2a5-53f9-4b87-a3d5-a1d320157873","local_time":"20201210113653","is_ascension_mode":true,"campfire_choices":[{"data":"Bash","floor":6.0,"key":"SMITH"},{"floor":15.0,"key":"REST"},{"data":"MostiFishMod:GoodWordForIt","floor":28.0,"key":"SMITH"},{"data":"Body Slam","floor":32.0,"key":"SMITH"},{"floor":44.0,"key":"RECALL"},{"data":"MostiFishMod:FireWorks","floor":49.0,"key":"SMITH"},{"data":"MostiFishMod:UltimateDefense","floor":52.0,"key":"SMITH"}],"neow_cost":"NONE","seed_source_timestamp":5618701098126917,"circlet_count":0,"master_deck":["Strike_R","Strike_R","Strike_R+1","Defend_R","Defend_R","Bash+1","Intimidate","Body Slam+1","MostiFishMod:GoodWordForIt+1","Power Through+1","BowlingBash+1","Skim+1","MostiFishMod:UltimateDefense+1","MostiFishMod:FireWorks+1","Shockwave+1","MostiFishMod:FireWorks+1","Escape Plan+1","Hello World+1","testmod-Wormhole+1","Feel No Pain+1","testmod-BloodBlade+1","MostiFishMod:NightSea+1","Finesse+1","testmod-Librarian+1","Sever Soul","testmod-RabbitOfFibonacci"],"special_seed":0,"relics":["testmod-TestBox","DaveBox","ice","TimeKeys","xbg","testmod-Charity","Question Card","PrismaticShard","Tiny Chest","testmod-IndustrialRevolution","Darkstone Periapt","Vajra","ImportantClient","Black Star","Toxic Egg 2","Meat on the Bone","testmod-IntensifyImprint","Pen Nib","Whetstone","Blue Candle","SynthV:C4","Ancient Tea Set","Omamori","Frozen Egg 2","Bronze Scales","testmod-CardMagician","CombinedTypeHook","Regal Pillow","testmod-Antiphasic","Mummified Hand","War Paint","testmod-Acrobat","StrikeDummy","Ying","ImprovedEquipment","testmod-ObsoleteBoomerang"],"potions_floor_usage":[],"damage_taken":[{"damage":9.0,"enemies":"Small Slimes","floor":1.0,"turns":2.0},{"damage":1.0,"enemies":"Cultist","floor":2.0,"turns":3.0},{"damage":6.0,"enemies":"Jaw Worm","floor":3.0,"turns":3.0},{"damage":22.0,"enemies":"2 Fungi Beasts","floor":4.0,"turns":4.0},{"damage":6.0,"enemies":"3 Louse","floor":5.0,"turns":3.0},{"damage":25.0,"enemies":"Lagavulin","floor":7.0,"turns":6.0},{"damage":4.0,"enemies":"Large Slime","floor":10.0,"turns":3.0},{"damage":10.0,"enemies":"3 Sentries","floor":11.0,"turns":3.0},{"damage":9.0,"enemies":"Exordium Thugs","floor":12.0,"turns":4.0},{"damage":0.0,"enemies":"Gremlin Gang","floor":13.0,"turns":1.0},{"damage":0.0,"enemies":"Slime Boss","floor":16.0,"turns":4.0},{"damage":15.0,"enemies":"2 Thieves","floor":18.0,"turns":4.0},{"damage":8.0,"enemies":"Chosen","floor":22.0,"turns":2.0},{"damage":24.0,"enemies":"Gremlin Leader","floor":23.0,"turns":3.0},{"damage":20.0,"enemies":"Slavers","floor":25.0,"turns":3.0},{"damage":31.0,"enemies":"Book of Stabbing","floor":27.0,"turns":6.0},{"damage":0.0,"enemies":"Slavers","floor":29.0,"turns":1.0},{"damage":18.0,"enemies":"Shelled Parasite and Fungi","floor":30.0,"turns":3.0},{"damage":40.0,"enemies":"Champ","floor":33.0,"turns":7.0},{"damage":24.0,"enemies":"3 Darklings","floor":35.0,"turns":3.0},{"damage":10.0,"enemies":"3 Shapes","floor":38.0,"turns":2.0},{"damage":12.0,"enemies":"Mind Bloom Boss Battle","floor":39.0,"turns":3.0},{"damage":4.0,"enemies":"Reptomancer","floor":40.0,"turns":2.0},{"damage":16.0,"enemies":"Maw","floor":41.0,"turns":3.0},{"damage":0.0,"enemies":"Jaw Worm Horde","floor":46.0,"turns":1.0},{"damage":9.0,"enemies":"Nemesis","floor":48.0,"turns":3.0},{"damage":49.0,"enemies":"Time Eater","floor":50.0,"turns":5.0},{"damage":16.0,"enemies":"Shield and Spear","floor":54.0,"turns":3.0},{"damage":50,"enemies":"The Heart","floor":55,"turns":3}],"seed_played":"-7735037032579690183","potions_obtained":[{"floor":1.0,"key":"Strength Potion"},{"floor":3.0,"key":"BloodPotion"},{"floor":4.0,"key":"Weak Potion"},{"floor":5.0,"key":"Explosive Potion"},{"floor":48.0,"key":"AttackPotion"},{"floor":54.0,"key":"EntropicBrew"}],"is_trial":false,"path_per_floor":["M","M","M","M","M","R","E","?","T","M","E","M","M","?","R","B",null,"M","$","T","?","M","E","?","E","T","E","R","E","M","T","R","B",null,"M","$","?","M","?","E","M","$","T","R","T","M","?","E","R","B",null,"R","$","E","B",null],"character_chosen":"IRONCLAD","items_purchased":["Toxic Egg 2","testmod-Librarian+1","Ying","Sever Soul"],"campfire_rested":1,"item_purchase_floors":[19,53,53,53],"current_hp_per_floor":[64,64,59,38,50,50,26,26,27,24,15,7,8,1,28,29,76,63,63,63,63,56,33,33,26,26,89,89,90,73,74,74,47,95,72,72,72,63,64,73,70,70,71,71,72,73,63,67,67,41,121,121,121,111,86],"gold":139,"neow_bonus":"BOSS_RELIC","is_prod":false,"is_daily":false,"chose_seed":false,"campfire_upgraded":5,"win_rate":0,"timestamp":1607571413,"path_taken":["M","M","M","M","M","R","E","?","T","?","E","M","M","?","R","BOSS","M","$","?","?","M","E","?","E","T","E","R","E","?","?","R","BOSS","M","$","?","?","?","E","M","$","T","R","?","?","?","E","R","BOSS","R","$","E","BOSS"],"build_version":"2020-11-30","purchased_purges":4,"victory":true,"max_hp_per_floor":[81,82,83,84,85,85,86,86,87,88,89,90,91,91,91,92,92,94,94,94,94,95,96,96,97,97,100,100,101,105,106,106,111,111,115,115,115,118,125,127,129,129,130,130,131,132,132,136,136,148,148,148,148,156,169],"relic_stats":{"Darkstone Periapt":0,"Regal Pillow":0,"counters":[29,93],"Blue Candle":[0],"Pen Nib":[8],"Whetstone":["BowlingBash","Strike_R"],"War Paint":["Skim","Power Through"],"Question Card":29,"Mummified Hand":[12],"Bronze Scales":[78],"Tiny Chest":3,"Black Star":7,"obtain_stats":[{"Darkstone Periapt":11,"CombinedTypeHook":39,"Regal Pillow":40,"Ying":53,"DaveBox":0,"TimeKeys":0,"Vajra":14,"ice":0,"Whetstone":25,"PrismaticShard":1,"Ancient Tea Set":27,"Burning Blood":0,"testmod-Charity":0,"SynthV:C4":27,"Mummified Hand":43,"Tiny Chest":7,"testmod-ObsoleteBoomerang":54,"Toxic Egg 2":19,"ImportantClient":16,"testmod-IntensifyImprint":23,"testmod-TestBox":0,"Blue Candle":26,"ImprovedEquipment":54,"testmod-CardMagician":34,"Pen Nib":25,"Omamori":29,"Frozen Egg 2":29,"War Paint":45,"Question Card":1,"testmod-IndustrialRevolution":9,"testmod-Antiphasic":40,"Bronze Scales":31,"testmod-Acrobat":48,"Black Star":17,"xbg":0,"StrikeDummy":48,"Meat on the Bone":23},{"Darkstone Periapt":8,"CombinedTypeHook":22,"Regal Pillow":23,"Ying":27,"DaveBox":0,"TimeKeys":0,"Vajra":10,"ice":0,"Whetstone":15,"PrismaticShard":1,"Ancient Tea Set":16,"Burning Blood":0,"testmod-Charity":0,"SynthV:C4":16,"Mummified Hand":24,"Tiny Chest":6,"testmod-ObsoleteBoomerang":28,"Toxic Egg 2":12,"ImportantClient":11,"testmod-IntensifyImprint":14,"testmod-TestBox":0,"Blue Candle":15,"ImprovedEquipment":28,"testmod-CardMagician":19,"Pen Nib":15,"Omamori":17,"Frozen Egg 2":17,"War Paint":24,"Question Card":1,"testmod-IndustrialRevolution":6,"testmod-Antiphasic":23,"Bronze Scales":18,"testmod-Acrobat":26,"Black Star":11,"xbg":0,"StrikeDummy":26,"Meat on the Bone":14},{"Darkstone Periapt":27,"CombinedTypeHook":73,"Regal Pillow":75,"Ying":87,"DaveBox":0,"TimeKeys":0,"Vajra":32,"ice":0,"Whetstone":48,"PrismaticShard":2,"Ancient Tea Set":54,"Burning Blood":0,"testmod-Charity":0,"SynthV:C4":54,"Mummified Hand":78,"Tiny Chest":21,"testmod-ObsoleteBoomerang":90,"Toxic Egg 2":40,"ImportantClient":36,"testmod-IntensifyImprint":45,"testmod-TestBox":0,"Blue Candle":48,"ImprovedEquipment":90,"testmod-CardMagician":65,"Pen Nib":48,"Omamori":55,"Frozen Egg 2":55,"War Paint":78,"Question Card":2,"testmod-IndustrialRevolution":21,"testmod-Antiphasic":75,"Bronze Scales":58,"testmod-Acrobat":82,"Black Star":36,"xbg":0,"StrikeDummy":82,"Meat on the Bone":45}],"Meat on the Bone":96},"card_choices":[{"not_picked":["Anger","Warcry"],"picked":"Intimidate","floor":1.0},{"not_picked":["Bane","Searing Blow","MentalFortress"],"picked":"Body Slam","floor":2.0},{"not_picked":["testmod-Provocation","Streamline","MostiFishMod:PerfectParry","Blind"],"picked":"SKIP","floor":3.0},{"not_picked":["MostiFishMod:PerfectForm","Chaos","Collect","testmod-Provocation"],"picked":"SKIP","floor":4.0},{"not_picked":["ThirdEye","PathToVictory","Stack","Barrage"],"picked":"SKIP","floor":5.0},{"not_picked":["Crescendo","Double Energy","Pummel"],"picked":"MostiFishMod:GoodWordForIt","floor":7.0},{"not_picked":["Evaluate","Flex","Double Energy"],"picked":"Power Through","floor":10.0},{"not_picked":["Dagger Throw","SignatureMove","Cloak And Dagger"],"picked":"BowlingBash","floor":11.0},{"not_picked":["Conserve Battery","Anger","JustLucky"],"picked":"Skim","floor":12.0},{"not_picked":["FlyingSleeves","Body Slam","Well Laid Plans"],"picked":"MostiFishMod:UltimateDefense","floor":13.0},{"not_picked":["MostiFishMod:TheEndOfMoonlight","MostiFishMod:SupremeArchaeology","testmod-Arrangement"],"picked":"MostiFishMod:FireWorks","floor":16.0},{"not_picked":["SashWhip","Sucker Punch+1","Consecrate","Warcry"],"picked":"SKIP","floor":18.0},{"not_picked":["Evaluate+1","Heel Hook","Beam Cell","PiercingWail+1"],"picked":"SKIP","floor":22.0},{"not_picked":["Slice","Deadly Poison+1","Malaise+1"],"picked":"Shockwave+1","floor":23.0},{"not_picked":["testmod-ComboMaster","Steam+1","EmptyMind+1","Clothesline"],"picked":"SKIP","floor":25.0},{"not_picked":["Coolheaded+1","testmod-Automaton","Sanctity+1"],"picked":"Escape Plan+1","floor":27.0},{"not_picked":["Rebound","ClearTheMind+1","Perfected Strike","Underhanded Strike+1"],"picked":"SKIP","floor":29.0},{"not_picked":["Armaments+1","Sweeping Beam","Havoc+1"],"picked":"Hello World+1","floor":30.0},{"not_picked":["MostiFishMod:LinkProtocol+1","Establishment+1","MostiFishMod:TemporaryOutbreak+1"],"picked":"testmod-Wormhole+1","floor":33.0},{"not_picked":["FlyingSleeves","Sweeping Beam+1","FTL","Dodge and Roll+1"],"picked":"SKIP","floor":35.0},{"not_picked":["Dash","Compile Driver","Go for the Eyes","Body Slam+1"],"picked":"SKIP","floor":38.0},{"not_picked":["Sucker Punch+1","Turbo+1","testmod-HeadAttack+1","Pommel Strike"],"picked":"SKIP","floor":40.0},{"not_picked":["Deflect+1","Stack+1","Clothesline+1","Carnage+1"],"picked":"SKIP","floor":41.0},{"not_picked":["Accuracy+1","Acrobatics+1","Steam+1"],"picked":"Feel No Pain+1","floor":46.0},{"not_picked":["testmod-EternalityOfKhronos+1","Blind+1","testmod-HandmadeProducts"],"picked":"testmod-BloodBlade+1","floor":47.0},{"not_picked":["testmod-CardIndex+1","testmod-BloodBlade+1","testmod-EnhanceArmerment+1"],"picked":"MostiFishMod:NightSea+1","floor":47.0},{"not_picked":["testmod-TradeIn+1","Deep Breath+1","Trip+1"],"picked":"Finesse+1","floor":47.0},{"not_picked":["Concentrate+1","Prepared+1","Dagger Throw+1","Flechettes"],"picked":"SKIP","floor":48.0},{"not_picked":["WindmillStrike","Pommel Strike","Streamline","Calculated Gamble+1"],"picked":"SKIP","floor":54.0}],"player_experience":156681,"relics_obtained":[{"floor":1.0,"key":"Question Card"},{"floor":1.0,"key":"PrismaticShard"},{"floor":7.0,"key":"Tiny Chest"},{"floor":9.0,"key":"testmod-IndustrialRevolution"},{"floor":11.0,"key":"Darkstone Periapt"},{"floor":16.0,"key":"ImportantClient"},{"floor":23.0,"key":"Meat on the Bone"},{"floor":23.0,"key":"testmod-IntensifyImprint"},{"floor":25.0,"key":"Pen Nib"},{"floor":25.0,"key":"Whetstone"},{"floor":26.0,"key":"Blue Candle"},{"floor":27.0,"key":"SynthV:C4"},{"floor":27.0,"key":"Ancient Tea Set"},{"floor":29.0,"key":"Omamori"},{"floor":29.0,"key":"Frozen Egg 2"},{"floor":31.0,"key":"Bronze Scales"},{"floor":39.0,"key":"CombinedTypeHook"},{"floor":40.0,"key":"Regal Pillow"},{"floor":40.0,"key":"testmod-Antiphasic"},{"floor":43.0,"key":"Mummified Hand"},{"floor":45.0,"key":"War Paint"},{"floor":48.0,"key":"testmod-Acrobat"},{"floor":48.0,"key":"StrikeDummy"},{"floor":54.0,"key":"ImprovedEquipment"},{"floor":54.0,"key":"testmod-ObsoleteBoomerang"}],"event_choices":[{"damage_healed":0.0,"max_hp_gain":0.0,"max_hp_loss":0.0,"gold_gain":0.0,"event_name":"Lab","player_choice":"Got Potions","floor":8.0,"gold_loss":0.0,"damage_taken":0.0},{"damage_healed":0.0,"max_hp_gain":0.0,"max_hp_loss":0.0,"gold_gain":0.0,"event_name":"Scrap Ooze","player_choice":"Success","floor":14.0,"gold_loss":0.0,"damage_taken":7.0,"relics_obtained":["Vajra"]},{"damage_healed":0.0,"max_hp_gain":0.0,"max_hp_loss":0.0,"gold_gain":0.0,"event_name":"Vampires","player_choice":"Ignored","floor":21.0,"gold_loss":0.0,"damage_taken":0.0},{"damage_healed":0.0,"max_hp_gain":0.0,"max_hp_loss":0.0,"gold_gain":0.0,"event_name":"Duplicator","player_choice":"Copied","floor":24.0,"gold_loss":0.0,"damage_taken":0.0,"cards_obtained":["MostiFishMod:FireWorks"]},{"damage_healed":0.0,"max_hp_gain":0.0,"max_hp_loss":0.0,"gold_gain":0.0,"event_name":"SecretPortal","player_choice":"Ignored","floor":37.0,"gold_loss":0.0,"damage_taken":0.0},{"damage_healed":0.0,"max_hp_gain":0.0,"max_hp_loss":0.0,"gold_gain":0.0,"event_name":"MindBloom","player_choice":"Fight","floor":39.0,"gold_loss":0.0,"damage_taken":0.0},{"damage_healed":0.0,"max_hp_gain":0.0,"max_hp_loss":0.0,"gold_gain":0.0,"event_name":"SensoryStone","player_choice":"Memory 3","floor":47.0,"gold_loss":0.0,"damage_taken":10.0}],"is_beta":false,"boss_relics":[{"not_picked":["BloodWine","FrostBlade"],"picked":"Black Star"},{"not_picked":["RhineCircuit","FixedStarFall"],"picked":"testmod-CardMagician"}],"items_purged_floors":[19,36,42,53],"is_endless":false,"potions_floor_spawned":[1,3,4,5,7,22,25,38,40,46,48,54],"ascension_level":8}}