{"host":"y6ogtdgt8z4md30g","time":1607608925,"event":{"mods":["BaseMod","StSLib","Downfall","AchievementEnabler","Better Third Choice","Colored Powertips","Hubris","Infinite Spire","Minty Spire (QoL Compilation)","Replay The Spire","Spicy Shops"],"gold_per_floor":[119,139,139,139,157,157,171,171,171,188,188,205,205,10,10,10,10],"floor_reached":16,"playtime":1083,"items_purged":[],"score":92,"play_id":"c3435937-2355-45d9-8fb8-ac2ef542df2a","local_time":"20201210090205","is_ascension_mode":false,"campfire_choices":[{"data":"sneckomod:UnknownClassINFINITE_BLACK","floor":6,"key":"SMITH"},{"floor":11,"key":"REST"},{"floor":13,"key":"REST"}],"circlet_count":0,"master_deck":["sneckomod:Strike","sneckomod:Strike","sneckomod:Defend","sneckomod:Defend","sneckomod:Defend","sneckomod:TailWhip","sneckomod:SnekBite","sneckomod:Unknown","sneckomod:Unknown","sneckomod:IronFang","sneckomod:UnknownEthereal","Regret","sneckomod:UnknownRarePower","sneckomod:UnknownClassINFINITE_BLACK+1","sneckomod:UnlimitedRolls","sneckomod:UnknownCommonSkill","sneckomod:Unknown2Cost","sneckomod:Nope","sneckomod:UnknownEthereal","sneckomod:WideSting","sneckomod:UnknownCommonAttack","sneckomod:DefensiveFlair"],"relics":["sneckomod:SneckoSoul","HornCleat","FaceOfCleric","Singing Bowl"],"acts_visited":["Exordium"],"potions_floor_usage":[16],"damage_taken":[{"damage":0,"enemies":"2 Louse","floor":1,"turns":2},{"damage":0,"enemies":"Small Slimes","floor":2,"turns":3},{"damage":5,"enemies":"Jaw Worm","floor":5,"turns":5},{"damage":29,"enemies":"Gremlin Gang","floor":7,"turns":5},{"damage":10,"enemies":"2 Fungi Beasts","floor":10,"turns":3},{"damage":26,"enemies":"Lots of Slimes","floor":12,"turns":6},{"damage":60,"enemies":"Fading Forest","floor":16,"turns":11}],"seed_played":"8544058698057537908","potions_obtained":[{"floor":1,"key":"Weak Potion"},{"floor":7,"key":"Regen Potion"},{"floor":12,"key":"PowerPotion"}],"is_trial":true,"path_per_floor":["M","M","?","?","M","R","M","?","T","M","R","M","R","$","R","B"],"character_chosen":"THE_SNECKO","items_purchased":["sneckomod:Nope","sneckomod:UnknownEthereal","sneckomod:WideSting","sneckomod:UnknownCommonAttack"],"campfire_rested":2,"item_purchase_floors":[14,14,14,14],"current_hp_per_floor":[90,91,91,92,88,88,59,59,59,51,79,59,88,90,90,40,40],"gold":10,"neow_bonus":"","is_daily":false,"chose_seed":false,"campfire_upgraded":1,"win_rate":0.0,"timestamp":1607608925,"path_taken":["M","M","?","?","?","R","?","?","T","?","R","M","R","?","R","BOSS"],"build_version":"2020-11-30","purchased_purges":0,"victory":false,"max_hp_per_floor":[90,91,91,92,93,93,93,93,93,95,95,97,97,99,99,99,99],"card_choices":[{"not_picked":["sneckomod:WideSting","sneckomod:QuickMove"],"picked":"sneckomod:IronFang","floor":1},{"not_picked":["sneckomod:UnknownVulnerable","sneckomod:UnknownCommonAttack"],"picked":"sneckomod:UnknownEthereal","floor":2},{"not_picked":["sneckomod:SoulDraw","sneckomod:UnknownWeak"],"picked":"sneckomod:UnknownClassINFINITE_BLACK","floor":5},{"not_picked":["sneckomod:IronFang","sneckomod:UnknownVulnerable"],"picked":"sneckomod:UnlimitedRolls","floor":7},{"not_picked":["sneckomod:MasterEye","sneckomod:QuickBite"],"picked":"sneckomod:UnknownCommonSkill","floor":10},{"not_picked":["sneckomod:UnknownVulnerable","sneckomod:UnknownWeak"],"picked":"sneckomod:Unknown2Cost","floor":12}],"player_experience":40485,"relics_obtained":[{"floor":9,"key":"Singing Bowl"}],"event_choices":[{"damage_healed":0,"gold_gain":0,"player_choice":"Box","damage_taken":0,"relics_obtained":["HornCleat"],"max_hp_gain":0,"max_hp_loss":0,"event_name":"Big Fish","floor":3,"gold_loss":0,"cards_obtained":["Regret"]},{"damage_healed":0,"gold_gain":0,"player_choice":"Trade","damage_taken":0,"relics_obtained":["FaceOfCleric"],"max_hp_gain":0,"max_hp_loss":0,"event_name":"FaceTrader","floor":8,"gold_loss":0},{"damage_healed":0,"gold_gain":0,"cards_transformed":["sneckomod:Strike"],"player_choice":"Transformed","damage_taken":0,"max_hp_gain":0,"max_hp_loss":0,"event_name":"Transmorgrifier","floor":15,"gold_loss":0,"cards_obtained":["sneckomod:DefensiveFlair"]}],"is_beta":false,"boss_relics":[],"items_purged_floors":[],"is_endless":false,"potions_floor_spawned":[1,7,12],"killed_by":"Fading Forest","ascension_level":0}}