{"host":"t7kiqd0mabx5u6gq","time":1607574422,"event":{"gold_per_floor":[118,118,128,128,154,185,185,211,237,237,250,7,7,7,7,102,102,118,118,118,137,412,412,423,423,423,105,105,105,121,139,139,236,236,252,272,323,334,34,34,60,60,60,60,73,91,91,91,91,195,195,203,211,215,212,212,212,212,216,242,246,241,241,256,256,256,316,316,314,306,306,306,306,306,294,294,294,289,264,267,301,289,289,360,410,423,437,449,449,449,449,466,492,492,499,499,526,543,543,543,665,665,703,703,703],"floor_reached":104,"playtime":4092,"items_purged":["Regret"],"score":3289,"play_id":"0e151c88-57db-4a44-989e-c53d8a3bde93","local_time":"20201209202702","is_ascension_mode":true,"campfire_choices":[{"data":"Storm of Steel","floor":7.0,"key":"SMITH"},{"data":"ReplayTheSpireMod:Speed Training","floor":10.0,"key":"SMITH"},{"data":"ReplayTheSpireMod:Black Plague","floor":23.0,"key":"SMITH"},{"data":"Adrenaline","floor":25.0,"key":"SMITH"},{"data":"hubris:EnhanceAbility","floor":29.0,"key":"SMITH"},{"data":"Adrenaline","floor":32.0,"key":"SMITH"},{"data":"After Image","floor":40.0,"key":"SMITH"},{"data":"Tools of the Trade","floor":42.0,"key":"SMITH"},{"data":"conspire:PoisonWeapons","floor":44.0,"key":"SMITH"},{"data":"Underhanded Strike","floor":47.0,"key":"SMITH"},{"data":"infinitespire:Neurotoxin","floor":49.0,"key":"SMITH"},{"data":"ReplayTheSpireMod:Scrap Shanks","floor":57.0,"key":"SMITH"},{"data":"conspire:DoublingDagger","floor":63.0,"key":"SMITH"},{"data":"Adrenaline","floor":66.0,"key":"SMITH"},{"data":"A Thousand Cuts","floor":74.0,"key":"SMITH"},{"data":"Blade Dance","floor":76.0,"key":"SMITH"},{"data":"Footwork","floor":83.0,"key":"SMITH"},{"data":"ReplayTheSpireMod:Scrap Shanks","floor":91.0,"key":"SMITH"}],"neow_cost":"NONE","seed_source_timestamp":647300252020800,"circlet_count":0,"master_deck":["Strike_G","Strike_G","Defend_G","Defend_G","Defend_G","Defend_G","Defend_G","Survivor","Neutralize+1","Backflip","Storm of Steel+1","Backflip+1","ReplayTheSpireMod:Speed Training+1","Prepared+1","Dodge and Roll","infinitespire:Neurotoxin+1","StuffTheSpire:Shiver+1","ReplayTheSpireMod:Black Plague+1","Replay:Fractal Strike+1","Adrenaline+1","StuffTheSpire:DoubleShiv+1","Underhanded Strike+1","Dagger Throw","hubris:EnhanceAbility+1","Sucker Punch","Adrenaline+1","After Image+1","Underhanded Strike+1","conspire:PoisonWeapons+1","Tools of the Trade+1","ReplayTheSpireMod:Scrap Shanks+1","Hidden Blade","Dagger Throw+1","Noxious Fumes+1","Draining Mist+1","Prepared+1","Corpse Explosion+1","Blade Dance+1","Backflip+1","ReplayTheSpireMod:Scrap Shanks+1","conspire:DoublingDagger+1","Hidden Blade","Dagger Throw","Adrenaline+1","A Thousand Cuts+1","Accuracy+1","Deflect+1","Infinite Blades+1","Dodge and Roll+1","Blade Dance","Footwork+1","hubris:SlightOfHand+1","Envenom","infinitespire:Collect","ReplayTheSpireMod:Scrap Shanks+1","Tactician+1","Underhanded Strike+1","Underhanded Strike+1","conspire:DoublingDagger+1","infinitespire:SevenWalls","Outmaneuver+1","ReplayTheSpireMod:Necrosis","conspire:DoublingDagger","infinitespire:Execution","Dagger Spray","Atom Bomb","Dagger Throw"],"special_seed":0,"relics":["Ring of the Snake","NeowsBlessing","Replay:Wax Seal","StuffTheSpire:SapphireSignet","infinitespire:Lucky Rock","hubris:PeanutButter","hubris:VirtuousBlindfold","Nloth\u0027s Gift","Bottled Flame","Coffee Dripper","Blue Candle","FaceOfCleric","WristBlade","hubris:ToyBattleship","Nunchaku","Toy Ornithopter","infinitespire:CheckeredPen","vexMod:ImprovementManual","Centennial Puzzle","Tiny Chest","infinitespire:Beetle Shell","halation:IllGainedPizza","Boot","StuffTheSpire:RunicHypercube","aspiration:FrozenJewel","halation:Prosthetics","conspire:DecoderRing","StuffTheSpire:Barrel","Blood Vial","qcfpunch:Unceasing_Flame","infinitespire:EvilPickle","Tiny House","hubris:Icosahedron","StuffTheSpire:Rhapsscallions","StuffTheSpire:Experiment12","Quantum Egg","aspiration:ArtOfWarUpgrade","aspiration:FrozenJewel","Ring of Chaos","StuffTheSpire:Mouthbags","vexMod:BigBerry"],"potions_floor_usage":[101],"damage_taken":[{"damage":0.0,"enemies":"2 Louse","floor":1.0,"turns":1.0},{"damage":0.0,"enemies":"Cultist","floor":3.0,"turns":1.0},{"damage":0.0,"enemies":"3 Sentries","floor":6.0,"turns":1.0},{"damage":41.0,"enemies":"Lagavulin","floor":8.0,"turns":10.0},{"damage":0.0,"enemies":"Small Slimes","floor":11.0,"turns":4.0},{"damage":1.0,"enemies":"Hexaghost","floor":16.0,"turns":10.0},{"damage":19.0,"enemies":"Spheric Guardian","floor":18.0,"turns":8.0},{"damage":0.0,"enemies":"3 Byrds","floor":21.0,"turns":4.0},{"damage":5.0,"enemies":"Cultist and Chosen","floor":24.0,"turns":5.0},{"damage":0.0,"enemies":"conspire:HollyBat","floor":30.0,"turns":8.0},{"damage":0.0,"enemies":"Snake Plant","floor":31.0,"turns":2.0},{"damage":9.0,"enemies":"Collector","floor":33.0,"turns":6.0},{"damage":0.0,"enemies":"3 Darklings","floor":35.0,"turns":7.0},{"damage":0.0,"enemies":"3 Shapes","floor":36.0,"turns":3.0},{"damage":0.0,"enemies":"Spire Growth","floor":38.0,"turns":2.0},{"damage":0.0,"enemies":"Nightmare","floor":41.0,"turns":3.0},{"damage":0.0,"enemies":"Jaw Worm Horde","floor":45.0,"turns":3.0},{"damage":0.0,"enemies":"Transient","floor":46.0,"turns":5.0},{"damage":39.0,"enemies":"conspire:OrnateMirror","floor":50.0,"turns":6.0},{"damage":0.0,"enemies":"Cultist","floor":52.0,"turns":2.0},{"damage":0.0,"enemies":"Jaw Worm","floor":53.0,"turns":1.0},{"damage":0.0,"enemies":"2 Louse","floor":54.0,"turns":1.0},{"damage":0.0,"enemies":"Blue Slaver","floor":55.0,"turns":2.0},{"damage":0.0,"enemies":"Gremlin Nob","floor":59.0,"turns":1.0},{"damage":0.0,"enemies":"2 Fungi Beasts","floor":61.0,"turns":2.0},{"damage":0.0,"enemies":"Exordium Thugs","floor":62.0,"turns":3.0},{"damage":0.0,"enemies":"3 Sentries","floor":64.0,"turns":2.0},{"damage":10.0,"enemies":"The Guardian","floor":67.0,"turns":4.0},{"damage":0.0,"enemies":"3 Byrds","floor":69.0,"turns":1.0},{"damage":0.0,"enemies":"Spheric Guardian","floor":70.0,"turns":2.0},{"damage":0.0,"enemies":"Snecko","floor":75.0,"turns":2.0},{"damage":11.0,"enemies":"Gremlin Leader","floor":78.0,"turns":3.0},{"damage":17.0,"enemies":"Snake Plant","floor":80.0,"turns":2.0},{"damage":0.0,"enemies":"Slavers","floor":81.0,"turns":1.0},{"damage":0.0,"enemies":"Cultist and Chosen","floor":82.0,"turns":2.0},{"damage":0.0,"enemies":"Pondfish","floor":84.0,"turns":4.0},{"damage":0.0,"enemies":"3 Darklings","floor":86.0,"turns":3.0},{"damage":9.0,"enemies":"Orb Walker","floor":87.0,"turns":2.0},{"damage":0.0,"enemies":"Spire Growth","floor":88.0,"turns":2.0},{"damage":9.0,"enemies":"Reptomancer","floor":92.0,"turns":3.0},{"damage":0.0,"enemies":"Nightmare","floor":95.0,"turns":5.0},{"damage":0.0,"enemies":"Sphere and 2 Shapes","floor":97.0,"turns":2.0},{"damage":0.0,"enemies":"R_Hoarder","floor":98.0,"turns":3.0},{"damage":51,"enemies":"Time Eater","floor":101,"turns":3},{"damage":18,"enemies":"Small Slimes","floor":103,"turns":2},{"damage":0,"enemies":"Cultist","floor":104,"turns":1}],"seed_played":"-7726869909623609810","potions_obtained":[{"floor":6.0,"key":"FearPotion"},{"floor":8.0,"key":"PowerPotion"},{"floor":24.0,"key":"PowerPotion"},{"floor":30.0,"key":"Elixir"},{"floor":31.0,"key":"Strength Potion"},{"floor":38.0,"key":"Poison Potion"},{"floor":50.0,"key":"Adrenaline Potion"},{"floor":52.0,"key":"Adrenaline Potion"},{"floor":59.0,"key":"Explosive Potion"},{"floor":61.0,"key":"LiquidMemories"},{"floor":64.0,"key":"BlessingOfTheForge"},{"floor":70.0,"key":"BlessingOfTheForge"},{"floor":78.0,"key":"Languid Potion"},{"floor":84.0,"key":"LiquidBronze"},{"floor":85.0,"key":"BlessingOfTheForge"},{"floor":86.0,"key":"ColorlessPotion"},{"floor":92.0,"key":"Weak Potion"},{"floor":97.0,"key":"Swift Potion"},{"floor":103,"key":"Milkshake"}],"is_trial":false,"path_per_floor":["M","?","M","?","T","E","R","E","T","R","M","$","?","$","R","B",null,"M","?","AVR","M","?","R","M","R","T","$","?","R","M","M","R","B",null,"M","M","T","M","$","R","NM","R","T","R","M","M","R","?","R","B",null,"M","M","M","M","?","R","$","E","T","M","M","R","E","?","R","B",null,"M","M","?","AVR","T","R","M","R","T","E","?","M","E","M","R","B",null,"M","M","M","?","?","R","E","T","T","NM","R","M","E","AVR","R","B",null,"M","M"],"character_chosen":"THE_SILENT","items_purchased":["hubris:PeanutButter","Underhanded Strike","Dagger Throw","hubris:EnhanceAbility","ReplayTheSpireMod:Scrap Shanks+1","Nunchaku","Hidden Blade","Dagger Throw"],"campfire_rested":0,"item_purchase_floors":[12,27,27,27,39,39,39,39],"current_hp_per_floor":[63,63,63,63,63,67,67,26,26,26,26,26,26,26,48,47,67,50,50,50,50,50,50,45,45,45,45,45,45,46,47,47,41,68,69,70,70,71,71,71,72,72,72,72,73,74,74,74,74,41,73,74,75,76,82,82,82,82,88,88,90,91,91,92,89,89,80,90,91,92,92,60,60,60,61,61,61,51,51,37,45,58,58,61,70,72,64,74,74,74,74,67,67,67,75,75,78,79,79,79,34,99,84,86,86],"gold":703,"neow_bonus":"THREE_ENEMY_KILL","is_prod":false,"is_daily":false,"chose_seed":false,"campfire_upgraded":18,"win_rate":0,"timestamp":1607574422,"path_taken":["M","?","?","?","?","E","R","E","T","R","M","$","?","$","R","BOSS","M","?","AVR","?","?","R","M","R","T","?","?","R","M","M","R","BOSS","M","M","?","M","$","R","NM","R","T","R","M","M","R","?","R","BOSS","M","M","M","M","?","R","$","E","T","?","M","R","E","?","R","BOSS","M","M","?","AVR","?","R","M","R","T","E","?","M","E","M","R","BOSS","M","M","M","?","?","R","E","?","T","NM","R","M","E","AVR","R","BOSS","M","M"],"build_version":"2020-11-30","purchased_purges":1,"victory":false,"max_hp_per_floor":[70,70,70,70,70,74,74,74,74,74,74,74,74,74,74,74,74,74,74,74,74,74,74,74,74,74,74,74,74,75,76,76,77,77,78,79,79,80,80,80,81,81,81,81,82,83,83,83,83,84,84,85,86,87,88,88,88,88,89,89,90,91,91,92,92,92,93,93,94,95,95,60,60,60,61,61,61,62,62,63,64,65,65,66,71,72,73,74,74,74,74,76,76,76,77,77,78,79,79,79,80,110,111,111,111],"card_choices":[{"not_picked":["Bane","StuffTheSpire:Python"],"picked":"Backflip","floor":1.0},{"not_picked":["Draining Mist","StuffTheSpire:BumpUp"],"picked":"Backflip","floor":3.0},{"not_picked":["Unload","Outmaneuver"],"picked":"ReplayTheSpireMod:Speed Training","floor":6.0},{"not_picked":["All Out Attack","Hidden Blade"],"picked":"Prepared","floor":8.0},{"not_picked":["hubris:SlightOfHand","hubris:TrickCloak"],"picked":"Dodge and Roll","floor":11.0},{"not_picked":["Unload","aspiration:Lunge"],"picked":"infinitespire:Neurotoxin","floor":16.0},{"not_picked":["StuffTheSpire:MirrorStance","Blade Dance"],"picked":"StuffTheSpire:Shiver+1","floor":18.0},{"not_picked":["Escape Plan+1","StuffTheSpire:Injection"],"picked":"Adrenaline","floor":21.0},{"not_picked":["PiercingWail","Leg Sweep"],"picked":"StuffTheSpire:DoubleShiv+1","floor":24.0},{"not_picked":["Grand Finale","StuffTheSpire:Injection"],"picked":"Sucker Punch","floor":30.0},{"not_picked":["StuffTheSpire:Injection","Underhanded Strike"],"picked":"Adrenaline","floor":31.0},{"not_picked":["aspiration:Lunge","Corpse Explosion"],"picked":"After Image","floor":33.0},{"not_picked":["Prepared","Dagger Spray+1"],"picked":"Underhanded Strike+1","floor":35.0},{"not_picked":["StuffTheSpire:ClusterCrunch+1","StuffTheSpire:Injection"],"picked":"conspire:PoisonWeapons","floor":36.0},{"not_picked":["Caltrops+1","Terror"],"picked":"Tools of the Trade","floor":38.0},{"not_picked":["Fluid Movement","Concentrate"],"picked":"Noxious Fumes+1","floor":41.0},{"not_picked":["StuffTheSpire:BrimstoneBlast+1","Leg Sweep"],"picked":"Draining Mist+1","floor":45.0},{"not_picked":["PiercingWail","Masterful Stab"],"picked":"Prepared+1","floor":46.0},{"not_picked":["aspiration:Lunge","Night Terror"],"picked":"Corpse Explosion","floor":50.0},{"not_picked":["Deadly Poison","Fluid Movement"],"picked":"Dagger Spray","floor":52.0},{"not_picked":["Escape Plan","Dodge and Roll"],"picked":"Blade Dance","floor":53.0},{"not_picked":["hubris:SlightOfHand","Catalyst"],"picked":"Backflip","floor":54.0},{"not_picked":["Quick Slash","Deflect"],"picked":"ReplayTheSpireMod:Scrap Shanks","floor":55.0},{"not_picked":["Acrobatics","Glass Knife"],"picked":"conspire:DoublingDagger","floor":59.0},{"not_picked":["Dodge and Roll","Dash"],"picked":"Hidden Blade","floor":61.0},{"not_picked":["Bane","Outmaneuver"],"picked":"Dagger Throw","floor":62.0},{"not_picked":["Riddle With Holes","StuffTheSpire:Python"],"picked":"Adrenaline","floor":64.0},{"not_picked":["Corpse Explosion","Poison Darts"],"picked":"A Thousand Cuts","floor":67.0},{"not_picked":["Acrobatics","Dodge and Roll"],"picked":"Accuracy+1","floor":69.0},{"not_picked":["Skewer+1","Hidden Blade"],"picked":"Deflect+1","floor":70.0},{"not_picked":["Heel Hook+1","Dagger Spray+1"],"picked":"Infinite Blades+1","floor":75.0},{"not_picked":["Night Terror","Deadly Poison+1"],"picked":"Dodge and Roll+1","floor":78.0},{"not_picked":["Calculated Gamble","Bane"],"picked":"Blade Dance","floor":80.0},{"not_picked":["StuffTheSpire:FinalStruggle","Toxin Wave"],"picked":"Footwork","floor":81.0},{"not_picked":["Poisoned Stab","Caltrops"],"picked":"hubris:SlightOfHand+1","floor":82.0},{"not_picked":["Glass Knife","Atom Bomb"],"picked":"Envenom","floor":84.0},{"not_picked":["infinitespire:Menacing","infinitespire:Fortify"],"picked":"infinitespire:Collect","floor":85.0},{"not_picked":["A Thousand Cuts","Expertise"],"picked":"ReplayTheSpireMod:Scrap Shanks","floor":85.0},{"not_picked":["Underhanded Strike","StuffTheSpire:Incursion+1"],"picked":"Tactician+1","floor":86.0},{"not_picked":["conspire:PoisonWeapons","hubris:SlightOfHand"],"picked":"Underhanded Strike+1","floor":87.0},{"not_picked":["Venomology","Poisoned Stab+1"],"picked":"Underhanded Strike+1","floor":88.0},{"not_picked":["Flying Knee","Hidden Blade+1"],"picked":"conspire:DoublingDagger+1","floor":92.0},{"not_picked":["ReplayTheSpireMod:Black Plague","ReplayTheSpireMod:Haul"],"picked":"infinitespire:SevenWalls","floor":95.0},{"not_picked":["All Out Attack","StuffTheSpire:Injection+1"],"picked":"Outmaneuver+1","floor":95.0},{"not_picked":["hubris:SlightOfHand+1","Backflip"],"picked":"ReplayTheSpireMod:Necrosis","floor":97.0},{"not_picked":["ReplayTheSpireMod:Exploit Weakness","Masterful Stab+1"],"picked":"conspire:DoublingDagger","floor":98.0},{"not_picked":["Malaise","Burst"],"picked":"Atom Bomb","floor":101},{"not_picked":["Fluid Movement","StuffTheSpire:ClusterCrunch"],"picked":"Dagger Throw","floor":103}],"player_experience":555335,"relics_obtained":[{"floor":5.0,"key":"Replay:Wax Seal"},{"floor":6.0,"key":"StuffTheSpire:Rhapsscallions"},{"floor":8.0,"key":"StuffTheSpire:SapphireSignet"},{"floor":9.0,"key":"infinitespire:Lucky Rock"},{"floor":26.0,"key":"Blue Candle"},{"floor":37.0,"key":"hubris:ToyBattleship"},{"floor":41.0,"key":"Toy Ornithopter"},{"floor":43.0,"key":"infinitespire:CheckeredPen"},{"floor":59.0,"key":"Tiny Chest"},{"floor":60.0,"key":"infinitespire:Beetle Shell"},{"floor":64.0,"key":"halation:IllGainedPizza"},{"floor":73.0,"key":"conspire:DecoderRing"},{"floor":77.0,"key":"StuffTheSpire:Barrel"},{"floor":78.0,"key":"Blood Vial"},{"floor":81.0,"key":"qcfpunch:Unceasing_Flame"},{"floor":92.0,"key":"StuffTheSpire:Rhapsscallions"},{"floor":93.0,"key":"StuffTheSpire:Experiment12"},{"floor":94.0,"key":"Quantum Egg"},{"floor":95.0,"key":"Art of War"},{"floor":98.0,"key":"aspiration:FrozenJewel"}],"event_choices":[{"damage_healed":0.0,"max_hp_gain":0.0,"max_hp_loss":0.0,"gold_gain":0.0,"cards_transformed":["Strike_G"],"event_name":"Transmorgrifier","player_choice":"Transformed","floor":2.0,"gold_loss":0.0,"damage_taken":0.0,"cards_obtained":["Storm of Steel"]},{"damage_healed":0.0,"max_hp_gain":0.0,"max_hp_loss":0.0,"gold_gain":0.0,"event_name":"The Cleric","player_choice":"Leave","floor":4.0,"gold_loss":0.0,"damage_taken":0.0},{"damage_healed":0.0,"max_hp_gain":0.0,"max_hp_loss":0.0,"gold_gain":0.0,"event_name":"conspire:Investor","player_choice":"Leave","floor":13.0,"gold_loss":0.0,"damage_taken":0.0},{"damage_healed":0.0,"max_hp_gain":0.0,"max_hp_loss":0.0,"gold_gain":0.0,"event_name":"N\u0027loth","player_choice":"Traded Relic","floor":19.0,"relics_lost":["StuffTheSpire:Rhapsscallions"],"gold_loss":0.0,"damage_taken":0.0,"relics_obtained":["Nloth\u0027s Gift"]},{"damage_healed":0.0,"max_hp_gain":0.0,"max_hp_loss":0.0,"gold_gain":275.0,"event_name":"Golden Shrine","player_choice":"Desecrate","floor":22.0,"gold_loss":0.0,"damage_taken":0.0,"cards_obtained":["Regret"]},{"damage_healed":0.0,"max_hp_gain":0.0,"max_hp_loss":0.0,"gold_gain":0.0,"event_name":"FaceTrader","player_choice":"Trade","floor":28.0,"gold_loss":0.0,"damage_taken":0.0,"relics_obtained":["FaceOfCleric"]},{"damage_healed":0.0,"max_hp_gain":0.0,"max_hp_loss":0.0,"gold_gain":0.0,"event_name":"The Woman in Blue","player_choice":"Bought 0 Potions","floor":48.0,"gold_loss":0.0,"damage_taken":0.0},{"damage_healed":0.0,"max_hp_gain":0.0,"max_hp_loss":0.0,"gold_gain":0.0,"event_name":"WeMeetAgain","player_choice":"Gave Potion","floor":56.0,"gold_loss":0.0,"damage_taken":0.0,"relics_obtained":["Centennial Puzzle"]},{"damage_healed":0.0,"max_hp_gain":0.0,"max_hp_loss":0.0,"gold_gain":0.0,"event_name":"Scrap Ooze","player_choice":"Success","floor":65.0,"gold_loss":0.0,"damage_taken":3.0,"relics_obtained":["Boot"]},{"damage_healed":0.0,"max_hp_gain":0.0,"max_hp_loss":0.0,"gold_gain":0.0,"event_name":"SecretPortal","player_choice":"Ignored","floor":90.0,"gold_loss":0.0,"damage_taken":0.0}],"is_beta":false,"boss_relics":[{"not_picked":["Runic Dome","aspiration:SecretTechniqueScroll"],"picked":"hubris:VirtuousBlindfold"},{"not_picked":["aspiration:PoetsPen_weak","Painkiller Herb"],"picked":"WristBlade"},{"not_picked":["vexMod:TanglingVine","Calling Bell"],"picked":"vexMod:ImprovementManual"},{"not_picked":["aspiration:FutureDiary","halation:Risk"],"picked":"StuffTheSpire:RunicHypercube"},{"not_picked":["Philosopher\u0027s Stone","hubris:HollowSoul"],"picked":"Tiny House"},{"not_picked":["aspiration:RunicSpoon","Painkiller Herb"],"picked":"vexMod:BigBerry"}],"items_purged_floors":[27],"is_endless":true,"potions_floor_spawned":[6,8,24,30,31,38,46,50,52,59,61,64,70,78,84,86,92,97,103],"killed_by":"Cultist","ascension_level":8}}