{"host":"87w2793jpavfbt1o","time":1607589050,"event":{"gold_per_floor":[115,115,125,125,143,143,171,186,186,186,215,226,251,263,263,263,263],"floor_reached":16,"playtime":1251,"items_purged":[],"score":171,"play_id":"f768dfe6-df1b-4726-8cc0-ad1f6c419a93","local_time":"20201210003050","is_ascension_mode":true,"campfire_choices":[{"floor":6,"key":"RECALL"},{"floor":15,"key":"REST"}],"neow_cost":"","seed_source_timestamp":0,"circlet_count":0,"master_deck":["Strike_P","Strike_P","Strike_P","Defend_P","Defend_P","Defend_P","Defend_P","Eruption","Vigilance","Loyalty","WindmillStrike","WindmillStrike","BowlingBash","Crescendo","ThirdEye","Adaptation","Replay:BluntJabs","Weave","MarkedMod:Acupuncture","MarkedMod:SlowDance","TalkToTheHand"],"special_seed":0,"relics":["PureWater","REME_ComplimentaryCards","testmod-TestBox","testmod-CyclicPeriapt","Replay:Accelerometer","Replay:Ringing Soul","Matryoshka"],"potions_floor_usage":[3,5,11,11,13,13,16],"damage_taken":[{"damage":0,"enemies":"Jaw Worm","floor":1,"turns":3},{"damage":0,"enemies":"2 Louse","floor":3,"turns":1},{"damage":0,"enemies":"conspire:RoseBush","floor":5,"turns":2},{"damage":13,"enemies":"Gremlin Nob","floor":7,"turns":4},{"damage":0,"enemies":"3 Louse","floor":8,"turns":2},{"damage":7,"enemies":"3 Sentries","floor":11,"turns":4},{"damage":3,"enemies":"Red Slaver","floor":12,"turns":3},{"damage":20,"enemies":"Lagavulin","floor":13,"turns":5},{"damage":25,"enemies":"2 Fungi Beasts","floor":14,"turns":4},{"damage":36,"enemies":"Slime Boss","floor":16,"turns":3}],"seed_played":"-6029406048462012780","potions_obtained":[{"floor":1,"key":"DuplicationPotion"},{"floor":3,"key":"Adrenaline Potion"},{"floor":10,"key":"StancePotion"},{"floor":10,"key":"Doom Potion"},{"floor":10,"key":"testmod-SpacePotion"},{"floor":11,"key":"Weak Potion"},{"floor":14,"key":"PowerPotion"}],"is_trial":false,"path_per_floor":["M","?","M","?","M","R","E","M","T","?","E","M","E","M","R","B"],"character_chosen":"WATCHER","items_purchased":["WindmillStrike"],"campfire_rested":1,"item_purchase_floors":[0],"current_hp_per_floor":[65,65,65,65,65,65,52,52,52,52,48,48,31,9,34,0,0],"gold":263,"neow_bonus":"","is_prod":false,"is_daily":false,"chose_seed":false,"campfire_upgraded":0,"win_rate":0,"timestamp":1607589050,"path_taken":["M","?","M","?","?","R","E","M","T","?","E","M","E","?","R","BOSS"],"build_version":"2020-11-30","purchased_purges":0,"victory":false,"max_hp_per_floor":[72,72,72,72,72,72,72,72,72,72,75,78,81,84,84,84,84],"card_choices":[{"not_picked":["CutThroughFate","ThirdEye"],"picked":"BowlingBash","floor":1},{"not_picked":["Pray","TalkToTheHand"],"picked":"Crescendo","floor":3},{"not_picked":["Replay:AtTheReady","Crescendo"],"picked":"ThirdEye","floor":5},{"not_picked":["BowlingBash","Replay:Battleflow"],"picked":"Adaptation","floor":7},{"not_picked":["EmptyFist","FlurryOfBlows"],"picked":"Replay:BluntJabs","floor":8},{"not_picked":["FlurryOfBlows","Protect"],"picked":"Weave","floor":11},{"not_picked":["Conclude","MentalFortress"],"picked":"MarkedMod:Acupuncture","floor":12},{"not_picked":["ForeignInfluence","MarkedMod:GentlePulse"],"picked":"MarkedMod:SlowDance","floor":13},{"not_picked":["Protect","BattleHymn"],"picked":"TalkToTheHand","floor":14}],"player_experience":597646,"relics_obtained":[{"floor":7,"key":"Replay:Accelerometer"},{"floor":11,"key":"Replay:Ringing Soul"},{"floor":13,"key":"Matryoshka"}],"event_choices":[{"cards_removed":["Strike_P"],"damage_healed":0,"gold_gain":0,"player_choice":"Offered Basic","damage_taken":0,"max_hp_gain":0,"max_hp_loss":0,"event_name":"Bonfire Elementals","floor":4,"gold_loss":0},{"damage_healed":0,"gold_gain":0,"player_choice":"Got Potions","damage_taken":0,"max_hp_gain":0,"max_hp_loss":0,"event_name":"Lab","floor":10,"gold_loss":0}],"is_beta":false,"boss_relics":[],"items_purged_floors":[],"is_endless":false,"potions_floor_spawned":[1,3,11,14],"killed_by":"Slime Boss","ascension_level":8}}