{"host":"m6aaltr68g9tvoay","time":1607637460,"event":{"mods":["BaseMod","StSLib","Colored Map","AchievementEnabler","Minty Spire (QoL Compilation)"],"gold_per_floor":[114,114,129,7,7,7,37,37,37,52,67,67,67,97,97,197,197,212,226,226,226,241,241,241,256,281,281,31,31,70,85,85,194,194,209,43,102,111,126,126,126],"floor_reached":40,"playtime":1350,"items_purged":["Strike_P","Strike_P+1"],"score":435,"play_id":"a9ac9a5e-6b42-40d9-b1fd-78fb22a22054","local_time":"20201210135740","daily_mods":["Allstar","Vintage","Night Terrors"],"is_ascension_mode":false,"campfire_choices":[{"data":"Apotheosis","floor":6,"key":"SMITH"},{"data":"SignatureMove","floor":8,"key":"SMITH"},{"data":"Eruption","floor":13,"key":"SMITH"},{"data":"Swivel","floor":15,"key":"SMITH"},{"data":"Judgement","floor":23,"key":"SMITH"},{"data":"Strike_P+1","floor":27,"key":"PURGE"},{"data":"BowlingBash","floor":29,"key":"SMITH"},{"data":"ThirdEye","floor":32,"key":"SMITH"}],"circlet_count":0,"master_deck":["Defend_P+1","Defend_P+1","Defend_P+1","Defend_P+1","Eruption+1","Vigilance","Master of Strategy","The Bomb","Bandage Up","Apotheosis+1","Secret Technique","BowlingBash+1","SignatureMove+1","Swivel+1","Judgement+1","Halt","ThirdEye+1","LessonLearned","PathToVictory","Collect+1","Writhe"],"special_seed":18606,"relics":["PureWater","Boot","Bronze Scales","GoldenEye","Darkstone Periapt","Smiling Mask","Eternal Feather","Torii","Black Star","Frozen Egg 2","Red Mask","Ornamental Fan","Enchiridion","Peace Pipe","Potion Belt","MealTicket","Juzu Bracelet","CeramicFish","Pantograph","SacredBark","Meat on the Bone","Lee\u0027s Waffle","Du-Vu Doll","Bottled Flame"],"acts_visited":["Exordium","TheCity","TheBeyond"],"potions_floor_usage":[16,16,30,33,39,40,40],"damage_taken":[{"damage":10,"enemies":"Cultist","floor":1,"turns":4},{"damage":13,"enemies":"2 Louse","floor":3,"turns":3},{"damage":16,"enemies":"Lagavulin","floor":7,"turns":5},{"damage":0,"enemies":"Jaw Worm","floor":10,"turns":3},{"damage":0,"enemies":"Blue Slaver","floor":11,"turns":3},{"damage":10,"enemies":"Gremlin Nob","floor":14,"turns":3},{"damage":5,"enemies":"The Guardian","floor":16,"turns":8},{"damage":8,"enemies":"Chosen","floor":18,"turns":5},{"damage":0,"enemies":"Masked Bandits","floor":19,"turns":2},{"damage":11,"enemies":"Shell Parasite","floor":22,"turns":4},{"damage":0,"enemies":"Shelled Parasite and Fungi","floor":25,"turns":2},{"damage":9,"enemies":"Slavers","floor":30,"turns":3},{"damage":6,"enemies":"Snake Plant","floor":31,"turns":3},{"damage":35,"enemies":"Automaton","floor":33,"turns":5},{"damage":0,"enemies":"Orb Walker","floor":35,"turns":3},{"damage":0,"enemies":"Mind Bloom Boss Battle","floor":37,"turns":3},{"damage":1,"enemies":"3 Darklings","floor":39,"turns":5},{"damage":175,"enemies":"Giant Head","floor":40,"turns":8}],"seed_played":"8996604888150855735","potions_obtained":[{"floor":1,"key":"EssenceOfSteel"},{"floor":3,"key":"StancePotion"},{"floor":7,"key":"FearPotion"},{"floor":30,"key":"Swift Potion"},{"floor":31,"key":"SneckoOil"},{"floor":33,"key":"LiquidMemories"}],"is_trial":false,"path_per_floor":["M","?","M","$","?","R","E","R","T","M","M","$","R","E","R","B",null,"M","?","?","?","M","R","?","M","T","R","$","R","E","M","R","B",null,"M","$","?","?","M","E"],"character_chosen":"WATCHER","items_purchased":["BowlingBash","MealTicket","PowerPotion","PathToVictory","Lee\u0027s Waffle"],"campfire_rested":0,"item_purchase_floors":[4,28,28,36,36],"current_hp_per_floor":[66,59,52,52,52,52,42,42,42,48,52,52,61,57,66,65,72,64,68,68,68,61,70,54,60,60,69,69,72,63,63,72,43,72,72,79,79,85,84,0,0],"gold":126,"neow_bonus":"","is_daily":true,"chose_seed":false,"campfire_upgraded":7,"win_rate":0,"timestamp":1607637460,"path_taken":["M","?","M","$","?","R","E","R","T","M","M","$","R","E","R","BOSS","M","?","?","?","M","R","?","M","T","R","$","R","E","M","R","BOSS","M","$","?","?","M","E"],"build_version":"2020-11-30","purchased_purges":2,"victory":false,"max_hp_per_floor":[72,72,72,72,72,72,72,72,72,72,72,72,72,72,72,72,72,72,72,72,72,72,72,72,72,72,72,72,72,72,72,72,72,72,72,79,79,85,85,85,85],"card_choices":[{"not_picked":["CutThroughFate","InnerPeace"],"picked":"SignatureMove","floor":7},{"not_picked":["CrushJoints","WreathOfFlame"],"picked":"Swivel","floor":14},{"not_picked":["Scrawl","ConjureBlade"],"picked":"Judgement","floor":16},{"not_picked":["Perseverance","InnerPeace"],"picked":"Halt","floor":19},{"not_picked":["InnerPeace","DeceiveReality"],"picked":"ThirdEye","floor":30},{"not_picked":["Wish","Scrawl"],"picked":"LessonLearned","floor":33},{"not_picked":["BowlingBash","EmptyMind+1"],"picked":"Collect+1","floor":37}],"player_experience":1211796,"relics_obtained":[{"floor":1,"key":"Boot"},{"floor":3,"key":"Bronze Scales"},{"floor":7,"key":"GoldenEye"},{"floor":9,"key":"Darkstone Periapt"},{"floor":10,"key":"Smiling Mask"},{"floor":11,"key":"Eternal Feather"},{"floor":14,"key":"Torii"},{"floor":18,"key":"Frozen Egg 2"},{"floor":19,"key":"Red Mask"},{"floor":22,"key":"Ornamental Fan"},{"floor":24,"key":"Enchiridion"},{"floor":25,"key":"Peace Pipe"},{"floor":26,"key":"Potion Belt"},{"floor":30,"key":"Juzu Bracelet"},{"floor":30,"key":"CeramicFish"},{"floor":31,"key":"Pantograph"},{"floor":35,"key":"Meat on the Bone"},{"floor":37,"key":"Du-Vu Doll"},{"floor":39,"key":"Bottled Flame"}],"event_choices":[{"cards_removed":["Strike_P"],"damage_healed":0,"gold_gain":0,"player_choice":"Card Removal","damage_taken":7,"max_hp_gain":0,"max_hp_loss":0,"event_name":"Golden Wing","floor":2,"gold_loss":0},{"damage_healed":0,"gold_gain":0,"player_choice":"Ignored","damage_taken":0,"max_hp_gain":0,"max_hp_loss":0,"event_name":"Liars Game","floor":5,"gold_loss":0},{"damage_healed":0,"gold_gain":0,"player_choice":"Fought Bandits","damage_taken":0,"max_hp_gain":0,"max_hp_loss":0,"event_name":"Masked Bandits","floor":19,"gold_loss":0},{"damage_healed":0,"gold_gain":0,"player_choice":"Simplicity","damage_taken":0,"max_hp_gain":0,"max_hp_loss":0,"event_name":"Back to Basics","floor":20,"gold_loss":0,"cards_upgraded":["Strike_P","Strike_P","Defend_P","Defend_P","Defend_P","Defend_P"]},{"damage_healed":0,"gold_gain":0,"player_choice":"Ignored","damage_taken":0,"max_hp_gain":0,"max_hp_loss":0,"event_name":"Vampires","floor":21,"gold_loss":0},{"damage_healed":0,"gold_gain":0,"player_choice":"Obtained Book","damage_taken":16,"max_hp_gain":0,"max_hp_loss":0,"event_name":"Cursed Tome","floor":24,"gold_loss":0},{"damage_healed":0,"gold_gain":0,"player_choice":"Fight","damage_taken":0,"max_hp_gain":0,"max_hp_loss":0,"event_name":"MindBloom","floor":37,"gold_loss":0},{"damage_healed":20,"gold_gain":0,"player_choice":"Writhe","damage_taken":0,"max_hp_gain":0,"max_hp_loss":0,"event_name":"Winding Halls","floor":38,"gold_loss":0,"cards_obtained":["Writhe"]}],"is_beta":false,"boss_relics":[{"not_picked":["Cursed Key","Runic Dome"],"picked":"Black Star"},{"not_picked":["VioletLotus","Astrolabe"],"picked":"SacredBark"}],"items_purged_floors":[4,28],"is_endless":false,"potions_floor_spawned":[1,3,7,30,31,33],"killed_by":"Giant Head","ascension_level":0}}