{"host":"utqe55yv0jihe4d6","time":1607571711,"event":{"gold_per_floor":[117,4,4,14,14,14,14,30,30,70,70,114,114,142,142,142,142],"floor_reached":16,"playtime":386,"items_purged":[],"score":232,"play_id":"4d91dfd2-e7a6-4f03-9186-da97f4ca7885","local_time":"20201209224151","is_ascension_mode":true,"campfire_choices":[{"data":"True Grit","floor":6,"key":"SMITH"},{"floor":11,"key":"REST"},{"data":"Disarm","floor":13,"key":"SMITH"},{"data":"Burning Pact","floor":15,"key":"SMITH"}],"neow_cost":"NONE","seed_source_timestamp":6736425427294,"circlet_count":0,"master_deck":["AscendersBane","Strike_R","Strike_R+1","Strike_R","Strike_R","Strike_R","Defend_R","Defend_R","Defend_R+1","Defend_R+1","Bash","Clothesline","Iron Wave+1","Disarm+1","True Grit+1","Spot Weakness","Reaper","Burning Pact+1"],"relics":["Runic Dome","War Paint","Meat on the Bone","CeramicFish","Pen Nib","Bottled Lightning"],"potions_floor_usage":[],"damage_taken":[{"damage":3,"enemies":"2 Louse","floor":1,"turns":3},{"damage":5,"enemies":"Small Slimes","floor":4,"turns":4},{"damage":0,"enemies":"Jaw Worm","floor":8,"turns":3},{"damage":17,"enemies":"Lagavulin","floor":10,"turns":6},{"damage":13,"enemies":"3 Sentries","floor":12,"turns":9},{"damage":20,"enemies":"Lagavulin","floor":14,"turns":8},{"damage":50,"enemies":"Slime Boss","floor":16,"turns":7}],"seed_played":"-2861920304167629272","potions_obtained":[{"floor":10,"key":"ColorlessPotion"},{"floor":12,"key":"LiquidBronze"}],"is_trial":false,"path_per_floor":["M","$","?","M","?","R","?","M","T","E","R","E","R","E","R","B"],"character_chosen":"IRONCLAD","items_purchased":["Iron Wave","Disarm"],"campfire_rested":1,"item_purchase_floors":[2,2],"current_hp_per_floor":[65,65,47,42,47,47,23,23,23,18,42,48,48,40,40,0,0],"gold":142,"neow_bonus":"BOSS_RELIC","is_prod":false,"is_daily":false,"chose_seed":false,"campfire_upgraded":3,"win_rate":0,"timestamp":1607571711,"path_taken":["M","$","?","M","?","R","?","M","T","E","R","E","R","E","R","BOSS"],"build_version":"2020-11-30","purchased_purges":0,"victory":false,"max_hp_per_floor":[75,75,75,75,80,80,80,80,80,80,80,80,80,80,80,80,80],"relic_stats":{"counters":[7,40],"CeramicFish":18,"Pen Nib":[2],"War Paint":["Defend_R","Defend_R"],"obtain_stats":[{"Runic Dome":0,"CeramicFish":10,"Pen Nib":12,"Bottled Lightning":14,"War Paint":3,"Burning Blood":0,"Meat on the Bone":9},{"Runic Dome":0,"CeramicFish":4,"Pen Nib":5,"Bottled Lightning":6,"War Paint":1,"Burning Blood":0,"Meat on the Bone":3},{"Runic Dome":0,"CeramicFish":16,"Pen Nib":25,"Bottled Lightning":33,"War Paint":3,"Burning Blood":0,"Meat on the Bone":10}],"Meat on the Bone":36},"card_choices":[{"not_picked":["Anger","Havoc"],"picked":"Clothesline","floor":1},{"not_picked":["Flex","Twin Strike"],"picked":"True Grit","floor":4},{"not_picked":["Armaments","Metallicize"],"picked":"Spot Weakness","floor":8},{"not_picked":["Anger","Armaments"],"picked":"Reaper","floor":10},{"not_picked":["Anger","Twin Strike"],"picked":"Burning Pact","floor":12},{"not_picked":["Carnage","Flame Barrier","Burning Pact"],"picked":"SKIP","floor":14}],"player_experience":2725927,"relics_obtained":[{"floor":9,"key":"Meat on the Bone"},{"floor":10,"key":"CeramicFish"},{"floor":12,"key":"Pen Nib"},{"floor":14,"key":"Bottled Lightning"}],"event_choices":[{"damage_healed":0,"gold_gain":0,"player_choice":"Success","damage_taken":18,"relics_obtained":["War Paint"],"max_hp_gain":0,"max_hp_loss":0,"event_name":"Scrap Ooze","floor":3,"gold_loss":0},{"damage_healed":0,"gold_gain":0,"player_choice":"Donut","damage_taken":0,"max_hp_gain":5,"max_hp_loss":0,"event_name":"Big Fish","floor":5,"gold_loss":0},{"damage_healed":0,"gold_gain":0,"player_choice":"Entered Light","damage_taken":24,"max_hp_gain":0,"max_hp_loss":0,"event_name":"Shining Light","floor":7,"gold_loss":0,"cards_upgraded":["Iron Wave","Strike_R"]}],"is_beta":false,"boss_relics":[],"items_purged_floors":[],"is_endless":false,"potions_floor_spawned":[10,12],"killed_by":"Slime Boss","ascension_level":20}}