{"host":"1sep654oresgee70","time":1607605135,"event":{"gold_per_floor":[934,952,965,47,47,80,30,42,42,42,52,86,105,124,124,246,246,270,41,41,64,64,64,100,100,149,149,189,217,258,268,268,371,371,386,405,446,2,0,38,38,53,124,124,137,137,137,185,185,282,282,281,281,286,286,292,290,290,293,317,337,314,306,311,276,276,348,348,328,11,15,15,28,3,3],"floor_reached":74,"playtime":6237,"items_purged":["ReplayTheSpireMod:Splinters"],"score":1430,"play_id":"0bb0472f-c599-45d1-a7ec-c4ece8a8d5cc","local_time":"20201210135855","is_ascension_mode":true,"campfire_choices":[{"floor":10.0,"key":"RECALL"},{"floor":15.0,"key":"REST"},{"floor":23.0,"key":"REST"},{"data":"Rainbow","floor":27.0,"key":"SMITH"},{"floor":32.0,"key":"REST"},{"floor":41,"key":"REST"},{"floor":44,"key":"REST"},{"floor":47,"key":"REST"},{"data":"Echo Form","floor":49,"key":"SMITH"},{"floor":58,"key":"REST"},{"floor":66,"key":"REST"}],"neow_cost":"NONE","seed_source_timestamp":0,"circlet_count":0,"master_deck":["infinitespire:TheBestDefense+1","Strike_B","Strike_B","Strike_B","Strike_B","Defend_B","Defend_B","Defend_B","Defend_B","Zap","Dualcast","Dramatic Entrance+1","Force Field","Gash","aspiration:Polymerization","Machine Learning+1","Genetic Algorithm","Genetic Algorithm","Apotheosis+1","Gash","Turbo","conspire:SpireCoStock","Coolheaded","Gash","Mirror Shield","Barrage","Conserve Battery","Rainbow+1","Hologram+1","Aggregate+1","Compile Driver","Reinforced Body","Go for the Eyes","Turbo+1","FIFO Queue","Echo Form+1","conspire:SharedLibrary+1","Auto Shields","Go for the Eyes","Panic Button","Panic Button","All For One","Replay:Sssssssssshield+1","Defragment","Time Bomb","Languid","Cold Snap+1","Glacier","Buffer","AbeCurse","Conserve Battery","Go for the Eyes","Stack","Go for the Eyes","Barrage","Writhe","Darkness","Redo","Darkness","Conserve Battery","Creative AI","infinitespire:Punishment","Conclude","Mind Blast","CutThroughFate","Steam","ClearTheMind+1"],"special_seed":0,"relics":["Cracked Core","Guide Book","Toy Ornithopter","Orichalcum","Oddly Smooth Stone","conspire:BottledYoYo","Cursed Key","aspiration:Nostalgia","infinitespire:DarkRift","Anchor","StrikeDummy","Blue Doll","infinitespire:Beetle Shell","Regal Pillow","SlaversCollar","Runic Capacitor","Geode","Red Mask","infinitespire:Satchel","infinitespire:FocusingShard","hubris:Towel","ReplayTheSpireMod:Lightbulb","Abe\u0027s Treasure","Replay:Towering Pillar of Hats","hubris:RunicObelisk","DataDisk","infinitespire:PuzzleCube","Replay:Mystery Machine","aspiration:WatcherSkillbook","Raider\u0027s Mask"],"potions_floor_usage":[40,50,57,62,64,69,69,71,71,71],"damage_taken":[{"damage":1.0,"enemies":"Cultist","floor":1.0,"turns":3.0},{"damage":5.0,"enemies":"Small Slimes","floor":2.0,"turns":2.0},{"damage":7.0,"enemies":"Jaw Worm","floor":3.0,"turns":2.0},{"damage":6.0,"enemies":"Gremlin Nob","floor":6.0,"turns":4.0},{"damage":0.0,"enemies":"Lots of Slimes","floor":8.0,"turns":1.0},{"damage":1.0,"enemies":"Looter","floor":11.0,"turns":2.0},{"damage":4.0,"enemies":"Lagavulin","floor":12.0,"turns":6.0},{"damage":6.0,"enemies":"2 Fungi Beasts","floor":13.0,"turns":3.0},{"damage":7.0,"enemies":"Blue Slaver","floor":14.0,"turns":3.0},{"damage":32.0,"enemies":"Fading Forest","floor":16.0,"turns":11.0},{"damage":16.0,"enemies":"2 Thieves","floor":18.0,"turns":5.0},{"damage":0.0,"enemies":"Shell Parasite","floor":21.0,"turns":4.0},{"damage":6.0,"enemies":"conspire:SneckoGhost","floor":24.0,"turns":10.0},{"damage":5.0,"enemies":"Centurion and Healer","floor":28.0,"turns":8.0},{"damage":32.0,"enemies":"Nightmare","floor":29.0,"turns":11.0},{"damage":0.0,"enemies":"conspire:HollyBat","floor":30.0,"turns":8.0},{"damage":13.0,"enemies":"Shelled Parasite and Fungi","floor":31.0,"turns":7.0},{"damage":14.0,"enemies":"Champ","floor":33.0,"turns":13.0},{"damage":17.0,"enemies":"3 Darklings","floor":35.0,"turns":6.0},{"damage":14.0,"enemies":"Orb Walker","floor":36.0,"turns":5.0},{"damage":9,"enemies":"4 Shapes","floor":37,"turns":6},{"damage":18,"enemies":"Giant Head","floor":40,"turns":8},{"damage":4,"enemies":"Transient","floor":42,"turns":5},{"damage":1,"enemies":"Sphere and 2 Shapes","floor":45,"turns":4},{"damage":0,"enemies":"Nemesis","floor":48,"turns":11},{"damage":8,"enemies":"hubris:GrandSnecko","floor":50,"turns":38},{"damage":0,"enemies":"Cultist","floor":52,"turns":3},{"damage":5,"enemies":"Small Slimes","floor":54,"turns":3},{"damage":0,"enemies":"conspire:RoseBush","floor":56,"turns":2},{"damage":16,"enemies":"Replay:BlueRogue","floor":57,"turns":4},{"damage":14,"enemies":"Looter","floor":59,"turns":3},{"damage":0,"enemies":"Exordium Wildlife","floor":61,"turns":3},{"damage":17,"enemies":"Large Slime","floor":62,"turns":5},{"damage":0,"enemies":"Exordium Thugs","floor":63,"turns":4},{"damage":24,"enemies":"Lagavulin","floor":64,"turns":4},{"damage":0,"enemies":"Slime Boss","floor":67,"turns":4},{"damage":54,"enemies":"3 Byrds","floor":69,"turns":5},{"damage":31,"enemies":"conspire:FuzzyDice","floor":71,"turns":4},{"damage":0,"enemies":"Sentry and Sphere","floor":73,"turns":2},{"damage":18,"enemies":"conspire:Head Lice","floor":74,"turns":4}],"seed_played":"7259236518390151455","potions_obtained":[{"floor":6.0,"key":"SteroidPotion"},{"floor":13.0,"key":"conspire:TimeTravelPotion"},{"floor":14.0,"key":"SteroidPotion"},{"floor":16.0,"key":"SpeedPotion"},{"floor":24.0,"key":"AttackPotion"},{"floor":30.0,"key":"BlessingOfTheForge"},{"floor":33.0,"key":"PowerPotion"},{"floor":35.0,"key":"Elixir"},{"floor":37,"key":"AttackPotion"},{"floor":40,"key":"Dexterity Potion"},{"floor":48,"key":"Explosive Potion"},{"floor":52,"key":"LiquidBronze"},{"floor":61,"key":"BlessingOfTheForge"},{"floor":63,"key":"AttackPotion"},{"floor":64,"key":"SkillPotion"},{"floor":69,"key":"Block Potion"}],"is_trial":false,"path_per_floor":["M","M","M","$","?","E","?","M","T","R","M","E","M","M","R","B",null,"M","$","?","M","AVR","R","E","?","T","R","M","NM","M","M","R","B",null,"M","M","M","$","?","E","R","M","T","R","M","?","R","E","R","B",null,"M","?","M","AVR","M","E","R","M","T","M","M","M","E","?","R","B",null,"M","$","M","$","M","E"],"character_chosen":"DEFECT","items_purchased":["Machine Learning","Genetic Algorithm","Apotheosis","Guide Book","Gash","Toy Ornithopter","Orichalcum","aspiration:Nostalgia","Anchor","Runic Capacitor","Geode","Panic Button","All For One","Replay:Sssssssssshield+1","Raider\u0027s Mask","Mind Blast","CutThroughFate","Block Potion"],"campfire_rested":8,"item_purchase_floors":[4,4,4,4,4,4,4,19,19,38,38,38,38,38,70,70,70,70],"current_hp_per_floor":[74,69,62,62,62,56,56,61,61,61,60,56,50,43,65,43,75,59,59,59,59,59,75,69,69,69,69,64,32,32,29,66,52,75,63,54,45,45,45,32,69,65,65,75,74,74,75,75,75,72,75,75,68,63,63,63,52,75,61,61,61,49,49,30,48,75,75,75,31,31,15,15,15,0,0],"gold":3,"neow_bonus":"RANDOM_COLORLESS","is_prod":false,"is_daily":false,"chose_seed":false,"campfire_upgraded":2,"win_rate":0,"timestamp":1607605135,"path_taken":["M","M","M","$","?","E","?","M","T","R","M","E","M","M","R","BOSS","M","$","?","?","AVR","R","E","?","T","R","M","NM","M","M","R","BOSS","M","?","M","$","?","E","R","M","T","R","M","?","R","E","R","BOSS","M","?","M","AVR","M","E","R","M","T","?","M","M","E","?","R","BOSS","M","$","M","$","M","E"],"build_version":"2020-11-30","purchased_purges":1,"victory":false,"max_hp_per_floor":[75,75,75,75,75,75,75,75,75,75,75,75,75,75,75,75,75,75,75,75,75,75,75,75,75,75,75,75,75,75,75,75,75,75,75,75,75,75,75,75,75,75,75,75,75,75,75,75,75,75,75,75,75,75,75,75,75,75,75,75,75,75,75,75,75,75,75,75,75,75,75,75,75,75,75],"card_choices":[{"not_picked":["Flash of Steel","Replay:Bootleg Shield Generator"],"picked":"Dramatic Entrance","floor":0.0},{"not_picked":["Redo","Cold Snap"],"picked":"Force Field","floor":1.0},{"not_picked":["Steam","Skim"],"picked":"Gash","floor":2.0},{"not_picked":["Coolheaded","Compile Driver"],"picked":"aspiration:Polymerization","floor":3.0},{"not_picked":["Consume","Ball Lightning"],"picked":"Turbo","floor":6.0},{"not_picked":["Beam Cell","Steam"],"picked":"Coolheaded","floor":8.0},{"not_picked":["Coolheaded","Redo"],"picked":"Gash","floor":11.0},{"not_picked":["Auto Shields","Storm"],"picked":"Mirror Shield","floor":12.0},{"not_picked":["Ball Lightning","Consume"],"picked":"Barrage","floor":13.0},{"not_picked":["Compile Driver","Ball Lightning"],"picked":"Conserve Battery","floor":14.0},{"not_picked":["Creative AI","Thunder Strike"],"picked":"Rainbow","floor":16.0},{"not_picked":["Beam Cell","Leap+1"],"picked":"Hologram+1","floor":18.0},{"not_picked":["Barrage","Panic Button+1"],"picked":"Aggregate+1","floor":21.0},{"not_picked":["Streamline","Skim"],"picked":"Compile Driver","floor":24.0},{"not_picked":["Undo+1","Redo"],"picked":"Reinforced Body","floor":28.0},{"not_picked":["Leap","BasicCrystalCard"],"picked":"Go for the Eyes","floor":29.0},{"not_picked":["Conserve Battery","Machine Learning"],"picked":"Turbo+1","floor":30.0},{"not_picked":["Leap","ReplaySort"],"picked":"FIFO Queue","floor":31.0},{"not_picked":["All For One","Hyperbeam"],"picked":"Echo Form","floor":33.0},{"not_picked":["Melter","Beam Cell"],"picked":"conspire:SharedLibrary+1","floor":35.0},{"not_picked":["Beam Cell","Lockon"],"picked":"Auto Shields","floor":36.0},{"not_picked":["Beam Cell","Sunder"],"picked":"Go for the Eyes","floor":37},{"not_picked":["Auto Shields","Coolheaded+1"],"picked":"Defragment","floor":40},{"not_picked":["Multi-Cast","Go for the Eyes"],"picked":"Time Bomb","floor":42},{"not_picked":["Hologram","Reboot"],"picked":"Cold Snap+1","floor":45},{"not_picked":["Force Field","ReplayGash+1"],"picked":"Glacier","floor":48},{"not_picked":["Meteor Strike","Reboot"],"picked":"Buffer","floor":50},{"not_picked":["hubris:Ukulele","Steam"],"picked":"Conserve Battery","floor":52},{"not_picked":["Leap","Turbo"],"picked":"Go for the Eyes","floor":54},{"not_picked":["Sweeping Beam","ReplayTheSpireMod:System Scan"],"picked":"Stack","floor":56},{"not_picked":["Panic Button","Reprogram"],"picked":"Go for the Eyes","floor":57},{"not_picked":["Streamline","Coolheaded"],"picked":"Barrage","floor":59},{"not_picked":["Scrape","Aggregate"],"picked":"Darkness","floor":61},{"not_picked":["BasicCrystalCard","Rebound"],"picked":"Redo","floor":62},{"not_picked":["Go for the Eyes","Panic Button"],"picked":"Darkness","floor":63},{"not_picked":["hubris:Ukulele","Rebound"],"picked":"Conserve Battery","floor":64},{"not_picked":["Fission","Mirror Shield"],"picked":"Creative AI","floor":67},{"not_picked":["infinitespire:TheBestDefense","ReplayTheSpireMod:??????????????????????"],"picked":"infinitespire:Punishment","floor":69},{"not_picked":["FollowUp","Ball Lightning","Evaluate"],"picked":"Conclude","floor":69},{"not_picked":["Redo","ForeignInfluence","FollowUp+1"],"picked":"Steam","floor":71},{"not_picked":["FlyingSleeves","Darkness","Replay:Battleflow"],"picked":"ClearTheMind+1","floor":73}],"player_experience":2243808,"relics_obtained":[{"floor":6.0,"key":"Oddly Smooth Stone"},{"floor":12.0,"key":"conspire:BottledYoYo"},{"floor":24.0,"key":"Blue Doll"},{"floor":26.0,"key":"infinitespire:Beetle Shell"},{"floor":29.0,"key":"Regal Pillow"},{"floor":40,"key":"infinitespire:Satchel"},{"floor":43,"key":"infinitespire:FocusingShard"},{"floor":48,"key":"ReplayTheSpireMod:Lightbulb"},{"floor":57,"key":"DataDisk"},{"floor":60,"key":"infinitespire:PuzzleCube"},{"floor":64,"key":"Replay:Mystery Machine"}],"event_choices":[{"damage_healed":0.0,"max_hp_gain":0.0,"max_hp_loss":0.0,"gold_gain":0.0,"event_name":"conspire:Investor","player_choice":"Invest 1","floor":7.0,"gold_loss":0.0,"damage_taken":0.0},{"cards_removed":["Apotheosis"],"damage_healed":0.0,"max_hp_gain":0.0,"max_hp_loss":0.0,"gold_gain":0.0,"event_name":"betterNote:BetterNote","player_choice":"Give","floor":20.0,"gold_loss":0.0,"damage_taken":0.0,"cards_obtained":["None"]},{"damage_healed":0.0,"max_hp_gain":0.0,"max_hp_loss":0.0,"gold_gain":0.0,"event_name":"Upgrade Shrine","player_choice":"Upgraded","floor":25.0,"gold_loss":0.0,"damage_taken":0.0,"cards_upgraded":["infinitespire:TheBestDefense"]},{"damage_healed":0,"gold_gain":0,"player_choice":"Paid","damage_taken":0,"relics_obtained":["Red Mask"],"max_hp_gain":0,"max_hp_loss":0,"event_name":"Tomb of Lord Red Mask","floor":39,"gold_loss":2},{"damage_healed":0,"gold_gain":0,"player_choice":"Damaged","damage_taken":7,"max_hp_gain":0,"max_hp_loss":0,"event_name":"Wheel of Change","floor":53,"gold_loss":0},{"damage_healed":18,"gold_gain":0,"player_choice":"Healed","damage_taken":0,"max_hp_gain":0,"max_hp_loss":0,"event_name":"The Cleric","floor":65,"gold_loss":35}],"is_beta":false,"boss_relics":[{"not_picked":["hubris:BlackHole","Ring of Chaos"],"picked":"Cursed Key"},{"not_picked":["Snecko Heart","Honey Jar"],"picked":"SlaversCollar"},{"not_picked":["hubris:CrackedHourglass","ReplayTheSpireMod:DimensionalGlitch"],"picked":"Abe\u0027s Treasure"},{"not_picked":["hubris:BlackHole","conspire:SlowCooker"],"picked":"aspiration:WatcherSkillbook"}],"items_purged_floors":[55],"is_endless":true,"potions_floor_spawned":[6,13,14,16,24,30,33,35,37,40,48,52,54,61,63,64,69],"killed_by":"conspire:Head Lice","ascension_level":2}}