{"host":"jm9833yuloeli2yd","time":1607642487,"event":{"mods":["BaseMod","StSLib","AchievementEnabler","Colored Map","Minty Spire (QoL Compilation)","Permanent Neow","SuperFastMode","Better Note","Better Altar","Better Match","Better Sensory Stone","Better Skull","DeckTracker","Better Vampires","Colored Powertips","Quick Restart"],"gold_per_floor":[367,377,389,18,36,36,71,85,156,156,176,202,214,227,227,227,227],"floor_reached":16,"playtime":764,"items_purged":[],"score":232,"play_id":"6b70dabb-858d-4c1e-9bbe-c02d87cf082f","local_time":"20201210182127","is_ascension_mode":true,"campfire_choices":[{"data":"Reprogram","floor":6.0,"key":"SMITH"},{"floor":10.0,"key":"REST"},{"floor":15,"key":"REST"}],"circlet_count":0,"master_deck":["AscendersBane","Strike_B","Strike_B","Strike_B","Strike_B","Defend_B","Defend_B","Defend_B","Defend_B","Zap","Dualcast","Go for the Eyes","Chill","Core Surge","Reprogram+1","Core Surge","Coolheaded","Beam Cell","Reinforced Body","Stack"],"special_seed":0,"relics":["Cracked Core","OrangePellets","Art of War","Gremlin Horn","Bird Faced Urn"],"acts_visited":["Exordium"],"potions_floor_usage":[12,14,16],"damage_taken":[{"damage":1.0,"enemies":"Cultist","floor":1.0,"turns":3.0},{"damage":8.0,"enemies":"Small Slimes","floor":2.0,"turns":3.0},{"damage":6.0,"enemies":"2 Louse","floor":3.0,"turns":3.0},{"damage":0.0,"enemies":"Large Slime","floor":5.0,"turns":5.0},{"damage":30.0,"enemies":"Lagavulin","floor":7.0,"turns":6.0},{"damage":1.0,"enemies":"Blue Slaver","floor":8.0,"turns":3.0},{"damage":19.0,"enemies":"Exordium Thugs","floor":11.0,"turns":6.0},{"damage":6,"enemies":"Gremlin Nob","floor":12,"turns":3},{"damage":7,"enemies":"Red Slaver","floor":13,"turns":3},{"damage":2,"enemies":"Looter","floor":14,"turns":2},{"damage":33,"enemies":"Slime Boss","floor":16,"turns":12}],"seed_played":"2159732917597841675","potions_obtained":[{"floor":2.0,"key":"Swift Potion"},{"floor":8.0,"key":"SteroidPotion"},{"floor":12,"key":"FearPotion"},{"floor":13,"key":"Regen Potion"}],"is_trial":false,"path_per_floor":["M","M","M","$","M","R","E","M","T","R","M","E","M","M","R","B"],"character_chosen":"DEFECT","items_purchased":["OrangePellets","Core Surge","Block Potion"],"campfire_rested":2,"item_purchase_floors":[4,4,4],"current_hp_per_floor":[63,55,49,49,49,49,19,18,18,37,18,12,5,3,22,4,4],"gold":227,"neow_bonus":"TWO_FIFTY_GOLD","is_daily":false,"chose_seed":false,"campfire_upgraded":1,"win_rate":0,"timestamp":1607642487,"path_taken":["M","M","M","$","?","R","E","M","T","R","?","E","M","M","R","BOSS"],"build_version":"2020-11-30","purchased_purges":0,"victory":false,"max_hp_per_floor":[64,64,64,64,64,64,64,64,64,64,64,64,64,64,64,64,64],"card_choices":[{"not_picked":["Leap","Chaos","Aggregate"],"picked":"SKIP","floor":1.0},{"not_picked":["Sweeping Beam","Turbo"],"picked":"Go for the Eyes","floor":2.0},{"not_picked":["Gash","Go for the Eyes"],"picked":"Chill","floor":3.0},{"not_picked":["Beam Cell","Hello World"],"picked":"Reprogram","floor":5.0},{"not_picked":["FTL","Rebound"],"picked":"Core Surge","floor":7.0},{"not_picked":["Cold Snap","Compile Driver"],"picked":"Coolheaded","floor":8.0},{"not_picked":["Steam Power","Streamline"],"picked":"Beam Cell","floor":11.0},{"not_picked":["Sweeping Beam","Go for the Eyes"],"picked":"Reinforced Body","floor":12},{"not_picked":["Fusion","Cold Snap","Scrape"],"picked":"SKIP","floor":13},{"not_picked":["Fusion","Melter"],"picked":"Stack","floor":14}],"player_experience":1008869,"relics_obtained":[{"floor":7.0,"key":"Art of War"},{"floor":9.0,"key":"Gremlin Horn"},{"floor":12,"key":"Bird Faced Urn"}],"event_choices":[],"is_beta":false,"boss_relics":[],"items_purged_floors":[],"is_endless":false,"potions_floor_spawned":[2,8,12,13],"killed_by":"Slime Boss","ascension_level":20}}