{"host":"dntw6kil9p09eemm","time":1607642245,"event":{"mods":["BaseMod","StSLib","Minty Spire (QoL Compilation)","Shop Mod","Colored Powertips","Hermit","The Runesmith","The Alterego"],"gold_per_floor":[113,113,133,150,161,192,167,167,167,117,135,149,163,176,176,275,275,295,310,310,152,167,167,167,180,180,180,127,138,164,143,143,242,242,254,266,279,298,298,298,314,314,365,17,27,9,27,27,27],"floor_reached":48,"playtime":3615,"items_purged":["alterego_mod:Defend","alterego_mod:Defend","Writhe"],"score":515,"play_id":"789b3714-d295-4e0c-a9c1-eeadd43a42f7","local_time":"20201211081725","is_ascension_mode":false,"campfire_choices":[{"floor":8.0,"key":"REST"},{"floor":15.0,"key":"REST"},{"floor":23.0,"key":"REST"},{"floor":27.0,"key":"REST"},{"data":"alterego_mod:BrynhildrRomantia","floor":32.0,"key":"SMITH"},{"floor":40.0,"key":"REST"},{"floor":42.0,"key":"REST"}],"circlet_count":0,"master_deck":["alterego_mod:Strike","alterego_mod:Defend","alterego_mod:Impale","alterego_mod:BigMeatyClaws","alterego_mod:BrynhildrsRune","alterego_mod:BiFurious","alterego_mod:1TonWallop","alterego_mod:Stockings","alterego_mod:DiscoLights","alterego_mod:SakuraFive","alterego_mod:BiFurious","alterego_mod:BusterCard","alterego_mod:Birthday","alterego_mod:Belts","alterego_mod:Undulate","alterego_mod:BrynhildrRomantia+1","alterego_mod:Cooking","alterego_mod:IdEs","alterego_mod:IdEs","alterego_mod:Bounce","alterego_mod:1TonWallop","alterego_mod:Bounce","alterego_mod:Stockings+1","alterego_mod:Smother+1","alterego_mod:DeftHands","alterego_mod:SakuraPetals+1","alterego_mod:Bounce+1","alterego_mod:Clones+1","alterego_mod:Bounce","alterego_mod:Bunnysuit+1","alterego_mod:Undulate+1"],"special_seed":0,"relics":["alterego_mod:MasochisticConstitution","Toy Ornithopter","Kunai","SlaversCollar","MerchantsRug","Boot","Anchor","Smiling Mask","Mummified Hand"],"acts_visited":["Exordium","TheCity","TheBeyond"],"potions_floor_usage":[48],"damage_taken":[{"damage":5.0,"enemies":"Small Slimes","floor":1.0,"turns":5.0},{"damage":2.0,"enemies":"2 Louse","floor":3.0,"turns":3.0},{"damage":9.0,"enemies":"Jaw Worm","floor":4.0,"turns":3.0},{"damage":15.0,"enemies":"2 Fungi Beasts","floor":5.0,"turns":3.0},{"damage":49.0,"enemies":"Lagavulin","floor":6.0,"turns":7.0},{"damage":15.0,"enemies":"Blue Slaver","floor":11.0,"turns":3.0},{"damage":13.0,"enemies":"Lots of Slimes","floor":12.0,"turns":2.0},{"damage":8.0,"enemies":"3 Louse","floor":13.0,"turns":3.0},{"damage":0.0,"enemies":"Looter","floor":14.0,"turns":4.0},{"damage":52.0,"enemies":"Slime Boss","floor":16.0,"turns":9.0},{"damage":8.0,"enemies":"Chosen","floor":18.0,"turns":8.0},{"damage":25.0,"enemies":"2 Thieves","floor":19.0,"turns":4.0},{"damage":51.0,"enemies":"Centurion and Healer","floor":22.0,"turns":13.0},{"damage":16.0,"enemies":"Chosen and Byrds","floor":25.0,"turns":7.0},{"damage":13.0,"enemies":"Shelled Parasite and Fungi","floor":29.0,"turns":6.0},{"damage":93.0,"enemies":"Collector","floor":33.0,"turns":10.0},{"damage":52.0,"enemies":"3 Darklings","floor":35.0,"turns":5.0},{"damage":39.0,"enemies":"Orb Walker","floor":36.0,"turns":5.0},{"damage":27.0,"enemies":"Jaw Worm Horde","floor":37.0,"turns":5.0},{"damage":61.0,"enemies":"Sphere and 2 Shapes","floor":38.0,"turns":9.0},{"damage":49.0,"enemies":"Spire Growth","floor":41.0,"turns":4.0},{"damage":61,"enemies":"3 Darklings","floor":45,"turns":6},{"damage":45,"enemies":"Jaw Worm Horde","floor":47,"turns":5},{"damage":50,"enemies":"Reptomancer","floor":48,"turns":3}],"seed_played":"7416873086382565238","potions_obtained":[{"floor":5.0,"key":"LiquidBronze"},{"floor":6.0,"key":"LiquidMemories"},{"floor":12.0,"key":"SteroidPotion"},{"floor":13.0,"key":"Explosive Potion"},{"floor":16.0,"key":"EssenceOfSteel"},{"floor":19.0,"key":"GamblersBrew"},{"floor":35.0,"key":"FairyPotion"},{"floor":36.0,"key":"FearPotion"},{"floor":38.0,"key":"LiquidBronze"},{"floor":47,"key":"FearPotion"}],"is_trial":false,"path_per_floor":["M","?","M","M","M","E","$","R","T","?","M","M","M","M","R","B",null,"M","M","?","$","M","R","?","M","T","R","$","M","T","$","R","B",null,"M","M","M","M","?","R","M","R","T","$","M","$","M","E"],"character_chosen":"The_Alterego","items_purchased":["alterego_mod:BiFurious","MerchantsRug","alterego_mod:Bounce","alterego_mod:Bounce","alterego_mod:Bounce","Mummified Hand"],"campfire_rested":6,"item_purchase_floors":[7,21,28,31,44,44],"current_hp_per_floor":[71,64,70,62,48,12,12,34,34,34,27,36,38,47,70,26,79,83,69,69,69,34,60,60,57,57,83,83,86,86,86,86,11,94,70,37,22,30,58,91,61,95,95,95,65,65,37,0,0],"gold":27,"neow_bonus":"RANDOM_COMMON_RELIC","is_daily":false,"chose_seed":false,"campfire_upgraded":1,"win_rate":0.0,"timestamp":1607642245,"path_taken":["M","?","M","M","M","E","$","R","T","?","M","M","M","M","R","BOSS","M","M","?","$","M","R","?","M","T","R","$","M","?","$","R","BOSS","M","M","M","M","?","R","M","R","T","$","M","$","M","E"],"build_version":"2020-11-30","purchased_purges":3,"victory":false,"max_hp_per_floor":[71,71,72,73,74,75,75,75,75,75,76,77,78,78,78,79,79,83,87,87,87,88,88,88,89,89,89,89,93,93,93,93,94,94,99,100,101,110,110,110,115,115,115,115,120,120,125,125,125],"card_choices":[{"not_picked":["alterego_mod:Bounce","alterego_mod:MagicResistance"],"picked":"alterego_mod:BiFurious","floor":1.0},{"not_picked":["alterego_mod:Punishment","alterego_mod:Undulate"],"picked":"alterego_mod:1TonWallop","floor":3.0},{"not_picked":["alterego_mod:Complex","alterego_mod:Belle"],"picked":"alterego_mod:Stockings","floor":4.0},{"not_picked":["alterego_mod:Lingerie","alterego_mod:SakuraFive"],"picked":"alterego_mod:DiscoLights","floor":5.0},{"not_picked":["alterego_mod:ChallengeComplete","alterego_mod:DustData"],"picked":"alterego_mod:SakuraFive","floor":6.0},{"not_picked":["alterego_mod:Cycle","alterego_mod:1TonWallop"],"picked":"alterego_mod:BusterCard","floor":11.0},{"not_picked":["alterego_mod:Rake","alterego_mod:DiscoLights"],"picked":"alterego_mod:Birthday","floor":12.0},{"not_picked":["alterego_mod:Pet","alterego_mod:PresenceConcealment"],"picked":"alterego_mod:Belts","floor":13.0},{"not_picked":["alterego_mod:Nekomimi","alterego_mod:SakuraLabyrinth"],"picked":"alterego_mod:Undulate","floor":14.0},{"not_picked":["alterego_mod:Rake","alterego_mod:Vow"],"picked":"alterego_mod:BrynhildrRomantia","floor":16.0},{"not_picked":["alterego_mod:Skirt+1","alterego_mod:Lingerie"],"picked":"alterego_mod:Cooking","floor":18.0},{"not_picked":["alterego_mod:Pet","alterego_mod:Belle"],"picked":"alterego_mod:IdEs","floor":19.0},{"not_picked":["alterego_mod:PerceptionDisorder","alterego_mod:Jiggle"],"picked":"alterego_mod:HighServant","floor":22.0},{"not_picked":["alterego_mod:Birthday","alterego_mod:RocketPunch"],"picked":"alterego_mod:IdEs","floor":25.0},{"not_picked":["alterego_mod:SakuraLabyrinth","alterego_mod:Pet"],"picked":"alterego_mod:1TonWallop","floor":29.0},{"not_picked":["alterego_mod:MaintainEyeContact","alterego_mod:1TonWallop"],"picked":"alterego_mod:DeftHands","floor":35.0},{"not_picked":["alterego_mod:ChallengeComplete+1","alterego_mod:Maid+1"],"picked":"alterego_mod:SakuraPetals+1","floor":36.0},{"not_picked":["alterego_mod:GoddessCore+1","alterego_mod:Mirror+1"],"picked":"alterego_mod:Bounce+1","floor":37.0},{"not_picked":["alterego_mod:SakuraLabyrinth+1","alterego_mod:Crossover"],"picked":"alterego_mod:Clones+1","floor":38.0},{"not_picked":["alterego_mod:DeftHands","alterego_mod:Mirror","alterego_mod:TrashNCrash+1"],"picked":"SKIP","floor":41.0},{"not_picked":["alterego_mod:Skirt","alterego_mod:STier"],"picked":"alterego_mod:Bunnysuit+1","floor":45},{"not_picked":["alterego_mod:DiscoLights+1","alterego_mod:Cycle"],"picked":"alterego_mod:Undulate+1","floor":47}],"player_experience":145126,"relics_obtained":[{"floor":6.0,"key":"Ancient Tea Set"},{"floor":9.0,"key":"Kunai"},{"floor":26.0,"key":"Boot"},{"floor":30.0,"key":"Anchor"},{"floor":43.0,"key":"Smiling Mask"}],"event_choices":[{"cards_removed":["alterego_mod:Strike"],"damage_healed":0.0,"max_hp_gain":0.0,"max_hp_loss":0.0,"gold_gain":0.0,"event_name":"Golden Wing","player_choice":"Card Removal","floor":2.0,"gold_loss":0.0,"damage_taken":7.0},{"cards_removed":["alterego_mod:Strike"],"damage_healed":0.0,"max_hp_gain":0.0,"max_hp_loss":0.0,"gold_gain":0.0,"event_name":"The Cleric","player_choice":"Card Removal","floor":10.0,"gold_loss":50.0,"damage_taken":0.0},{"damage_healed":0.0,"max_hp_gain":0.0,"max_hp_loss":0.0,"gold_gain":0.0,"event_name":"Vampires","player_choice":"Ignored","floor":20.0,"gold_loss":0.0,"damage_taken":0.0},{"damage_healed":0.0,"max_hp_gain":0.0,"max_hp_loss":0.0,"gold_gain":0.0,"event_name":"Ghosts","player_choice":"Ignored","floor":24.0,"gold_loss":0.0,"damage_taken":0.0},{"damage_healed":28.0,"max_hp_gain":0.0,"max_hp_loss":0.0,"gold_gain":0.0,"event_name":"Winding Halls","player_choice":"Writhe","floor":39.0,"gold_loss":0.0,"damage_taken":0.0,"cards_obtained":["Writhe"]}],"is_beta":false,"boss_relics":[{"not_picked":["Philosopher\u0027s Stone","Cursed Key"],"picked":"SlaversCollar"},{"not_picked":["Snecko Eye","Fusion Hammer"],"picked":"Astrolabe"}],"items_purged_floors":[21,44,46],"is_endless":false,"potions_floor_spawned":[5,6,12,13,14,16,18,19,35,36,38,47],"killed_by":"Reptomancer","ascension_level":0}}