{"host":"cxlfijb3ipw68228","time":1607575595,"event":{"gold_per_floor":[99,99,119,138,63,82,82,67,67,67,80,97,97,114,125,223,223,223,73,73,93,105,105,105,131,56,56,56],"floor_reached":27,"playtime":1529,"items_purged":[],"score":248,"play_id":"9a845d64-9053-4515-a60b-40c34c109854","local_time":"20201209234635","is_ascension_mode":false,"campfire_choices":[{"floor":1,"key":"RECALL"},{"data":"sneckomod:DiceBoulder+1","floor":5,"key":"SMITH"},{"floor":10,"key":"REST"},{"data":"sneckomod:MorePower","floor":18,"key":"SMITH"},{"floor":26,"key":"REST"}],"neow_cost":"NONE","seed_source_timestamp":712107077983600,"circlet_count":0,"master_deck":["sneckomod:Strike","sneckomod:Strike","sneckomod:Strike","sneckomod:Defend","sneckomod:Defend","sneckomod:Defend","sneckomod:TailWhip","sneckomod:SnekBite","sneckomod:Unknown","sneckomod:Unknown","sneckomod:DiceBoulder+2","sneckomod:UnknownClassHEXA_GHOST_PURPLE","sneckomod:UnknownVulnerable","sneckomod:DiceCrush+1","sneckomod:Unknown0Cost","sneckomod:SnakeSap+1","sneckomod:UnknownClassGUARDIAN","sneckomod:MorePower+1","sneckomod:UnknownClassEV_BLUE_COLOR+1","sneckomod:UnknownX+1","sneckomod:UnknownClassSLIMEBOUND+1","sneckomod:DiceBlock","sneckomod:UnknownClassGREEN+1","sneckomod:SnekBeam+1"],"relics":["sneckomod:SneckoSoul","Molten Egg 2","downfall:HeartBlessingRed","Replay:Bottled Steam","conspire:RunicOctahedron","halation:LettersToHer","White Beast Statue","downfall:HeartBlessingGreen"],"potions_floor_usage":[16,16,16,21,25,25],"damage_taken":[{"damage":9,"enemies":"Small Slimes","floor":3,"turns":3},{"damage":11,"enemies":"Jaw Worm","floor":4,"turns":2},{"damage":4,"enemies":"Cultist","floor":6,"turns":3},{"damage":10,"enemies":"downfall:FleeingMerchant","floor":8,"turns":4},{"damage":6,"enemies":"Blue Slaver","floor":11,"turns":3},{"damage":0,"enemies":"Large Slime","floor":12,"turns":3},{"damage":2,"enemies":"2 Fungi Beasts","floor":14,"turns":3},{"damage":13,"enemies":"3 Louse","floor":15,"turns":3},{"damage":48,"enemies":"downfall:CharBossSilent","floor":16,"turns":6},{"damage":55,"enemies":"3 Byrds","floor":21,"turns":5},{"damage":0,"enemies":"Spheric Guardian","floor":22,"turns":2},{"damage":44,"enemies":"Slavers","floor":25,"turns":8},{"damage":97,"enemies":"Book of Stabbing","floor":27,"turns":6}],"seed_played":"9150415241359323685","potions_obtained":[{"floor":6,"key":"Swift Potion"},{"floor":12,"key":"EssenceOfSteel"},{"floor":14,"key":"PowerPotion"},{"floor":16,"key":"Death Potion"},{"floor":21,"key":"FairyPotion"},{"floor":23,"key":"SkillPotion"},{"floor":23,"key":"DuplicationPotion"}],"is_trial":false,"path_per_floor":["R","?","M","M","R","M","T","$","?","R","M","M","?","M","M","B",null,"R","?","?","M","M","?","T","E","R","E"],"character_chosen":"THE_SNECKO","items_purchased":[],"campfire_rested":2,"item_purchase_floors":[],"current_hp_per_floor":[99,99,90,80,80,81,81,71,48,78,72,73,73,71,59,11,103,103,113,113,60,61,61,61,18,53,0,0],"gold":56,"neow_bonus":"TEN_PERCENT_HP_BONUS","is_prod":false,"is_daily":false,"chose_seed":false,"campfire_upgraded":2,"win_rate":0.0,"timestamp":1607575595,"path_taken":["R","?","M","M","R","M","T","$","?","R","?","M","?","M","M","BOSS","R","?","?","M","?","?","T","E","R","E"],"build_version":"2020-11-30","purchased_purges":0,"victory":false,"max_hp_per_floor":[99,99,99,100,100,101,101,101,101,101,101,102,102,102,103,103,103,103,113,113,115,116,116,116,117,117,117,117],"card_choices":[{"not_picked":["sneckomod:DiceBlock","sneckomod:UnknownVulnerable"],"picked":"sneckomod:DiceBoulder+1","floor":3},{"not_picked":["sneckomod:DiceBlock","sneckomod:SnakeSap+1"],"picked":"sneckomod:UnknownClassHEXA_GHOST_PURPLE","floor":4},{"not_picked":["sneckomod:UnknownClassBLUE","sneckomod:UnknownWeak"],"picked":"sneckomod:UnknownVulnerable","floor":6},{"not_picked":["sneckomod:UnknownClassSLIMEBOUND","sneckomod:UnknownVulnerable"],"picked":"sneckomod:DiceCrush+1","floor":11},{"not_picked":["sneckomod:UnknownWeak","sneckomod:Nope"],"picked":"sneckomod:Unknown0Cost","floor":12},{"not_picked":["sneckomod:Mudshield","sneckomod:SlitherStrike+1"],"picked":"sneckomod:SnakeSap+1","floor":14},{"not_picked":["sneckomod:WideSting+1","sneckomod:QuickMove"],"picked":"sneckomod:UnknownClassGUARDIAN","floor":15},{"not_picked":["sneckomod:SoulExchange","sneckomod:DangerNoodle+1"],"picked":"sneckomod:MorePower","floor":16},{"not_picked":["sneckomod:UnknownClassBLUE+1","sneckomod:UnknownEthereal+1"],"picked":"sneckomod:UnknownClassEV_BLUE_COLOR+1","floor":21},{"not_picked":["sneckomod:SlitherStrike+1","sneckomod:SnakeSap+1"],"picked":"sneckomod:UnknownX+1","floor":21},{"not_picked":["sneckomod:UnknownClassEV_BLUE_COLOR+1","sneckomod:UnknownUncommonPower+1"],"picked":"sneckomod:UnknownClassSLIMEBOUND+1","floor":22},{"not_picked":["sneckomod:UnknownStrike+1","sneckomod:RainOfDice+1"],"picked":"sneckomod:DiceBlock","floor":22},{"not_picked":["sneckomod:Unknown2Cost+1","sneckomod:UnknownClassEV_BLUE_COLOR+1"],"picked":"sneckomod:UnknownClassGREEN+1","floor":25},{"not_picked":["sneckomod:UnknownClassSILVER","sneckomod:Nope"],"picked":"sneckomod:SnekBeam+1","floor":25}],"player_experience":516057,"relics_obtained":[{"floor":7,"key":"Replay:Bottled Steam"},{"floor":24,"key":"halation:LettersToHer"},{"floor":25,"key":"White Beast Statue"}],"event_choices":[{"damage_healed":0,"gold_gain":0,"player_choice":"RE ","damage_taken":25,"relics_obtained":["CCEMRelics:Barrel"],"max_hp_gain":0,"max_hp_loss":0,"event_name":"betterSkull:BetterSkull","floor":9,"gold_loss":0,"cards_upgraded":[]},{"cards_removed":["Spreading Infection"],"damage_healed":0,"gold_gain":0,"player_choice":"Purged","damage_taken":0,"max_hp_gain":0,"max_hp_loss":0,"event_name":"Purifier","floor":20,"gold_loss":0}],"is_beta":false,"boss_relics":[{"not_picked":["Replay:Drink Me","ReplayTheSpireMod:DimensionalGlitch"],"picked":"conspire:RunicOctahedron"}],"items_purged_floors":[],"is_endless":false,"potions_floor_spawned":[6,12,14,16,21],"killed_by":"Book of Stabbing","ascension_level":0}}