{"host":"vcrofm1hbk0ziuql","time":1607588244,"event":{"gold_per_floor":[12,12,30,55,55,55,88,88,165,165,204,225,256,279,279,402,402,415,16,30,30,129,129,154,219,219,144,144,188,188,231,231,355,355,398,417,417,430,430,490,490,490,517,548,548,591,603,615,627,639,651,663,30,74,74,74],"floor_reached":55,"playtime":4215,"items_purged":["Decay","Doubt"],"score":961,"play_id":"3a7b8d8f-4edb-49ed-93b6-d641c7caf5c4","local_time":"20201210081724","is_ascension_mode":false,"campfire_choices":[{"floor":6,"key":"REST"},{"floor":8,"key":"REST"},{"data":"ThirdEye","floor":15,"key":"SMITH"},{"data":"CutThroughFate","floor":23,"key":"SMITH"},{"data":"Wireheading","floor":28,"key":"SMITH"},{"data":"Judgement","floor":32,"key":"SMITH"},{"floor":41,"key":"REST"},{"floor":45,"key":"RECALL"},{"data":"1","floor":49,"key":"LIFT"},{"data":"2","floor":52,"key":"LIFT"}],"neow_cost":"NO_GOLD","seed_source_timestamp":0,"circlet_count":0,"master_deck":["Strike_P","Strike_P","Strike_P","Defend_P","Defend_P","Defend_P","Defend_P","Eruption+1","Vigilance+1","Judgement+1","Conclude","CutThroughFate+1","Evaluate","FlyingSleeves+1","ThirdEye+1","Tantrum+1","Wallop+1","DevaForm","Adaptation","Wireheading+1","ClearTheMind","Wish","SashWhip+1","Nirvana","Nirvana","Establishment","Worship+1","Nirvana","Protect+1","Impatience","Nirvana+1","Protect","Brilliance+1"],"special_seed":0,"relics":["PureWater","Golden Idol","Damaru","Molten Egg 2","Dead Branch","Bag of Marbles","Black Star","Bottled Tornado","Calipers","Oddly Smooth Stone","Blue Candle","Sundial","FossilizedHelix","Runic Pyramid","Smiling Mask","Pantograph","Nunchaku","Girya","Bottled Flame","MawBank","MealTicket","InkBottle","Medical Kit","Lantern","White Beast Statue","Bottled Lightning"],"potions_floor_usage":[16,16,18,29,29,30,30,35,46,50,50,54],"damage_taken":[{"damage":0,"enemies":"2 Louse","floor":1,"turns":2},{"damage":0,"enemies":"Cultist","floor":3,"turns":2},{"damage":0,"enemies":"Small Slimes","floor":4,"turns":2},{"damage":21,"enemies":"Lagavulin","floor":7,"turns":8},{"damage":28,"enemies":"Gremlin Nob","floor":11,"turns":5},{"damage":2,"enemies":"Looter","floor":12,"turns":2},{"damage":6,"enemies":"3 Sentries","floor":13,"turns":6},{"damage":2,"enemies":"Large Slime","floor":14,"turns":4},{"damage":20,"enemies":"The Guardian","floor":16,"turns":10},{"damage":6,"enemies":"Chosen","floor":18,"turns":4},{"damage":0,"enemies":"3 Byrds","floor":20,"turns":4},{"damage":1,"enemies":"Snecko","floor":24,"turns":4},{"damage":4,"enemies":"Gremlin Leader","floor":25,"turns":5},{"damage":1,"enemies":"Book of Stabbing","floor":29,"turns":7},{"damage":10,"enemies":"Shelled Parasite and Fungi","floor":30,"turns":4},{"damage":0,"enemies":"3 Cultists","floor":31,"turns":5},{"damage":0,"enemies":"Automaton","floor":33,"turns":7},{"damage":16,"enemies":"3 Darklings","floor":35,"turns":4},{"damage":0,"enemies":"Orb Walker","floor":36,"turns":3},{"damage":43,"enemies":"3 Darklings","floor":38,"turns":4},{"damage":0,"enemies":"Nemesis","floor":40,"turns":8},{"damage":0,"enemies":"Giant Head","floor":44,"turns":8},{"damage":9,"enemies":"Nemesis","floor":46,"turns":7},{"damage":19,"enemies":"Donu and Deca","floor":50,"turns":8},{"damage":55,"enemies":"Shield and Spear","floor":54,"turns":6},{"damage":39,"enemies":"The Heart","floor":55,"turns":3}],"seed_played":"920523919786386051","potions_obtained":[{"floor":1,"key":"SkillPotion"},{"floor":7,"key":"SmokeBomb"},{"floor":13,"key":"DistilledChaos"},{"floor":16,"key":"ColorlessPotion"},{"floor":20,"key":"GamblersBrew"},{"floor":25,"key":"hexamod:EctoCoolerPotion"},{"floor":29,"key":"Energy Potion"},{"floor":33,"key":"CultistPotion"},{"floor":35,"key":"CultistPotion"},{"floor":36,"key":"Strength Potion"},{"floor":38,"key":"Ancient Potion"},{"floor":44,"key":"Weak Potion"}],"is_trial":false,"path_per_floor":["M","?","M","M","?","R","E","R","T","?","E","M","E","M","R","B",null,"M","$","M","T","?","R","M","E","T","?","R","E","M","M","R","B",null,"M","M","?","M","?","E","R","?","T","E","R","E","?","T","R","B",null,"R","$","E","B"],"character_chosen":"WATCHER","items_purchased":["Bottled Tornado","Wireheading","FearPotion","Swift Potion","Explosive Potion","Medical Kit","Brilliance+1","Lantern"],"campfire_rested":3,"item_purchase_floors":[19,19,53,53,53,53,53,53],"current_hp_per_floor":[72,54,54,54,40,61,40,61,61,61,33,31,25,23,23,3,72,66,66,66,66,66,66,65,61,61,61,61,60,50,50,50,50,72,56,56,56,13,13,13,34,34,34,34,34,25,68,68,68,49,68,68,68,13,0,0],"gold":74,"neow_bonus":"THREE_RARE_CARDS","is_prod":false,"is_daily":false,"chose_seed":false,"campfire_upgraded":4,"win_rate":0,"timestamp":1607588244,"path_taken":["M","?","M","M","?","R","E","R","T","?","E","M","E","M","R","BOSS","M","$","?","?","?","R","M","E","T","?","R","E","M","M","R","BOSS","M","M","?","M","?","E","R","?","T","E","R","E","?","?","R","BOSS","R","$","E","BOSS"],"build_version":"2020-11-30","purchased_purges":2,"victory":false,"max_hp_per_floor":[72,72,72,72,72,72,72,72,72,72,72,72,72,72,72,72,72,72,72,72,72,72,72,72,72,72,72,72,72,72,72,72,72,72,72,72,72,72,72,72,72,68,68,68,68,68,68,68,68,68,68,68,68,68,68,68],"card_choices":[{"not_picked":["MasterReality","Establishment"],"picked":"Judgement","floor":0.0},{"not_picked":["BowlingBash","JustLucky"],"picked":"Conclude","floor":1},{"not_picked":["FlurryOfBlows","PathToVictory"],"picked":"CutThroughFate","floor":3},{"not_picked":["EmptyFist","BowlingBash"],"picked":"Evaluate","floor":4},{"not_picked":["Alpha","JustLucky","EmptyFist"],"picked":"SKIP","floor":7},{"not_picked":["ThirdEye","Nirvana"],"picked":"FlyingSleeves+1","floor":11},{"not_picked":["Conclude+1","EmptyFist+1"],"picked":"ThirdEye","floor":12},{"not_picked":["Vault","Vengeance"],"picked":"Tantrum+1","floor":13},{"not_picked":["PathToVictory","BowlingBash+1"],"picked":"Wallop+1","floor":14},{"not_picked":["Vault","Judgement"],"picked":"DevaForm","floor":16},{"not_picked":["Evaluate","SignatureMove+1"],"picked":"Adaptation","floor":18},{"not_picked":["BowlingBash+1","Crescendo"],"picked":"ClearTheMind","floor":20},{"not_picked":["WindmillStrike+1","Wallop+1"],"picked":"Wish","floor":24},{"not_picked":["CutThroughFate+1","Evaluate+1"],"picked":"SashWhip+1","floor":25},{"not_picked":["Pray+1","Prostrate"],"picked":"Nirvana","floor":29},{"not_picked":["Vengeance","InnerPeace"],"picked":"Nirvana","floor":31},{"not_picked":["Brilliance+1","Judgement"],"picked":"Establishment","floor":33},{"not_picked":["Prostrate+1","Halt+1"],"picked":"Worship+1","floor":35},{"not_picked":["PathToVictory","ForeignInfluence+1"],"picked":"Nirvana","floor":36},{"not_picked":["FlyingSleeves+1","ThirdEye"],"picked":"Protect+1","floor":38},{"not_picked":["Good Instincts","Swift Strike+1"],"picked":"Impatience","floor":39},{"not_picked":["CarveReality+1","EmptyBody","FlyingSleeves+1"],"picked":"SKIP","floor":40},{"not_picked":["EmptyMind","ThirdEye+1"],"picked":"Nirvana+1","floor":44},{"not_picked":["FearNoEvil+1","CarveReality+1"],"picked":"Protect","floor":46},{"not_picked":["WaveOfTheHand+1","ThirdEye+1","CrushJoints+1"],"picked":"SKIP","floor":54}],"player_experience":535296,"relics_obtained":[{"floor":7,"key":"Damaru"},{"floor":9,"key":"Molten Egg 2"},{"floor":11,"key":"Dead Branch"},{"floor":13,"key":"Bag of Marbles"},{"floor":21,"key":"Calipers"},{"floor":25,"key":"Oddly Smooth Stone"},{"floor":25,"key":"Blue Candle"},{"floor":29,"key":"Sundial"},{"floor":29,"key":"FossilizedHelix"},{"floor":40,"key":"Smiling Mask"},{"floor":40,"key":"Pantograph"},{"floor":43,"key":"Nunchaku"},{"floor":44,"key":"Girya"},{"floor":44,"key":"Bottled Flame"},{"floor":46,"key":"MawBank"},{"floor":46,"key":"MealTicket"},{"floor":48,"key":"InkBottle"},{"floor":54,"key":"White Beast Statue"},{"floor":54,"key":"Bottled Lightning"}],"event_choices":[{"damage_healed":0,"gold_gain":0,"player_choice":"Take Damage","damage_taken":18,"relics_obtained":["Golden Idol"],"max_hp_gain":0,"max_hp_loss":0,"event_name":"Golden Idol","floor":2,"gold_loss":0},{"damage_healed":0,"gold_gain":0,"player_choice":"Entered Light","damage_taken":14,"max_hp_gain":0,"max_hp_loss":0,"event_name":"Shining Light","floor":5,"gold_loss":0,"cards_upgraded":["Vigilance","Eruption"]},{"damage_healed":0,"gold_gain":0,"player_choice":"Cursed","damage_taken":0,"max_hp_gain":0,"max_hp_loss":0,"event_name":"Wheel of Change","floor":10,"gold_loss":0,"cards_obtained":["Decay"]},{"damage_healed":0,"gold_gain":99,"player_choice":"Stole From Cult","damage_taken":0,"max_hp_gain":0,"max_hp_loss":0,"event_name":"Nest","floor":22,"gold_loss":0},{"cards_removed":["Strike_P"],"damage_healed":0,"gold_gain":0,"player_choice":"Gave Gold","damage_taken":0,"max_hp_gain":0,"max_hp_loss":0,"event_name":"Beggar","floor":27,"gold_loss":75},{"damage_healed":0,"gold_gain":0,"player_choice":"Ignored","damage_taken":0,"max_hp_gain":0,"max_hp_loss":0,"event_name":"Tomb of Lord Red Mask","floor":37,"gold_loss":0},{"damage_healed":0,"gold_gain":0,"player_choice":"Memory 1","damage_taken":0,"max_hp_gain":0,"max_hp_loss":0,"event_name":"SensoryStone","floor":39,"gold_loss":0},{"damage_healed":0,"gold_gain":0,"player_choice":"Max HP","damage_taken":0,"max_hp_gain":0,"max_hp_loss":4,"event_name":"Winding Halls","floor":42,"gold_loss":0},{"damage_healed":43,"gold_gain":0,"player_choice":"Heal","damage_taken":0,"max_hp_gain":0,"max_hp_loss":0,"event_name":"MindBloom","floor":47,"gold_loss":0,"cards_obtained":["Doubt"]}],"is_beta":false,"boss_relics":[{"not_picked":["HolyWater","Snecko Eye"],"picked":"Black Star"},{"not_picked":["Fusion Hammer","Philosopher\u0027s Stone"],"picked":"Runic Pyramid"}],"items_purged_floors":[19,53],"is_endless":false,"potions_floor_spawned":[1,7,13,16,20,25,29,33,35,36,38,44],"killed_by":"The Heart","ascension_level":0}}