{"host":"yaxsefyig1et0yi2","time":1607578840,"event":{"gold_per_floor":[114,114,41,52,2,28,28,47,96,121,121,146,157,25,25,25,25],"floor_reached":16,"playtime":737,"items_purged":[],"score":133,"play_id":"dfa24eab-76d7-4a5d-bcfa-67ee1caacee0","local_time":"20201210004040","is_ascension_mode":false,"campfire_choices":[{"data":"hermit:TakeAim","floor":7,"key":"SMITH"},{"data":"hermit:Covet","floor":11,"key":"SMITH"},{"data":"hermit:CursedWeapon","floor":15,"key":"SMITH"}],"neow_cost":"NONE","seed_source_timestamp":16214805804400,"circlet_count":0,"master_deck":["hermit:Strike_Hermit","hermit:Strike_Hermit","hermit:Strike_Hermit","hermit:Strike_Hermit","hermit:Defend_Hermit","hermit:Defend_Hermit","hermit:Defend_Hermit","hermit:Defend_Hermit","hermit:Snapshot","hermit:Covet+1","hermit:PistolWhip","Trip","Regret","hermit:ShadowCloak","hermit:TakeAim+1","hermit:TrackingShot","hermit:ShadowCloak","hermit:WideOpen","hermit:GhostlyPresence","hermit:Snipe","hermit:Determination+1","hermit:CursedWeapon+1"],"relics":["hermit:Momento","NeowsBlessing","Unceasing Top","Omamori","Bag of Marbles","halation:PrussianBluePaint","Odd Mushroom"],"potions_floor_usage":[12,12],"damage_taken":[{"damage":0,"enemies":"Small Slimes","floor":1,"turns":1},{"damage":0,"enemies":"Cultist","floor":4,"turns":1},{"damage":0,"enemies":"Gremlin Nob","floor":6,"turns":1},{"damage":6,"enemies":"conspire:RoseBush","floor":8,"turns":4},{"damage":51,"enemies":"3 Sentries","floor":10,"turns":12},{"damage":1,"enemies":"The Mushroom Lair","floor":12,"turns":4},{"damage":6,"enemies":"Blue Slaver","floor":13,"turns":3},{"damage":20,"enemies":"Fading Forest","floor":16,"turns":4}],"seed_played":"4000103275931593113","potions_obtained":[{"floor":6,"key":"SteroidPotion"},{"floor":8,"key":"ColorlessPotion"},{"floor":10,"key":"hermit:Tonic"},{"floor":13,"key":"Cursed Concoction"}],"is_trial":false,"path_per_floor":["M","?","$","M","?","E","R","M","T","E","R","?","M","$","R","B"],"character_chosen":"HERMIT","items_purchased":["hermit:ShadowCloak","hermit:Determination+1","hermit:CursedWeapon"],"campfire_rested":0,"item_purchase_floors":[3,14,14],"current_hp_per_floor":[75,75,75,75,75,75,75,69,69,18,18,17,11,11,11,0,0],"gold":25,"neow_bonus":"THREE_ENEMY_KILL","is_prod":false,"is_daily":false,"chose_seed":false,"campfire_upgraded":3,"win_rate":0.0,"timestamp":1607578840,"path_taken":["M","?","?","?","?","E","R","?","T","E","R","?","M","$","R","BOSS"],"build_version":"2020-11-30","purchased_purges":0,"victory":false,"max_hp_per_floor":[75,75,75,75,75,75,75,75,75,75,75,75,75,75,75,75,75],"card_choices":[{"not_picked":["hermit:BodyArmor","hermit:Desperado"],"picked":"hermit:PistolWhip","floor":1},{"not_picked":["hermit:ItchyTrigger","hermit:Ricochet"],"picked":"hermit:TakeAim","floor":4},{"not_picked":["hermit:Purgatory","hermit:DeadMansHand"],"picked":"hermit:TrackingShot","floor":6},{"not_picked":["hermit:LowProfile","hermit:Scavenge"],"picked":"hermit:ShadowCloak","floor":8},{"not_picked":["hermit:ShadowCloak","hermit:SprayPray"],"picked":"hermit:WideOpen","floor":10},{"not_picked":["hermit:Glare","hermit:ShadowCloak"],"picked":"hermit:GhostlyPresence","floor":12},{"not_picked":["hermit:LowProfile","hermit:TakeAim"],"picked":"hermit:Snipe","floor":13}],"player_experience":234253,"relics_obtained":[{"floor":6,"key":"Omamori"},{"floor":9,"key":"Bag of Marbles"},{"floor":10,"key":"halation:PrussianBluePaint"},{"floor":12,"key":"Odd Mushroom"}],"event_choices":[{"damage_healed":0,"gold_gain":0,"player_choice":"2 cards matched","damage_taken":0,"max_hp_gain":0,"max_hp_loss":0,"event_name":"Match and Keep!","floor":2,"gold_loss":0,"cards_obtained":["Trip","Regret"]},{"damage_healed":0,"gold_gain":0,"player_choice":"Paid Gold","damage_taken":0,"relics_obtained":["Unceasing Top"],"max_hp_gain":0,"max_hp_loss":0,"event_name":"WeMeetAgain","floor":5,"gold_loss":50},{"damage_healed":0,"gold_gain":0,"player_choice":"Fought Mushrooms","damage_taken":0,"max_hp_gain":0,"max_hp_loss":0,"event_name":"Mushrooms","floor":12,"gold_loss":0}],"is_beta":false,"boss_relics":[],"items_purged_floors":[],"is_endless":false,"potions_floor_spawned":[6,8,10,13],"killed_by":"Fading Forest","ascension_level":0}}