{"host":"p084pgp93u1tv48k","time":1607641731,"event":{"mods":["BaseMod","StSLib","AchievementEnabler","Hermit","Quick Restart","Minty Spire (QoL Compilation)","A Magickal Journey","The Mystic"],"gold_per_floor":[118,130,80,94,107,107,125,151,151,170,20,38,54,88,88,193,193,210,210,210,227,326,326,326,326],"floor_reached":24,"playtime":1469,"items_purged":["hermit:Strike_Hermit"],"score":210,"play_id":"02a25083-71e6-4320-a6ad-831a2ad3481e","local_time":"20201210183851","is_ascension_mode":false,"campfire_choices":[{"data":"hermit:Determination","floor":6,"key":"SMITH"},{"data":"hermit:Coalescence","floor":15,"key":"SMITH"},{"data":"hermit:Desperado","floor":23,"key":"SMITH"}],"circlet_count":0,"master_deck":["hermit:Strike_Hermit","hermit:Strike_Hermit","hermit:Strike_Hermit","hermit:Defend_Hermit","hermit:Defend_Hermit","hermit:Defend_Hermit","hermit:Snapshot","hermit:Covet","hermit:Determination+1","hermit:Dive","hermit:Gestalt","hermit:BigShot","hermit:Reprieve","hermit:TakeAim","hermit:Coalescence+1","hermit:Headshot","hermit:LowProfile","hermit:Glare","hermit:LoneWolf","hermit:Dissolve","hermit:Coalescence+1","Necronomicurse","hermit:Desperado+1"],"relics":["hermit:Momento","NeowsBlessing","Du-Vu Doll","Pear","Toy Ornithopter","Sozu","Necronomicon"],"acts_visited":["Exordium","TheCity"],"potions_floor_usage":[8,10,14,16],"damage_taken":[{"damage":0,"enemies":"Jaw Worm","floor":1,"turns":1},{"damage":0,"enemies":"2 Louse","floor":2,"turns":1},{"damage":0,"enemies":"Small Slimes","floor":4,"turns":1},{"damage":2,"enemies":"Looter","floor":5,"turns":4},{"damage":6,"enemies":"Exordium Thugs","floor":7,"turns":4},{"damage":9,"enemies":"Gremlin Nob","floor":8,"turns":4},{"damage":8,"enemies":"Red Slaver","floor":10,"turns":2},{"damage":8,"enemies":"Exordium Wildlife","floor":12,"turns":5},{"damage":0,"enemies":"Large Slime","floor":13,"turns":9},{"damage":4,"enemies":"Lagavulin","floor":14,"turns":7},{"damage":50,"enemies":"Hexaghost","floor":16,"turns":12},{"damage":47,"enemies":"3 Byrds","floor":18,"turns":11},{"damage":11,"enemies":"2 Thieves","floor":21,"turns":4},{"damage":42,"enemies":"Book of Stabbing","floor":24,"turns":3}],"seed_played":"-4524783492722051269","potions_obtained":[{"floor":1,"key":"LiquidMemories"},{"floor":5,"key":"AttackPotion"},{"floor":7,"key":"Swift Potion"},{"floor":8,"key":"Explosive Potion"}],"is_trial":false,"path_per_floor":["M","M","?","M","M","R","M","E","T","M","$","M","M","E","R","B",null,"M","?","?","M","?","R","E"],"character_chosen":"HERMIT","items_purchased":["hermit:Coalescence","hermit:Headshot"],"campfire_rested":0,"item_purchase_floors":[11,11],"current_hp_per_floor":[75,75,75,75,73,73,67,58,68,60,60,52,52,48,48,3,85,38,22,22,19,19,19,0,0],"gold":326,"neow_bonus":"THREE_ENEMY_KILL","is_daily":false,"chose_seed":false,"campfire_upgraded":3,"win_rate":0.0,"timestamp":1607641731,"path_taken":["M","M","?","M","M","R","M","E","T","M","$","M","M","E","R","BOSS","M","?","?","M","?","R","E"],"build_version":"2020-11-30","purchased_purges":1,"victory":false,"max_hp_per_floor":[75,75,75,75,75,75,75,75,85,85,85,85,85,85,85,85,85,85,85,85,85,85,85,85,85],"card_choices":[{"not_picked":["hermit:EyeOfTheStorm","hermit:LowProfile"],"picked":"hermit:Determination","floor":1},{"not_picked":["hermit:Ricochet","hermit:Feint"],"picked":"hermit:Dive","floor":2},{"not_picked":["hermit:Magnum","hermit:Vantage"],"picked":"hermit:Gestalt","floor":4},{"not_picked":["hermit:Headshot","hermit:Quickdraw"],"picked":"hermit:BigShot","floor":5},{"not_picked":["hermit:Headshot","hermit:SprayPray","hermit:WideOpen"],"picked":"SKIP","floor":7},{"not_picked":["hermit:Headshot","hermit:Grudge"],"picked":"hermit:Reprieve","floor":8},{"not_picked":["hermit:Headshot","hermit:TrackingShot"],"picked":"hermit:TakeAim","floor":10},{"not_picked":["hermit:Misfire","hermit:Roulette"],"picked":"hermit:LowProfile","floor":12},{"not_picked":["hermit:Maintenance","hermit:Manifest"],"picked":"hermit:Glare","floor":13},{"not_picked":["hermit:HighCaliber","hermit:Malice"],"picked":"hermit:LoneWolf","floor":14},{"not_picked":["hermit:Gambit","hermit:RoundhouseKick"],"picked":"hermit:Dissolve","floor":16},{"not_picked":["hermit:GhostlyPresence+1","hermit:Misfire"],"picked":"hermit:Coalescence+1","floor":18},{"not_picked":["hermit:Feint+1","hermit:LowProfile","hermit:ItchyTrigger"],"picked":"SKIP","floor":21}],"player_experience":83532,"relics_obtained":[{"floor":8,"key":"Du-Vu Doll"},{"floor":9,"key":"Pear"},{"floor":14,"key":"Toy Ornithopter"},{"floor":19,"key":"Necronomicon"}],"event_choices":[{"cards_removed":["hermit:Defend_Hermit"],"damage_healed":0,"gold_gain":0,"player_choice":"Card Removal","damage_taken":0,"max_hp_gain":0,"max_hp_loss":0,"event_name":"The Cleric","floor":3,"gold_loss":50},{"damage_healed":0,"gold_gain":0,"player_choice":"Obtained Book","damage_taken":16,"max_hp_gain":0,"max_hp_loss":0,"event_name":"Cursed Tome","floor":19,"gold_loss":0},{"damage_healed":0,"gold_gain":0,"player_choice":"Read","damage_taken":0,"max_hp_gain":0,"max_hp_loss":0,"event_name":"The Library","floor":20,"gold_loss":0,"cards_obtained":["hermit:Desperado"]},{"damage_healed":0,"gold_gain":99,"player_choice":"Stole From Cult","damage_taken":0,"max_hp_gain":0,"max_hp_loss":0,"event_name":"Nest","floor":22,"gold_loss":0}],"is_beta":false,"boss_relics":[{"not_picked":["Fusion Hammer","Tiny House"],"picked":"Sozu"}],"items_purged_floors":[11],"is_endless":false,"potions_floor_spawned":[1,5,7,8],"killed_by":"Book of Stabbing","ascension_level":0}}