{"host":"hjw1ay65n7jm40lc","time":1607564090,"event":{"gold_per_floor":[111,41,60,60,75,108,108,108,132,32,59,74,107,107,107,205,205,218,233,4,16,16,50,50,85,111,146,146,146,146,164,164,267,267,284,284,300,350,368,368,694,694,694,724,741,768,768,768,768,768,768,768,125,159,159],"floor_reached":56,"playtime":8635,"items_purged":["Strike_R"],"score":1811,"play_id":"d868fd46-ecc5-46d1-bb7a-889a98a8abae","local_time":"20201209203450","is_ascension_mode":true,"campfire_choices":[{"data":"Armaments","floor":8.0,"key":"SMITH"},{"data":"Evolve","floor":15.0,"key":"SMITH"},{"floor":24.0,"key":"REST"},{"data":"Uppercut","floor":28.0,"key":"SMITH"},{"data":"Impervious","floor":30.0,"key":"SMITH"},{"data":"Limit Break","floor":32.0,"key":"SMITH"},{"data":"Barricade","floor":40.0,"key":"SMITH"},{"floor":47.0,"key":"RECALL"},{"data":"Exhume","floor":49.0,"key":"SMITH"},{"data":"Shrug It Off","floor":52,"key":"SMITH"}],"neow_cost":"NONE","seed_source_timestamp":49199452354200,"circlet_count":0,"master_deck":["Strike_R","Strike_R","Defend_R","Defend_R","Defend_R","Defend_R","Bash","Pommel Strike+1","Hemokinesis","Evolve+1","Armaments+1","Anger+1","Wild Strike","Impervious+1","Barricade+1","Shrug It Off+1","Uppercut+1","Reaper","Disarm+1","Anger","Limit Break+1","True Grit+1","Reaper","Battle Trance+1","Shockwave+1","Exhume+1","Decay","Power Through","Burning Pact"],"special_seed":0,"relics":["Burning Blood","Blood Vial","Lantern","Oddly Smooth Stone","Vajra","CaptainsWheel","Sozu","Nilry\u0027s Codex","TungstenRod","Juzu Bracelet","Ancient Tea Set","Potion Belt","Mark of Pain","Torii","Old Coin","Nunchaku","Whetstone","Shuriken","Sling","Bronze Scales","Orichalcum"],"potions_floor_usage":[50,50],"damage_taken":[{"damage":6.0,"enemies":"Cultist","floor":1.0,"turns":4.0},{"damage":2.0,"enemies":"Small Slimes","floor":3.0,"turns":3.0},{"damage":11.0,"enemies":"Jaw Worm","floor":5.0,"turns":4.0},{"damage":41.0,"enemies":"Lagavulin","floor":6.0,"turns":8.0},{"damage":10.0,"enemies":"Gremlin Nob","floor":11.0,"turns":3.0},{"damage":8.0,"enemies":"Large Slime","floor":12.0,"turns":3.0},{"damage":29.0,"enemies":"3 Sentries","floor":13.0,"turns":7.0},{"damage":28.0,"enemies":"Hexaghost","floor":16.0,"turns":8.0},{"damage":6.0,"enemies":"Chosen","floor":18.0,"turns":5.0},{"damage":3.0,"enemies":"Shell Parasite","floor":19.0,"turns":6.0},{"damage":4.0,"enemies":"Chosen and Byrds","floor":21.0,"turns":6.0},{"damage":54.0,"enemies":"Gremlin Leader","floor":23.0,"turns":9.0},{"damage":9.0,"enemies":"Book of Stabbing","floor":25.0,"turns":7.0},{"damage":30.0,"enemies":"Slavers","floor":27.0,"turns":7.0},{"damage":11.0,"enemies":"Snecko","floor":31.0,"turns":5.0},{"damage":46.0,"enemies":"Champ","floor":33.0,"turns":9.0},{"damage":46.0,"enemies":"3 Darklings","floor":35.0,"turns":7.0},{"damage":6.0,"enemies":"Orb Walker","floor":37.0,"turns":4.0},{"damage":2.0,"enemies":"Mind Bloom Boss Battle","floor":38.0,"turns":7.0},{"damage":1.0,"enemies":"Transient","floor":39.0,"turns":5.0},{"damage":1.0,"enemies":"Giant Head","floor":41.0,"turns":8.0},{"damage":42.0,"enemies":"Reptomancer","floor":44.0,"turns":12.0},{"damage":0.0,"enemies":"Writhing Mass","floor":45.0,"turns":7.0},{"damage":1.0,"enemies":"Giant Head","floor":46.0,"turns":7.0},{"damage":81,"enemies":"Donu and Deca","floor":50,"turns":12},{"damage":14,"enemies":"Shield and Spear","floor":54,"turns":6},{"damage":31,"enemies":"The Heart","floor":55,"turns":11}],"seed_played":"-2314320970071703852","potions_obtained":[{"floor":3.0,"key":"BloodPotion"},{"floor":5.0,"key":"Strength Potion"}],"is_trial":false,"path_per_floor":["M","$","M","?","M","E","?","R","T","$","E","M","E","?","R","B",null,"M","M","$","M","?","E","R","E","T","E","R","?","R","M","R","B",null,"M","$","M","?","M","R","E","?","T","E","M","E","R","?","R","B",null,"R","$","E","B",null],"character_chosen":"IRONCLAD","items_purchased":["Hemokinesis","AttackPotion","Swift Potion","Reaper","Disarm","Shuriken","Sling","Bronze Scales","Power Through"],"campfire_rested":1,"item_purchase_floors":[2,10,10,20,20,53,53,53,53],"current_hp_per_floor":[74,74,80,80,75,42,68,68,68,68,66,66,45,45,45,25,66,68,73,73,80,64,33,57,65,65,54,54,54,54,57,57,28,67,63,63,80,80,80,80,80,80,80,80,80,80,80,80,80,41,70,70,70,72,74],"gold":159,"neow_bonus":"RANDOM_COMMON_RELIC","is_prod":false,"is_daily":false,"chose_seed":false,"campfire_upgraded":8,"win_rate":0,"timestamp":1607564090,"path_taken":["M","$","M","?","M","E","?","R","T","?","E","M","E","?","R","BOSS","M","M","?","M","?","E","R","E","T","E","R","?","R","M","R","BOSS","M","?","M","?","M","R","E","?","T","E","M","E","R","?","R","BOSS","R","$","E","BOSS"],"build_version":"2020-11-30","purchased_purges":1,"victory":true,"max_hp_per_floor":[80,80,80,80,80,80,80,80,80,80,80,80,80,80,80,80,80,80,80,80,80,80,80,80,80,80,80,80,80,80,80,80,80,80,80,80,80,80,80,80,80,80,80,80,80,80,80,80,80,80,80,80,80,80,80],"relic_stats":{"Torii":60,"counters":[27,180],"Juzu Bracelet":2,"Whetstone":["Pommel Strike","Anger"],"Orichalcum":[12],"Burning Blood":124,"Blood Vial":38,"Sozu":9,"Nunchaku":[9],"Shuriken":[8],"Bronze Scales":[171],"obtain_stats":[{"Potion Belt":27,"Lantern":6,"Torii":38,"Nilry\u0027s Codex":22,"Oddly Smooth Stone":9,"Vajra":11,"Juzu Bracelet":25,"Whetstone":46,"Orichalcum":54,"Ancient Tea Set":26,"Sling":53,"Burning Blood":0,"Old Coin":41,"Blood Vial":0,"Sozu":17,"CaptainsWheel":13,"Nunchaku":44,"Shuriken":53,"Bronze Scales":53,"Mark of Pain":34,"TungstenRod":23},{"Potion Belt":14,"Lantern":4,"Torii":19,"Nilry\u0027s Codex":11,"Oddly Smooth Stone":4,"Vajra":5,"Juzu Bracelet":13,"Whetstone":24,"Orichalcum":26,"Ancient Tea Set":13,"Sling":25,"Burning Blood":0,"Old Coin":21,"Blood Vial":0,"Sozu":8,"CaptainsWheel":7,"Nunchaku":22,"Shuriken":25,"Bronze Scales":25,"Mark of Pain":16,"TungstenRod":12},{"Potion Belt":80,"Lantern":19,"Torii":112,"Nilry\u0027s Codex":57,"Oddly Smooth Stone":19,"Vajra":22,"Juzu Bracelet":73,"Whetstone":151,"Orichalcum":169,"Ancient Tea Set":73,"Sling":163,"Burning Blood":0,"Old Coin":125,"Blood Vial":0,"Sozu":40,"CaptainsWheel":32,"Nunchaku":137,"Shuriken":163,"Bronze Scales":163,"Mark of Pain":94,"TungstenRod":66}],"TungstenRod":86},"card_choices":[{"not_picked":["Twin Strike","Sword Boomerang"],"picked":"Pommel Strike","floor":1.0},{"not_picked":["Thunderclap","Dark Embrace","Heavy Blade"],"picked":"SKIP","floor":3.0},{"not_picked":["Sever Soul","Pommel Strike"],"picked":"Armaments","floor":5.0},{"not_picked":["Wild Strike","Sword Boomerang"],"picked":"Anger","floor":6.0},{"not_picked":["Dual Wield","Sentinel"],"picked":"Wild Strike","floor":11.0},{"not_picked":["Sword Boomerang","Clash","Blood for Blood"],"picked":"SKIP","floor":12.0},{"not_picked":["Sentinel","Reckless Charge"],"picked":"Impervious","floor":13.0},{"not_picked":["Exhume","Demon Form"],"picked":"Barricade","floor":16.0},{"not_picked":["Anger+1","Pummel"],"picked":"Shrug It Off","floor":18.0},{"not_picked":["Armaments","Shrug It Off"],"picked":"Uppercut","floor":19.0},{"not_picked":["Iron Wave","Clothesline+1","Berserk"],"picked":"SKIP","floor":21.0},{"not_picked":["Perfected Strike","Seeing Red+1","Body Slam+1"],"picked":"SKIP","floor":23.0},{"not_picked":["Intimidate","Thunderclap","Entrench"],"picked":"SKIP","floor":25.0},{"not_picked":["Twin Strike+1","Shrug It Off","Clothesline+1"],"picked":"SKIP","floor":27.0},{"not_picked":["Intimidate","Perfected Strike"],"picked":"True Grit+1","floor":31.0},{"not_picked":["Feed","Corruption"],"picked":"Reaper","floor":33.0},{"not_picked":["Flex","Wild Strike","Twin Strike+1"],"picked":"SKIP","floor":35.0},{"not_picked":["Sword Boomerang+1","Uppercut","Ghostly Armor+1"],"picked":"SKIP","floor":37.0},{"not_picked":["Intimidate","Clothesline"],"picked":"Battle Trance+1","floor":39.0},{"not_picked":["Havoc+1","Rupture+1","Searing Blow+1"],"picked":"SKIP","floor":41.0},{"not_picked":["Flex+1","Uppercut"],"picked":"Shockwave+1","floor":44.0},{"not_picked":["Clothesline+1","Armaments","Pummel+1"],"picked":"SKIP","floor":45.0},{"not_picked":["Heavy Blade","Havoc+1"],"picked":"Exhume","floor":46.0},{"not_picked":["Rage+1","Second Wind+1"],"picked":"Burning Pact","floor":54}],"player_experience":89969,"relics_obtained":[{"floor":6.0,"key":"Lantern"},{"floor":9.0,"key":"Oddly Smooth Stone"},{"floor":11.0,"key":"Vajra"},{"floor":13.0,"key":"CaptainsWheel"},{"floor":22.0,"key":"Nilry\u0027s Codex"},{"floor":23.0,"key":"TungstenRod"},{"floor":25.0,"key":"Juzu Bracelet"},{"floor":26.0,"key":"Ancient Tea Set"},{"floor":27.0,"key":"Potion Belt"},{"floor":38.0,"key":"Torii"},{"floor":41.0,"key":"Old Coin"},{"floor":44.0,"key":"Nunchaku"},{"floor":46.0,"key":"Whetstone"},{"floor":54,"key":"Orichalcum"}],"event_choices":[{"damage_healed":0.0,"max_hp_gain":0.0,"max_hp_loss":0.0,"gold_gain":0.0,"cards_transformed":["Strike_R"],"event_name":"Living Wall","player_choice":"Change","floor":4.0,"gold_loss":0.0,"damage_taken":0.0,"cards_obtained":["Evolve"]},{"damage_healed":26.0,"max_hp_gain":0.0,"max_hp_loss":0.0,"gold_gain":0.0,"event_name":"Big Fish","player_choice":"Banana","floor":7.0,"gold_loss":0.0,"damage_taken":0.0},{"cards_removed":["Strike_R"],"damage_healed":0.0,"max_hp_gain":0.0,"max_hp_loss":0.0,"gold_gain":0.0,"event_name":"Purifier","player_choice":"Purged","floor":14.0,"gold_loss":0.0,"damage_taken":0.0},{"damage_healed":0.0,"max_hp_gain":0.0,"max_hp_loss":0.0,"gold_gain":0.0,"event_name":"Cursed Tome","player_choice":"Obtained Book","floor":22.0,"gold_loss":0.0,"damage_taken":16.0},{"damage_healed":0.0,"max_hp_gain":0.0,"max_hp_loss":0.0,"gold_gain":0.0,"event_name":"Match and Keep!","player_choice":"2 cards matched","floor":29.0,"gold_loss":0.0,"damage_taken":0.0,"cards_obtained":["Anger","Limit Break"]},{"damage_healed":0.0,"max_hp_gain":0.0,"max_hp_loss":0.0,"gold_gain":0.0,"event_name":"MindBloom","player_choice":"Fight","floor":38.0,"gold_loss":0.0,"damage_taken":0.0},{"damage_healed":0.0,"max_hp_gain":0.0,"max_hp_loss":0.0,"gold_gain":0.0,"event_name":"Upgrade Shrine","player_choice":"Upgraded","floor":42.0,"gold_loss":0.0,"damage_taken":0.0,"cards_upgraded":["Disarm"]},{"damage_healed":0.0,"max_hp_gain":0.0,"max_hp_loss":0.0,"gold_gain":0.0,"event_name":"Wheel of Change","player_choice":"Cursed","floor":48.0,"gold_loss":0.0,"damage_taken":0.0,"cards_obtained":["Decay"]}],"is_beta":false,"boss_relics":[{"not_picked":["Runic Cube","Black Star"],"picked":"Sozu"},{"not_picked":["Astrolabe","Calling Bell"],"picked":"Mark of Pain"}],"items_purged_floors":[53],"is_endless":false,"potions_floor_spawned":[3,5,21,25,27,33,35,39,44,46,54],"ascension_level":9}}