{"host":"vfg9szunmpjwj08o","time":1607600149,"event":{"gold_per_floor":[110,110,128,203,220,220,253,253,303,303,313,313,323,336,336,438,438,450,450,93,105,121,121,147,147,147,147,147,147],"floor_reached":28,"playtime":855,"items_purged":["Pain"],"score":342,"play_id":"48f60c0b-559d-4377-8f77-856977d3e4fb","local_time":"20201210123549","is_ascension_mode":true,"campfire_choices":[{"data":"Eruption","floor":6.0,"key":"SMITH"},{"data":"Perseverance","floor":8.0,"key":"SMITH"},{"floor":10.0,"key":"RECALL"},{"data":"Prostrate","floor":15.0,"key":"SMITH"},{"floor":23,"key":"REST"},{"data":"Meditate","floor":25,"key":"SMITH"}],"neow_cost":"NONE","seed_source_timestamp":89053902594100,"circlet_count":0,"master_deck":["Strike_P+1","Strike_P+1","Strike_P+1","Strike_P+1","Defend_P+1","Defend_P+1","Defend_P+1","Defend_P+1","Eruption+1","Vigilance","Prostrate+1","Perseverance+1","EmptyFist","Evaluate","Wireheading","Devotion","EmptyBody","Prostrate","CutThroughFate","Wallop","InnerPeace","Meditate+1"],"special_seed":0,"relics":["PureWater","NeowsBlessing","WarpedTongs","Toy Ornithopter","SlaversCollar","Tiny Chest","CaptainsWheel","TeardropLocket","The Courier"],"potions_floor_usage":[28],"damage_taken":[{"damage":0.0,"enemies":"Small Slimes","floor":1.0,"turns":1.0},{"damage":1.0,"enemies":"Cultist","floor":3.0,"turns":1.0},{"damage":0.0,"enemies":"Jaw Worm","floor":5.0,"turns":1.0},{"damage":3.0,"enemies":"Gremlin Nob","floor":7.0,"turns":2.0},{"damage":9.0,"enemies":"Looter","floor":11.0,"turns":3.0},{"damage":5.0,"enemies":"Blue Slaver","floor":13.0,"turns":3.0},{"damage":12.0,"enemies":"Exordium Thugs","floor":14.0,"turns":4.0},{"damage":17.0,"enemies":"The Guardian","floor":16.0,"turns":8.0},{"damage":12.0,"enemies":"Chosen","floor":18.0,"turns":6.0},{"damage":4,"enemies":"Shell Parasite","floor":21,"turns":4},{"damage":23,"enemies":"Cultist and Chosen","floor":22,"turns":8},{"damage":20,"enemies":"Book of Stabbing","floor":24,"turns":5},{"damage":31,"enemies":"Slavers","floor":28,"turns":2}],"seed_played":"2202820245912888087","potions_obtained":[{"floor":3.0,"key":"SteroidPotion"},{"floor":5.0,"key":"CultistPotion"},{"floor":7.0,"key":"LiquidBronze"},{"floor":21,"key":"Explosive Potion"}],"is_trial":false,"path_per_floor":["M","?","M","?","M","R","E","R","T","R","M","?","M","M","R","B",null,"M","?","$","M","M","R","E","R","T","T","E"],"character_chosen":"WATCHER","items_purchased":["Prostrate","Tiny Chest","CutThroughFate","Wallop"],"campfire_rested":1,"item_purchase_floors":[20,20,20,20],"current_hp_per_floor":[65,65,64,53,53,53,50,50,50,50,41,41,36,24,24,17,58,46,46,46,42,19,40,20,20,20,20,0,0],"gold":147,"neow_bonus":"THREE_ENEMY_KILL","is_prod":false,"is_daily":false,"chose_seed":false,"campfire_upgraded":4,"win_rate":0,"timestamp":1607600149,"path_taken":["M","?","?","?","M","R","E","R","T","R","M","?","M","M","R","BOSS","M","?","$","M","M","R","E","R","T","?","E"],"build_version":"2020-11-30","purchased_purges":1,"victory":false,"max_hp_per_floor":[72,72,72,72,72,72,72,72,72,72,72,72,72,72,72,72,72,72,72,72,72,72,72,72,72,72,72,72,72],"card_choices":[{"not_picked":["SashWhip","Protect","ClearTheMind"],"picked":"SKIP","floor":1.0},{"not_picked":["Protect","ForeignInfluence"],"picked":"Prostrate","floor":3.0},{"not_picked":["SashWhip","FlurryOfBlows"],"picked":"Perseverance","floor":5.0},{"not_picked":["FollowUp","Protect"],"picked":"EmptyFist","floor":7.0},{"not_picked":["Protect","ThirdEye"],"picked":"Evaluate","floor":11.0},{"not_picked":["Consecrate","SashWhip"],"picked":"Wireheading","floor":13.0},{"not_picked":["WreathOfFlame","EmptyFist","FlyingSleeves"],"picked":"SKIP","floor":14.0},{"not_picked":["Alpha","Blasphemy"],"picked":"Devotion","floor":16.0},{"not_picked":["ThirdEye","FollowUp"],"picked":"EmptyBody","floor":18.0},{"not_picked":["SignatureMove","ClearTheMind","EmptyFist"],"picked":"SKIP","floor":21},{"not_picked":["Protect","Study"],"picked":"InnerPeace","floor":22},{"not_picked":["Protect+1","FollowUp+1"],"picked":"Meditate","floor":24}],"player_experience":965261,"relics_obtained":[{"floor":7.0,"key":"Toy Ornithopter"},{"floor":24,"key":"CaptainsWheel"},{"floor":26,"key":"TeardropLocket"},{"floor":27,"key":"The Courier"}],"event_choices":[{"damage_healed":0.0,"max_hp_gain":0.0,"max_hp_loss":0.0,"gold_gain":0.0,"event_name":"Accursed Blacksmith","player_choice":"Rummage","floor":2.0,"gold_loss":0.0,"damage_taken":0.0,"relics_obtained":["WarpedTongs"],"cards_obtained":["Pain"]},{"damage_healed":0.0,"max_hp_gain":0.0,"max_hp_loss":0.0,"gold_gain":75.0,"event_name":"World of Goop","player_choice":"Gather Gold","floor":4.0,"gold_loss":0.0,"damage_taken":11.0},{"damage_healed":0.0,"max_hp_gain":0.0,"max_hp_loss":0.0,"gold_gain":0.0,"event_name":"Liars Game","player_choice":"Ignored","floor":12.0,"gold_loss":0.0,"damage_taken":0.0},{"damage_healed":0,"gold_gain":0,"player_choice":"Simplicity","damage_taken":0,"max_hp_gain":0,"max_hp_loss":0,"event_name":"Back to Basics","floor":19,"gold_loss":0,"cards_upgraded":["Strike_P","Strike_P","Strike_P","Strike_P","Defend_P","Defend_P","Defend_P","Defend_P"]}],"is_beta":false,"boss_relics":[{"not_picked":["Busted Crown","Empty Cage"],"picked":"SlaversCollar"}],"items_purged_floors":[20],"is_endless":false,"potions_floor_spawned":[3,5,7,21],"killed_by":"Slavers","ascension_level":6}}