{"host":"bbld1ic1uj90ldt9","time":1607627102,"event":{"mods":["2.2 Compatiblity","BaseMod","AchievementEnabler","Act Like it!","Conspire","Emptier Cage","StSLib","Hallownest","Highlight Path","Hubris","Random Character Button","Replay The Spire","The Animator","The Bug Knight","The Cursed","The Disciple","The Jungle","The Runesmith","The Servant 0.9.4","Downfall","Better Third Choice","Marisa????????","Hermit","Minty Spire (QoL Compilation)","Gensokyo","The Hierophant"],"gold_per_floor":[116,130,0,0,0,0,34,34,58,71,82,82,98,130,130,230,230,245,345,36,48,67,67,100,40,65,83,83,97,97,197,197,197,197],"floor_reached":33,"playtime":11576,"items_purged":["Strike_P","Strike_P"],"score":300,"play_id":"4d01c042-09d7-4fda-8736-7587113592dd","local_time":"20201210200502","is_ascension_mode":false,"campfire_choices":[{"floor":6,"key":"RECALL"},{"data":"Eruption","floor":8,"key":"SMITH"},{"data":"Strike_P","floor":15,"key":"PURGE"},{"floor":23,"key":"REST"},{"floor":28,"key":"REST"},{"floor":30,"key":"REST"},{"floor":32,"key":"REST"}],"circlet_count":0,"master_deck":["Strike_P","Defend_P","Defend_P","Defend_P","Eruption+1","Vigilance","Vengeance","Prostrate","Crescendo","DeceiveReality","ForeignInfluence","EmptyFist","LikeWater","Replay:LoomingThreat","CarveReality+1","ClearTheMind","ClearTheMind","SandsOfTime","Chrysalis","FlyingSleeves+1","Adaptation+1","PathToVictory","BowlingBash","FollowUp","FlurryOfBlows+1"],"relics":["PureWater","Hallownest:BankAccountRelic","hubris:Icosahedron","Hallownest:DreamNailRelic","Boot","Tiny Chest","Runic Pyramid","conspire:BottledYoYo","hubris:TenFootPole","Replay:Multitool","hubris:DeckOfHolding"],"acts_visited":["Hallownest:Greenpath","TheCity"],"potions_floor_usage":[11,14,14,24,24,31,31],"damage_taken":[{"damage":3,"enemies":"Hallownest:monsterHuskGuard","floor":1,"turns":5},{"damage":1,"enemies":"Hallownest:2_Baldur","floor":2,"turns":4},{"damage":8,"enemies":"Hallownest:eliteCrystalGuardian","floor":7,"turns":5},{"damage":0,"enemies":"2_ Uuma","floor":10,"turns":5},{"damage":5,"enemies":"Hallownest:1_Baldur_1_Crawlid_1_Warrior","floor":11,"turns":5},{"damage":7,"enemies":"Hallownest:Guard_and_Warrior","floor":13,"turns":5},{"damage":0,"enemies":"Hallownest:eliteMossKnight","floor":14,"turns":5},{"damage":35,"enemies":"Hallownest:BossHornet","floor":16,"turns":12},{"damage":0,"enemies":"Chosen","floor":18,"turns":2},{"damage":5,"enemies":"Shell Parasite","floor":21,"turns":4},{"damage":21,"enemies":"3 Cultists","floor":22,"turns":6},{"damage":44,"enemies":"Gremlin Leader","floor":24,"turns":7},{"damage":16,"enemies":"Sentry and Sphere","floor":27,"turns":6},{"damage":5,"enemies":"Cultist and Chosen","floor":29,"turns":5},{"damage":14,"enemies":"Colosseum Slavers","floor":31,"turns":3},{"damage":19,"enemies":"Colosseum Nobs","floor":31,"turns":5},{"damage":84,"enemies":"Automaton","floor":33,"turns":6}],"seed_played":"587505877519781081","potions_obtained":[{"floor":2,"key":"DuplicationPotion"},{"floor":7,"key":"FearPotion"},{"floor":10,"key":"BottledMiracle"},{"floor":13,"key":"Toxic Potion"},{"floor":21,"key":"Energy Potion"},{"floor":22,"key":"sneckomod:MuddlingPotion"},{"floor":29,"key":"hexamod:EctoCoolerPotion"}],"is_trial":false,"path_per_floor":["M","M","?","?","?","R","E","R","T","M","M","?","M","E","R","B",null,"M","?","$","M","M","R","E","$","T","M","R","M","R","?","R","B"],"character_chosen":"WATCHER","items_purchased":["ClearTheMind","SandsOfTime","Chrysalis"],"campfire_rested":4,"item_purchase_floors":[20,20,20],"current_hp_per_floor":[76,75,75,75,75,75,67,67,67,67,62,62,55,55,55,20,79,79,79,79,74,53,76,32,32,32,16,39,34,57,24,47,0,0],"gold":197,"neow_bonus":"TEN_PERCENT_HP_BONUS","is_daily":false,"chose_seed":false,"campfire_upgraded":1,"win_rate":0,"timestamp":1607627102,"path_taken":["M","M","?","?","?","R","E","R","T","?","M","?","M","E","R","BOSS","M","?","$","M","?","R","E","$","T","M","R","M","R","?","R","BOSS"],"build_version":"2020-11-30","purchased_purges":2,"victory":false,"max_hp_per_floor":[79,79,79,79,79,79,79,79,79,79,79,79,79,79,79,79,79,79,79,79,79,79,79,79,79,79,79,79,79,79,79,79,79,79],"card_choices":[{"not_picked":["Consecrate","BowlingBash"],"picked":"Vengeance","floor":1},{"not_picked":["Halt","ThirdEye"],"picked":"Prostrate","floor":2},{"not_picked":["Replay:AtTheReady","Protect"],"picked":"Crescendo","floor":7},{"not_picked":["Replay:Cycle","Halt"],"picked":"DeceiveReality","floor":10},{"not_picked":["Collect","Omniscience"],"picked":"ForeignInfluence","floor":11},{"not_picked":["Protect","Wallop"],"picked":"EmptyFist","floor":13},{"not_picked":["Crescendo","Protect"],"picked":"LikeWater","floor":14},{"not_picked":["MasterReality","Replay:AllIn"],"picked":"Replay:LoomingThreat","floor":16},{"not_picked":["Nirvana","Collect"],"picked":"CarveReality+1","floor":18},{"not_picked":["CrushJoints","Replay:ManipulateFuture"],"picked":"FlyingSleeves+1","floor":21},{"not_picked":["Halt","Worship"],"picked":"Adaptation+1","floor":22},{"not_picked":["FollowUp","WreathOfFlame"],"picked":"PathToVictory","floor":24},{"not_picked":["WheelKick","Replay:Hum"],"picked":"BowlingBash","floor":27},{"not_picked":["Wireheading","ForeignInfluence"],"picked":"FollowUp","floor":29},{"not_picked":["Fasting2","FlyingSleeves"],"picked":"FlurryOfBlows+1","floor":31}],"player_experience":2045242,"relics_obtained":[{"floor":7,"key":"Boot"},{"floor":14,"key":"Tiny Chest"},{"floor":24,"key":"conspire:BottledYoYo"},{"floor":26,"key":"hubris:TenFootPole"},{"floor":31,"key":"Replay:Multitool"},{"floor":31,"key":"hubris:DeckOfHolding"}],"event_choices":[{"damage_healed":0,"gold_gain":100,"player_choice":"Pray","damage_taken":0,"max_hp_gain":0,"max_hp_loss":0,"event_name":"Golden Shrine","floor":19,"gold_loss":0},{"damage_healed":0,"gold_gain":0,"player_choice":"Fight","damage_taken":0,"max_hp_gain":0,"max_hp_loss":0,"event_name":"Colosseum","floor":31,"gold_loss":0},{"damage_healed":0,"gold_gain":0,"player_choice":"Fought Nobs","damage_taken":0,"max_hp_gain":0,"max_hp_loss":0,"event_name":"Colosseum","floor":31,"gold_loss":0}],"is_beta":false,"boss_relics":[{"not_picked":["VioletLotus","conspire:SpecialSausage"],"picked":"Runic Pyramid"}],"items_purged_floors":[20,25],"is_endless":false,"potions_floor_spawned":[2,7,10,13,21,22,29,31],"killed_by":"Automaton","ascension_level":0}}