{"host":"m6aaltr68g9tvoay","time":1607644617,"event":{"mods":["AchievementEnabler","BaseMod","Colored Map","Minty Spire (QoL Compilation)","StSLib"],"gold_per_floor":[109,109,109,129,148,148,148,167,167,167,11,30,30,48,48,125,125,142,171,188,25,40,40,40,40,40,71,3,13,13,13,13,87,87,106,47,59,72,0,0,0,0],"floor_reached":41,"playtime":1222,"items_purged":["Normality","Strike_R"],"score":781,"play_id":"a30f8573-6c37-4e9a-b7ce-0e80c9cae84f","local_time":"20201210155657","is_ascension_mode":true,"campfire_choices":[{"floor":6,"key":"REST"},{"data":"Whirlwind","floor":15,"key":"SMITH"},{"data":"1","floor":23,"key":"LIFT"},{"data":"2","floor":25,"key":"LIFT"},{"floor":32,"key":"REST"},{"floor":40,"key":"REST"}],"circlet_count":0,"master_deck":["AscendersBane","Strike_R","Strike_R","Defend_R","Defend_R","Defend_R","Defend_R","Bash","Reaper","Uppercut","Reckless Charge","Rampage","Cleave","Iron Wave","Whirlwind+1","Heavy Blade","Clothesline","Immolate","Combust","Inflame+1","Rage","Flame Barrier","Ghostly Armor","Juggernaut","Shockwave","True Grit+1","Headbutt+1","Dramatic Entrance"],"relics":["Burning Blood","Girya","Thread and Needle","Fusion Hammer","Red Mask","Membership Card","Juzu Bracelet","Paper Frog","Bronze Scales","Empty Cage"],"acts_visited":["Exordium","TheCity","TheBeyond"],"potions_floor_usage":[7,16,19,33,33,37,41],"damage_taken":[{"damage":24,"enemies":"Jaw Worm","floor":1,"turns":4},{"damage":13,"enemies":"2 Louse","floor":4,"turns":3},{"damage":15,"enemies":"Small Slimes","floor":5,"turns":4},{"damage":0,"enemies":"Gremlin Nob","floor":7,"turns":1},{"damage":14,"enemies":"2 Fungi Beasts","floor":8,"turns":4},{"damage":0,"enemies":"Blue Slaver","floor":12,"turns":3},{"damage":13,"enemies":"Large Slime","floor":14,"turns":6},{"damage":43,"enemies":"Slime Boss","floor":16,"turns":8},{"damage":29,"enemies":"Shell Parasite","floor":18,"turns":5},{"damage":6,"enemies":"Masked Bandits","floor":19,"turns":3},{"damage":0,"enemies":"3 Byrds","floor":20,"turns":3},{"damage":14,"enemies":"3 Cultists","floor":22,"turns":4},{"damage":18,"enemies":"Slavers","floor":27,"turns":2},{"damage":12,"enemies":"Centurion and Healer","floor":29,"turns":5},{"damage":76,"enemies":"Collector","floor":33,"turns":8},{"damage":0,"enemies":"3 Shapes","floor":35,"turns":1},{"damage":5,"enemies":"3 Darklings","floor":37,"turns":3},{"damage":44,"enemies":"Spire Growth","floor":38,"turns":6},{"damage":85,"enemies":"Giant Head","floor":41,"turns":7}],"seed_played":"-611731860633552792","potions_obtained":[{"floor":4,"key":"SmokeBomb"},{"floor":8,"key":"CultistPotion"},{"floor":14,"key":"Explosive Potion"},{"floor":19,"key":"LiquidBronze"},{"floor":20,"key":"BloodPotion"},{"floor":35,"key":"ElixirPotion"}],"is_trial":false,"path_per_floor":["M","?","?","M","M","R","E","M","T","?","$","M","?","M","R","B",null,"M","?","M","$","M","R","$","R","T","E","$","M","?","$","R","B",null,"M","$","M","M","$","R","E"],"character_chosen":"IRONCLAD","items_purchased":["Whirlwind","Membership Card","Flame Barrier","Shockwave","DistilledChaos","Dramatic Entrance","Block Potion"],"campfire_rested":3,"item_purchase_floors":[11,21,28,36,36,39,39],"current_hp_per_floor":[50,32,32,31,22,44,50,50,50,75,75,75,75,70,70,47,68,51,51,59,59,59,59,59,59,59,47,47,41,41,41,63,26,63,69,69,75,37,37,59,0,0],"gold":0,"neow_bonus":"THREE_RARE_CARDS","is_daily":false,"chose_seed":false,"campfire_upgraded":1,"win_rate":0.0,"timestamp":1607644617,"path_taken":["M","?","?","M","M","R","E","M","T","?","$","M","?","M","R","BOSS","M","?","M","$","M","R","$","R","T","E","$","M","?","?","R","BOSS","M","$","M","M","$","R","E"],"items_purchased_type":["Card","Relic","Card","Card","Potion","Card","Potion"],"build_version":"2020-11-30","purchased_purges":2,"victory":false,"max_hp_per_floor":[75,75,75,75,75,75,75,75,75,75,75,75,75,75,75,75,75,75,75,75,75,75,75,75,75,75,75,75,75,75,75,75,75,75,75,75,75,75,75,75,75,75],"card_choices":[{"not_picked":["Exhume","Limit Break"],"picked":"Reaper","floor":0},{"not_picked":["Body Slam","Sword Boomerang"],"picked":"Uppercut","floor":1},{"not_picked":["Twin Strike","Body Slam"],"picked":"Rampage","floor":4},{"not_picked":["Reckless Charge","Anger"],"picked":"Cleave","floor":5},{"not_picked":["Perfected Strike","Armaments"],"picked":"Iron Wave","floor":8},{"not_picked":["Hemokinesis","Rampage"],"picked":"Heavy Blade","floor":12},{"not_picked":["Cleave","Twin Strike"],"picked":"Clothesline","floor":14},{"not_picked":["Barricade","Bludgeon"],"picked":"Immolate","floor":16},{"not_picked":["Whirlwind","Twin Strike","Cleave"],"picked":"SKIP","floor":18},{"not_picked":["Searing Blow","Wild Strike"],"picked":"Combust","floor":20},{"not_picked":["Bloodletting","Flex"],"picked":"Inflame+1","floor":22},{"not_picked":["Corruption","Perfected Strike"],"picked":"Rage","floor":27},{"not_picked":["Bloodletting","Clothesline"],"picked":"Ghostly Armor","floor":29},{"not_picked":["Corruption","Reaper"],"picked":"Juggernaut","floor":33},{"not_picked":["Clothesline","Thunderclap+1","Headbutt"],"picked":"SKIP","floor":35},{"not_picked":["Anger","Heavy Blade"],"picked":"True Grit+1","floor":37},{"not_picked":["Clothesline","Perfected Strike+1"],"picked":"Headbutt+1","floor":38}],"player_experience":1213507,"relics_obtained":[{"floor":9,"key":"Thread and Needle"},{"floor":19,"key":"Red Mask"},{"floor":26,"key":"Juzu Bracelet"},{"floor":27,"key":"Paper Frog"}],"event_choices":[{"damage_healed":0,"gold_gain":0,"player_choice":"Success","damage_taken":18,"relics_obtained":["Girya"],"max_hp_gain":0,"max_hp_loss":0,"event_name":"Scrap Ooze","floor":2,"gold_loss":0},{"damage_healed":0,"gold_gain":0,"cards_transformed":["Strike_R"],"player_choice":"Change","damage_taken":0,"max_hp_gain":0,"max_hp_loss":0,"event_name":"Living Wall","floor":3,"gold_loss":0,"cards_obtained":["Reckless Charge"]},{"damage_healed":25,"gold_gain":0,"player_choice":"Banana","damage_taken":0,"max_hp_gain":0,"max_hp_loss":0,"event_name":"Big Fish","floor":10,"gold_loss":0},{"damage_healed":0,"gold_gain":0,"player_choice":"Ignored","damage_taken":0,"max_hp_gain":0,"max_hp_loss":0,"event_name":"Shining Light","floor":13,"gold_loss":0},{"damage_healed":0,"gold_gain":0,"player_choice":"Fought Bandits","damage_taken":0,"max_hp_gain":0,"max_hp_loss":0,"event_name":"Masked Bandits","floor":19,"gold_loss":0},{"damage_healed":0,"gold_gain":0,"player_choice":"Opened","damage_taken":0,"relics_obtained":["Bronze Scales"],"max_hp_gain":0,"max_hp_loss":0,"event_name":"The Mausoleum","floor":30,"gold_loss":0,"cards_obtained":["Writhe"]}],"is_beta":false,"boss_relics":[{"not_picked":["Snecko Eye","Ectoplasm"],"picked":"Fusion Hammer"},{"not_picked":["Coffee Dripper","Cursed Key"],"picked":"Empty Cage"}],"items_purged_floors":[11,28],"is_endless":false,"potions_floor_spawned":[4,8,14,19,20,29,35],"killed_by":"Giant Head","ascension_level":18}}