{"host":"jm9833yuloeli2yd","time":1607560070,"event":{"gold_per_floor":[13,13,26,43,56,56,91,103,115,153,165,199,211,250,262,348,360,382,99,99,116,116,149,149,182,256,256,256,291,291,113,113,186,186,204,219,235,1234,1234,1234,528,528,606,392,421,436,463,479,479,479,479,479,479,152,182,182,182],"floor_reached":56,"playtime":1739,"items_purged":["Strike_B","Defend_B","Normality","Defend_B","Dualcast"],"score":2079,"play_id":"0cb4619d-92c4-4399-ad9e-14e5a396cf74","local_time":"20201209192750","is_ascension_mode":true,"campfire_choices":[{"data":"Zap","floor":6.0,"key":"SMITH"},{"data":"Defragment","floor":11.0,"key":"SMITH"},{"floor":13.0,"key":"REST"},{"floor":15.0,"key":"REST"},{"floor":24.0,"key":"REST"},{"floor":27.0,"key":"REST"},{"floor":30.0,"key":"REST"},{"floor":32.0,"key":"RECALL"},{"floor":40.0,"key":"REST"},{"data":"Normality","floor":42.0,"key":"PURGE"},{"data":"Defend_B","floor":49.0,"key":"PURGE"},{"data":"Defend_B","floor":53.0,"key":"PURGE"}],"neow_cost":"NO_GOLD","seed_source_timestamp":784620227679600,"circlet_count":0,"master_deck":["AscendersBane","Zap+1","Seek","Rip and Tear","Sweeping Beam","Electrodynamics","Steam Power","Defragment+1","Loop","Conserve Battery","Biased Cognition","Coolheaded","Capacitor","Genetic Algorithm","Glacier","Coolheaded","Loop","Bite","Bite","Defragment","Amplify","Madness","Madness","Defragment+1","Seek","Coolheaded+1","Hologram","Ball Lightning+1"],"special_seed":0,"relics":["Cracked Core","MawBank","PreservedInsect","Letter Opener","Odd Mushroom","Smiling Mask","Fusion Hammer","Gremlin Horn","DataDisk","Cables","HornCleat","Philosopher\u0027s Stone","Peace Pipe","Strange Spoon","Oddly Smooth Stone","DollysMirror","Toy Ornithopter","Eternal Feather","Anchor","Incense Burner"],"potions_floor_usage":[],"damage_taken":[{"damage":1.0,"enemies":"Cultist","floor":1.0,"turns":4.0},{"damage":8.0,"enemies":"Small Slimes","floor":3.0,"turns":3.0},{"damage":0.0,"enemies":"2 Louse","floor":4.0,"turns":1.0},{"damage":3.0,"enemies":"Blue Slaver","floor":5.0,"turns":3.0},{"damage":3.0,"enemies":"3 Sentries","floor":7.0,"turns":3.0},{"damage":20.0,"enemies":"Lagavulin","floor":10.0,"turns":6.0},{"damage":11.0,"enemies":"The Mushroom Lair","floor":12.0,"turns":3.0},{"damage":20.0,"enemies":"3 Sentries","floor":14.0,"turns":3.0},{"damage":2.0,"enemies":"Slime Boss","floor":16.0,"turns":5.0},{"damage":0.0,"enemies":"Chosen","floor":18.0,"turns":3.0},{"damage":8.0,"enemies":"Shell Parasite","floor":21.0,"turns":4.0},{"damage":30.0,"enemies":"Book of Stabbing","floor":23.0,"turns":6.0},{"damage":21.0,"enemies":"Slavers","floor":25.0,"turns":3.0},{"damage":6.0,"enemies":"Book of Stabbing","floor":29.0,"turns":7.0},{"damage":0.0,"enemies":"Collector","floor":33.0,"turns":12.0},{"damage":0.0,"enemies":"3 Darklings","floor":35.0,"turns":3.0},{"damage":8.0,"enemies":"Orb Walker","floor":36.0,"turns":3.0},{"damage":1.0,"enemies":"Maw","floor":37.0,"turns":8.0},{"damage":1.0,"enemies":"Nemesis","floor":45.0,"turns":5.0},{"damage":0.0,"enemies":"4 Shapes","floor":46.0,"turns":2.0},{"damage":0.0,"enemies":"Giant Head","floor":47.0,"turns":8.0},{"damage":1.0,"enemies":"Spire Growth","floor":48.0,"turns":5.0},{"damage":48.0,"enemies":"Donu and Deca","floor":50.0,"turns":15.0},{"damage":20.0,"enemies":"Time Eater","floor":51.0,"turns":20.0},{"damage":25.0,"enemies":"Shield and Spear","floor":55.0,"turns":5.0},{"damage":43,"enemies":"The Heart","floor":56,"turns":2}],"seed_played":"5166053703867907077","potions_obtained":[{"floor":1.0,"key":"Block Potion"},{"floor":10.0,"key":"BlessingOfTheForge"},{"floor":12.0,"key":"Energy Potion"},{"floor":21.0,"key":"PowerPotion"},{"floor":25.0,"key":"BlessingOfTheForge"},{"floor":33.0,"key":"SkillPotion"},{"floor":55.0,"key":"SkillPotion"}],"is_trial":false,"path_per_floor":["M","$","M","M","M","R","E","$","T","E","R","?","R","E","R","B",null,"M","$","?","M","?","E","R","E","T","R","?","E","R","$","R","B",null,"M","M","M","?","?","R","$","R","T","$","E","M","E","M","R","B","B",null,"R","$","E","B"],"character_chosen":"DEFECT","items_purchased":["Capacitor","DistilledChaos","Genetic Algorithm","Defragment","Ancient Potion","Peace Pipe","Strange Spoon","Oddly Smooth Stone","DollysMirror","Hologram","Anchor","Block Potion"],"campfire_rested":6,"item_purchase_floors":[19,19,19,31,31,41,41,41,44,54,54,54],"current_hp_per_floor":[63,63,55,55,52,52,49,49,49,29,29,18,39,19,40,38,63,63,63,63,55,55,25,46,25,25,46,46,44,62,62,62,62,62,62,58,62,62,51,62,62,62,62,62,62,62,62,62,62,17,16,51,62,62,39,0,0],"gold":182,"neow_bonus":"THREE_RARE_CARDS","is_prod":false,"is_daily":false,"chose_seed":false,"campfire_upgraded":2,"win_rate":0,"timestamp":1607560070,"path_taken":["M","?","M","?","M","R","E","$","T","E","R","?","R","E","R","BOSS","M","$","?","M","?","E","R","E","T","R","?","E","R","?","R","BOSS","M","M","M","?","?","R","?","R","T","$","E","M","E","M","R","BOSS","BOSS","R","$","E","BOSS"],"build_version":"2020-11-30","purchased_purges":5,"victory":false,"max_hp_per_floor":[71,71,71,71,71,71,71,71,71,71,71,71,71,71,71,71,71,71,71,71,71,71,71,71,71,71,71,62,62,62,62,62,62,62,62,62,62,62,62,62,62,62,62,62,62,62,62,62,62,62,62,62,62,62,62,62,62],"card_choices":[{"not_picked":["Creative AI","Buffer"],"picked":"Seek","floor":0.0},{"not_picked":["Leap","Barrage"],"picked":"Rip and Tear","floor":1.0},{"not_picked":["Force Field","Rebound","Scrape"],"picked":"SKIP","floor":3.0},{"not_picked":["Rebound","Gash"],"picked":"Sweeping Beam","floor":4.0},{"not_picked":["Steam","Barrage"],"picked":"Electrodynamics","floor":5.0},{"not_picked":["Auto Shields","Steam Power","Scrape"],"picked":"SKIP","floor":7.0},{"not_picked":["Auto Shields","Scrape"],"picked":"Steam Power","floor":7.0},{"not_picked":["Steam","Storm"],"picked":"Defragment","floor":10.0},{"not_picked":["Sunder","Turbo"],"picked":"Loop","floor":12.0},{"not_picked":["Redo","Compile Driver"],"picked":"Conserve Battery","floor":14.0},{"not_picked":["Creative AI","Rainbow"],"picked":"Biased Cognition","floor":16.0},{"not_picked":["Leap","Sweeping Beam"],"picked":"Coolheaded","floor":18.0},{"not_picked":["Loop","Darkness","Stack"],"picked":"SKIP","floor":21.0},{"not_picked":["Leap","Compile Driver+1"],"picked":"Coolheaded","floor":23.0},{"not_picked":["Chill","Hello World"],"picked":"Loop","floor":25.0},{"not_picked":["Hello World","Reprogram","Beam Cell"],"picked":"SKIP","floor":29.0},{"not_picked":["Buffer","Creative AI"],"picked":"Amplify","floor":33.0},{"not_picked":["Barrage","Loop","Hello World"],"picked":"SKIP","floor":35.0},{"not_picked":["Leap","Gash","Sweeping Beam+1"],"picked":"SKIP","floor":36.0},{"not_picked":["Conserve Battery","Leap","Coolheaded"],"picked":"SKIP","floor":37.0},{"not_picked":["Genetic Algorithm+1","Sweeping Beam"],"picked":"Seek","floor":45.0},{"not_picked":["Go for the Eyes","Steam","Melter"],"picked":"SKIP","floor":46.0},{"not_picked":["Auto Shields","Darkness"],"picked":"Coolheaded+1","floor":47.0},{"not_picked":["Conserve Battery","Rainbow","Stack"],"picked":"SKIP","floor":48.0},{"not_picked":["Conserve Battery","Sweeping Beam"],"picked":"Ball Lightning+1","floor":55.0}],"player_experience":982883,"relics_obtained":[{"floor":7.0,"key":"MawBank"},{"floor":9.0,"key":"PreservedInsect"},{"floor":10.0,"key":"Letter Opener"},{"floor":12.0,"key":"Odd Mushroom"},{"floor":14.0,"key":"Smiling Mask"},{"floor":23.0,"key":"Gremlin Horn"},{"floor":25.0,"key":"DataDisk"},{"floor":26.0,"key":"Cables"},{"floor":29.0,"key":"HornCleat"},{"floor":45.0,"key":"Toy Ornithopter"},{"floor":47.0,"key":"Eternal Feather"},{"floor":55.0,"key":"Incense Burner"}],"event_choices":[{"damage_healed":0.0,"max_hp_gain":0.0,"max_hp_loss":0.0,"gold_gain":0.0,"event_name":"Mushrooms","player_choice":"Fought Mushrooms","floor":12.0,"gold_loss":0.0,"damage_taken":0.0},{"damage_healed":0.0,"max_hp_gain":0.0,"max_hp_loss":0.0,"gold_gain":0.0,"event_name":"The Library","player_choice":"Read","floor":20.0,"gold_loss":0.0,"damage_taken":0.0,"cards_obtained":["Glacier"]},{"cards_removed":["Strike_B"],"damage_healed":0.0,"max_hp_gain":0.0,"max_hp_loss":0.0,"gold_gain":0.0,"event_name":"Back to Basics","player_choice":"Elegance","floor":22.0,"gold_loss":0.0,"damage_taken":0.0},{"damage_healed":0.0,"max_hp_gain":0.0,"max_hp_loss":9.0,"gold_gain":0.0,"event_name":"Vampires","player_choice":"Became a vampire","floor":28.0,"gold_loss":0.0,"damage_taken":0.0,"cards_obtained":["Bite","Bite"]},{"damage_healed":0.0,"max_hp_gain":0.0,"max_hp_loss":0.0,"gold_gain":999.0,"event_name":"MindBloom","player_choice":"Gold","floor":38.0,"gold_loss":0.0,"damage_taken":0.0,"cards_obtained":["Normality","Normality"]},{"damage_healed":0.0,"max_hp_gain":0.0,"max_hp_loss":0.0,"gold_gain":0.0,"event_name":"Winding Halls","player_choice":"Embrace Madness","floor":39.0,"gold_loss":0.0,"damage_taken":11.0,"cards_obtained":["Madness","Madness"]}],"is_beta":false,"boss_relics":[{"not_picked":["Calling Bell","Empty Cage"],"picked":"Fusion Hammer"},{"not_picked":["Cursed Key","Snecko Eye"],"picked":"Philosopher\u0027s Stone"}],"items_purged_floors":[19,31,41,44,54],"is_endless":false,"potions_floor_spawned":[1,10,12,14,21,25,33,36,45,48,55],"killed_by":"The Heart","ascension_level":20}}