{"host":"rby9tmzevanrudcg","time":1607605942,"event":{"gold_per_floor":[120,70,10,26,26,61,61,86,110,110,122,140,166,185,185,185,185],"floor_reached":16,"playtime":756,"items_purged":[],"score":205,"play_id":"16bcc2a5-d657-406e-83e2-895c754e98ee","local_time":"20201210211222","is_ascension_mode":true,"campfire_choices":[{"data":"alterego_mod:AlterEgo","floor":10.0,"key":"SMITH"},{"data":"alterego_mod:BrynhildrsRune","floor":15,"key":"SMITH"}],"neow_cost":"NONE","seed_source_timestamp":1255337381911900,"circlet_count":0,"master_deck":["alterego_mod:Strike","alterego_mod:Strike","alterego_mod:Strike","alterego_mod:Defend","alterego_mod:Defend","alterego_mod:Defend","alterego_mod:Defend","alterego_mod:Impale","alterego_mod:BigMeatyClaws","alterego_mod:BrynhildrsRune+1","alterego_mod:BeGentle","alterego_mod:AlterEgo+1","alterego_mod:SakuraPetals","alterego_mod:Valentines"],"special_seed":0,"relics":["alterego_mod:MasochisticConstitution","NeowsBlessing","Akabeko","Pear","Ice Cream","Blood Vial","Tiny Chest"],"potions_floor_usage":[16,16],"damage_taken":[{"damage":0.0,"enemies":"Cultist","floor":1.0,"turns":1.0},{"damage":0.0,"enemies":"Small Slimes","floor":4.0,"turns":1.0},{"damage":0.0,"enemies":"Gremlin Nob","floor":6.0,"turns":1.0},{"damage":63.0,"enemies":"3 Sentries","floor":8.0,"turns":17.0},{"damage":8.0,"enemies":"Jaw Worm","floor":11.0,"turns":8.0},{"damage":15.0,"enemies":"Exordium Wildlife","floor":12.0,"turns":6.0},{"damage":22.0,"enemies":"Gremlin Nob","floor":13.0,"turns":5.0},{"damage":0,"enemies":"Exordium Thugs","floor":14,"turns":6},{"damage":36,"enemies":"Hexaghost","floor":16,"turns":14}],"seed_played":"6682487238470797200","potions_obtained":[{"floor":6.0,"key":"SpeedPotion"},{"floor":8.0,"key":"ColorlessPotion"},{"floor":11.0,"key":"Regen Potion"}],"is_trial":false,"path_per_floor":["M","?","?","M","$","E","$","E","T","R","M","M","E","M","R","B"],"character_chosen":"The_Alterego","items_purchased":[],"campfire_rested":0,"item_purchase_floors":[],"current_hp_per_floor":[70,70,70,70,70,80,80,25,25,25,27,29,10,19,19,0,0],"gold":185,"neow_bonus":"THREE_ENEMY_KILL","is_prod":false,"is_daily":false,"chose_seed":false,"campfire_upgraded":2,"win_rate":0,"timestamp":1607605942,"path_taken":["M","?","?","M","$","E","$","E","T","R","M","?","E","?","R","BOSS"],"build_version":"2020-11-30","purchased_purges":0,"victory":false,"max_hp_per_floor":[70,70,70,70,70,80,80,81,81,81,82,83,84,84,84,84,84],"card_choices":[{"not_picked":["alterego_mod:GoddessCore","alterego_mod:RidiculouslyBig"],"picked":"alterego_mod:Belle","floor":1.0},{"not_picked":["alterego_mod:Stockings","alterego_mod:Pet"],"picked":"alterego_mod:BeGentle","floor":4.0},{"not_picked":["alterego_mod:Pet","alterego_mod:Skirt"],"picked":"alterego_mod:AlterEgo","floor":6.0},{"not_picked":["alterego_mod:Bounce","alterego_mod:Smother"],"picked":"alterego_mod:SakuraPetals","floor":8.0},{"not_picked":["alterego_mod:HighServant","alterego_mod:PerceptionDisorder","alterego_mod:Undulate"],"picked":"SKIP","floor":11.0},{"not_picked":["alterego_mod:Smother","alterego_mod:Valkyrie","alterego_mod:GoddessCore"],"picked":"SKIP","floor":12.0},{"not_picked":["alterego_mod:Jiggle","alterego_mod:Mirror","alterego_mod:Skirt"],"picked":"SKIP","floor":13.0},{"not_picked":["alterego_mod:Mirror","alterego_mod:Maid"],"picked":"alterego_mod:Valentines","floor":14}],"player_experience":121254,"relics_obtained":[{"floor":6.0,"key":"Pear"},{"floor":8.0,"key":"Ice Cream"},{"floor":9.0,"key":"Blood Vial"},{"floor":13.0,"key":"Tiny Chest"}],"event_choices":[{"cards_removed":["alterego_mod:Strike"],"damage_healed":0.0,"max_hp_gain":0.0,"max_hp_loss":0.0,"gold_gain":0.0,"event_name":"The Cleric","player_choice":"Card Removal","floor":2.0,"gold_loss":50.0,"damage_taken":0.0},{"damage_healed":0.0,"max_hp_gain":0.0,"max_hp_loss":0.0,"gold_gain":0.0,"event_name":"WeMeetAgain","player_choice":"Paid Gold","floor":3.0,"gold_loss":60.0,"damage_taken":0.0,"relics_obtained":["Akabeko"]}],"is_beta":false,"boss_relics":[],"items_purged_floors":[],"is_endless":false,"potions_floor_spawned":[6,8,11],"killed_by":"Hexaghost","ascension_level":1}}