{"host":"1mv6gj0zv8k9e9tz","time":1607618447,"event":{"mods":["BaseMod","AchievementEnabler","StSLib","Colored Map","Minty Spire (QoL Compilation)","Rare Cards Sparkle","Better Third Choice","KOR Keyword Fix","Permanent Neow"],"gold_per_floor":[113,113,133,133,148,148,148],"floor_reached":6,"playtime":304,"items_purged":[],"score":56,"play_id":"71122596-e9bd-4d17-92ca-7cb6688d6151","local_time":"20201211014047","is_ascension_mode":true,"campfire_choices":[],"circlet_count":0,"master_deck":["AscendersBane","Strike_G","Strike_G","Strike_G","Strike_G","Defend_G","Defend_G","Defend_G","Defend_G","Defend_G","Survivor","Neutralize","Catalyst","Dodge and Roll","Injury"],"relics":["Coffee Dripper","Golden Idol"],"acts_visited":["Exordium"],"potions_floor_usage":[],"damage_taken":[{"damage":1,"enemies":"Small Slimes","floor":1,"turns":4},{"damage":3,"enemies":"Jaw Worm","floor":3,"turns":6},{"damage":5,"enemies":"Cultist","floor":5,"turns":5},{"damage":5,"enemies":"Gremlin Nob","floor":6,"turns":3}],"seed_played":"-5297333752364068034","potions_obtained":[{"floor":3,"key":"Block Potion"}],"is_trial":false,"path_per_floor":["M","?","M","?","M","E"],"character_chosen":"THE_SILENT","items_purchased":[],"campfire_rested":0,"item_purchase_floors":[],"current_hp_per_floor":[62,55,52,52,47,42,42],"gold":148,"neow_bonus":"BOSS_RELIC","is_daily":false,"chose_seed":false,"campfire_upgraded":0,"win_rate":0,"timestamp":1607618447,"path_taken":["M","?","M","?","M","E"],"build_version":"2020-11-30","purchased_purges":0,"victory":false,"max_hp_per_floor":[70,70,70,70,70,70,70],"card_choices":[{"not_picked":["Quick Slash","Flying Knee"],"picked":"Catalyst","floor":1},{"not_picked":["Distraction","Tactician"],"picked":"Dodge and Roll","floor":3},{"not_picked":["A Thousand Cuts","Acrobatics","Predator"],"picked":"SKIP","floor":5},{"not_picked":["A Thousand Cuts","Acrobatics","Predator"],"picked":"SKIP","floor":5}],"player_experience":452604,"relics_obtained":[],"event_choices":[{"cards_removed":["Strike_G"],"damage_healed":0,"gold_gain":0,"player_choice":"Card Removal","damage_taken":7,"max_hp_gain":0,"max_hp_loss":0,"event_name":"Golden Wing","floor":2,"gold_loss":0},{"damage_healed":0,"gold_gain":0,"player_choice":"Take Wound","damage_taken":0,"relics_obtained":["Golden Idol"],"max_hp_gain":0,"max_hp_loss":0,"event_name":"Golden Idol","floor":4,"gold_loss":0,"cards_obtained":["Injury"]}],"is_beta":false,"boss_relics":[],"items_purged_floors":[],"is_endless":false,"potions_floor_spawned":[3],"killed_by":"Gremlin Nob","ascension_level":11}}