{"host":"woah5shdh5xsovm3","time":1607628669,"event":{"mods":["BaseMod","StSLib","Downfall","Hubris","Infinite Spire","Marisa????????","Minty Spire (QoL Compilation)","Remilia??????","Replay The Spire","Shop Mod","SuperFastMode","The Animator","The Bug Knight","The Construct","The Cursed","The Disciple","The Hierophant","The Necromancer","The Runesmith","The Servant 0.9.4"],"gold_per_floor":[110,126,51,51,51,51,85,85,85,116,129,154,168,183,183,287,287,297,329,329,329,329,329,347,376,412,438,478,490,522,534,546,558,558],"floor_reached":33,"playtime":1815,"items_purged":["animator:Strike","animator:Strike"],"score":380,"play_id":"d9972b3c-8de6-47c5-87ed-a6769b412a5e","local_time":"20201210133109","is_ascension_mode":false,"campfire_choices":[{"data":"animator:Rena","floor":8,"key":"SMITH"},{"floor":15,"key":"REST"},{"data":"animator:Elsword","floor":23,"key":"SMITH"},{"data":"Replay:Fractal Strike","floor":23,"key":"SMITH"},{"data":"animator:Elesis","floor":29,"key":"SMITH"},{"data":"animator:Aisha","floor":29,"key":"SMITH"},{"data":"animator:Add","floor":32,"key":"SMITH"},{"data":"animator:Defend_AccelWorld","floor":32,"key":"SMITH"}],"circlet_count":0,"master_deck":["animator:Strike_AccelWorld","animator:Defend_AccelWorld+1","animator:Defend","animator:Defend","animator:Defend","animator:Kuroyukihime+1","animator:LimeBell","animator:Rena+1","animator:Elsword+1","animator:Ara","animator:Shuna","Replay:Fractal Strike+1","animator:Rena+1","animator:Elesis+1","animator:Aisha+1","animator:Add+1"],"relics":["animator:LivingPicture","animator:TheMissingPiece","NeowsBlessing","animator:ShionDessert","hubris:TinFlute","Replay:Arrowhead","ReplayTheSpireMod:Lightbulb","construct:ClawGrip","hubris:BottledHeart","MawBank","ReplayFunnel","hubris:GlazedTorus","Charon\u0027s Ashes","Coffee Dripper"],"acts_visited":["Exordium","TheCity"],"potions_floor_usage":[25,28],"damage_taken":[{"damage":0,"enemies":"Small Slimes","floor":1,"turns":1},{"damage":0,"enemies":"Jaw Worm","floor":2,"turns":1},{"damage":0,"enemies":"Lagavulin","floor":7,"turns":1},{"damage":18,"enemies":"Gremlin Nob","floor":10,"turns":5},{"damage":0,"enemies":"Cultist","floor":11,"turns":4},{"damage":8,"enemies":"3 Sentries","floor":12,"turns":10},{"damage":0,"enemies":"Large Slime","floor":13,"turns":5},{"damage":2,"enemies":"Blue Slaver","floor":14,"turns":3},{"damage":28,"enemies":"Slime Boss","floor":16,"turns":10},{"damage":14,"enemies":"Spheric Guardian","floor":18,"turns":4},{"damage":20,"enemies":"Shell Parasite","floor":19,"turns":6},{"damage":0,"enemies":"Snake Plant","floor":24,"turns":4},{"damage":0,"enemies":"animator:HornedBat","floor":25,"turns":4},{"damage":0,"enemies":"Centurion and Healer","floor":27,"turns":6},{"damage":0,"enemies":"Book of Stabbing","floor":28,"turns":6},{"damage":0,"enemies":"3 Cultists","floor":30,"turns":6},{"damage":1,"enemies":"hubris:MusketHawk","floor":33,"turns":3}],"seed_played":"-1762992833726111265","potions_obtained":[{"floor":7,"key":"SpeedPotion"},{"floor":10,"key":"sneckomod:MuddlingPotion"},{"floor":13,"key":"Reflective Coating"},{"floor":18,"key":"Toxic Potion"},{"floor":25,"key":"Elixir"}],"is_trial":false,"path_per_floor":["M","M","$","?","$","?","E","R","T","E","M","E","M","M","R","B",null,"M","M","?","?","?","R","M","E","T","M","E","R","M","AVR","R","B"],"character_chosen":"THE_ANIMATOR","items_purchased":[],"campfire_rested":1,"item_purchase_floors":[],"current_hp_per_floor":[66,66,66,66,66,66,66,66,66,48,48,40,40,38,57,29,66,52,32,15,1,1,1,1,1,1,1,1,1,1,1,1,0,0],"gold":558,"neow_bonus":"THREE_ENEMY_KILL","is_daily":false,"chose_seed":false,"campfire_upgraded":7,"win_rate":0,"timestamp":1607628669,"path_taken":["M","M","$","?","$","?","E","R","T","E","M","E","?","M","R","BOSS","M","M","?","?","?","R","M","E","T","?","E","R","M","AVR","R","BOSS"],"build_version":"2020-11-30","purchased_purges":2,"victory":false,"max_hp_per_floor":[66,66,66,66,66,66,66,66,66,66,66,66,66,66,66,66,66,66,66,66,1,1,1,1,1,1,1,1,1,1,1,1,1,1],"card_choices":[{"not_picked":["animator:Spearman","animator:Ara","animator:Shion"],"picked":"SKIP","floor":1},{"not_picked":["animator:Azekura","animator:Hitei","animator:Souei"],"picked":"SKIP","floor":2},{"not_picked":["animator:ChlammyZell","animator:Azekura","animator:Mitsuba"],"picked":"SKIP","floor":7},{"not_picked":["animator:TukaLunaMarceau","animator:Yuuichirou","animator:Yoichi"],"picked":"SKIP","floor":11},{"not_picked":["animator:DolaRiku","animator:Azekura"],"picked":"animator:Elsword","floor":12},{"not_picked":["animator:ItamiYouji","animator:HiiragiShinya","animator:Bozes"],"picked":"SKIP","floor":13},{"not_picked":["animator:Ciel","animator:Chung"],"picked":"animator:Ara","floor":14},{"not_picked":["animator:Kuribayashi+1","animator:Konayuki","animator:Yoichi"],"picked":"SKIP","floor":18},{"not_picked":["animator:RoryMercury","animator:ZankiKiguchi"],"picked":"animator:Shuna","floor":19},{"not_picked":["infinitespire:Gouge","hubris:Rewind"],"picked":"Replay:Fractal Strike","floor":20},{"not_picked":["animator:DolaCouronne","animator:Shigure","animator:HighElfArcher"],"picked":"SKIP","floor":24},{"not_picked":["animator:Chung","animator:Ciel"],"picked":"animator:Elesis","floor":25},{"not_picked":["animator:Shinoa+1","animator:GuildGirl"],"picked":"animator:Aisha","floor":27},{"not_picked":["animator:Yoichi","animator:Spearman+1","animator:LeleiLaLalena+1"],"picked":"SKIP","floor":28},{"not_picked":["animator:Hitei","animator:DolaStephanie"],"picked":"animator:Add","floor":30}],"player_experience":370709,"relics_obtained":[{"floor":7,"key":"animator:ShionDessert"},{"floor":9,"key":"hubris:TinFlute"},{"floor":10,"key":"Replay:Arrowhead"},{"floor":12,"key":"ReplayTheSpireMod:Lightbulb"},{"floor":25,"key":"MawBank"},{"floor":26,"key":"ReplayFunnel"},{"floor":28,"key":"hubris:GlazedTorus"}],"event_choices":[{"damage_healed":0,"gold_gain":0,"cards_transformed":["animator:Strike"],"player_choice":"Transformed","damage_taken":0,"max_hp_gain":0,"max_hp_loss":0,"event_name":"Transmorgrifier","floor":6,"gold_loss":0,"cards_obtained":["animator:Rena"]},{"damage_healed":0,"gold_gain":0,"player_choice":"Copied","damage_taken":0,"max_hp_gain":0,"max_hp_loss":0,"event_name":"Duplicator","floor":22,"gold_loss":0,"cards_obtained":["animator:Rena"]}],"is_beta":false,"boss_relics":[{"not_picked":["Replay:Ancient Bell","infinitespire:Cupcake"],"picked":"construct:ClawGrip"}],"items_purged_floors":[3,31],"is_endless":false,"potions_floor_spawned":[7,10,13,18,24,25,27],"killed_by":"hubris:MusketHawk","ascension_level":0}}