{"host":"sav7uxregyirlf69","time":1607605828,"event":{"gold_per_floor":[110,129,140,140,152,179,254,265,291,291,317,335,353,370,370,444,444,460,640,640,640],"floor_reached":20,"playtime":439,"items_purged":[],"score":376,"play_id":"e0a8b5db-1a39-48bf-a937-508374c7f577","local_time":"20201210221028","is_ascension_mode":true,"campfire_choices":[{"floor":10,"key":"REST"},{"data":"Juggernaut","floor":15,"key":"SMITH"}],"neow_cost":"TEN_PERCENT_HP_LOSS","seed_source_timestamp":63600026339206,"circlet_count":0,"master_deck":["AscendersBane","Strike_R","Strike_R","Strike_R","Strike_R","Defend_R","Defend_R","Defend_R","Bash","Juggernaut+1","Disarm","Shrug It Off","Hemokinesis+1","Rage","Shrug It Off","Seeing Red","Power Through","Feed"],"relics":["Burning Blood","Centennial Puzzle","Blood Vial","Philosopher\u0027s Stone"],"potions_floor_usage":[8,11,16],"damage_taken":[{"damage":13,"enemies":"Small Slimes","floor":1,"turns":5},{"damage":8,"enemies":"2 Louse","floor":2,"turns":4},{"damage":2,"enemies":"Cultist","floor":3,"turns":3},{"damage":13,"enemies":"Looter","floor":5,"turns":3},{"damage":37,"enemies":"Gremlin Nob","floor":6,"turns":4},{"damage":0,"enemies":"Lots of Slimes","floor":8,"turns":1},{"damage":8,"enemies":"3 Sentries","floor":11,"turns":8},{"damage":10,"enemies":"Exordium Wildlife","floor":12,"turns":3},{"damage":5,"enemies":"Large Slime","floor":13,"turns":6},{"damage":7,"enemies":"Blue Slaver","floor":14,"turns":3},{"damage":13,"enemies":"The Guardian","floor":16,"turns":9},{"damage":25,"enemies":"Spheric Guardian","floor":18,"turns":4},{"damage":30,"enemies":"3 Byrds","floor":20,"turns":1}],"seed_played":"-7569799202800395306","potions_obtained":[{"floor":5,"key":"Dexterity Potion"},{"floor":6,"key":"AttackPotion"},{"floor":8,"key":"Explosive Potion"},{"floor":12,"key":"GamblersBrew"},{"floor":14,"key":"BlessingOfTheForge"}],"is_trial":false,"path_per_floor":["M","M","M","?","M","E","?","M","T","R","E","M","M","M","R","B",null,"M","?","M"],"character_chosen":"IRONCLAD","items_purchased":[],"campfire_rested":1,"item_purchase_floors":[],"current_hp_per_floor":[61,59,63,63,56,25,14,20,20,40,38,36,39,40,40,35,60,46,27,0,0],"gold":640,"neow_bonus":"TRANSFORM_TWO_CARDS","is_prod":false,"is_daily":false,"chose_seed":false,"campfire_upgraded":1,"win_rate":0,"timestamp":1607605828,"path_taken":["M","M","M","?","M","E","?","M","T","R","E","M","M","M","R","BOSS","M","?","?"],"build_version":"2020-11-30","purchased_purges":0,"victory":false,"max_hp_per_floor":[68,68,68,68,68,68,68,68,68,68,68,68,68,68,68,68,68,71,71,71,71],"card_choices":[{"not_picked":["Flex","Dark Embrace"],"picked":"Shrug It Off","floor":1},{"not_picked":["Carnage","Warcry"],"picked":"Hemokinesis","floor":2},{"not_picked":["Infernal Blade","Disarm"],"picked":"Rage","floor":3},{"not_picked":["Clothesline","Armaments"],"picked":"Shrug It Off","floor":5},{"not_picked":["Iron Wave","Corruption","Rampage"],"picked":"SKIP","floor":6},{"not_picked":["Fire Breathing","Ghostly Armor","Anger"],"picked":"SKIP","floor":8},{"not_picked":["Double Tap","Sentinel","Whirlwind"],"picked":"SKIP","floor":11},{"not_picked":["Cleave","Heavy Blade","Perfected Strike"],"picked":"SKIP","floor":12},{"not_picked":["Body Slam","Cleave"],"picked":"Seeing Red","floor":13},{"not_picked":["Blood for Blood","Clothesline"],"picked":"Power Through","floor":14},{"not_picked":["Reaper","Corruption"],"picked":"Feed","floor":16},{"not_picked":["Combust","Seeing Red","Clothesline"],"picked":"SKIP","floor":18}],"player_experience":913401,"relics_obtained":[{"floor":6,"key":"Centennial Puzzle"},{"floor":11,"key":"Blood Vial"}],"event_choices":[{"damage_healed":0,"gold_gain":0,"player_choice":"Grow","damage_taken":0,"max_hp_gain":0,"max_hp_loss":0,"event_name":"Living Wall","floor":4,"gold_loss":0,"cards_upgraded":["Hemokinesis"]},{"damage_healed":0,"gold_gain":75,"player_choice":"Gather Gold","damage_taken":11,"max_hp_gain":0,"max_hp_loss":0,"event_name":"World of Goop","floor":7,"gold_loss":0},{"damage_healed":0,"gold_gain":180,"player_choice":"GOLD GOLD ","damage_taken":19,"max_hp_gain":0,"max_hp_loss":0,"event_name":"Knowing Skull","floor":19,"potions_obtained":[],"gold_loss":0,"cards_obtained":[]}],"is_beta":false,"boss_relics":[{"not_picked":["SacredBark","Sozu"],"picked":"Philosopher\u0027s Stone"}],"items_purged_floors":[],"is_endless":false,"potions_floor_spawned":[5,6,8,12,14],"killed_by":"3 Byrds","ascension_level":20}}