{"host":"9h1qbmp5h1ch7u4r","time":1607565313,"event":{"gold_per_floor":[114,114,289,313,313,313,341,341,341],"floor_reached":8,"playtime":357,"items_purged":[],"score":60,"play_id":"1be084b2-5e17-439f-b407-ccc8a018fbb8","local_time":"20201209205513","is_ascension_mode":true,"campfire_choices":[{"data":"animator:IrohaTamaki","floor":6,"key":"SMITH"}],"neow_cost":"TEN_PERCENT_HP_LOSS","seed_source_timestamp":122525133496700,"circlet_count":0,"master_deck":["animator:Strike_MadokaMagica+1","animator:Defend_MadokaMagica","animator:Strike","animator:Strike","animator:Strike+1","animator:Defend","animator:Defend","animator:Defend","animator:IrohaTamaki+1","animator:YuiTsuruno","animator:Gluttony","Doubt","animator:YachiyoNanami","animator:Ainz","animator:DwarfShaman"],"relics":["animator:LivingPicture","animator:TheMissingPiece","animator:HallowedScabbard"],"potions_floor_usage":[],"damage_taken":[{"damage":5,"enemies":"Small Slimes","floor":1,"turns":4},{"damage":18,"enemies":"Jaw Worm","floor":4,"turns":7},{"damage":3,"enemies":"2 Louse","floor":7,"turns":2},{"damage":35,"enemies":"Gremlin Nob","floor":8,"turns":4}],"seed_played":"3044649339967742885","potions_obtained":[{"floor":7,"key":"Fire Potion"}],"is_trial":false,"path_per_floor":["M","?","?","M","?","R","M","E"],"character_chosen":"THE_ANIMATOR","items_purchased":[],"campfire_rested":0,"item_purchase_floors":[],"current_hp_per_floor":[54,42,42,28,28,28,25,0,0],"gold":341,"neow_bonus":"ONE_RARE_RELIC","is_prod":false,"is_daily":false,"chose_seed":false,"campfire_upgraded":1,"win_rate":0,"timestamp":1607565313,"path_taken":["M","?","?","M","?","R","?","E"],"build_version":"2020-11-30","purchased_purges":0,"victory":false,"max_hp_per_floor":[60,60,60,60,60,60,60,60,60],"card_choices":[{"not_picked":["animator:Demiurge","animator:MaesHughes"],"picked":"animator:Gluttony","floor":1},{"not_picked":["animator:Witch","animator:MaesHughes"],"picked":"animator:YachiyoNanami","floor":4},{"not_picked":["animator:LizardPriest","animator:Elsword"],"picked":"animator:DwarfShaman","floor":7}],"player_experience":928609,"relics_obtained":[],"event_choices":[{"damage_healed":0,"gold_gain":0,"player_choice":"Entered Light","damage_taken":12,"max_hp_gain":0,"max_hp_loss":0,"event_name":"Shining Light","floor":2,"gold_loss":0,"cards_upgraded":["animator:Strike_MadokaMagica","animator:Strike"]},{"damage_healed":0,"gold_gain":175,"player_choice":"AGREE","damage_taken":0,"max_hp_gain":0,"max_hp_loss":0,"event_name":"Liars Game","floor":3,"gold_loss":0,"cards_obtained":["Doubt"]},{"damage_healed":0,"gold_gain":0,"player_choice":"1 cards matched","damage_taken":0,"max_hp_gain":0,"max_hp_loss":0,"event_name":"Match and Keep!","floor":5,"gold_loss":0,"cards_obtained":["animator:Ainz"]}],"is_beta":false,"boss_relics":[],"items_purged_floors":[],"is_endless":false,"potions_floor_spawned":[7],"killed_by":"Gremlin Nob","ascension_level":6}}