{"host":"8xd70fhvynx35a4k","time":1607614738,"event":{"mods":["BaseMod","StSLib","Koishi","RumiaBox-露米娅的神秘盒子","LagranYue(拉格朗・月)","Aspiration","Friendly Minions","READ ME - Guardian Mod","GungeonMod","KinomotoSakuraMod(木之本樱)","Kiyohime（清姬）","Marisa（F雨　魔理沙）","Minty Spire (QoL Compilation)","Prisma Mod","Reimu（博丽灵梦）","Remilia（蕾米莉亚）","Replay The Spire","The Bug Knight","The Cursed","The Gatherer","The Mystic","Youmu（魂魄妖梦）","[IsaacMod]以撒尖塔","【角色mod】十八桐人","TestMod","Downfall","The Servant 0.9.4","Waifu the Spire","篝火指南","The Senshi","WarShipGirlsR/战舰少女R mod","Yuri Mod","Bard","Luminous","Act Like it!","Dota2Spire","Gensokyo","[地精首领爬塔]The Maniac","MostiFishMod","CapriCore","The Immortal","【遗物卡牌】REMEMod","noobMod"],"gold_per_floor":[113,113,113,513,531,561,561,576,600,223,256,256,267,292,292,396,396,412,412,51,69,83,83,118,130,154,165,183,195,227,261,261,363,363,381,399,412,462,476,507,522,549,576,593,593,608,643,693,147,147,147,147,22,56,105],"floor_reached":56,"playtime":2434,"items_purged":["Strike_B"],"score":2130,"play_id":"a323890a-c52c-48a1-a631-bfbd77c2b762","local_time":"20201210233858","is_ascension_mode":true,"campfire_choices":[{"data":"MostiFishMod:UniBlue","floor":7,"key":"SMITH"},{"data":"Double Energy","floor":12,"key":"SMITH"},{"data":"EpicFetus","floor":12,"key":"SMITH"},{"data":"MostiFishMod:WinterMarkForm","floor":15,"key":"SMITH"},{"data":"MostiFishMod:FrostNova","floor":15,"key":"SMITH"},{"floor":23,"key":"RECALL"},{"floor":32,"key":"REST"},{"data":"ReplayTheSpireMod:Omega Cannon","floor":45,"key":"SMITH"},{"data":"Heatsinks","floor":45,"key":"SMITH"},{"data":"Turbo","floor":52,"key":"SMITH"},{"data":"Glacier","floor":52,"key":"SMITH"}],"circlet_count":0,"master_deck":["Strike_B+1","Strike_B","Strike_B","Defend_B","Defend_B","Defend_B","Defend_B+1","Zap","Dualcast","EpicFetus+1","MostiFishMod:FrostNova+1","MostiFishMod:WinterMarkForm+1","ReplayTheSpireMod:Omega Cannon+1","Double Energy+1","MostiFishMod:UniBlue+1","Echo Form+1","MostiFishMod:DawningShadow+1","MostiFishMod:FourSeasons+1","Coolheaded+1","Apotheosis+1","Heatsinks+1","Glacier+1","MostiFishMod:ReadyAimFire+1","Turbo+1","aspiration:Polymerization+1","REME_Compress+1","Fission+1","Barrage+1","Reinforced Body+1","MostiFishMod:Tomorrow+1","Consume+1","Coolheaded+1","Master of Strategy+1"],"relics":["Cracked Core","testmod-TestBox","DaveBox","REME_ComplimentaryCards","ice","TheBean","testmod-D_4","FrostBlade","LagranYue:RandomDrawCardRelic","Akabeko","Question Card","Gensokyo:PortableGap","GuppysPaw","aspiration:Lifesprig","BrkXgEgg","Replay:Arrowhead","Happy Flower","ImportantClient","ShadowXiaoBlade","Replay:Ringing Soul","DemoMod:GlassGuonStoneRelic","RuthlessExorcism:ReiMu","SSSystem","SalivaCoin","Replay:Baseball","GuanYuAspect","CatCart","Simple Rune","Replay:Bottled Steam","Dream Catcher","ReplayTheSpireMod:Lightbulb","SynthV","Dota2Spire:BladeMail","Boot"],"acts_visited":["Exordium","Gensokyo:Gensokyo","TheBeyond","TheEnding"],"potions_floor_usage":[30,48,55],"damage_taken":[{"damage":0,"enemies":"Gensokyo:2_Kodama","floor":1,"turns":1},{"damage":0,"enemies":"Gensokyo:Gryphon","floor":5,"turns":1},{"damage":0,"enemies":"Gensokyo:Cirno","floor":6,"turns":5},{"damage":0,"enemies":"Gensokyo:3_Fairies","floor":8,"turns":2},{"damage":0,"enemies":"Gensokyo:Aya","floor":11,"turns":1},{"damage":0,"enemies":"Gensokyo:2_Rabbits","floor":13,"turns":1},{"damage":0,"enemies":"Gensokyo:Cirno","floor":14,"turns":5},{"damage":4,"enemies":"Gensokyo:Yukari","floor":16,"turns":4},{"damage":0,"enemies":"Gensokyo:2_Gloops","floor":18,"turns":4},{"damage":0,"enemies":"Gensokyo:CosmicMonolith","floor":21,"turns":1},{"damage":39,"enemies":"Gensokyo:Slime_Group","floor":22,"turns":3},{"damage":19,"enemies":"Gensokyo:Tenshi","floor":24,"turns":2},{"damage":0,"enemies":"Gensokyo:Mirror_and_Dog","floor":25,"turns":1},{"damage":0,"enemies":"Gensokyo:Monolith_and_Dog","floor":27,"turns":1},{"damage":0,"enemies":"Gensokyo:Swordslinger","floor":28,"turns":1},{"damage":0,"enemies":"Gensokyo:Chomper_and_Gloop","floor":29,"turns":2},{"damage":0,"enemies":"Gensokyo:Koishi","floor":30,"turns":3},{"damage":0,"enemies":"Gensokyo:Tenshi","floor":31,"turns":1},{"damage":0,"enemies":"Gensokyo:Eiki","floor":33,"turns":3},{"damage":0,"enemies":"Orb Walker","floor":35,"turns":1},{"damage":0,"enemies":"3 Darklings","floor":36,"turns":1},{"damage":0,"enemies":"Jaw Worm Horde","floor":37,"turns":1},{"damage":0,"enemies":"Orin","floor":38,"turns":2},{"damage":0,"enemies":"Spire Growth","floor":39,"turns":2},{"damage":0,"enemies":"R_Hoarder","floor":40,"turns":2},{"damage":0,"enemies":"Maw","floor":41,"turns":1},{"damage":0,"enemies":"Giant Head","floor":42,"turns":2},{"damage":0,"enemies":"Transient","floor":44,"turns":2},{"damage":0,"enemies":"Jaw Worm Horde","floor":46,"turns":1},{"damage":0,"enemies":"Nemesis","floor":47,"turns":1},{"damage":0,"enemies":"Mind Bloom Boss Battle","floor":48,"turns":2},{"damage":0,"enemies":"Donu and Deca","floor":50,"turns":2},{"damage":0,"enemies":"Shield and Spear","floor":54,"turns":1},{"damage":7,"enemies":"The Heart","floor":55,"turns":3}],"seed_played":"8803133137607844777","potions_obtained":[{"floor":6,"key":"AttackPotion"},{"floor":11,"key":"ColorlessPotion"},{"floor":14,"key":"Dota2Spire:Clarity"},{"floor":27,"key":"DemoMod:LeadSkinPotion"},{"floor":30,"key":"FocusPotion"},{"floor":39,"key":"Energy Potion"},{"floor":48,"key":"testmod-SpacePotion"}],"is_trial":false,"path_per_floor":["M","?","?","?","M","E","R","M","T","$","E","R","M","E","R","B",null,"M","?","$","M","M","R","E","M","T","M","M","M","E","E","R","B",null,"M","M","M","?","M","E","M","E","T","M","R","M","E","?","R","B",null,"R","$","E","B",null],"character_chosen":"DEFECT","items_purchased":["BrkXgEgg","Echo Form+1","Apotheosis+1","Replay:Ringing Soul","Master of Strategy+1","ReplayTheSpireMod:Lightbulb","SynthV","Dota2Spire:BladeMail"],"campfire_rested":1,"item_purchase_floors":[10,10,20,20,49,49,49,53],"current_hp_per_floor":[68,68,68,68,68,68,68,68,68,68,68,68,68,68,68,64,67,67,67,67,70,34,34,18,18,18,18,21,24,24,27,51,54,43,43,43,45,48,49,51,52,52,52,52,52,54,56,57,59,61,61,61,61,61,60],"gold":105,"neow_bonus":"RANDOM_COMMON_RELIC","is_daily":false,"chose_seed":false,"campfire_upgraded":9,"win_rate":0,"timestamp":1607614738,"path_taken":["M","?","?","?","M","E","R","M","T","?","E","R","M","E","R","BOSS","M","?","$","M","M","R","E","M","T","M","?","M","E","E","R","BOSS","M","M","M","?","M","E","M","E","T","M","R","M","E","?","R","BOSS","R","$","E","BOSS"],"build_version":"2020-11-30","purchased_purges":1,"victory":true,"max_hp_per_floor":[75,75,68,68,68,68,68,68,68,68,68,68,68,68,68,68,68,68,68,68,71,74,74,77,77,77,77,80,83,80,83,83,86,43,43,43,46,49,49,52,52,52,52,52,52,55,58,58,61,61,61,61,61,61,61],"card_choices":[{"not_picked":[],"picked":"EpicFetus","floor":0},{"not_picked":["Rebound","Genetic Algorithm"],"picked":"Double Energy","floor":1},{"not_picked":["REME_ForAll","Sweeping Beam","Gash","Compile Driver"],"picked":"SKIP","floor":5},{"not_picked":["Barrage","Steam","Turbo"],"picked":"MostiFishMod:UniBlue","floor":6},{"not_picked":["Capacitor","Panic Button","Sunder","Ball Lightning"],"picked":"SKIP","floor":8},{"not_picked":["Stack","BasicCrystalCard","Rebound","Ball Lightning"],"picked":"SKIP","floor":11},{"not_picked":["Conserve Battery","Cold Snap","Auto Shields","Hello World"],"picked":"SKIP","floor":13},{"not_picked":["aspiration:Polymerization","Coolheaded","Redo"],"picked":"MostiFishMod:DawningShadow+1","floor":14},{"not_picked":["MostiFishMod:GoodWordForIt+1","All For One+1","MostiFishMod:UniBlue+1"],"picked":"MostiFishMod:FourSeasons+1","floor":16},{"not_picked":["Lockon","Sweeping Beam","Hologram+1"],"picked":"Coolheaded+1","floor":18},{"not_picked":["Rebound","Leap","Go for the Eyes+1"],"picked":"Heatsinks","floor":21},{"not_picked":["BasicCrystalCard","Go for the Eyes+1","Conserve Battery"],"picked":"Glacier","floor":22},{"not_picked":["Tempest","Auto Shields","Ball Lightning"],"picked":"MostiFishMod:ReadyAimFire+1","floor":24},{"not_picked":["Leap","Rebound","Conserve Battery","Hologram"],"picked":"SKIP","floor":25},{"not_picked":["REME_Whirling","Chill","Reinforced Body","MostiFishMod:Distribution+1"],"picked":"SKIP","floor":27},{"not_picked":["Steam+1","Turbo","Panic Button+1","Ball Lightning"],"picked":"SKIP","floor":28},{"not_picked":["Steam+1","Panic Button+1","Ball Lightning"],"picked":"Turbo","floor":28},{"not_picked":["BasicCrystalCard","Ball Lightning","MostiFishMod:FluxCapactior+1"],"picked":"aspiration:Polymerization+1","floor":29},{"not_picked":["Blizzard","Storm+1","BasicCrystalCard","Rip and Tear"],"picked":"SKIP","floor":30},{"not_picked":["BasicCrystalCard","Redo+1","Undo+1"],"picked":"REME_Compress+1","floor":31},{"not_picked":["MostiFishMod:GoodWordForIt+1","MostiFishMod:TalkingToTheRain+1","ReplayTheSpireMod:Omega Cannon+1"],"picked":"Fission+1","floor":33},{"not_picked":["Steam+1","Ball Lightning+1","ReplayGash+1","Capacitor"],"picked":"SKIP","floor":35},{"not_picked":["Beam Cell","Redo+1","Gash","Sweeping Beam"],"picked":"SKIP","floor":36},{"not_picked":["Panic Button+1","Beam Cell","Melter"],"picked":"Barrage+1","floor":37},{"not_picked":["Hologram","Melter+1","ReplayTheSpireMod:Reroute Power"],"picked":"Reinforced Body+1","floor":38},{"not_picked":["Coolheaded","Compile Driver+1","Cold Snap+1","Reprogram+1"],"picked":"SKIP","floor":39},{"not_picked":["Turbo+1","Redo+1","Steam+1"],"picked":"MostiFishMod:Tomorrow+1","floor":40},{"not_picked":["ReplayTheSpireMod:System Scan","Static Discharge+1","Fusion","Hologram+1"],"picked":"SKIP","floor":41},{"not_picked":["Conserve Battery","REME_Compress+1","Hologram","Go for the Eyes"],"picked":"SKIP","floor":42},{"not_picked":["Steam","BasicCrystalCard","Ball Lightning","Coolheaded+1"],"picked":"SKIP","floor":44},{"not_picked":["Hologram+1","Beam Cell+1","Ball Lightning"],"picked":"Consume+1","floor":46},{"not_picked":["ReplayTheSpireMod:System Scan","Beam Cell","Recycle"],"picked":"Coolheaded+1","floor":47},{"not_picked":["Reprogram","Beam Cell","Steam+1","Cold Snap+1"],"picked":"SKIP","floor":54}],"player_experience":659428,"relics_obtained":[{"floor":1,"key":"Question Card"},{"floor":6,"key":"GuppysPaw"},{"floor":9,"key":"aspiration:Lifesprig"},{"floor":11,"key":"Replay:Arrowhead"},{"floor":14,"key":"Happy Flower"},{"floor":16,"key":"ImportantClient"},{"floor":24,"key":"RuthlessExorcism:ReiMu"},{"floor":26,"key":"SSSystem"},{"floor":30,"key":"SalivaCoin"},{"floor":31,"key":"Replay:Baseball"},{"floor":38,"key":"CatCart"},{"floor":40,"key":"Simple Rune"},{"floor":42,"key":"Replay:Bottled Steam"},{"floor":47,"key":"Dream Catcher"},{"floor":54,"key":"Boot"}],"event_choices":[{"damage_healed":0,"gold_gain":400,"player_choice":"Sell","damage_taken":0,"max_hp_gain":0,"max_hp_loss":0,"event_name":"恩洛斯的盘子","floor":4,"relics_lost":["HushsDoor"],"gold_loss":0},{"damage_healed":0,"gold_gain":0,"player_choice":"Fight","damage_taken":0,"max_hp_gain":0,"max_hp_loss":0,"event_name":"OrinTheCat","floor":38,"gold_loss":0},{"damage_healed":0,"gold_gain":0,"player_choice":"Fight","damage_taken":0,"max_hp_gain":0,"max_hp_loss":0,"event_name":"MindBloom","floor":48,"gold_loss":0}],"is_beta":false,"boss_relics":[{"not_picked":["aspiration:IroncladSkillbook","testmod-KeyOfTheVoid"],"picked":"ShadowXiaoBlade"},{"not_picked":["Runic Dome","GreenFoldingFan"],"picked":"GuanYuAspect"}],"items_purged_floors":[10],"is_endless":false,"potions_floor_spawned":[6,11,14,18,21,27,28,30,33,36,37,38,39,41,48],"ascension_level":6}}