{"host":"4q6g5wn1adpnm0z5","time":1607625359,"event":{"mods":["BaseMod","StSLib","Aspiration","Astrologer","Hubris","Minty Spire (QoL Compilation)","Replay The Spire","The Cursed","The Jungle","The Hierophant","2.2 Compatiblity","Hermit"],"gold_per_floor":[159,159,207,237,237,336,387,444,444,519,519,519,561,654,654,873,873,909,945,571,625,658,658,763,763,763,763,811,853,289,289,289],"floor_reached":31,"playtime":989,"items_purged":["Strike_P","Strike_P"],"score":609,"play_id":"044bb31c-c357-4b64-8b55-21094e9e32d3","local_time":"20201210193559","daily_mods":["Specialized","Blue Cards","Midas"],"is_ascension_mode":true,"campfire_choices":[{"floor":11.0,"key":"REST"},{"floor":15.0,"key":"REST"},{"floor":23,"key":"REST"},{"floor":25,"key":"REST"}],"circlet_count":0,"master_deck":["AscendersBane","Strike_P","Strike_P","Defend_P","Defend_P","Defend_P","Defend_P","Eruption+1","Vigilance","CrushJoints","CrushJoints","CrushJoints+1","CrushJoints","CrushJoints","SashWhip","Replay:Bootleg Shield Generator","EmptyFist","Leap","Cold Snap","Beam Cell+1","SashWhip","BowlingBash","Leap"],"special_seed":0,"relics":["PureWater","Lantern","Centennial Puzzle","Eternal Feather","Replay:Bottled Steam","Boot","Black Star","Potion Belt","Replay:Baseball","Gremlin Food","Smiling Mask","Ancient Tea Set","Pantograph","Yang"],"acts_visited":["TheCity"],"potions_floor_usage":[21,24,24],"damage_taken":[{"damage":0.0,"enemies":"Cultist","floor":1.0,"turns":2.0},{"damage":2.0,"enemies":"Jaw Worm","floor":3.0,"turns":3.0},{"damage":0.0,"enemies":"Small Slimes","floor":4.0,"turns":2.0},{"damage":0.0,"enemies":"Replay:BlueRogue","floor":6.0,"turns":3.0},{"damage":6.0,"enemies":"Exordium Wildlife","floor":7.0,"turns":2.0},{"damage":15.0,"enemies":"Gremlin Gang","floor":8.0,"turns":4.0},{"damage":0.0,"enemies":"Lagavulin","floor":10.0,"turns":2.0},{"damage":14.0,"enemies":"Looter","floor":13.0,"turns":2.0},{"damage":1.0,"enemies":"Replay:BlueRogue","floor":14.0,"turns":3.0},{"damage":47.0,"enemies":"Hexaghost","floor":16.0,"turns":6.0},{"damage":12,"enemies":"Spheric Guardian","floor":18,"turns":3},{"damage":8,"enemies":"Chosen","floor":19,"turns":3},{"damage":19,"enemies":"3 Cultists","floor":21,"turns":7},{"damage":0,"enemies":"Chosen and Byrds","floor":22,"turns":4},{"damage":44,"enemies":"Gremlin Leader","floor":24,"turns":6},{"damage":1,"enemies":"Snecko","floor":28,"turns":3},{"damage":32,"enemies":"Cultist and Chosen","floor":29,"turns":7},{"damage":4,"enemies":"Shelled Parasite and Fungi","floor":31,"turns":1}],"seed_played":"-4751478342620566621","potions_obtained":[{"floor":1.0,"key":"GamblersBrew"},{"floor":8.0,"key":"Strength Potion"},{"floor":10.0,"key":"Block Potion"},{"floor":13.0,"key":"PowerPotion"},{"floor":19,"key":"Fire Potion"},{"floor":21,"key":"FearPotion"},{"floor":22,"key":"Fire Potion"},{"floor":29,"key":"Explosive Potion"}],"is_trial":true,"path_per_floor":["M","?","M","M","?","E","M","M","T","E","R","?","M","E","R","B",null,"M","M","$","M","M","R","E","R","T","?","M","M","$","M"],"character_chosen":"WATCHER","items_purchased":["Potion Belt","Replay:Baseball","Pantograph","Yang"],"campfire_rested":4,"item_purchase_floors":[20,20,30,30],"current_hp_per_floor":[61,61,59,59,52,52,46,31,31,31,63,63,49,48,68,21,56,44,36,36,17,17,49,5,37,37,37,36,4,4,0,0],"gold":289,"neow_bonus":"","is_daily":false,"chose_seed":false,"campfire_upgraded":0,"win_rate":0,"timestamp":1607625359,"path_taken":["M","?","M","?","?","E","M","M","T","E","R","?","?","E","R","BOSS","M","M","$","M","M","R","E","R","T","?","M","M","$","M"],"build_version":"2020-11-30","purchased_purges":2,"victory":false,"max_hp_per_floor":[68,68,68,68,68,68,68,68,68,68,68,68,68,68,68,68,68,68,68,68,68,68,68,68,68,68,68,68,68,68,68,68],"card_choices":[{"not_picked":["Aggregate","PathToVictory","Reprogram"],"picked":"SKIP","floor":1.0},{"not_picked":["Doom and Gloom","Crescendo"],"picked":"EmptyFist","floor":3.0},{"not_picked":["Ball Lightning","Halt"],"picked":"Leap","floor":4.0},{"not_picked":["FlyingSleeves","Hologram","SashWhip"],"picked":"SKIP","floor":6.0},{"not_picked":["Static Discharge","Alpha","SandsOfTime"],"picked":"SKIP","floor":7.0},{"not_picked":["Chaos","Steam Power","Sanctity"],"picked":"SKIP","floor":8.0},{"not_picked":["EmptyFist","Redo","Panic Button"],"picked":"SKIP","floor":10.0},{"not_picked":["Crescendo","Halt","ClearTheMind"],"picked":"SKIP","floor":13.0},{"not_picked":["BasicCrystalCard","Fusion","Cold Snap"],"picked":"SKIP","floor":14.0},{"not_picked":["BasicCrystalCard","Fusion"],"picked":"Cold Snap","floor":14.0},{"not_picked":["CrushJoints","Steam","EmptyFist"],"picked":"SKIP","floor":18},{"not_picked":["JustLucky+1","Prostrate"],"picked":"Beam Cell+1","floor":19},{"not_picked":["Coolheaded","ReplaySort"],"picked":"SashWhip","floor":21},{"not_picked":["Replay:AtTheReady","Replay:Anticipation"],"picked":"BowlingBash","floor":22},{"not_picked":["JustLucky+1","Replay:AtTheReady","Cold Snap"],"picked":"SKIP","floor":24},{"not_picked":["aspiration:Polymerization","WheelKick","Pray"],"picked":"SKIP","floor":28},{"not_picked":["Replay:ManipulateFuture","Compile Driver+1","aspiration:Polymerization"],"picked":"SKIP","floor":29}],"player_experience":2364682,"relics_obtained":[{"floor":6.0,"key":"Centennial Puzzle"},{"floor":9.0,"key":"Eternal Feather"},{"floor":10.0,"key":"Replay:Bottled Steam"},{"floor":14.0,"key":"Boot"},{"floor":24,"key":"Gremlin Food"},{"floor":24,"key":"Smiling Mask"},{"floor":26,"key":"Ancient Tea Set"}],"event_choices":[{"damage_healed":0.0,"max_hp_gain":0.0,"max_hp_loss":0.0,"gold_gain":0.0,"event_name":"Match and Keep!","player_choice":"2 cards matched","floor":2.0,"gold_loss":0.0,"damage_taken":0.0,"cards_obtained":["SashWhip","Replay:Bootleg Shield Generator"]},{"damage_healed":0.0,"max_hp_gain":0.0,"max_hp_loss":0.0,"gold_gain":0.0,"event_name":"Scrap Ooze","player_choice":"Success","floor":5.0,"gold_loss":0.0,"damage_taken":7.0,"relics_obtained":["Lantern"]},{"damage_healed":0.0,"max_hp_gain":0.0,"max_hp_loss":0.0,"gold_gain":0.0,"event_name":"Upgrade Shrine","player_choice":"Upgraded","floor":12.0,"gold_loss":0.0,"damage_taken":0.0,"cards_upgraded":["Eruption"]},{"damage_healed":0,"gold_gain":0,"player_choice":"Copied","damage_taken":0,"max_hp_gain":0,"max_hp_loss":0,"event_name":"Duplicator","floor":27,"gold_loss":0,"cards_obtained":["Leap"]}],"is_beta":false,"boss_relics":[{"not_picked":["HolyWater","Snecko Heart"],"picked":"Black Star"}],"items_purged_floors":[20,30],"is_endless":false,"potions_floor_spawned":[1,8,10,13,14,19,21,22,29],"killed_by":"Shelled Parasite and Fungi","ascension_level":14}}