{"host":"05goin2y69vafedo","time":1607593790,"event":{"gold_per_floor":[114,289,300,300,375,375,375,375,401,411,67,67,67,101,101,200,200,217,217,217,142,171,203,223,236,289,289,306,306,306,306,306,409,409,428,428,478,478,167,200,200,214,214,214,67,67,92,92,92,92,92],"floor_reached":50,"playtime":4475,"items_purged":["Doubt"],"score":561,"play_id":"fdc44109-eb6b-4629-b2b8-dd2ca5f0cf0c","local_time":"20201210104950","is_ascension_mode":true,"campfire_choices":[{"floor":6.0,"key":"REST"},{"data":"Eruption","floor":8.0,"key":"SMITH"},{"floor":13.0,"key":"REST"},{"floor":15.0,"key":"REST"},{"floor":27.0,"key":"REST"},{"floor":29.0,"key":"REST"},{"floor":32.0,"key":"REST"},{"data":"LessonLearned","floor":41,"key":"SMITH"},{"floor":44,"key":"REST"},{"floor":49,"key":"REST"}],"neow_cost":"PERCENT_DAMAGE","seed_source_timestamp":0,"circlet_count":0,"master_deck":["Eruption+1","Vigilance","ThirdEye+1","EmptyBody+1","SashWhip+1","Meditate+1","ClearTheMind+1","Swivel+1","BattleHymn+1","LessonLearned","Nirvana+1","Collect+1","JustLucky","Consecrate","FearNoEvil+1","Crescendo+1","Writhe","SandsOfTime","ThirdEye+1","ForeignInfluence+1","WreathOfFlame+1","JustLucky+1","ThirdEye+1","WindmillStrike","EmptyFist","LessonLearned+1","JustLucky","Writhe","Halt+1","CutThroughFate+1"],"special_seed":0,"relics":["PureWater","CaptainsWheel","Toy Ornithopter","Juzu Bracelet","Toxic Egg 2","Dream Catcher","Pandora\u0027s Box","Gambling Chip","Red Mask","Question Card","Anchor","Black Star","Pocketwatch","Lee\u0027s Waffle","Lantern","Bird Faced Urn","Oddly Smooth Stone","Pear","Sundial","Art of War"],"potions_floor_usage":[45],"damage_taken":[{"damage":0.0,"enemies":"Small Slimes","floor":1.0,"turns":4.0},{"damage":0.0,"enemies":"2 Louse","floor":3.0,"turns":3.0},{"damage":0.0,"enemies":"Cultist","floor":10.0,"turns":2.0},{"damage":14.0,"enemies":"Lagavulin","floor":14.0,"turns":8.0},{"damage":63.0,"enemies":"The Guardian","floor":16.0,"turns":17.0},{"damage":3.0,"enemies":"Shell Parasite","floor":18.0,"turns":6.0},{"damage":5.0,"enemies":"Masked Bandits","floor":22.0,"turns":5.0},{"damage":29.0,"enemies":"Book of Stabbing","floor":23.0,"turns":5.0},{"damage":12.0,"enemies":"2 Thieves","floor":24.0,"turns":4.0},{"damage":15.0,"enemies":"Cultist and Chosen","floor":25.0,"turns":6.0},{"damage":9.0,"enemies":"Shelled Parasite and Fungi","floor":28.0,"turns":4.0},{"damage":0.0,"enemies":"Snake Plant","floor":30.0,"turns":1.0},{"damage":46.0,"enemies":"Champ","floor":33.0,"turns":10.0},{"damage":44.0,"enemies":"3 Darklings","floor":35.0,"turns":6.0},{"damage":0.0,"enemies":"Mind Bloom Boss Battle","floor":37.0,"turns":5.0},{"damage":40,"enemies":"Reptomancer","floor":40,"turns":6},{"damage":0,"enemies":"3 Shapes","floor":42,"turns":3},{"damage":61,"enemies":"Giant Head","floor":47,"turns":9},{"damage":73,"enemies":"Awakened One","floor":50,"turns":4}],"seed_played":"8311475232223522348","potions_obtained":[{"floor":3.0,"key":"FearPotion"},{"floor":10.0,"key":"EntropicBrew"},{"floor":16.0,"key":"SmokeBomb"},{"floor":25.0,"key":"SteroidPotion"},{"floor":33.0,"key":"FairyPotion"},{"floor":40,"key":"Block Potion"}],"is_trial":false,"path_per_floor":["M","?","M","?","?","R","?","R","T","M","$","?","R","E","R","B",null,"M","$","?","$","?","E","M","M","T","R","M","R","M","?","R","B",null,"M","?","?","?","$","E","R","M","T","R","$","?","E","?","R","B"],"character_chosen":"WATCHER","items_purchased":["Toxic Egg 2","BottledMiracle","Energy Potion","Lee\u0027s Waffle","Lantern","Fruit Juice","Energy Potion"],"campfire_rested":8,"item_purchase_floors":[11,11,11,39,39,45,45],"current_hp_per_floor":[51,51,51,39,28,49,35,35,35,35,35,35,56,42,63,5,72,69,69,69,69,64,35,28,13,13,34,25,46,46,46,67,31,72,28,46,46,46,79,39,39,43,53,79,89,89,32,32,60,0,0],"gold":92,"neow_bonus":"ONE_RARE_RELIC","is_prod":false,"is_daily":false,"chose_seed":false,"campfire_upgraded":2,"win_rate":0,"timestamp":1607593790,"path_taken":["M","?","M","?","?","R","?","R","T","M","$","?","R","E","R","BOSS","M","$","?","$","?","E","M","M","T","R","M","R","M","?","R","BOSS","M","?","?","?","$","E","R","M","T","R","$","?","E","?","R","BOSS"],"build_version":"2020-11-30","purchased_purges":1,"victory":false,"max_hp_per_floor":[72,72,72,72,72,72,72,72,72,72,72,72,72,72,72,72,72,72,72,72,72,72,72,72,72,72,72,72,72,72,72,72,72,72,72,72,72,72,79,79,79,79,89,89,94,94,94,94,94,94,94],"card_choices":[{"not_picked":["LikeWater","CrushJoints"],"picked":"ThirdEye","floor":1.0},{"not_picked":["Consecrate","CrushJoints"],"picked":"EmptyBody","floor":3.0},{"not_picked":["FlyingSleeves","Perseverance"],"picked":"SashWhip","floor":10.0},{"not_picked":["ThirdEye+1","BowlingBash"],"picked":"Meditate+1","floor":14.0},{"not_picked":["Ragnarok","Conclude"],"picked":"ClearTheMind+1","floor":15.0},{"not_picked":["Protect+1","JustLucky"],"picked":"Crescendo+1","floor":18.0},{"not_picked":["BowlingBash","Halt+1"],"picked":"SandsOfTime","floor":22.0},{"not_picked":["Perseverance+1","EmptyMind+1"],"picked":"ThirdEye+1","floor":23.0},{"not_picked":["WindmillStrike","FlyingSleeves","PathToVictory+1"],"picked":"ForeignInfluence+1","floor":24.0},{"not_picked":["CutThroughFate","SpiritShield+1","ClearTheMind+1"],"picked":"WreathOfFlame+1","floor":25.0},{"not_picked":["Protect+1","BattleHymn","ClearTheMind+1"],"picked":"JustLucky+1","floor":27.0},{"not_picked":["InnerPeace+1","Pray+1","DeceiveReality+1"],"picked":"ThirdEye+1","floor":28.0},{"not_picked":["EmptyMind+1","FlyingSleeves","CrushJoints"],"picked":"WindmillStrike","floor":29.0},{"not_picked":["Vault+1","SpiritShield+1","Alpha+1"],"picked":"LessonLearned","floor":33.0},{"not_picked":["ThirdEye+1","DeceiveReality+1","Prostrate+1"],"picked":"JustLucky","floor":35.0},{"not_picked":["Prostrate+1","Consecrate","TalkToTheHand+1"],"picked":"Halt+1","floor":37.0},{"not_picked":["FlurryOfBlows+1","EmptyFist","ConjureBlade+1","Meditate+1"],"picked":"SKIP","floor":40},{"not_picked":["FollowUp","BowlingBash+1","ReachHeaven","Evaluate+1"],"picked":"SKIP","floor":42},{"not_picked":["WindmillStrike+1","Nirvana","Protect+1"],"picked":"CutThroughFate+1","floor":44},{"not_picked":["Collect+1","FlurryOfBlows+1","Pray+1","Evaluate+1"],"picked":"SKIP","floor":47}],"player_experience":156990,"relics_obtained":[{"floor":9.0,"key":"Juzu Bracelet"},{"floor":14.0,"key":"Dream Catcher"},{"floor":22.0,"key":"Red Mask"},{"floor":23.0,"key":"Question Card"},{"floor":26.0,"key":"Anchor"},{"floor":37.0,"key":"Pocketwatch"},{"floor":40,"key":"Bird Faced Urn"},{"floor":40,"key":"Oddly Smooth Stone"},{"floor":43,"key":"Pear"},{"floor":47,"key":"Sundial"},{"floor":47,"key":"Art of War"}],"event_choices":[{"damage_healed":0.0,"max_hp_gain":0.0,"max_hp_loss":0.0,"gold_gain":175.0,"event_name":"Liars Game","player_choice":"AGREE","floor":2.0,"gold_loss":0.0,"damage_taken":0.0,"cards_obtained":["Doubt"]},{"damage_healed":0.0,"max_hp_gain":0.0,"max_hp_loss":0.0,"gold_gain":0.0,"event_name":"Scrap Ooze","player_choice":"Success","floor":4.0,"gold_loss":0.0,"damage_taken":12.0,"relics_obtained":["Toy Ornithopter"]},{"damage_healed":0.0,"max_hp_gain":0.0,"max_hp_loss":0.0,"gold_gain":75.0,"event_name":"World of Goop","player_choice":"Gather Gold","floor":5.0,"gold_loss":0.0,"damage_taken":11.0},{"damage_healed":0.0,"max_hp_gain":0.0,"max_hp_loss":0.0,"gold_gain":0.0,"event_name":"Shining Light","player_choice":"Entered Light","floor":7.0,"gold_loss":0.0,"damage_taken":14.0,"cards_upgraded":["Strike_P","EmptyBody"]},{"damage_healed":0.0,"max_hp_gain":0.0,"max_hp_loss":0.0,"gold_gain":0.0,"event_name":"Dead Adventurer","player_choice":"Searched \u00270\u0027 times","floor":12.0,"gold_loss":0.0,"damage_taken":0.0},{"damage_healed":0.0,"max_hp_gain":0.0,"max_hp_loss":0.0,"gold_gain":0.0,"event_name":"The Mausoleum","player_choice":"Opened","floor":20.0,"gold_loss":0.0,"damage_taken":0.0,"relics_obtained":["Gambling Chip"],"cards_obtained":["Writhe"]},{"damage_healed":0.0,"max_hp_gain":0.0,"max_hp_loss":0.0,"gold_gain":0.0,"event_name":"Masked Bandits","player_choice":"Fought Bandits","floor":22.0,"gold_loss":0.0,"damage_taken":0.0},{"damage_healed":0.0,"max_hp_gain":0.0,"max_hp_loss":0.0,"gold_gain":0.0,"event_name":"Match and Keep!","player_choice":"2 cards matched","floor":31.0,"gold_loss":0.0,"damage_taken":0.0,"cards_obtained":["EmptyFist","Vault"]},{"damage_healed":18.0,"max_hp_gain":0.0,"max_hp_loss":0.0,"gold_gain":0.0,"event_name":"Winding Halls","player_choice":"Writhe","floor":36.0,"gold_loss":0.0,"damage_taken":0.0,"cards_obtained":["Writhe"]},{"damage_healed":0.0,"max_hp_gain":0.0,"max_hp_loss":0.0,"gold_gain":0.0,"event_name":"MindBloom","player_choice":"Fight","floor":37.0,"gold_loss":0.0,"damage_taken":0.0},{"cards_removed":["Vault"],"damage_healed":0.0,"max_hp_gain":0.0,"max_hp_loss":0.0,"gold_gain":0.0,"event_name":"Falling","player_choice":"Removed Skill","floor":38.0,"gold_loss":0.0,"damage_taken":0.0},{"damage_healed":0,"gold_gain":0,"player_choice":"Ignored","damage_taken":0,"max_hp_gain":0,"max_hp_loss":0,"event_name":"Tomb of Lord Red Mask","floor":46,"gold_loss":0},{"damage_healed":0,"gold_gain":0,"player_choice":"Ignored","damage_taken":0,"max_hp_gain":0,"max_hp_loss":0,"event_name":"Mysterious Sphere","floor":48,"gold_loss":0}],"is_beta":false,"boss_relics":[{"not_picked":["Tiny House","Runic Pyramid"],"picked":"Pandora\u0027s Box"},{"not_picked":["Cursed Key","SlaversCollar"],"picked":"Black Star"}],"items_purged_floors":[21],"is_endless":false,"potions_floor_spawned":[3,10,16,22,25,33,40,47],"killed_by":"Awakened One","ascension_level":1}}