{"host":"7bu9q13m6bmpbxjk","time":1607608328,"event":{"gold_per_floor":[118,129,143,35,35,63,63,92,137,154,76,91,12,28,28,123,123,136,51,51,63,39,69,69,81,81,81,93,110,110,125,125,224,224,241,241,256,256,7,42,59,70,70,90,19,30,30,30,30,30,30,30,30,61,61,61],"floor_reached":55,"playtime":3643,"items_purged":[],"score":706,"play_id":"802b7b77-d7a4-4aae-b8c2-2ab0cbff1139","local_time":"20201210145208","is_ascension_mode":false,"campfire_choices":[{"data":"Defragment","floor":7,"key":"SMITH"},{"floor":15,"key":"REST"},{"floor":24,"key":"REST"},{"floor":27,"key":"REST"},{"floor":32,"key":"REST"},{"floor":47,"key":"RECALL"},{"floor":49,"key":"REST"},{"data":"Defragment","floor":52,"key":"SMITH"}],"neow_cost":"NONE","seed_source_timestamp":108939433302700,"circlet_count":0,"master_deck":["Strike_B+1","Strike_B+1","Defend_B","Defend_B","Defend_B","Zap","Dualcast","Leap","Defragment+1","Go for the Eyes","BootSequence","Loop","Consume","Capacitor","Auto Shields","Loop","Glacier","Amplify","Auto Shields+1","Echo Form+1","Streamline+1","Conserve Battery","Blizzard","Go for the Eyes","Leap","Melter+1","Turbo","Lockon","Beam Cell+1","Thunder Strike","Defragment+1","Redo","Defragment+1","Consume+1","Turbo+1"],"relics":["Cracked Core","Bottled Tornado","Whetstone","Astrolabe","Akabeko","Pantograph","White Beast Statue","Busted Crown","Meat on the Bone","Centennial Puzzle","Regal Pillow","Vajra"],"potions_floor_usage":[8,12,23,31,33,33,40,40,42,42,50,50,55],"damage_taken":[{"damage":1,"enemies":"Cultist","floor":1,"turns":4},{"damage":0,"enemies":"Small Slimes","floor":2,"turns":3},{"damage":0,"enemies":"Jaw Worm","floor":3,"turns":4},{"damage":8,"enemies":"Lagavulin","floor":6,"turns":8},{"damage":17,"enemies":"Gremlin Nob","floor":8,"turns":4},{"damage":11,"enemies":"Exordium Wildlife","floor":10,"turns":4},{"damage":7,"enemies":"Exordium Thugs","floor":12,"turns":5},{"damage":7,"enemies":"2 Fungi Beasts","floor":14,"turns":4},{"damage":28,"enemies":"The Guardian","floor":16,"turns":10},{"damage":19,"enemies":"Spheric Guardian","floor":18,"turns":5},{"damage":2,"enemies":"Shell Parasite","floor":21,"turns":6},{"damage":55,"enemies":"Book of Stabbing","floor":23,"turns":9},{"damage":7,"enemies":"Cultist and Chosen","floor":25,"turns":8},{"damage":6,"enemies":"Snake Plant","floor":28,"turns":7},{"damage":6,"enemies":"Chosen and Byrds","floor":29,"turns":6},{"damage":2,"enemies":"Shelled Parasite and Fungi","floor":31,"turns":6},{"damage":40,"enemies":"Automaton","floor":33,"turns":10},{"damage":0,"enemies":"3 Shapes","floor":35,"turns":7},{"damage":8,"enemies":"Orb Walker","floor":37,"turns":4},{"damage":11,"enemies":"Giant Head","floor":40,"turns":12},{"damage":14,"enemies":"Spire Growth","floor":41,"turns":5},{"damage":10,"enemies":"4 Shapes","floor":42,"turns":5},{"damage":1,"enemies":"Writhing Mass","floor":44,"turns":9},{"damage":27,"enemies":"Jaw Worm Horde","floor":46,"turns":7},{"damage":59,"enemies":"Donu and Deca","floor":50,"turns":14},{"damage":36,"enemies":"Shield and Spear","floor":54,"turns":15},{"damage":95,"enemies":"The Heart","floor":55,"turns":5}],"seed_played":"2442130463608195662","potions_obtained":[{"floor":6,"key":"SkillPotion"},{"floor":8,"key":"AttackPotion"},{"floor":12,"key":"Strength Potion"},{"floor":14,"key":"Swift Potion"},{"floor":23,"key":"EssenceOfDarkness"},{"floor":28,"key":"DistilledChaos"},{"floor":29,"key":"SteroidPotion"},{"floor":31,"key":"Energy Potion"},{"floor":33,"key":"Energy Potion"},{"floor":35,"key":"SmokeBomb"},{"floor":40,"key":"LiquidMemories"},{"floor":41,"key":"AttackPotion"},{"floor":42,"key":"Block Potion"},{"floor":44,"key":"PotionOfCapacity"},{"floor":46,"key":"FairyPotion"},{"floor":54,"key":"ColorlessPotion"}],"is_trial":false,"path_per_floor":["M","M","M","$","?","E","R","E","T","M","$","M","$","M","R","B",null,"M","?","?","M","$","E","R","M","T","R","M","M","$","M","R","B",null,"M","?","M","$","$","E","M","M","T","M","$","M","R","?","R","B",null,"R","$","E","B"],"character_chosen":"DEFECT","items_purchased":["BootSequence","Loop","Auto Shields","Glacier","Go for the Eyes","Meat on the Bone","Defragment"],"campfire_rested":5,"item_purchase_floors":[4,4,11,13,22,39,45],"current_hp_per_floor":[81,81,81,81,81,73,73,56,56,45,45,38,38,31,55,27,82,63,63,63,61,61,6,30,23,23,47,41,35,35,33,57,42,82,82,82,74,74,74,63,49,51,51,50,50,35,35,35,74,35,82,82,82,46,0,0],"gold":61,"neow_bonus":"TEN_PERCENT_HP_BONUS","is_prod":false,"is_daily":false,"chose_seed":false,"campfire_upgraded":2,"win_rate":0,"timestamp":1607608328,"path_taken":["M","M","M","?","?","E","R","E","T","M","$","M","$","M","R","BOSS","M","?","?","M","$","E","R","M","T","R","?","M","$","M","R","BOSS","M","?","M","?","$","E","?","M","T","M","$","M","R","?","R","BOSS","R","$","E","BOSS"],"build_version":"2020-11-30","purchased_purges":0,"victory":false,"max_hp_per_floor":[82,82,82,82,82,82,82,82,82,82,82,82,82,82,82,82,82,82,82,82,82,82,82,82,82,82,82,82,82,82,82,82,82,82,82,82,82,82,82,82,82,82,82,82,82,82,82,82,82,82,82,82,82,82,82,82],"relic_stats":{"Centennial Puzzle":[21],"Regal Pillow":15,"Busted Crown":16,"counters":[27,180],"Astrolabe":["Auto Shields","Echo Form","Streamline"],"Pantograph":58,"Whetstone":["Strike_B","Strike_B"],"obtain_stats":[{"Centennial Puzzle":40,"Regal Pillow":43,"Busted Crown":34,"Astrolabe":17,"Pantograph":23,"Vajra":54,"Whetstone":8,"Bottled Tornado":6,"Cracked Core":0,"Akabeko":19,"White Beast Statue":26,"Meat on the Bone":39},{"Centennial Puzzle":20,"Regal Pillow":22,"Busted Crown":17,"Astrolabe":9,"Pantograph":12,"Vajra":26,"Whetstone":5,"Bottled Tornado":4,"Cracked Core":0,"Akabeko":10,"White Beast Statue":13,"Meat on the Bone":19},{"Centennial Puzzle":123,"Regal Pillow":132,"Busted Crown":100,"Astrolabe":44,"Pantograph":63,"Vajra":175,"Whetstone":23,"Bottled Tornado":19,"Cracked Core":0,"Akabeko":49,"White Beast Statue":71,"Meat on the Bone":111}],"Meat on the Bone":36},"card_choices":[{"not_picked":["Stack","Ball Lightning"],"picked":"Leap","floor":1},{"not_picked":["Streamline","Force Field"],"picked":"Defragment","floor":2},{"not_picked":["Steam","Recycle"],"picked":"Go for the Eyes","floor":3},{"not_picked":["Stack","Coolheaded"],"picked":"Consume","floor":6},{"not_picked":["Consume","Meteor Strike"],"picked":"Capacitor","floor":8},{"not_picked":["Gash","Streamline","Compile Driver"],"picked":"SKIP","floor":10},{"not_picked":["FTL","Ball Lightning"],"picked":"Loop","floor":12},{"not_picked":["Beam Cell","Turbo","Rebound"],"picked":"SKIP","floor":14},{"not_picked":["All For One","Multi-Cast"],"picked":"Amplify","floor":16},{"not_picked":["Consume","Redo+1"],"picked":"Conserve Battery","floor":18},{"not_picked":["Auto Shields","Gash","Chaos+1"],"picked":"SKIP","floor":21},{"not_picked":["Scrape","FTL"],"picked":"Leap","floor":23},{"not_picked":["Fusion+1","Turbo"],"picked":"Melter+1","floor":25},{"not_picked":["Gash","Sweeping Beam"],"picked":"Turbo","floor":28},{"not_picked":["Barrage","Compile Driver"],"picked":"Lockon","floor":29},{"not_picked":["Creative AI","Cold Snap"],"picked":"Beam Cell+1","floor":31},{"not_picked":["Buffer","Creative AI"],"picked":"Thunder Strike","floor":33},{"not_picked":["Rebound"],"picked":"SKIP","floor":35},{"not_picked":[],"picked":"Defragment+1","floor":37},{"not_picked":[],"picked":"Redo","floor":40},{"not_picked":["FTL"],"picked":"SKIP","floor":41},{"not_picked":["Coolheaded"],"picked":"SKIP","floor":42},{"not_picked":["FTL+1"],"picked":"SKIP","floor":44},{"not_picked":[],"picked":"Consume+1","floor":46},{"not_picked":[],"picked":"Turbo+1","floor":54}],"player_experience":509168,"relics_obtained":[{"floor":6,"key":"Bottled Tornado"},{"floor":8,"key":"Whetstone"},{"floor":23,"key":"Pantograph"},{"floor":26,"key":"White Beast Statue"},{"floor":40,"key":"Centennial Puzzle"},{"floor":43,"key":"Regal Pillow"},{"floor":54,"key":"Vajra"}],"event_choices":[{"damage_healed":0,"gold_gain":0,"player_choice":"Leave","damage_taken":0,"max_hp_gain":0,"max_hp_loss":0,"event_name":"The Cleric","floor":5,"gold_loss":0},{"damage_healed":0,"gold_gain":0,"player_choice":"Obtained Relic","damage_taken":0,"relics_obtained":["Akabeko"],"max_hp_gain":0,"max_hp_loss":0,"event_name":"Addict","floor":19,"gold_loss":85},{"damage_healed":0,"gold_gain":0,"player_choice":"Read","damage_taken":0,"max_hp_gain":0,"max_hp_loss":0,"event_name":"The Library","floor":20,"gold_loss":0,"cards_obtained":["Blizzard"]},{"damage_healed":0,"gold_gain":0,"player_choice":"Ignored","damage_taken":0,"max_hp_gain":0,"max_hp_loss":0,"event_name":"Tomb of Lord Red Mask","floor":36,"gold_loss":0},{"damage_healed":0,"gold_gain":0,"player_choice":"Ignored","damage_taken":0,"max_hp_gain":0,"max_hp_loss":0,"event_name":"The Moai Head","floor":48,"gold_loss":0}],"is_beta":false,"boss_relics":[{"not_picked":["Pandora\u0027s Box","SacredBark"],"picked":"Astrolabe"},{"not_picked":["Coffee Dripper","Black Star"],"picked":"Busted Crown"}],"items_purged_floors":[],"is_endless":false,"potions_floor_spawned":[6,8,12,14,23,28,29,31,33,35,37,40,41,42,44,46,54],"killed_by":"The Heart","ascension_level":0}}