{"host":"ypphcgdomtfqpc2w","time":1607607964,"event":{"gold_per_floor":[118,135,152,152,165,165,165,165,165,198,198,217,217,228,228,302,302,317,317,329,64,77,108,108,135,135,160,260,96,96,136,136,219,219,230,245,145,163,197,197,241,253,278,278,305,305,316,237,246,246,246,246,246,43,78,78,78],"floor_reached":56,"playtime":6112,"items_purged":["Strike_G","Strike_G"],"score":2237,"play_id":"c1284359-175c-43e6-b871-4f2f3f76aa19","local_time":"20201210224604","is_ascension_mode":true,"campfire_choices":[{"data":"Masterful Stab","floor":7,"key":"SMITH"},{"data":"Leg Sweep","floor":11,"key":"SMITH"},{"data":"Forethought","floor":13,"key":"SMITH"},{"data":"Deadly Poison","floor":15,"key":"SMITH"},{"floor":24,"key":"REST"},{"data":"Prepared","floor":30,"key":"SMITH"},{"data":"Tactician","floor":32,"key":"SMITH"},{"data":"Expertise","floor":40,"key":"SMITH"},{"data":"Survivor","floor":44,"key":"SMITH"},{"floor":46,"key":"RECALL"},{"floor":49,"key":"REST"},{"data":"Bouncing Flask","floor":53,"key":"SMITH"}],"neow_cost":"NONE","seed_source_timestamp":36898306206900,"circlet_count":0,"master_deck":["AscendersBane","Strike_G","Strike_G","Strike_G+1","Defend_G","Defend_G","Defend_G","Defend_G","Survivor+1","Neutralize","Forethought+1","Masterful Stab+1","Underhanded Strike","Leg Sweep+1","Infinite Blades","PiercingWail","Adrenaline","Backstab+1","Deadly Poison+1","Venomology","PiercingWail","Ghostly","Ghostly","Ghostly","Caltrops+1","After Image","Prepared+1","Deflect","Tactician+1","Expertise+1","After Image","Madness","Madness","PiercingWail+1","Blur+1","Bouncing Flask+1","Noxious Fumes","Prepared+1","Catalyst"],"relics":["Ring of the Snake","Letter Opener","InkBottle","Runic Pyramid","Singing Bowl","Oddly Smooth Stone","Dream Catcher","Whetstone","Ninja Scroll","CaptainsWheel","Blue Candle","CeramicFish","Philosopher\u0027s Stone","Turnip","Bag of Marbles","The Courier","TwistedFunnel","Art of War"],"potions_floor_usage":[10,10,18,22,23,23,25,27,28,31,33,33,36,39,39,41,42,45,50,51,51,55,56,56,56],"damage_taken":[{"damage":2,"enemies":"2 Louse","floor":1,"turns":5},{"damage":6,"enemies":"Jaw Worm","floor":2,"turns":4},{"damage":0,"enemies":"Small Slimes","floor":3,"turns":3},{"damage":4,"enemies":"Blue Slaver","floor":5,"turns":5},{"damage":24,"enemies":"Gremlin Nob","floor":10,"turns":5},{"damage":0,"enemies":"Looter","floor":12,"turns":3},{"damage":0,"enemies":"2 Fungi Beasts","floor":14,"turns":5},{"damage":14,"enemies":"The Guardian","floor":16,"turns":11},{"damage":29,"enemies":"2 Thieves","floor":18,"turns":4},{"damage":5,"enemies":"Shell Parasite","floor":20,"turns":7},{"damage":0,"enemies":"3 Cultists","floor":22,"turns":5},{"damage":8,"enemies":"Slavers","floor":23,"turns":7},{"damage":0,"enemies":"Gremlin Leader","floor":25,"turns":9},{"damage":4,"enemies":"Book of Stabbing","floor":27,"turns":5},{"damage":0,"enemies":"Colosseum Slavers","floor":28,"turns":6},{"damage":0,"enemies":"Colosseum Nobs","floor":28,"turns":5},{"damage":0,"enemies":"Gremlin Leader","floor":31,"turns":9},{"damage":0,"enemies":"Collector","floor":33,"turns":12},{"damage":0,"enemies":"3 Shapes","floor":35,"turns":4},{"damage":0,"enemies":"3 Darklings","floor":36,"turns":5},{"damage":3,"enemies":"Mind Bloom Boss Battle","floor":39,"turns":9},{"damage":17,"enemies":"Giant Head","floor":41,"turns":10},{"damage":0,"enemies":"Spire Growth","floor":42,"turns":7},{"damage":0,"enemies":"Reptomancer","floor":45,"turns":6},{"damage":0,"enemies":"Maw","floor":47,"turns":9},{"damage":8,"enemies":"Time Eater","floor":50,"turns":14},{"damage":10,"enemies":"Donu and Deca","floor":51,"turns":15},{"damage":0,"enemies":"Shield and Spear","floor":55,"turns":9},{"damage":46,"enemies":"The Heart","floor":56,"turns":11}],"seed_played":"-8552659179034705303","potions_obtained":[{"floor":1,"key":"DistilledChaos"},{"floor":2,"key":"Ancient Potion"},{"floor":5,"key":"Block Potion"},{"floor":22,"key":"SteroidPotion"},{"floor":25,"key":"LiquidMemories"},{"floor":28,"key":"DistilledChaos"},{"floor":39,"key":"PowerPotion"},{"floor":41,"key":"LiquidMemories"},{"floor":45,"key":"CultistPotion"}],"is_trial":false,"path_per_floor":["M","M","M","?","M","?","R","?","T","E","R","M","R","M","R","B",null,"M","?","M","$","M","E","R","E","T","E","?","$","R","E","R","B",null,"M","M","$","?","?","R","E","M","T","R","E","R","M","$","R","B","B",null,"R","$","E","B"],"character_chosen":"THE_SILENT","items_purchased":["Singing Bowl","Tactician","Bouncing Flask","Noxious Fumes","TwistedFunnel","LiquidMemories"],"campfire_rested":2,"item_purchase_floors":[21,29,48,48,54,54],"current_hp_per_floor":[57,51,51,51,47,47,47,52,52,28,28,28,28,28,28,14,57,28,28,23,23,25,17,28,28,28,24,26,26,26,26,26,26,36,38,40,40,32,29,29,12,14,14,14,16,16,18,18,32,24,14,40,40,40,40,0,0],"gold":78,"neow_bonus":"RANDOM_COLORLESS","is_prod":false,"is_daily":false,"chose_seed":false,"campfire_upgraded":9,"win_rate":0,"timestamp":1607607964,"path_taken":["M","M","M","?","M","?","R","?","T","E","R","M","R","M","R","BOSS","M","?","M","$","M","E","R","E","T","E","?","$","R","E","R","BOSS","M","M","$","?","?","R","E","M","T","R","E","R","M","$","R","BOSS","BOSS","R","$","E","BOSS"],"build_version":"2020-11-30","purchased_purges":2,"victory":false,"max_hp_per_floor":[66,66,66,66,66,66,66,71,71,71,71,71,71,71,71,71,71,71,35,35,35,37,37,37,37,37,37,39,39,39,39,39,39,39,41,43,43,43,43,43,43,45,45,45,47,47,49,49,49,49,49,49,49,49,49,49,49],"relic_stats":{"Dream Catcher":1,"Singing Bowl":14,"counters":[29,209],"Blue Candle":[0],"CeramicFish":90,"Turnip":[11],"Art of War":[3],"Letter Opener":[870],"Whetstone":["Strike_G","Backstab"],"obtain_stats":[{"TwistedFunnel":54,"Singing Bowl":21,"Blue Candle":28,"CeramicFish":31,"Oddly Smooth Stone":23,"The Courier":45,"Letter Opener":9,"Whetstone":26,"Dream Catcher":25,"CaptainsWheel":28,"Ninja Scroll":27,"Philosopher\u0027s Stone":34,"Turnip":39,"Bag of Marbles":41,"Art of War":55,"InkBottle":10,"Ring of the Snake":0,"Runic Pyramid":17},{"TwistedFunnel":27,"Singing Bowl":10,"Blue Candle":16,"CeramicFish":17,"Oddly Smooth Stone":12,"The Courier":24,"Letter Opener":4,"Whetstone":13,"Dream Catcher":13,"CaptainsWheel":16,"Ninja Scroll":14,"Philosopher\u0027s Stone":18,"Turnip":21,"Bag of Marbles":22,"Art of War":28,"InkBottle":5,"Ring of the Snake":0,"Runic Pyramid":8},{"TwistedFunnel":189,"Singing Bowl":52,"Blue Candle":89,"CeramicFish":98,"Oddly Smooth Stone":64,"The Courier":151,"Letter Opener":17,"Whetstone":73,"Dream Catcher":73,"CaptainsWheel":89,"Ninja Scroll":78,"Philosopher\u0027s Stone":110,"Turnip":128,"Bag of Marbles":138,"Art of War":198,"InkBottle":22,"Ring of the Snake":0,"Runic Pyramid":41}],"InkBottle":[108],"Ring of the Snake":[58]},"card_choices":[{"not_picked":["Impatience","Enlightenment"],"picked":"Forethought","floor":0},{"not_picked":["PiercingWail","Slice"],"picked":"Masterful Stab","floor":1},{"not_picked":["PiercingWail","Outmaneuver"],"picked":"Underhanded Strike","floor":2},{"not_picked":["Cloak And Dagger","Blade Dance"],"picked":"Leg Sweep","floor":3},{"not_picked":["Blade Dance","Cloak And Dagger"],"picked":"PiercingWail","floor":5},{"not_picked":["Calculated Gamble","Heel Hook"],"picked":"Adrenaline","floor":10},{"not_picked":["Flying Knee","Bane"],"picked":"Backstab","floor":12},{"not_picked":["Accuracy","Dagger Throw"],"picked":"Deadly Poison","floor":14},{"not_picked":["Glass Knife","Malaise"],"picked":"Venomology","floor":16},{"not_picked":["Blade Dance","Prepared"],"picked":"PiercingWail","floor":18},{"not_picked":["Setup","Quick Slash"],"picked":"Caltrops+1","floor":20},{"not_picked":["Dagger Spray","Underhanded Strike","Outmaneuver"],"picked":"Singing Bowl","floor":22},{"not_picked":["Bouncing Flask","Poisoned Stab"],"picked":"After Image","floor":23},{"not_picked":["Accuracy","Storm of Steel"],"picked":"Prepared","floor":25},{"not_picked":["Flying Knee","Slice"],"picked":"Deflect","floor":27},{"not_picked":["Bane","Heel Hook","Acrobatics"],"picked":"Singing Bowl","floor":28},{"not_picked":["Concentrate","Masterful Stab"],"picked":"Expertise","floor":31},{"not_picked":["Bullet Time","Phantasmal Killer"],"picked":"After Image","floor":33},{"not_picked":["Skewer","Slice","Quick Slash"],"picked":"Singing Bowl","floor":35},{"not_picked":["Dagger Spray","Dagger Throw+1","Endless Agony"],"picked":"Singing Bowl","floor":36},{"not_picked":["Outmaneuver","Dagger Throw"],"picked":"PiercingWail+1","floor":39},{"not_picked":["Well Laid Plans","Slice"],"picked":"Blur+1","floor":41},{"not_picked":["Blade Dance","Quick Slash","Dodge and Roll"],"picked":"Singing Bowl","floor":42},{"not_picked":["Sucker Punch","Setup","Glass Knife"],"picked":"Singing Bowl","floor":45},{"not_picked":["Backflip","Dagger Spray","Masterful Stab+1"],"picked":"Singing Bowl","floor":47},{"not_picked":["Concentrate","Caltrops"],"picked":"Prepared+1","floor":49},{"not_picked":["Phantasmal Killer","Corpse Explosion"],"picked":"Catalyst","floor":55}],"player_experience":1935586,"relics_obtained":[{"floor":9,"key":"Letter Opener"},{"floor":10,"key":"InkBottle"},{"floor":23,"key":"Oddly Smooth Stone"},{"floor":25,"key":"Dream Catcher"},{"floor":26,"key":"Whetstone"},{"floor":27,"key":"Ninja Scroll"},{"floor":28,"key":"CaptainsWheel"},{"floor":28,"key":"Blue Candle"},{"floor":31,"key":"CeramicFish"},{"floor":39,"key":"Turnip"},{"floor":41,"key":"Bag of Marbles"},{"floor":45,"key":"The Courier"},{"floor":55,"key":"Art of War"}],"event_choices":[{"damage_healed":0,"gold_gain":0,"cards_transformed":["Defend_G"],"player_choice":"Change","damage_taken":0,"max_hp_gain":0,"max_hp_loss":0,"event_name":"Living Wall","floor":4,"gold_loss":0,"cards_obtained":["Infinite Blades"]},{"damage_healed":0,"gold_gain":0,"player_choice":"Ignored","damage_taken":0,"max_hp_gain":0,"max_hp_loss":0,"event_name":"Liars Game","floor":6,"gold_loss":0},{"damage_healed":0,"gold_gain":0,"player_choice":"Donut","damage_taken":0,"max_hp_gain":5,"max_hp_loss":0,"event_name":"Big Fish","floor":8,"gold_loss":0},{"damage_healed":0,"gold_gain":0,"player_choice":"Became a Ghost","damage_taken":0,"max_hp_gain":0,"max_hp_loss":36,"event_name":"Ghosts","floor":19,"gold_loss":0,"cards_obtained":["Ghostly","Ghostly","Ghostly"]},{"damage_healed":0,"gold_gain":0,"player_choice":"Fight","damage_taken":0,"max_hp_gain":0,"max_hp_loss":0,"event_name":"Colosseum","floor":28,"gold_loss":0},{"damage_healed":0,"gold_gain":0,"player_choice":"Fought Nobs","damage_taken":0,"max_hp_gain":0,"max_hp_loss":0,"event_name":"Colosseum","floor":28,"gold_loss":0},{"damage_healed":0,"gold_gain":0,"player_choice":"Embrace Madness","damage_taken":8,"max_hp_gain":0,"max_hp_loss":0,"event_name":"Winding Halls","floor":38,"gold_loss":0,"cards_obtained":["Madness","Madness"]},{"damage_healed":0,"gold_gain":0,"player_choice":"Fight","damage_taken":0,"max_hp_gain":0,"max_hp_loss":0,"event_name":"MindBloom","floor":39,"gold_loss":0}],"is_beta":false,"boss_relics":[{"not_picked":["Cursed Key","Black Star"],"picked":"Runic Pyramid"},{"not_picked":["Fusion Hammer","Snecko Eye"],"picked":"Philosopher\u0027s Stone"}],"items_purged_floors":[29,37],"is_endless":false,"potions_floor_spawned":[1,2,5,22,25,27,28,28,39,41,45],"killed_by":"The Heart","ascension_level":20}}