{"host":"l8lm1goh5xm9tkuw","time":1607611510,"event":{"mods":["BaseMod","StSLib","MostiFishMod","Act Like it!","Astrologer","Colored Map","Colored Powertips","Hermit","KomeijiMod","Lobotomy","LobotomyExtend","Marisa£¨ìFÓê¡¡Ä§ÀíÉ³£©","Minty Spire (QoL Compilation)","Quick Restart","Replay The Spire","TestMod","The Bug Knight","The Hierophant","UnlockEverythingMod","vexMod","Alarm Clock","KinomotoSakuraMod(Ä¾Ö®±¾Ó£)","¡¾ÒÅÎï¿¨ÅÆ¡¿REMEMod","GungeonMod","Shade Mod","The Animator","Yuri Mod","Library of Ruina","Library of Ruina Extra"],"gold_per_floor":[110,35,35,48,48,75,75,104,104,104,129,142,167,179,179,281,281,299,299,219,239,239,258,292,306,306,318,352,352,368,394,394,490,490,506,529,544,561,581,607,607,638,687,699,699,699,699,128,128,128,128],"floor_reached":52,"playtime":1565,"items_purged":["LightDefense","LightDefense","LightAttack"],"score":1288,"play_id":"c769ab1b-f4ca-4849-bff9-ea0cd50d912a","local_time":"20201210224510","is_ascension_mode":true,"campfire_choices":[{"data":"ExtractFuel","floor":7.0,"key":"SMITH"},{"data":"DefenseOrder","floor":10,"key":"SMITH"},{"data":"SmokingPipe","floor":15,"key":"SMITH"},{"data":"Quickness","floor":29,"key":"SMITH"},{"data":"TraceOfFumes","floor":32,"key":"SMITH"},{"data":"AutonomousRush","floor":41,"key":"SMITH"},{"data":"GuidanceOfTheGears","floor":45,"key":"SMITH"},{"data":"Flash of Steel","floor":49,"key":"SMITH"}],"circlet_count":0,"master_deck":["Dodge","LightDefense","LightDefense","ChargeAndCover","FocusedStrikes","Quickness+1","ExtractFuel+1","DefenseOrder+1","SmokingPipe+1","FleshFillet+1","DefenseOrder+1","GuidanceOfTheGears+1","DeepDrag+1","DeepDrag+1","TraceOfFumes+1","CurseOfTheBell","GuidanceOfTheGears+1","AutonomousRush+1","Flash of Steel+1"],"special_seed":0,"relics":["PageOfLibrarian","DaveBox","testmod-TestBox","REME_ComplimentaryCards","JellyFishMachine","testmod-IWantAll","NeowsBlessing","Question Card","LetterFromLob","Strawberry","Tiny Chest","Letter Opener","Mummified Hand","REME_HourglassOfDeath","ImportantClient","Runic Pyramid","testmod-AssaultLearning","testmod-Justice","Pen Nib","Calling Bell","Vajra","PageOfGalaxyChild","Replay:Bottled Eggs","Omamori","HornCleat","DemoMod:GlassGuonStoneRelic","testmod-OneHitWonder","DemoMod:ClearGuonStone","DemoMod:BigBoy","REME_CardOfGreed","Lantern"],"acts_visited":["Exordium","TheCity","TheBeyond"],"potions_floor_usage":[8,11,16,21,25,42,42],"damage_taken":[{"damage":0.0,"enemies":"Cultist","floor":1.0,"turns":1.0},{"damage":0.0,"enemies":"2 Louse","floor":4.0,"turns":1.0},{"damage":0.0,"enemies":"HollowMod:MossKnight","floor":6.0,"turns":1.0},{"damage":3,"enemies":"Gremlin Nob","floor":8,"turns":5},{"damage":5,"enemies":"Lagavulin","floor":11,"turns":4},{"damage":5,"enemies":"Small Slimes","floor":12,"turns":3},{"damage":0,"enemies":"HollowMod:MossKnight","floor":13,"turns":4},{"damage":4,"enemies":"3 Louse","floor":14,"turns":3},{"damage":7,"enemies":"Hexaghost","floor":16,"turns":9},{"damage":0,"enemies":"Chosen","floor":18,"turns":3},{"damage":0,"enemies":"2 Thieves","floor":21,"turns":3},{"damage":0,"enemies":"Chosen and Byrds","floor":23,"turns":3},{"damage":0,"enemies":"HollowMod:Nosk","floor":24,"turns":2},{"damage":0,"enemies":"Snake Plant","floor":25,"turns":2},{"damage":0,"enemies":"Cultist and Chosen","floor":27,"turns":2},{"damage":0,"enemies":"Slavers","floor":28,"turns":4},{"damage":0,"enemies":"Centurion and Healer","floor":30,"turns":3},{"damage":5,"enemies":"Gremlin Leader","floor":31,"turns":3},{"damage":0,"enemies":"KingOfGreed","floor":33,"turns":5},{"damage":0,"enemies":"Orb Walker","floor":35,"turns":2},{"damage":0,"enemies":"3 Darklings","floor":37,"turns":4},{"damage":0,"enemies":"Sphere and 2 Shapes","floor":38,"turns":3},{"damage":0,"enemies":"4 Shapes","floor":39,"turns":4},{"damage":0,"enemies":"Giant Head","floor":40,"turns":4},{"damage":3,"enemies":"Nemesis","floor":42,"turns":3},{"damage":0,"enemies":"Maw","floor":44,"turns":4},{"damage":0,"enemies":"Replay:Hell Engine","floor":50,"turns":2}],"seed_played":"-38470429309732989","potions_obtained":[{"floor":4.0,"key":"DemoMod:LeadSkinPotion"},{"floor":6.0,"key":"Cursed Concoction"},{"floor":12,"key":"CalmPotion"},{"floor":13,"key":"Block Potion"},{"floor":14,"key":"Explosive Potion"},{"floor":21,"key":"SkillPotion"},{"floor":25,"key":"Energy Potion"},{"floor":27,"key":"Ancient Potion"},{"floor":35,"key":"FearPotion"}],"is_trial":false,"path_per_floor":["M","$","?","M","?","E","R","E","T","R","E","M","E","M","R_BF","B",null,"M","?","$","M","?","M","E","M","T","M","E","R","M","E","R","B",null,"M","T","M","M","M","E","R","E","T","M","R","?","?","$","R","B",null,null],"character_chosen":"Librarian","items_purchased":["DemoMod:BigBoy","REME_CardOfGreed","Lantern"],"campfire_rested":0,"item_purchase_floors":[48,48,48],"current_hp_per_floor":[54,54,54,54,47,54,54,66,66,66,65,62,68,68,68,73,83,85,85,85,86,86,86,86,86,86,86,86,86,86,83,83,86,86,86,86,86,86,86,86,86,83,83,86,86,86,86,86,86,86,86],"gold":128,"neow_bonus":"THREE_ENEMY_KILL","is_daily":false,"chose_seed":false,"campfire_upgraded":8,"win_rate":0,"timestamp":1607611510,"path_taken":["M","?","?","?","?","E","R","E","T","R","E","M","E","M","R_BF","BOSS","M","?","$","M","?","M","E","M","T","?","E","R","M","E","R","BOSS","M","?","M","M","M","E","R","E","T","M","R","?","?","$","R","BOSS"],"build_version":"2020-11-30","purchased_purges":3,"victory":true,"max_hp_per_floor":[68,68,68,68,68,83,83,86,86,86,86,86,96,96,86,86,86,86,86,86,86,86,86,86,86,86,86,86,86,86,86,86,86,86,86,86,86,86,86,86,86,86,86,86,86,86,86,86,86,86,86],"card_choices":[{"not_picked":["Wallop_lor","UnavoidableGaze","FleetFootsteps","MindPrepared"],"picked":"SKIP","floor":1.0},{"not_picked":["HandleRequest","FaintMemories","Unlock1","WillProduceFineSilk"],"picked":"Quickness","floor":4.0},{"not_picked":["HandleRequest","YoureTooSlow","DarkCloud","StructuralAnalysis"],"picked":"ExtractFuel","floor":6.0},{"not_picked":["SharpSwipe","SunsetBlade","WildCard","BizarreAttack"],"picked":"DefenseOrder","floor":8},{"not_picked":["LawAndOrder","ExtractFuel","Creak","NightInTheBackstreets"],"picked":"SmokingPipe","floor":11},{"not_picked":["BizarreAttack","SunsetBlade","StayCalm","SmokingPipe","AsThePrescriptOrders"],"picked":"SKIP","floor":12},{"not_picked":["StartinOutLightly","Gamble","DarkCloud","AsThePrescriptOrders","CombatPreparation"],"picked":"SKIP","floor":13},{"not_picked":["HandleRequest","CombatPreparation","Guardian_lor","BizarreAttack","BlowItUp"],"picked":"SKIP","floor":14},{"not_picked":["RepressedFlesh","Cruelty","UnforgettableMelody"],"picked":"FleshFillet","floor":16},{"not_picked":["SmokingPipe","HiddenBlade","Outburst","Deflect_lor"],"picked":"DefenseOrder+1","floor":18},{"not_picked":["Fence","SunsetBlade","CookingPrep","SmokingPipe","Outburst"],"picked":"SKIP","floor":21},{"not_picked":["ShockingBlow","Diversion","Gigigig","Standoff","HandleRequest"],"picked":"SKIP","floor":23},{"not_picked":["KeepItFresh","YouOnlyLiveOnce","ShockingBlow","BackAttack"],"picked":"GuidanceOfTheGears+1","floor":24},{"not_picked":["Standoff","Diversion","DarkCloud","WillProduceFineSilk","ShockingBlow+1"],"picked":"SKIP","floor":25},{"not_picked":["SunsetBlade","Track","HiddenBlade","HandleRequest","DaringDecision"],"picked":"SKIP","floor":27},{"not_picked":["Endure","Outburst","BackAttack+1","Overpower","Tailoring"],"picked":"SKIP","floor":28},{"not_picked":["WaitUp","HiddenBlade","StayCalm","SmokingPipe"],"picked":"DeepDrag","floor":30},{"not_picked":["WaitUp","HiddenBlade","StayCalm","SmokingPipe"],"picked":"DeepDrag","floor":30},{"not_picked":["BladeWhirl+1","StayCalm","BackAttack","DaringDecision"],"picked":"TraceOfFumes","floor":31},{"not_picked":["HiddenBlade","BackAttack","Cruelty","Outburst","ChopItOff"],"picked":"SKIP","floor":35},{"not_picked":["Overpower","HandleRequest","NightInTheBackstreets+1","FierceOnslaught"],"picked":"GuidanceOfTheGears","floor":37},{"not_picked":["HandleRequest","HiddenBlade","ChargeUp","GuidanceOfTheGears+1","Standoff+1"],"picked":"SKIP","floor":38},{"not_picked":["HiddenBlade","Outburst+1","WrathOfTorment+1","TraceOfFumes"],"picked":"AutonomousRush","floor":39},{"not_picked":["ICanCookAnything","CutIn+1","FierceOnslaught","HandleRequest","HiddenBlade+1"],"picked":"SKIP","floor":40},{"not_picked":["Standoff","Guardian_lor+1","BladeWhirl","DefenseOrder+1","DarkCloud"],"picked":"SKIP","floor":42},{"not_picked":["Diversion+1","SunsetBlade","Track+1","Standoff+1","GuidanceOfTheGears+1"],"picked":"SKIP","floor":44},{"not_picked":["vexMod:EmailVexCard","Purity","Panacea","testmod-Superconductor"],"picked":"Flash of Steel","floor":47}],"player_experience":301869,"relics_obtained":[{"floor":1.0,"key":"Question Card"},{"floor":1.0,"key":"LetterFromLob"},{"floor":6.0,"key":"Strawberry"},{"floor":8,"key":"Tiny Chest"},{"floor":9,"key":"Letter Opener"},{"floor":11,"key":"Mummified Hand"},{"floor":13,"key":"REME_HourglassOfDeath"},{"floor":16,"key":"ImportantClient"},{"floor":24,"key":"testmod-AssaultLearning"},{"floor":28,"key":"testmod-Justice"},{"floor":31,"key":"Pen Nib"},{"floor":34,"key":"Vajra"},{"floor":34,"key":"PageOfGalaxyChild"},{"floor":34,"key":"Replay:Bottled Eggs"},{"floor":36,"key":"Omamori"},{"floor":40,"key":"HornCleat"},{"floor":42,"key":"testmod-OneHitWonder"},{"floor":43,"key":"DemoMod:ClearGuonStone"}],"event_choices":[{"cards_removed":["LightAttack"],"damage_healed":0.0,"max_hp_gain":0.0,"max_hp_loss":0.0,"gold_gain":0.0,"event_name":"Purifier","player_choice":"Purged","floor":3.0,"gold_loss":0.0,"damage_taken":0.0},{"cards_removed":["LightAttack"],"damage_healed":0.0,"max_hp_gain":0.0,"max_hp_loss":0.0,"gold_gain":0.0,"event_name":"Golden Wing","player_choice":"Card Removal","floor":5.0,"gold_loss":0.0,"damage_taken":7.0},{"damage_healed":0,"gold_gain":0,"player_choice":"Upgraded","damage_taken":0,"max_hp_gain":0,"max_hp_loss":0,"event_name":"Upgrade Shrine","floor":22,"gold_loss":0,"cards_upgraded":["FleshFillet"]},{"damage_healed":0,"gold_gain":0,"player_choice":"Ignored","damage_taken":0,"max_hp_gain":0,"max_hp_loss":0,"event_name":"Tomb of Lord Red Mask","floor":46,"gold_loss":0},{"damage_healed":0,"gold_gain":0,"player_choice":"Memory 1","damage_taken":0,"max_hp_gain":0,"max_hp_loss":0,"event_name":"SensoryStone","floor":47,"gold_loss":0}],"is_beta":false,"boss_relics":[{"not_picked":["testmod-StringDisintegrator","testmod-Nine"],"picked":"Runic Pyramid"},{"not_picked":["DiscerningMonocle","testmod-D_4"],"picked":"Calling Bell"}],"items_purged_floors":[2,20,48],"is_endless":false,"potions_floor_spawned":[4,6,12,13,14,21,25,27,31,35],"ascension_level":10}}