{"host":"nptej036rrbiurf5","time":1607568493,"event":{"gold_per_floor":[118,3,78,78,95,120,120,138,138,138,156,183,200,234,234,308,308,308,308,308,128,128,128,128,128,128,128,128,128,128,128,128],"floor_reached":31,"playtime":617,"items_purged":["Strike_B","Strike_B"],"score":540,"play_id":"5c561369-b652-4c8c-95b0-73990a52fc3a","local_time":"20201210114813","is_ascension_mode":true,"campfire_choices":[{"data":"Sunder","floor":7,"key":"SMITH"},{"data":"Lockon","floor":10,"key":"SMITH"},{"floor":15,"key":"REST"},{"floor":23,"key":"REST"},{"floor":25,"key":"REST"}],"neow_cost":"NONE","seed_source_timestamp":1290211856619800,"circlet_count":0,"master_deck":["AscendersBane","Strike_B","Strike_B","Defend_B","Defend_B","Defend_B","Zap","Dualcast","Coolheaded","Sunder+1","Ball Lightning","Lockon+1","Ball Lightning+1","Electrodynamics","Coolheaded","Seek","Auto Shields","Recycle","Compile Driver+1","Steam Power"],"relics":["Cracked Core","NeowsBlessing","Tiny Chest","Molten Egg 2","Torii","Symbiotic Virus","Ectoplasm","CeramicFish"],"potions_floor_usage":[12,14,20],"damage_taken":[{"damage":0,"enemies":"Jaw Worm","floor":1,"turns":1},{"damage":0,"enemies":"Cultist","floor":5,"turns":1},{"damage":0,"enemies":"Gremlin Nob","floor":6,"turns":1},{"damage":0,"enemies":"2 Louse","floor":8,"turns":2},{"damage":0,"enemies":"2 Fungi Beasts","floor":11,"turns":1},{"damage":16,"enemies":"Lagavulin","floor":12,"turns":4},{"damage":1,"enemies":"Looter","floor":13,"turns":2},{"damage":20,"enemies":"3 Sentries","floor":14,"turns":5},{"damage":16,"enemies":"Hexaghost","floor":16,"turns":8},{"damage":1,"enemies":"Chosen","floor":18,"turns":3},{"damage":29,"enemies":"Shell Parasite","floor":19,"turns":3},{"damage":0,"enemies":"Snake Plant","floor":20,"turns":2},{"damage":16,"enemies":"Snecko","floor":22,"turns":4},{"damage":33,"enemies":"Cultist and Chosen","floor":24,"turns":6},{"damage":0,"enemies":"Snake Plant","floor":27,"turns":2},{"damage":1,"enemies":"3 Cultists","floor":28,"turns":3},{"damage":6,"enemies":"Centurion and Healer","floor":31,"turns":2}],"seed_played":"-1839187713804053236","potions_obtained":[{"floor":5,"key":"DistilledChaos"},{"floor":11,"key":"SkillPotion"},{"floor":12,"key":"Ancient Potion"},{"floor":14,"key":"BlessingOfTheForge"},{"floor":22,"key":"Dexterity Potion"}],"is_trial":false,"path_per_floor":["M","$","?","?","M","E","R","M","T","R","M","E","M","E","R","B",null,"M","M","M","$","M","R","M","R","T","M","M","?","?","M"],"character_chosen":"DEFECT","items_purchased":["Sunder","Auto Shields"],"campfire_rested":3,"item_purchase_floors":[2,21],"current_hp_per_floor":[64,64,53,53,53,53,53,53,53,53,53,37,36,16,37,21,59,58,29,29,29,13,34,1,22,22,22,21,21,1,0,0],"gold":128,"neow_bonus":"THREE_ENEMY_KILL","is_prod":false,"is_daily":false,"chose_seed":false,"campfire_upgraded":2,"win_rate":0,"timestamp":1607568493,"path_taken":["M","$","?","?","M","E","R","M","T","R","M","E","?","E","R","BOSS","M","M","M","$","M","R","M","R","T","M","M","?","?","M"],"build_version":"2020-11-30","purchased_purges":2,"victory":false,"max_hp_per_floor":[71,71,71,71,71,71,71,71,71,71,71,71,71,71,71,71,71,71,71,71,71,71,71,71,71,71,71,71,71,76,76,76],"card_choices":[{"not_picked":["Beam Cell","Compile Driver"],"picked":"Coolheaded","floor":1},{"not_picked":["Go for the Eyes","Darkness"],"picked":"Ball Lightning","floor":5},{"not_picked":["Sweeping Beam","Cold Snap"],"picked":"Lockon","floor":6},{"not_picked":["Turbo","Go for the Eyes","Melter"],"picked":"SKIP","floor":8},{"not_picked":["Double Energy","Fission"],"picked":"Ball Lightning+1","floor":11},{"not_picked":["Melter+1","BootSequence","Streamline+1"],"picked":"SKIP","floor":12},{"not_picked":["Stack","Cold Snap+1","Gash+1"],"picked":"SKIP","floor":13},{"not_picked":["Static Discharge","Lockon+1","Gash+1"],"picked":"SKIP","floor":14},{"not_picked":["Thunder Strike+1","Meteor Strike+1"],"picked":"Electrodynamics","floor":16},{"not_picked":["Hologram","Redo","Aggregate"],"picked":"SKIP","floor":18},{"not_picked":["Redo","Hologram"],"picked":"Coolheaded","floor":19},{"not_picked":["Barrage+1","Force Field"],"picked":"Seek","floor":20},{"not_picked":["Aggregate","Beam Cell+1"],"picked":"Recycle","floor":22},{"not_picked":["Double Energy","Go for the Eyes+1","Stack+1"],"picked":"SKIP","floor":24},{"not_picked":["Compile Driver+1","Aggregate","Beam Cell+1"],"picked":"SKIP","floor":27},{"not_picked":["Aggregate","Beam Cell+1"],"picked":"Compile Driver+1","floor":27},{"not_picked":["Coolheaded","Hello World","Steam Power"],"picked":"SKIP","floor":28},{"not_picked":["Coolheaded","Hello World"],"picked":"Steam Power","floor":28}],"player_experience":817712,"relics_obtained":[{"floor":6,"key":"Tiny Chest"},{"floor":9,"key":"Molten Egg 2"},{"floor":12,"key":"Torii"},{"floor":14,"key":"Symbiotic Virus"},{"floor":26,"key":"CeramicFish"}],"event_choices":[{"damage_healed":0,"gold_gain":75,"player_choice":"Gather Gold","damage_taken":11,"max_hp_gain":0,"max_hp_loss":0,"event_name":"World of Goop","floor":3,"gold_loss":0},{"cards_removed":["Defend_B"],"damage_healed":0,"gold_gain":0,"player_choice":"Purged","damage_taken":0,"max_hp_gain":0,"max_hp_loss":0,"event_name":"Purifier","floor":4,"gold_loss":0},{"damage_healed":0,"gold_gain":0,"player_choice":"Ignored","damage_taken":0,"max_hp_gain":0,"max_hp_loss":0,"event_name":"The Mausoleum","floor":29,"gold_loss":0},{"damage_healed":0,"gold_gain":0,"player_choice":"Shed Blood","damage_taken":25,"max_hp_gain":5,"max_hp_loss":0,"event_name":"Forgotten Altar","floor":30,"gold_loss":0}],"is_beta":false,"boss_relics":[{"not_picked":["Runic Dome","SlaversCollar"],"picked":"Ectoplasm"}],"items_purged_floors":[2,21],"is_endless":false,"potions_floor_spawned":[5,11,12,14,19,22,28],"killed_by":"Centurion and Healer","ascension_level":18}}