{"host":"0azimyi6n3ugndj4","time":1607617262,"event":{"mods":["BaseMod","StSLib","Curses Come First","Conspire","Hyrulean Relics","Infinite Spire","Minty Spire (QoL Compilation)","Relic Stats","Replay The Spire","Uncapped","¡¼?Úª?ø«¡½REMEMod","Bestiary","Defuse TimeMaze Blight","SuperFastMode"],"gold_per_floor":[99,29,80,80,80,80,171,530,530,631,680,680,83,83,83,83,83],"floor_reached":16,"playtime":363,"items_purged":[],"score":387,"play_id":"95ac599b-2a57-4a01-b954-72243bd78181","local_time":"20201211012102","daily_mods":["Draft","Hoarder","Insanity","Chimera","Specialized","Vintage","ControlledChaos","Allstar","Diverse","Colorless Cards","Heirloom","Time Dilation","Flight","Elite Swarm","Lethality","Midas","Night Terrors","Terminal","Binary"],"is_ascension_mode":true,"campfire_choices":[{"floor":6,"key":"REST"},{"floor":15,"key":"REST"}],"circlet_count":0,"master_deck":["Demon Form","Wraith Form v2","Echo Form","DevaForm","AscendersBane","Bash","Survivor","Zap","Eruption+1","Strike_R","Strike_G","Strike_B","Defend_R","Defend_G","Defend_P","CutThroughFate","Slice","BasicCrystalCard","Iron Wave","True Grit","Dual Wield","WheelKick","Protect","Stack","Deep Breath","Flechettes","FlyingSleeves","Deadly Poison","Battle Trance","Compile Driver","Conserve Battery","Poisoned Stab","REME_Repentance","Replay:BasicMightCard","Wild Strike","Flying Knee","JustLucky","Headbutt","Replay:AtTheReady","SashWhip","Cleave","Melter","REME_Repentance","PiercingWail","Outmaneuver","Enlightenment","Iron Wave","Dagger Throw","Barrage","Hologram","Dodge and Roll","ReplaySort","Sneak Up","Enlightenment","Replay:Bootleg Shield Generator","TalkToTheHand","Shrug It Off","PathToVictory","Wild Strike","Stack","Aggregate","Replay:ManipulateFuture","REME_SelfUpgrade","Thunderclap","REME_SingleHolding","REME_SingleHolding","REME_SingleHolding","REME_SingleHolding","REME_SingleHolding","REME_SingleHolding","REME_SingleHolding","REME_SingleHolding","REME_SingleHolding","REME_SingleHolding","REME_SingleHolding","REME_SingleHolding","REME_SingleHolding","REME_SingleHolding","REME_SingleHolding","Pommel Strike","Pommel Strike","Pommel Strike","REME_GreenPollution","REME_GreenPollution","REME_GreenPollution","Thunderclap","Thunderclap","Thunderclap","Sweeping Beam","Sweeping Beam","Sweeping Beam","Prostrate+1","Prostrate","Prostrate","Havoc","Havoc","Havoc","Run Through","Run Through","Run Through","Flash of Steel","Flash of Steel","Flash of Steel","Flex","Flex","Flex","Protect","Protect","Protect","Whirlwind","Whirlwind","Whirlwind","Gash","Gash","Gash","Bloodletting","Bloodletting","Bloodletting","Steam","Steam","Steam","SashWhip","SashWhip","SashWhip","Wild Strike+1","Wild Strike+1","Wild Strike+1","infinitespire:Pacifist","infinitespire:Pacifist","infinitespire:Pacifist","Defragment","Defragment","Defragment"],"relics":["Cracked Core","Frozen Eye","Busted Crown","REME_ComplimentaryCards","infinitespire:Lychee Nut","Replay:Wax Seal","ReplayTheSpireMod:CursedCoin","MealTicket","Pen Nib","Golden Idol","zeldaRelics:CourageTriforce","Old Coin","ReplayFunnel","Toolbox","Regal Pillow","StrikeDummy","Ring of Fury","ReplayTheSpireMod:Ring of Exchange"],"acts_visited":["Exordium"],"potions_floor_usage":[16,16],"damage_taken":[{"damage":0,"enemies":"Small Slimes","floor":3,"turns":3},{"damage":7,"enemies":"Gremlin Nob","floor":7,"turns":3},{"damage":1,"enemies":"Cultist","floor":8,"turns":3},{"damage":26,"enemies":"Lagavulin","floor":10,"turns":5},{"damage":6,"enemies":"2 Louse","floor":11,"turns":3},{"damage":36,"enemies":"Slime Boss","floor":16,"turns":13}],"seed_played":"-338859153354619346","potions_obtained":[{"floor":8,"key":"GamblersBrew"},{"floor":10,"key":"Fire Potion"}],"is_trial":true,"path_per_floor":["?","$","M","?","?","R","E","M","T","E","M","WH","$","?","R","B"],"character_chosen":"DEFECT","items_purchased":["Replay:Wax Seal","ReplayTheSpireMod:CursedCoin","MealTicket","Toolbox","Regal Pillow","StrikeDummy"],"campfire_rested":2,"item_purchase_floors":[2,2,2,13,13,13],"current_hp_per_floor":[51,50,49,34,18,41,34,38,38,12,11,14,29,29,30,0,0],"gold":83,"neow_bonus":"TEN_PERCENT_HP_BONUS","is_daily":false,"chose_seed":false,"campfire_upgraded":0,"win_rate":0,"timestamp":1607617262,"path_taken":["?","?","M","?","?","R","E","M","T","E","M","WH","$","?","R","BOSS"],"build_version":"2020-11-30","purchased_purges":0,"victory":false,"max_hp_per_floor":[51,50,49,48,47,41,40,39,38,37,36,38,37,36,30,30,30],"relic_stats":{"Regal Pillow":0,"Busted Crown":10,"counters":[6,30],"Golden Idol":24,"MealTicket":15,"Pen Nib":[3],"obtain_stats":[{"ReplayFunnel":11,"ReplayTheSpireMod:Ring of Exchange":14,"Regal Pillow":13,"ReplayTheSpireMod:CursedCoin":2,"Golden Idol":5,"Pen Nib":3,"zeldaRelics:CourageTriforce":10,"Old Coin":8,"Frozen Eye":0,"Busted Crown":0,"infinitespire:Lychee Nut":0,"Toolbox":13,"MealTicket":2,"Ring of Fury":14,"zeldaRelics:CouragePiece":7,"Replay:Wax Seal":2,"Cracked Core":0,"StrikeDummy":13,"REME_ComplimentaryCards":0},{"ReplayFunnel":5,"ReplayTheSpireMod:Ring of Exchange":5,"Regal Pillow":5,"ReplayTheSpireMod:CursedCoin":0,"Golden Idol":1,"Pen Nib":1,"zeldaRelics:CourageTriforce":4,"Old Coin":3,"Frozen Eye":0,"Busted Crown":0,"infinitespire:Lychee Nut":0,"Toolbox":5,"MealTicket":0,"Ring of Fury":5,"zeldaRelics:CouragePiece":2,"Replay:Wax Seal":0,"Cracked Core":0,"StrikeDummy":5,"REME_ComplimentaryCards":0},{"ReplayFunnel":17,"ReplayTheSpireMod:Ring of Exchange":17,"Regal Pillow":17,"ReplayTheSpireMod:CursedCoin":0,"Golden Idol":3,"Pen Nib":3,"zeldaRelics:CourageTriforce":14,"Old Coin":9,"Frozen Eye":0,"Busted Crown":0,"infinitespire:Lychee Nut":0,"Toolbox":17,"MealTicket":0,"Ring of Fury":17,"zeldaRelics:CouragePiece":6,"Replay:Wax Seal":0,"Cracked Core":0,"StrikeDummy":17,"REME_ComplimentaryCards":0}]},"card_choices":[{"not_picked":["REME_Repentance","Twin Strike"],"picked":"Pommel Strike","floor":0},{"not_picked":["REME_FearOfPain","Run Through"],"picked":"REME_GreenPollution","floor":0},{"not_picked":["Acrobatics","Twin Strike"],"picked":"Thunderclap","floor":0},{"not_picked":["Iron Wave","Ghostly Armor"],"picked":"Sweeping Beam","floor":0},{"not_picked":["Finisher","CutThroughFate"],"picked":"Prostrate","floor":0},{"not_picked":["Redo","Blizzard"],"picked":"Havoc","floor":0},{"not_picked":["CutThroughFate","REME_FirmDetermination"],"picked":"Run Through","floor":0},{"not_picked":["Cold Snap","BattleHymn"],"picked":"Flash of Steel","floor":0},{"not_picked":["ReplayTheSpireMod:Private Reserves","Wild Strike"],"picked":"Flex","floor":0},{"not_picked":["Replay:Parry","Bane"],"picked":"Protect","floor":0},{"not_picked":["Backstab","Halt"],"picked":"Whirlwind","floor":0},{"not_picked":["Redo","Anger"],"picked":"Gash","floor":0},{"not_picked":["Cold Snap","Deadly Poison"],"picked":"Bloodletting","floor":0},{"not_picked":["Conserve Battery","Blind"],"picked":"Steam","floor":0},{"not_picked":["REME_Compress","FlyingSleeves"],"picked":"SashWhip","floor":0}],"player_experience":1426407,"relics_obtained":[{"floor":3,"key":"Pen Nib"},{"floor":7,"key":"zeldaRelics:CouragePiece"},{"floor":8,"key":"Old Coin"},{"floor":9,"key":"zeldaRelics:CouragePiece"},{"floor":10,"key":"zeldaRelics:CouragePiece"},{"floor":11,"key":"ReplayFunnel"},{"floor":14,"key":"Ring of Fury"},{"floor":14,"key":"ReplayTheSpireMod:Ring of Exchange"}],"event_choices":[{"damage_healed":0,"gold_gain":0,"player_choice":"Entered Light","damage_taken":15,"max_hp_gain":0,"max_hp_loss":0,"event_name":"Shining Light","floor":4,"gold_loss":0,"cards_upgraded":["Prostrate","Eruption"]},{"damage_healed":0,"gold_gain":0,"player_choice":"Take Damage","damage_taken":16,"relics_obtained":["Golden Idol"],"max_hp_gain":0,"max_hp_loss":0,"event_name":"Golden Idol","floor":5,"gold_loss":0}],"is_beta":false,"boss_relics":[],"items_purged_floors":[],"is_endless":false,"potions_floor_spawned":[8,10,11],"killed_by":"Slime Boss","ascension_level":20}}