{"host":"onmzcmq5a68cxj3d","time":1607617186,"event":{"mods":["BaseMod","Colored Map","Minty Spire (QoL Compilation)","Remove Card Discount Mod"],"gold_per_floor":[112,131,131,149,175,175,205,205,205,205,51,64,64,64,64,167,167,185,185,129,129,139,139,139,139,139,139,185,185,185,185,185,283,283,303,303,315,145,163,163,163,161,161,161,161,261,261,69,69,69],"floor_reached":51,"playtime":2403,"items_purged":["Wraith Form v2","Defend_B","Defend_B","Defend_B","Dualcast","Strike_B","Strike_B","Strike_B","Strike_B","Defend_B"],"score":683,"play_id":"b3194a48-6f30-45dd-882e-357860444a18","local_time":"20201210091946","daily_mods":["Heirloom","Time Dilation","Flight"],"is_ascension_mode":false,"campfire_choices":[{"data":"Echo Form","floor":6,"key":"SMITH"},{"data":"Demon Form","floor":8,"key":"SMITH"},{"data":"Zap","floor":13,"key":"SMITH"},{"data":"BootSequence","floor":15,"key":"SMITH"},{"data":"Conserve Battery","floor":23,"key":"SMITH"},{"data":"Gash","floor":25,"key":"SMITH"},{"data":"Gash","floor":29,"key":"SMITH"},{"data":"Reinforced Body","floor":30,"key":"SMITH"},{"data":"Sweeping Beam","floor":32,"key":"SMITH"},{"data":"Gash","floor":40,"key":"SMITH"},{"data":"Core Surge","floor":41,"key":"SMITH"},{"data":"Gash","floor":45,"key":"SMITH"},{"data":"Buffer","floor":47,"key":"SMITH"},{"data":"Capacitor","floor":49,"key":"SMITH"}],"circlet_count":0,"master_deck":["Demon Form+1","Echo Form+1","DevaForm+1","Zap+1","Capacitor+1","Reinforced Body+1","Conserve Battery+1","Sweeping Beam+1","BootSequence+1","Gash+1","Gash+1","Buffer+1","Core Surge+1","Gash+1","Gash+1"],"relics":["Unceasing Top","Bird Faced Urn","Blood Vial","Matryoshka","MealTicket","Prayer Wheel","Ice Cream","Orrery","Black Star","Happy Flower","Bottled Tornado","Bag of Preparation","MutagenicStrength","Nuclear Battery","Anchor","Girya","Vajra"],"acts_visited":["Exordium","TheCity","TheBeyond"],"potions_floor_usage":[18,50,50],"damage_taken":[{"damage":10,"enemies":"Small Slimes","floor":1,"turns":4},{"damage":6,"enemies":"Cultist","floor":2,"turns":4},{"damage":1,"enemies":"Jaw Worm","floor":4,"turns":6},{"damage":34,"enemies":"Gremlin Nob","floor":7,"turns":7},{"damage":4,"enemies":"Red Slaver","floor":12,"turns":5},{"damage":39,"enemies":"Hexaghost","floor":16,"turns":9},{"damage":15,"enemies":"Chosen","floor":18,"turns":6},{"damage":15,"enemies":"Shell Parasite","floor":22,"turns":5},{"damage":9,"enemies":"Champ","floor":33,"turns":7},{"damage":23,"enemies":"3 Darklings","floor":35,"turns":5},{"damage":0,"enemies":"3 Shapes","floor":37,"turns":6},{"damage":0,"enemies":"Sphere and 2 Shapes","floor":39,"turns":4},{"damage":27,"enemies":"Awakened One","floor":50,"turns":5}],"seed_played":"6171898985903438440","potions_obtained":[{"floor":7,"key":"Dexterity Potion"},{"floor":16,"key":"Weak Potion"},{"floor":22,"key":"GamblersBrew"},{"floor":39,"key":"DistilledChaos"}],"is_trial":true,"path_per_floor":["M","M","?","M","T","R","E","R","T","?","$","M","R","$","R","B",null,"M","?","$","?","M","R","?","R","T","$","T","R","R","?","R","B",null,"M","?","M","$","M","R","R","$","T","?","R","?","R","$","R","B",null],"character_chosen":"DEFECT","items_purchased":["Orrery","Gash","Gash","Anchor","Vajra","AttackPotion"],"campfire_rested":0,"item_purchase_floors":[11,20,38,38,48,48],"current_hp_per_floor":[67,63,63,66,66,66,44,44,44,44,59,67,67,75,75,46,75,60,60,75,75,63,63,75,75,75,75,75,75,75,75,75,69,75,59,59,71,75,75,75,75,75,75,75,75,75,75,75,75,50],"gold":69,"neow_bonus":"","is_daily":false,"chose_seed":false,"campfire_upgraded":14,"win_rate":0,"timestamp":1607617186,"path_taken":["M","M","?","?","?","R","E","R","T","?","$","?","R","$","R","BOSS","M","?","$","?","?","R","?","R","T","$","?","R","R","?","R","BOSS","M","?","?","?","M","R","R","$","T","?","R","?","R","$","R","BOSS"],"build_version":"2020-11-30","purchased_purges":10,"victory":true,"max_hp_per_floor":[75,75,75,75,75,75,75,75,75,75,75,75,75,75,75,75,75,75,75,75,75,75,75,75,75,75,75,75,75,75,75,75,75,75,75,75,75,75,75,75,75,75,75,75,75,75,75,75,75,75],"card_choices":[{"not_picked":["Rebound","Redo","Chaos"],"picked":"SKIP","floor":1},{"not_picked":["Scrape","Turbo"],"picked":"Capacitor","floor":2},{"not_picked":["Rebound","Redo","Hologram"],"picked":"SKIP","floor":4},{"not_picked":["Reprogram","Compile Driver"],"picked":"Reinforced Body","floor":7},{"not_picked":["Barrage","Leap"],"picked":"Conserve Battery","floor":11},{"not_picked":["Redo","Static Discharge"],"picked":"Sweeping Beam","floor":11},{"not_picked":["All For One","Static Discharge"],"picked":"BootSequence","floor":11},{"not_picked":["Skim","Scrape","Barrage"],"picked":"SKIP","floor":12},{"not_picked":["Compile Driver","Barrage","Redo"],"picked":"SKIP","floor":12},{"not_picked":["Stack","Creative AI"],"picked":"Sunder","floor":18},{"not_picked":["Redo","Reinforced Body","Turbo"],"picked":"SKIP","floor":18},{"not_picked":["Fusion","Turbo","Hologram"],"picked":"SKIP","floor":22},{"not_picked":["Hello World","Static Discharge","Rebound"],"picked":"SKIP","floor":22},{"not_picked":["Multi-Cast","Biased Cognition"],"picked":"Buffer","floor":33},{"not_picked":["Rebound","Redo"],"picked":"Core Surge","floor":35},{"not_picked":["Coolheaded","Go for the Eyes+1","Turbo"],"picked":"SKIP","floor":35},{"not_picked":["Streamline","Redo","Rebound+1"],"picked":"SKIP","floor":37},{"not_picked":["Leap+1","Go for the Eyes+1","Chaos+1"],"picked":"SKIP","floor":37},{"not_picked":["Aggregate+1","Steam"],"picked":"Gash","floor":39},{"not_picked":["Steam Power","Steam+1","Go for the Eyes+1"],"picked":"SKIP","floor":39}],"player_experience":412811,"relics_obtained":[{"floor":5,"key":"Blood Vial"},{"floor":7,"key":"Matryoshka"},{"floor":9,"key":"MealTicket"},{"floor":9,"key":"Prayer Wheel"},{"floor":26,"key":"Happy Flower"},{"floor":26,"key":"Bottled Tornado"},{"floor":28,"key":"Bag of Preparation"},{"floor":43,"key":"Girya"}],"event_choices":[{"damage_healed":0,"gold_gain":0,"player_choice":"Forge","damage_taken":0,"max_hp_gain":0,"max_hp_loss":0,"event_name":"Accursed Blacksmith","floor":3,"gold_loss":0,"cards_upgraded":["DevaForm"]},{"damage_healed":0,"gold_gain":0,"player_choice":"Gave Potion","damage_taken":0,"relics_obtained":["Ice Cream"],"max_hp_gain":0,"max_hp_loss":0,"event_name":"WeMeetAgain","floor":10,"gold_loss":0},{"damage_healed":0,"gold_gain":0,"player_choice":"Ignored","damage_taken":0,"max_hp_gain":0,"max_hp_loss":0,"event_name":"Ghosts","floor":19,"gold_loss":0},{"damage_healed":0,"gold_gain":0,"player_choice":"Copied","damage_taken":0,"max_hp_gain":0,"max_hp_loss":0,"event_name":"Duplicator","floor":21,"gold_loss":0,"cards_obtained":["Gash"]},{"cards_removed":["Sunder"],"damage_healed":12,"gold_gain":0,"player_choice":"Offered Uncommon","damage_taken":0,"max_hp_gain":0,"max_hp_loss":0,"event_name":"Bonfire Elementals","floor":24,"gold_loss":0},{"damage_healed":0,"gold_gain":0,"player_choice":"Inject Mutagens","damage_taken":0,"relics_obtained":["MutagenicStrength"],"max_hp_gain":0,"max_hp_loss":0,"event_name":"Drug Dealer","floor":31,"gold_loss":0},{"damage_healed":0,"gold_gain":0,"player_choice":"Ignored","damage_taken":0,"max_hp_gain":0,"max_hp_loss":0,"event_name":"Transmorgrifier","floor":36,"gold_loss":0},{"damage_healed":0,"gold_gain":0,"player_choice":"Ignored","damage_taken":0,"max_hp_gain":0,"max_hp_loss":0,"event_name":"Mysterious Sphere","floor":44,"gold_loss":0},{"damage_healed":0,"gold_gain":100,"player_choice":"Pray","damage_taken":0,"max_hp_gain":0,"max_hp_loss":0,"event_name":"Golden Shrine","floor":46,"gold_loss":0}],"is_beta":false,"boss_relics":[{"not_picked":["Velvet Choker","Busted Crown"],"picked":"Black Star"},{"not_picked":["Pandora\u0027s Box","Runic Pyramid"],"picked":"Nuclear Battery"}],"items_purged_floors":[11,11,11,11,11,20,20,20,38,42],"is_endless":false,"potions_floor_spawned":[7,16,22,39],"ascension_level":0}}