{"host":"wonp23fsqqcu31ie","time":1607571972,"event":{"gold_per_floor":[127,27,27,52,72,72,72,85,85,123,135,210,99,99,99,227,227,258,258,258,258,258,258,299,299,325,325,364,364,379,418,418,546,546,589,151,183,108,126,166,166,50,50,50,50,50],"floor_reached":45,"playtime":1633,"items_purged":["Injury"],"score":620,"play_id":"708612ad-6ffe-480b-bbb7-f244161699e2","local_time":"20201210144612","is_ascension_mode":true,"campfire_choices":[{"data":"animator:GazelDwargon","floor":6,"key":"SMITH"},{"data":"Ghostly","floor":15,"key":"SMITH"},{"floor":23,"key":"RECALL"},{"data":"animator:Eve","floor":25,"key":"SMITH"},{"data":"animator:Cirno","floor":27,"key":"SMITH"},{"floor":29,"key":"REST"},{"floor":32,"key":"REST"},{"floor":41,"key":"REST"}],"neow_cost":"NONE","seed_source_timestamp":15757556588600,"circlet_count":0,"master_deck":["animator:Defend_AccelWorld","animator:Defend","animator:Defend+1","animator:Defend+1","animator:Kuroyukihime+1","animator:LimeBell","animator:Togame","Ghostly+1","animator:Lu","animator:GazelDwargon+1","animator:UneriGinkaku","animator:Shichika","animator:Shuna","animator:Saitama+1","animator:Eve+1","animator:IzunaHatsuse+1","Bite","Bite","Bite","Bite","Bite","animator:Mitsurugi+1","animator:MisaKurobane","animator:Cirno+1","animator:Azekura","animator:Darkness+1","hermit:Dive+1","hexamod:ParanormalForm","animator:Konayuki","animator:TanyaDegurechaff","animator:Canti","animator:Emilia","animator:Elesis","animator:Ara+1","animator:DolaCouronne+1","animator:HigakiRinne"],"relics":["animator:LivingPicture","animator:TheMissingPiece","ReplayTheSpireMod:Shallot","Darkstone Periapt","Golden Idol","Ice Cream","aspiration:RitualStick","Bag of Marbles","Replay:Wax Seal","aspiration:Stabinomicon","animator:HolyGrailRelic","MerchantsRug","hubris:BundleOfHerbs","animator:Buoy","Oddly Smooth Stone","Eternal Feather"],"potions_floor_usage":[3,8,16,16,24,28,33,33,33,45],"damage_taken":[{"damage":0,"enemies":"Small Slimes","floor":1,"turns":4},{"damage":1,"enemies":"2 Louse","floor":4,"turns":3},{"damage":0,"enemies":"Cultist","floor":5,"turns":5},{"damage":5,"enemies":"Blue Slaver","floor":8,"turns":6},{"damage":2,"enemies":"Lagavulin","floor":10,"turns":8},{"damage":9,"enemies":"Red Slaver","floor":11,"turns":5},{"damage":17,"enemies":"Fading Forest","floor":16,"turns":11},{"damage":3,"enemies":"3 Byrds","floor":18,"turns":7},{"damage":17,"enemies":"Gremlin Leader","floor":24,"turns":11},{"damage":51,"enemies":"Slavers","floor":28,"turns":5},{"damage":0,"enemies":"Spheric Guardian","floor":30,"turns":1},{"damage":11,"enemies":"Book of Stabbing","floor":31,"turns":8},{"damage":20,"enemies":"Automaton","floor":33,"turns":12},{"damage":15,"enemies":"Orb Walker","floor":35,"turns":7},{"damage":13,"enemies":"3 Darklings","floor":37,"turns":6},{"damage":19,"enemies":"Jaw Worm Horde","floor":39,"turns":5},{"damage":28,"enemies":"Nemesis","floor":40,"turns":7},{"damage":50,"enemies":"Transient","floor":45,"turns":5}],"seed_played":"-6032661674978305015","potions_obtained":[{"floor":1,"key":"SteroidPotion"},{"floor":3,"key":"Dexterity Potion"},{"floor":3,"key":"Swift Potion"},{"floor":3,"key":"Fruit Juice"},{"floor":5,"key":"Slimebound:ThreeZeroPotion"},{"floor":8,"key":"BlessingOfTheForge"},{"floor":16,"key":"LiquidMemories"},{"floor":18,"key":"Energy Potion"},{"floor":28,"key":"Dexterity Potion"},{"floor":30,"key":"Explosive Potion"},{"floor":40,"key":"AttackPotion"}],"is_trial":false,"path_per_floor":["M","?","?","M","M","R","?","M","T","E","M","?","$","?","R","B",null,"M","?","?","?","?","R","E","R","T","R","E","R","M","E","R","B",null,"M","$","M","?","M","E","R","$","T","?","M"],"character_chosen":"THE_ANIMATOR","items_purchased":["animator:Saitama+1","MerchantsRug","ReplayTheSpireMod:ShopPack","hubris:BundleOfHerbs","Oddly Smooth Stone"],"campfire_rested":3,"item_purchase_floors":[13,36,36,36,42],"current_hp_per_floor":[66,66,71,70,70,70,70,66,66,64,55,48,48,54,54,56,79,76,60,55,47,47,47,51,51,51,51,10,26,26,19,35,33,64,51,51,46,46,36,15,35,35,35,27,0,0],"gold":50,"neow_bonus":"UPGRADE_CARD","is_prod":false,"is_daily":false,"chose_seed":false,"campfire_upgraded":4,"win_rate":0,"timestamp":1607571972,"path_taken":["M","?","?","?","M","R","?","M","T","E","?","?","?","?","R","BOSS","M","?","?","?","?","R","E","R","T","R","E","R","M","E","R","BOSS","M","$","M","?","?","E","R","$","T","?","M"],"build_version":"2020-11-30","purchased_purges":1,"victory":false,"max_hp_per_floor":[66,66,71,71,71,71,71,72,72,72,72,72,72,78,78,79,79,79,79,55,55,55,55,56,56,56,56,56,56,56,56,56,56,64,66,66,66,66,69,67,67,67,67,67,67,67],"relic_stats":{"Darkstone Periapt":6,"counters":[78,428],"Golden Idol":114,"Eternal Feather":0,"obtain_stats":[{"Ice Cream":17,"construct:FoamFinger":9,"Nilry\u0027s Codex":21,"CeramicFish":23,"aspiration:PoetsPen_weak":34,"Uniform":0,"aspiration:Stabinomicon":31,"Whetstone":48,"Boot":10,"Sling":12,"aspiration:RitualStick":19,"Blood Vial":3,"aspiration:MobileForge":17,"Strawberry":40,"Fusion Hammer":34,"HandDrill":4,"Toxic Egg 2":46,"Replay:Wax Seal":0,"MerchantsRug":0,"aspiration:Nostalgia":0,"Replay:Grab Bag":34,"Oddly Smooth Stone":42,"Eternal Feather":6,"Ring of Chaos":34,"aspiration:SeaSaltIceCream":0,"aspiration:IroncladSkillbook":0,"hubris:Zylophone":0,"animator:HolyGrailRelic":34,"ReplayTheSpireMod:Shallot":9,"Bronze Scales":48,"MutagenicStrength":21,"Simple Rune":26,"Black Star":17,"Darkstone Periapt":10,"aspiration:Lifesprig":53,"Torii":42,"Shade:YorickSkull":0,"animator:TheMissingPiece":0,"Blue Doll":6,"Bag of Preparation":26,"Juzu Bracelet":43,"Replay:Mystery Machine":54,"PrismaticShard":27,"hubris:Backtick":17,"Chemical X":37,"Ring of the Snake":0,"Potion Belt":46,"Gremlin Food":38,"animator:Buoy":40,"Lee\u0027s Waffle":20,"construct:WeddingRing":34,"Golden Idol":2,"Omamori":40,"Frozen Egg 2":23,"Orichalcum":14,"Medical Kit":0,"Busted Crown":34,"Ornamental Fan":46,"animator:LivingPicture":0,"hubris:BundleOfHerbs":36,"Bag of Marbles":37,"Garlic":8,"TungstenRod":0,"hubris:BottledRain":43,"ReplayTheSpireMod:ShopPack":36},{"Ice Cream":67,"construct:FoamFinger":6,"Nilry\u0027s Codex":10,"CeramicFish":12,"aspiration:PoetsPen_weak":44,"Uniform":28,"aspiration:Stabinomicon":72,"Whetstone":27,"Boot":32,"Sling":32,"aspiration:RitualStick":68,"Blood Vial":1,"aspiration:MobileForge":34,"Strawberry":22,"Fusion Hammer":44,"HandDrill":57,"Toxic Egg 2":51,"Replay:Wax Seal":56,"MerchantsRug":28,"aspiration:Nostalgia":28,"Replay:Grab Bag":44,"Oddly Smooth Stone":77,"Eternal Feather":4,"Ring of Chaos":44,"aspiration:SeaSaltIceCream":28,"aspiration:IroncladSkillbook":28,"hubris:Zylophone":56,"animator:HolyGrailRelic":73,"ReplayTheSpireMod:Shallot":64,"Bronze Scales":27,"MutagenicStrength":37,"Simple Rune":39,"Black Star":9,"Darkstone Periapt":65,"aspiration:Lifesprig":54,"Torii":24,"Shade:YorickSkull":0,"animator:TheMissingPiece":56,"Blue Doll":59,"Bag of Preparation":13,"Juzu Bracelet":24,"Replay:Mystery Machine":55,"PrismaticShard":39,"hubris:Backtick":67,"Chemical X":20,"Ring of the Snake":56,"Potion Belt":25,"Gremlin Food":47,"animator:Buoy":77,"Lee\u0027s Waffle":10,"construct:WeddingRing":18,"Golden Idol":57,"Omamori":22,"Frozen Egg 2":12,"Orichalcum":33,"Medical Kit":56,"Busted Crown":44,"Ornamental Fan":25,"animator:LivingPicture":56,"hubris:BundleOfHerbs":74,"Bag of Marbles":20,"Garlic":31,"TungstenRod":28,"hubris:BottledRain":49,"ReplayTheSpireMod:ShopPack":74},{"Ice Cream":354,"construct:FoamFinger":22,"Nilry\u0027s Codex":38,"CeramicFish":50,"aspiration:PoetsPen_weak":234,"Uniform":140,"aspiration:Stabinomicon":386,"Whetstone":127,"Boot":156,"Sling":156,"aspiration:RitualStick":361,"Blood Vial":3,"aspiration:MobileForge":173,"Strawberry":99,"Fusion Hammer":234,"HandDrill":302,"Toxic Egg 2":263,"Replay:Wax Seal":298,"MerchantsRug":140,"aspiration:Nostalgia":140,"Replay:Grab Bag":234,"Oddly Smooth Stone":423,"Eternal Feather":16,"Ring of Chaos":234,"aspiration:SeaSaltIceCream":140,"aspiration:IroncladSkillbook":140,"hubris:Zylophone":298,"animator:HolyGrailRelic":398,"ReplayTheSpireMod:Shallot":330,"Bronze Scales":127,"MutagenicStrength":192,"Simple Rune":203,"Black Star":35,"Darkstone Periapt":338,"aspiration:Lifesprig":287,"Torii":107,"Shade:YorickSkull":0,"animator:TheMissingPiece":298,"Blue Doll":310,"Bag of Preparation":53,"Juzu Bracelet":107,"Replay:Mystery Machine":295,"PrismaticShard":203,"hubris:Backtick":354,"Chemical X":91,"Ring of the Snake":298,"Potion Belt":115,"Gremlin Food":246,"animator:Buoy":423,"Lee\u0027s Waffle":38,"construct:WeddingRing":85,"Golden Idol":302,"Omamori":99,"Frozen Egg 2":50,"Orichalcum":161,"Medical Kit":298,"Busted Crown":234,"Ornamental Fan":115,"animator:LivingPicture":298,"hubris:BundleOfHerbs":405,"Bag of Marbles":91,"Garlic":151,"TungstenRod":140,"hubris:BottledRain":256,"ReplayTheSpireMod:ShopPack":405}],"aspiration:RitualStick":[0]},"card_choices":[{"not_picked":["animator:Chris","animator:Rider"],"picked":"animator:Togame","floor":1},{"not_picked":["animator:Geryuganshoop","animator:Togame"],"picked":"animator:Lu","floor":4},{"not_picked":["animator:Berserker","animator:Sonic"],"picked":"animator:GazelDwargon","floor":5},{"not_picked":["animator:Togame","animator:Konayuki"],"picked":"animator:UneriGinkaku","floor":8},{"not_picked":["animator:Vanir","animator:Tet"],"picked":"animator:Shichika","floor":10},{"not_picked":["animator:Hitei","animator:MumenRider"],"picked":"animator:Shuna","floor":11},{"not_picked":["animator:HigakiRinne","animator:Elesis"],"picked":"animator:Eve","floor":16},{"not_picked":["animator:Genos+1","animator:DolaRiku"],"picked":"animator:IzunaHatsuse+1","floor":18},{"not_picked":["animator:Hakurou","animator:ShinjiMatou"],"picked":"animator:Mitsurugi+1","floor":21},{"not_picked":["animator:Cirno","animator:TakanashiRikka"],"picked":"animator:MisaKurobane","floor":22},{"not_picked":["animator:MisakiNakahara","animator:LimeBell"],"picked":"animator:Cirno","floor":22},{"not_picked":["animator:Shichika","animator:ZankiKiguchi"],"picked":"animator:Azekura","floor":24},{"not_picked":["Gatherer:GlowingPlant","hermit:Horror+1"],"picked":"animator:Darkness+1","floor":28},{"not_picked":["FlyingSleeves","animator:IrohaTamaki"],"picked":"hermit:Dive+1","floor":30},{"not_picked":["Crescendo","animator:KyokoSakura+1","FollowUp"],"picked":"SKIP","floor":31},{"not_picked":["hermit:DeadOrAlive","Blood_Magic"],"picked":"hexamod:ParanormalForm","floor":33},{"not_picked":["animator:ZankiKiguchi","animator:Togame"],"picked":"animator:Konayuki","floor":35},{"not_picked":["animator:HarukoHaruhara","animator:Kira"],"picked":"animator:TanyaDegurechaff","floor":36},{"not_picked":["animator:Magilou","animator:Kira"],"picked":"animator:Canti","floor":36},{"not_picked":["animator:TanyaDegurechaff","animator:HarukoHaruhara"],"picked":"animator:Emilia","floor":36},{"not_picked":["animator:ShinjiMatou+1","animator:MumenRider"],"picked":"animator:Elesis","floor":37},{"not_picked":["animator:MumenRider","animator:Assassin+1"],"picked":"animator:Ara+1","floor":39},{"not_picked":["animator:Raven+1","animator:Assassin"],"picked":"animator:DolaCouronne+1","floor":40}],"player_experience":589063,"relics_obtained":[{"floor":9,"key":"ReplayTheSpireMod:Shallot"},{"floor":10,"key":"Darkstone Periapt"},{"floor":21,"key":"PrismaticShard"},{"floor":24,"key":"Bag of Marbles"},{"floor":26,"key":"Replay:Wax Seal"},{"floor":28,"key":"Simple Rune"},{"floor":31,"key":"aspiration:Stabinomicon"},{"floor":40,"key":"animator:Buoy"},{"floor":43,"key":"Eternal Feather"}],"event_choices":[{"damage_healed":0,"gold_gain":0,"player_choice":"Argue","damage_taken":0,"max_hp_gain":0,"max_hp_loss":0,"event_name":"conspire:LoneGhost","floor":2,"gold_loss":0},{"damage_healed":0,"gold_gain":0,"player_choice":"Got Potions","damage_taken":0,"max_hp_gain":0,"max_hp_loss":0,"event_name":"Lab","floor":3,"gold_loss":0},{"damage_healed":0,"gold_gain":0,"player_choice":"Bought 0 Potions","damage_taken":0,"max_hp_gain":0,"max_hp_loss":0,"event_name":"The Woman in Blue","floor":7,"gold_loss":0},{"damage_healed":0,"gold_gain":75,"player_choice":"Touch","damage_taken":7,"max_hp_gain":0,"max_hp_loss":0,"event_name":"FaceTrader","floor":12,"gold_loss":0},{"damage_healed":0,"gold_gain":0,"player_choice":"Take Wound","damage_taken":0,"relics_obtained":["Golden Idol"],"max_hp_gain":0,"max_hp_loss":0,"event_name":"Golden Idol","floor":14,"gold_loss":0,"cards_obtained":["Injury"]},{"damage_healed":0,"gold_gain":0,"player_choice":"Became a vampire","damage_taken":0,"max_hp_gain":0,"max_hp_loss":24,"event_name":"Vampires","floor":20,"gold_loss":0,"cards_obtained":["Bite","Bite","Bite","Bite","Bite"]},{"damage_healed":0,"gold_gain":2,"player_choice":"1","damage_taken":0,"max_hp_gain":0,"max_hp_loss":0,"event_name":"betterStone:BetterStone","floor":22,"gold_loss":0},{"damage_healed":0,"gold_gain":0,"player_choice":"2","damage_taken":0,"max_hp_gain":0,"max_hp_loss":0,"event_name":"betterMatch:BetterMatch","floor":38,"gold_loss":0,"cards_obtained":["betterMatch:CommonCard"]},{"damage_healed":0,"gold_gain":0,"player_choice":"Embrace Madness","damage_taken":8,"max_hp_gain":0,"max_hp_loss":0,"event_name":"Winding Halls","floor":44,"gold_loss":0,"cards_obtained":["animator:HigakiRinne"]}],"is_beta":false,"boss_relics":[{"not_picked":["aspiration:SecretTechniqueScroll","Honey Jar"],"picked":"hubris:Backtick"},{"not_picked":["hubris:RunicObelisk","Painkiller Herb"],"picked":"animator:HolyGrailRelic"}],"items_purged_floors":[36],"is_endless":false,"potions_floor_spawned":[1,5,8,16,18,28,30,40],"killed_by":"Transient","ascension_level":1}}