{"host":"f400onr2g6b8rzrw","time":1607599999,"event":{"gold_per_floor":[110,130,130,130,148,148,148],"floor_reached":6,"playtime":533,"items_purged":[],"score":43,"play_id":"562f08e4-e6c2-414e-9632-ab18332ac193","local_time":"20201210220319","is_ascension_mode":true,"campfire_choices":[],"neow_cost":"NONE","seed_source_timestamp":346366469862000,"circlet_count":0,"master_deck":["Strike_G","Strike_G","Strike_G","Strike_G","Strike_G","Defend_G","Defend_G","Defend_G","Defend_G","Defend_G","Survivor","Neutralize","Backstab","Poisoned Stab","Regret","PiercingWail"],"relics":["Ring of the Snake","Happy Flower","Centennial Puzzle","Bronze Scales"],"potions_floor_usage":[6],"damage_taken":[{"damage":0,"enemies":"2 Louse","floor":1,"turns":4},{"damage":0,"enemies":"Small Slimes","floor":2,"turns":5},{"damage":0,"enemies":"Cultist","floor":5,"turns":3},{"damage":46,"enemies":"Gremlin Nob","floor":6,"turns":5}],"seed_played":"5902384836962102027","potions_obtained":[{"floor":1,"key":"FearPotion"},{"floor":2,"key":"FearPotion"}],"is_trial":false,"path_per_floor":["M","M","?","?","M","E"],"character_chosen":"THE_SILENT","items_purchased":[],"campfire_rested":0,"item_purchase_floors":[],"current_hp_per_floor":[77,77,77,44,44,0,0],"gold":148,"neow_bonus":"TEN_PERCENT_HP_BONUS","is_prod":false,"is_daily":false,"chose_seed":false,"campfire_upgraded":0,"win_rate":0,"timestamp":1607599999,"path_taken":["M","M","?","?","M","E"],"build_version":"2020-11-30","purchased_purges":0,"victory":false,"max_hp_per_floor":[77,77,77,77,77,77,77],"relic_stats":{"Centennial Puzzle":[3],"Happy Flower":[2],"counters":[4,17],"Bronze Scales":[12],"obtain_stats":[{"Centennial Puzzle":4,"Happy Flower":3,"Bronze Scales":4,"Ring of the Snake":0},{"Centennial Puzzle":2,"Happy Flower":2,"Bronze Scales":2,"Ring of the Snake":0},{"Centennial Puzzle":9,"Happy Flower":9,"Bronze Scales":9,"Ring of the Snake":0}],"Ring of the Snake":[8]},"card_choices":[{"not_picked":["Predator","Heel Hook"],"picked":"Backstab","floor":1},{"not_picked":["Skewer","Sucker Punch"],"picked":"Poisoned Stab","floor":2},{"not_picked":["Deadly Poison","Dagger Spray"],"picked":"PiercingWail","floor":5}],"player_experience":467300,"relics_obtained":[],"event_choices":[{"damage_healed":0,"gold_gain":0,"player_choice":"Box","damage_taken":0,"relics_obtained":["Happy Flower"],"max_hp_gain":0,"max_hp_loss":0,"event_name":"Big Fish","floor":3,"gold_loss":0,"cards_obtained":["Regret"]},{"damage_healed":0,"gold_gain":0,"player_choice":"RE RE ","damage_taken":37,"relics_obtained":["Centennial Puzzle","Bronze Scales"],"max_hp_gain":0,"max_hp_loss":0,"event_name":"betterSkull:BetterSkull","floor":4,"gold_loss":0,"cards_upgraded":[]}],"is_beta":false,"boss_relics":[],"items_purged_floors":[],"is_endless":false,"potions_floor_spawned":[1,2],"killed_by":"Gremlin Nob","ascension_level":4}}