{"host":"qt939hhvrbc28rjp","time":1607589177,"event":{"gold_per_floor":[111,273,285,60,60,91,91,117,117,147,147,182,182,216,216,287,287,303,320,331,342,342,375,405,438,465,490,490,523,554,588,588,659,659,671,236,284,26,26,51,84,117,117,148,181,181,210,242,242,242,242],"floor_reached":52,"playtime":3688,"items_purged":["Doubt","Deflect"],"score":3744,"play_id":"30013be4-bd2d-45cd-9ff2-abaffc24b5cd","local_time":"20201210173257","daily_mods":["SealedDeck","Vintage","Heirloom","Time Dilation","Flight","DeadlyEvents","Elite Swarm"],"is_ascension_mode":true,"campfire_choices":[{"data":"Bullet Time","floor":7.0,"key":"SMITH"},{"data":"After Image","floor":11.0,"key":"SMITH"},{"data":"Venomology","floor":13.0,"key":"SMITH"},{"data":"Noxious Fumes","floor":15.0,"key":"SMITH"},{"data":"After Image","floor":28.0,"key":"SMITH"},{"data":"Leg Sweep","floor":32.0,"key":"SMITH"},{"data":"Doppelganger","floor":46.0,"key":"SMITH"},{"data":"After Image","floor":49,"key":"SMITH"}],"neow_cost":"","seed_source_timestamp":0,"circlet_count":0,"master_deck":["AscendersBane","Prepared","Dodge and Roll","Leg Sweep+1","Poisoned Stab+1","Flying Knee","Blade Dance","Noxious Fumes+1","Backflip","Crippling Poison+1","Bullet Time+1","Venomology+1","After Image+1","Corpse Explosion","Die Die Die","After Image+1","After Image+1","Adrenaline","Adrenaline","After Image","Adrenaline","Chrysalis","Panache","Doppelganger+1","Adrenaline","Venomology"],"special_seed":0,"relics":["Ring of the Snake","Mango","MawBank","Medical Kit","Art of War","The Specimen","Pear","Ice Cream","Turnip","The Courier","SlaversCollar","Orichalcum","Boot","FossilizedHelix","Matryoshka","Toy Ornithopter","Question Card","Ornamental Fan","Centennial Puzzle","Smiling Mask","InkBottle","Bronze Scales","Happy Flower","HornCleat","PreservedInsect","WristBlade","Sundial","ClockworkSouvenir","Bag of Preparation","Omamori","Unceasing Top","Snake Skull","Pen Nib","Lantern","Blood Vial","Anchor","Ginger","Tough Bandages","Thread and Needle","Singing Bowl","Molten Egg 2"],"potions_floor_usage":[48,50,51,51],"damage_taken":[{"damage":0.0,"enemies":"Small Slimes","floor":1.0,"turns":3.0},{"damage":12.0,"enemies":"3 Sentries","floor":6.0,"turns":5.0},{"damage":0.0,"enemies":"Gremlin Nob","floor":8.0,"turns":3.0},{"damage":6.0,"enemies":"3 Sentries","floor":10.0,"turns":4.0},{"damage":0.0,"enemies":"Lagavulin","floor":12.0,"turns":4.0},{"damage":0.0,"enemies":"3 Sentries","floor":14.0,"turns":2.0},{"damage":0.0,"enemies":"Slime Boss","floor":16.0,"turns":5.0},{"damage":0.0,"enemies":"Spheric Guardian","floor":18.0,"turns":3.0},{"damage":0.0,"enemies":"2 Thieves","floor":19.0,"turns":2.0},{"damage":0.0,"enemies":"Centurion and Healer","floor":20.0,"turns":1.0},{"damage":0.0,"enemies":"Shelled Parasite and Fungi","floor":21.0,"turns":2.0},{"damage":5.0,"enemies":"Book of Stabbing","floor":23.0,"turns":5.0},{"damage":0.0,"enemies":"Gremlin Leader","floor":24.0,"turns":4.0},{"damage":5.0,"enemies":"Book of Stabbing","floor":25.0,"turns":4.0},{"damage":0.0,"enemies":"Slavers","floor":27.0,"turns":3.0},{"damage":0.0,"enemies":"Gremlin Leader","floor":29.0,"turns":3.0},{"damage":0.0,"enemies":"Slavers","floor":30.0,"turns":2.0},{"damage":0.0,"enemies":"Gremlin Leader","floor":31.0,"turns":3.0},{"damage":0.0,"enemies":"Automaton","floor":33.0,"turns":7.0},{"damage":0.0,"enemies":"3 Darklings","floor":35.0,"turns":3.0},{"damage":0.0,"enemies":"2 Orb Walkers","floor":37.0,"turns":3.0},{"damage":0.0,"enemies":"Giant Head","floor":40.0,"turns":4.0},{"damage":0.0,"enemies":"Reptomancer","floor":41.0,"turns":2.0},{"damage":0.0,"enemies":"Nemesis","floor":42.0,"turns":3.0},{"damage":0.0,"enemies":"Giant Head","floor":44.0,"turns":3.0},{"damage":0.0,"enemies":"Nemesis","floor":45.0,"turns":3.0},{"damage":0.0,"enemies":"Giant Head","floor":47.0,"turns":3.0},{"damage":0,"enemies":"Reptomancer","floor":48,"turns":2},{"damage":0,"enemies":"Donu and Deca","floor":50,"turns":4},{"damage":0,"enemies":"Time Eater","floor":51,"turns":5}],"seed_played":"6334208464998190418","potions_obtained":[{"floor":5.0,"key":"BlessingOfTheForge"},{"floor":5.0,"key":"CunningPotion"},{"floor":10.0,"key":"Regen Potion"},{"floor":14.0,"key":"PowerPotion"},{"floor":20.0,"key":"Block Potion"},{"floor":29.0,"key":"DistilledChaos"},{"floor":37.0,"key":"Energy Potion"},{"floor":45.0,"key":"DistilledChaos"}],"is_trial":true,"path_per_floor":["M","?","?","$","?","E","R","E","T","E","R","E","R","E","R","B",null,"M","M","M","M","T","E","E","E","T","E","R","E","E","E","R","B",null,"M","$","?","$","?","E","E","E","T","E","E","R","E","E","R","B","B",null],"character_chosen":"THE_SILENT","items_purchased":["Medical Kit","ClockworkSouvenir","Bag of Preparation","Omamori","Snake Skull","Pen Nib"],"campfire_rested":0,"item_purchase_floors":[4,36,36,36,38,38],"current_hp_per_floor":[73,73,49,49,49,37,37,37,47,41,41,55,55,55,55,55,81,90,90,90,90,90,85,85,85,85,90,90,90,90,90,90,90,90,90,90,90,90,80,85,90,90,90,90,90,90,92,94,94,94,94],"gold":242,"neow_bonus":"","is_prod":false,"is_daily":false,"chose_seed":false,"campfire_upgraded":8,"win_rate":0,"timestamp":1607589177,"path_taken":["M","?","?","$","?","E","R","E","T","E","R","E","R","E","R","BOSS","M","M","M","?","?","E","E","E","T","E","R","E","E","?","R","BOSS","M","$","?","$","?","E","E","E","T","E","E","R","E","E","R","BOSS","BOSS"],"build_version":"2020-11-30","purchased_purges":2,"victory":true,"max_hp_per_floor":[80,80,80,80,80,80,80,80,90,90,90,90,90,90,90,90,90,90,90,90,90,90,90,90,90,90,90,90,90,90,90,90,90,90,90,90,90,90,90,90,90,90,90,90,90,90,92,94,94,94,94],"card_choices":[{"not_picked":["Tools of the Trade","Glass Knife"],"picked":"Bullet Time","floor":6.0},{"not_picked":["Grand Finale","Glass Knife"],"picked":"Venomology","floor":8.0},{"not_picked":["Storm of Steel","Phantasmal Killer"],"picked":"After Image","floor":10.0},{"not_picked":["Grand Finale","Unload"],"picked":"Corpse Explosion","floor":12.0},{"not_picked":["Phantasmal Killer","Wraith Form v2","Tools of the Trade"],"picked":"SKIP","floor":14.0},{"not_picked":["Unload","Glass Knife"],"picked":"Die Die Die","floor":16.0},{"not_picked":["Doppelganger","Envenom","Bullet Time"],"picked":"After Image","floor":23.0},{"not_picked":["Corpse Explosion","Phantasmal Killer","Burst"],"picked":"After Image","floor":24.0},{"not_picked":["Storm of Steel","A Thousand Cuts","Corpse Explosion"],"picked":"Adrenaline","floor":25.0},{"not_picked":["Glass Knife","Tools of the Trade","Wraith Form v2"],"picked":"Adrenaline","floor":27.0},{"not_picked":["Grand Finale","Glass Knife","Corpse Explosion","Bullet Time"],"picked":"SKIP","floor":29.0},{"not_picked":["Phantasmal Killer","Night Terror","Adrenaline"],"picked":"After Image","floor":30.0},{"not_picked":["Tools of the Trade","Grand Finale","After Image"],"picked":"Adrenaline","floor":31.0},{"not_picked":["Metamorphosis","Transmutation","Good Instincts"],"picked":"Chrysalis","floor":39.0},{"not_picked":["Blind","The Bomb","Purity"],"picked":"Panache","floor":39.0},{"not_picked":["Storm of Steel","A Thousand Cuts","After Image"],"picked":"Doppelganger","floor":40.0},{"not_picked":["Envenom","Bullet Time","Unload"],"picked":"Adrenaline","floor":41.0},{"not_picked":["Night Terror","Tools of the Trade","Adrenaline","After Image"],"picked":"SKIP","floor":42.0},{"not_picked":["Bullet Time","Grand Finale","Envenom"],"picked":"Venomology","floor":44.0},{"not_picked":["Wraith Form v2","Corpse Explosion","Tools of the Trade","Die Die Die"],"picked":"SKIP","floor":45.0},{"not_picked":["Storm of Steel","Burst","After Image","Grand Finale"],"picked":"Singing Bowl","floor":47.0},{"not_picked":["Phantasmal Killer","Bullet Time","Storm of Steel","Doppelganger"],"picked":"Singing Bowl","floor":48}],"player_experience":1345939,"relics_obtained":[{"floor":1.0,"key":"MawBank"},{"floor":6.0,"key":"Art of War"},{"floor":8.0,"key":"The Specimen"},{"floor":9.0,"key":"Pear"},{"floor":10.0,"key":"Ice Cream"},{"floor":12.0,"key":"Turnip"},{"floor":14.0,"key":"The Courier"},{"floor":18.0,"key":"Orichalcum"},{"floor":19.0,"key":"Boot"},{"floor":20.0,"key":"FossilizedHelix"},{"floor":21.0,"key":"Matryoshka"},{"floor":22.0,"key":"Toy Ornithopter"},{"floor":22.0,"key":"Question Card"},{"floor":23.0,"key":"Ornamental Fan"},{"floor":24.0,"key":"Centennial Puzzle"},{"floor":25.0,"key":"Smiling Mask"},{"floor":26.0,"key":"InkBottle"},{"floor":26.0,"key":"Bronze Scales"},{"floor":27.0,"key":"Happy Flower"},{"floor":30.0,"key":"HornCleat"},{"floor":31.0,"key":"PreservedInsect"},{"floor":35.0,"key":"Sundial"},{"floor":37.0,"key":"Unceasing Top"},{"floor":40.0,"key":"Lantern"},{"floor":41.0,"key":"Blood Vial"},{"floor":42.0,"key":"Anchor"},{"floor":43.0,"key":"Ginger"},{"floor":44.0,"key":"Tough Bandages"},{"floor":45.0,"key":"Thread and Needle"},{"floor":47.0,"key":"Singing Bowl"},{"floor":48,"key":"Molten Egg 2"}],"event_choices":[{"damage_healed":0.0,"max_hp_gain":0.0,"max_hp_loss":0.0,"gold_gain":150.0,"event_name":"Liars Game","player_choice":"AGREE","floor":2.0,"gold_loss":0.0,"damage_taken":0.0,"cards_obtained":["Doubt"]},{"damage_healed":0.0,"max_hp_gain":0.0,"max_hp_loss":0.0,"gold_gain":0.0,"event_name":"Shining Light","player_choice":"Entered Light","floor":3.0,"gold_loss":0.0,"damage_taken":24.0,"cards_upgraded":["Poisoned Stab","Crippling Poison"]},{"damage_healed":0.0,"max_hp_gain":0.0,"max_hp_loss":0.0,"gold_gain":0.0,"event_name":"Lab","player_choice":"Got Potions","floor":5.0,"gold_loss":0.0,"damage_taken":0.0},{"damage_healed":0.0,"max_hp_gain":0.0,"max_hp_loss":0.0,"gold_gain":0.0,"event_name":"Mysterious Sphere","player_choice":"Fight","floor":37.0,"gold_loss":0.0,"damage_taken":0.0},{"damage_healed":0.0,"max_hp_gain":0.0,"max_hp_loss":0.0,"gold_gain":0.0,"event_name":"SensoryStone","player_choice":"Memory 3","floor":39.0,"gold_loss":0.0,"damage_taken":10.0}],"is_beta":false,"boss_relics":[{"not_picked":["Velvet Choker","SacredBark"],"picked":"SlaversCollar"},{"not_picked":["Calling Bell","HoveringKite"],"picked":"WristBlade"}],"items_purged_floors":[4,36],"is_endless":false,"potions_floor_spawned":[6,10,14,19,20,24,29,30,31,37,40,44,45],"ascension_level":20}}