{"host":"126yiuos2nq86se7","time":1607570170,"event":{"gold_per_floor":[129,144,173,51,61,61,61,61,61,61,75,75,75,88,88,185,185,198,225,165,165,165],"floor_reached":21,"playtime":1633,"items_purged":["animator:Strike"],"score":221,"play_id":"c40a9131-568b-49d9-9bf6-c36647a67e4a","local_time":"20201210141610","is_ascension_mode":false,"campfire_choices":[{"data":"animator:TukaLunaMarceau","floor":6,"key":"SMITH"},{"data":"animator:Kuribayashi","floor":8,"key":"SMITH"},{"data":"animator:DwarfShaman","floor":12,"key":"SMITH"},{"floor":15,"key":"REST"}],"neow_cost":"NONE","seed_source_timestamp":1948700115807400,"circlet_count":0,"master_deck":["animator:Strike_GATE","animator:Defend_GATE","animator:Defend","animator:Defend","animator:Defend","animator:TukaLunaMarceau+1","animator:Kuribayashi+1","animator:DwarfShaman+1","animator:LizardPriest","animator:RoryMercury","animator:Hakurou","animator:FeridBathory","animator:LizardPriest","animator:ElricAlphonse+1","animator:Witch"],"relics":["animator:LivingPicture","animator:TheMissingPiece","White Beast Statue","ReplayTheSpireMod:DimensionalGlitch","Philosopher\u0027s Stone"],"potions_floor_usage":[16,16,16],"damage_taken":[{"damage":11,"enemies":"Cultist","floor":1,"turns":4},{"damage":2,"enemies":"Jaw Worm","floor":2,"turns":4},{"damage":0,"enemies":"Small Slimes","floor":3,"turns":5},{"damage":0,"enemies":"Blue Slaver","floor":5,"turns":7},{"damage":11,"enemies":"Exordium Wildlife","floor":11,"turns":7},{"damage":16,"enemies":"Lots of Slimes","floor":14,"turns":5},{"damage":0,"enemies":"The Guardian","floor":16,"turns":8},{"damage":5,"enemies":"Shell Parasite","floor":18,"turns":10},{"damage":10,"enemies":"3 Byrds","floor":19,"turns":6},{"damage":28,"enemies":"Centurion and Healer","floor":21,"turns":7}],"seed_played":"132125726072820024","potions_obtained":[{"floor":2,"key":"Adrenaline Potion"},{"floor":3,"key":"Adrenaline Potion"},{"floor":11,"key":"PowerPotion"},{"floor":16,"key":"Fire Potion"},{"floor":18,"key":"SpeedPotion"},{"floor":19,"key":"Dexterity Potion"}],"is_trial":false,"path_per_floor":["M","M","M","$","M","R","?","R","T","$","M","R","?","M","R","B",null,"M","M","?","M"],"character_chosen":"THE_ANIMATOR","items_purchased":["animator:Hakurou"],"campfire_rested":1,"item_purchase_floors":[4],"current_hp_per_floor":[55,54,54,54,54,54,54,54,54,54,43,43,43,27,47,47,67,33,23,23,0,0],"gold":165,"neow_bonus":"REMOVE_CARD","is_prod":false,"is_daily":false,"chose_seed":false,"campfire_upgraded":3,"win_rate":0,"timestamp":1607570170,"path_taken":["M","?","M","$","M","R","?","R","T","?","M","R","?","?","R","BOSS","M","M","?","M"],"build_version":"2020-11-30","purchased_purges":1,"victory":false,"max_hp_per_floor":[66,67,67,67,67,67,67,67,67,67,67,67,67,67,67,67,67,38,38,38,38,38],"card_choices":[{"not_picked":["animator:Mikaela","animator:Shion"],"picked":"animator:DwarfShaman","floor":1},{"not_picked":["animator:ChaikaBohdan","animator:Shigure"],"picked":"animator:LizardPriest","floor":2},{"not_picked":["animator:Geryuganshoop","animator:Jibril"],"picked":"animator:RoryMercury","floor":3},{"not_picked":["animator:Guy","animator:ElricAlphonse"],"picked":"animator:FeridBathory","floor":11},{"not_picked":["animator:Sonic","animator:Benimaru"],"picked":"animator:LizardPriest","floor":14},{"not_picked":["animator:ChaikaTrabant","animator:Saitama"],"picked":"animator:Father","floor":16},{"not_picked":["animator:Kaijin","animator:Kuribayashi"],"picked":"animator:ElricAlphonse+1","floor":18},{"not_picked":["animator:LizardPriest","animator:Hero"],"picked":"animator:Witch","floor":19}],"player_experience":1509980,"relics_obtained":[{"floor":9,"key":"White Beast Statue"}],"event_choices":[{"cards_removed":["animator:Strike"],"damage_healed":0,"gold_gain":0,"player_choice":"Forget","damage_taken":0,"max_hp_gain":0,"max_hp_loss":0,"event_name":"Living Wall","floor":13,"gold_loss":0}],"is_beta":false,"boss_relics":[{"not_picked":["Kintsugi","Calling Bell"],"picked":"ReplayTheSpireMod:DimensionalGlitch"}],"items_purged_floors":[4],"is_endless":false,"potions_floor_spawned":[2,3,11,14,16,18,19],"killed_by":"Centurion and Healer","ascension_level":0}}