{"host":"e87rn453naquue3h","time":1607572909,"event":{"gold_per_floor":[115,115,127,141,156,156,167,167,218,250,250,250,250,261,261,366,366,377,377,397,414,428,428,459,6,6,6,20,52,65,81,81,177,177,195,195,195,243,257,257,288,288,314,331,331,359,9,23,23,23],"floor_reached":51,"playtime":4099,"items_purged":["Regret","Shame"],"score":1195,"play_id":"4a2a51cd-7c62-4bba-9fef-a7fe70bba294","local_time":"20201209230149","is_ascension_mode":true,"campfire_choices":[{"data":"ReachHeaven","floor":6,"key":"SMITH"},{"data":"Eruption","floor":8,"key":"SMITH"},{"floor":13,"key":"REST"},{"data":"Blasphemy","floor":15,"key":"SMITH"},{"floor":23,"key":"REST"},{"floor":27,"key":"REST"},{"data":"Fasting2","floor":32,"key":"SMITH"},{"floor":40,"key":"DIG"},{"floor":42,"key":"DIG"},{"data":"WindmillStrike","floor":45,"key":"SMITH"},{"floor":49,"key":"DIG"}],"neow_cost":"CURSE","seed_source_timestamp":104583973364000,"circlet_count":0,"master_deck":["Strike_P","Strike_P","Strike_P","Strike_P","Defend_P","Defend_P","Defend_P","Defend_P+1","Eruption+1","Vigilance+1","CutThroughFate","Evaluate","ReachHeaven+1","Blasphemy+1","Vengeance","ClearTheMind","MentalFortress","DevaForm","Adaptation","Tantrum","Worship","Fasting2+1","Protect+1","Vault","WindmillStrike+1","Conclude+1"],"relics":["PureWater","FossilizedHelix","War Paint","The Courier","Ancient Tea Set","Snecko Eye","Pen Nib","HornCleat","Toy Ornithopter","White Beast Statue","Singing Bowl","Cursed Key","Shovel","WingedGreaves","Akabeko","Gremlin Horn","Strawberry","Ornamental Fan","Oddly Smooth Stone","Bottled Tornado"],"potions_floor_usage":[20,22,24,27,29,33,39,41,41,46,46,47,50,50,50],"damage_taken":[{"damage":0,"enemies":"Jaw Worm","floor":1,"turns":2},{"damage":1,"enemies":"2 Louse","floor":3,"turns":3},{"damage":0,"enemies":"Small Slimes","floor":4,"turns":2},{"damage":0,"enemies":"Blue Slaver","floor":5,"turns":3},{"damage":0,"enemies":"2 Fungi Beasts","floor":7,"turns":2},{"damage":32,"enemies":"Gremlin Nob","floor":10,"turns":3},{"damage":4,"enemies":"Large Slime","floor":14,"turns":3},{"damage":27,"enemies":"Hexaghost","floor":16,"turns":6},{"damage":0,"enemies":"Spheric Guardian","floor":18,"turns":2},{"damage":8,"enemies":"Chosen","floor":20,"turns":4},{"damage":4,"enemies":"Centurion and Healer","floor":21,"turns":4},{"damage":16,"enemies":"Snake Plant","floor":22,"turns":3},{"damage":66,"enemies":"Book of Stabbing","floor":24,"turns":4},{"damage":0,"enemies":"Snecko","floor":28,"turns":4},{"damage":10,"enemies":"Gremlin Leader","floor":29,"turns":6},{"damage":0,"enemies":"3 Cultists","floor":30,"turns":3},{"damage":2,"enemies":"Centurion and Healer","floor":31,"turns":4},{"damage":0,"enemies":"Collector","floor":33,"turns":5},{"damage":0,"enemies":"3 Darklings","floor":35,"turns":6},{"damage":36,"enemies":"2 Orb Walkers","floor":38,"turns":5},{"damage":4,"enemies":"3 Shapes","floor":39,"turns":3},{"damage":14,"enemies":"Nemesis","floor":41,"turns":3},{"damage":0,"enemies":"Transient","floor":44,"turns":6},{"damage":0,"enemies":"Reptomancer","floor":46,"turns":4},{"damage":0,"enemies":"Spire Growth","floor":48,"turns":3},{"damage":16,"enemies":"Awakened One","floor":50,"turns":7}],"seed_played":"5872380382908166729","potions_obtained":[{"floor":3,"key":"SteroidPotion"},{"floor":7,"key":"Fire Potion"},{"floor":14,"key":"DuplicationPotion"},{"floor":20,"key":"FairyPotion"},{"floor":22,"key":"PowerPotion"},{"floor":28,"key":"Strength Potion"},{"floor":29,"key":"Block Potion"},{"floor":30,"key":"PowerPotion"},{"floor":33,"key":"Dexterity Potion"},{"floor":35,"key":"Strength Potion"},{"floor":38,"key":"DuplicationPotion"},{"floor":39,"key":"Strength Potion"},{"floor":41,"key":"EssenceOfSteel"},{"floor":44,"key":"SpeedPotion"},{"floor":46,"key":"EssenceOfSteel"}],"is_trial":false,"path_per_floor":["M","?","M","M","M","R","M","R","T","E","?","?","R","M","R","B",null,"M","?","M","M","M","R","E","$","T","R","M","E","M","M","R","B",null,"M","?","?","?","M","R","E","R","T","M","R","E","$","M","R","B",null],"character_chosen":"WATCHER","items_purchased":["HornCleat","Toy Ornithopter","Fruit Juice","Oddly Smooth Stone","Fruit Juice","StancePotion"],"campfire_rested":3,"item_purchase_floors":[25,25,25,47,47,47],"current_hp_per_floor":[65,70,69,69,69,69,69,69,69,37,37,37,60,56,56,29,65,65,65,57,53,37,60,23,23,23,57,57,54,56,54,54,59,79,81,81,81,47,50,50,48,48,55,55,55,65,75,77,77,76],"gold":23,"neow_bonus":"ONE_RARE_RELIC","is_prod":false,"is_daily":false,"chose_seed":false,"campfire_upgraded":5,"win_rate":0,"timestamp":1607572909,"path_taken":["M","?","M","M","M","R","M","R","T","E","?","?","R","?","R","BOSS","M","?","M","M","M","R","E","$","T","R","M","E","M","M","R","BOSS","M","?","?","?","M","R","E","R","T","?","R","E","$","?","R","BOSS"],"build_version":"2020-11-30","purchased_purges":2,"victory":true,"max_hp_per_floor":[72,77,77,77,77,77,77,77,77,77,77,77,77,77,77,77,77,77,77,77,77,77,77,77,77,77,82,82,84,86,86,86,86,86,88,88,84,86,88,88,90,90,97,97,97,97,102,104,104,104],"relic_stats":{"Shovel":3,"Singing Bowl":14,"Gremlin Horn":[6,6],"counters":[26,100],"Ornamental Fan":[32],"Snecko Eye":[135,134,160,147],"Pen Nib":[11],"War Paint":["Defend_P","Vigilance"],"Cursed Key":1,"obtain_stats":[{"Singing Bowl":29,"Gremlin Horn":42,"Oddly Smooth Stone":47,"The Courier":10,"Pen Nib":24,"War Paint":9,"Bottled Tornado":49,"Ancient Tea Set":11,"Cursed Key":34,"White Beast Statue":26,"Akabeko":41,"HornCleat":25,"Shovel":38,"Ornamental Fan":46,"Strawberry":43,"Snecko Eye":17,"WingedGreaves":40,"PureWater":0,"FossilizedHelix":0,"Toy Ornithopter":25},{"Singing Bowl":15,"Gremlin Horn":22,"Oddly Smooth Stone":24,"The Courier":6,"Pen Nib":13,"War Paint":5,"Bottled Tornado":25,"Ancient Tea Set":6,"Cursed Key":18,"White Beast Statue":13,"Akabeko":22,"HornCleat":13,"Shovel":20,"Ornamental Fan":24,"Strawberry":22,"Snecko Eye":8,"WingedGreaves":21,"PureWater":0,"FossilizedHelix":0,"Toy Ornithopter":13},{"Singing Bowl":51,"Gremlin Horn":80,"Oddly Smooth Stone":90,"The Courier":15,"Pen Nib":41,"War Paint":12,"Bottled Tornado":93,"Ancient Tea Set":15,"Cursed Key":63,"White Beast Statue":41,"Akabeko":80,"HornCleat":41,"Shovel":74,"Ornamental Fan":90,"Strawberry":80,"Snecko Eye":24,"WingedGreaves":77,"PureWater":0,"FossilizedHelix":0,"Toy Ornithopter":41}],"Toy Ornithopter":60},"card_choices":[{"not_picked":["Consecrate","PathToVictory"],"picked":"CutThroughFate","floor":1},{"not_picked":["Protect","Prostrate"],"picked":"Evaluate","floor":3},{"not_picked":["BowlingBash","Nirvana"],"picked":"ReachHeaven","floor":4},{"not_picked":["FollowUp","Wireheading","WreathOfFlame"],"picked":"SKIP","floor":5},{"not_picked":["BowlingBash","Protect"],"picked":"Blasphemy","floor":7},{"not_picked":["FearNoEvil","Study"],"picked":"Vengeance","floor":10},{"not_picked":["Halt","FearNoEvil"],"picked":"MentalFortress","floor":14},{"not_picked":["Blasphemy","ConjureBlade"],"picked":"DevaForm","floor":16},{"not_picked":["PathToVictory","Nirvana","Consecrate"],"picked":"SKIP","floor":18},{"not_picked":["SashWhip","CutThroughFate"],"picked":"Tantrum","floor":20},{"not_picked":["Nirvana","Crescendo"],"picked":"Worship","floor":21},{"not_picked":["ForeignInfluence","DeceiveReality","FlurryOfBlows"],"picked":"SKIP","floor":22},{"not_picked":["MentalFortress+1","BowlingBash","FollowUp+1"],"picked":"SKIP","floor":24},{"not_picked":["BattleHymn","Meditate"],"picked":"Fasting2","floor":28},{"not_picked":["BowlingBash","Protect","FollowUp"],"picked":"Singing Bowl","floor":29},{"not_picked":["CutThroughFate","FollowUp","Protect"],"picked":"Singing Bowl","floor":30},{"not_picked":["EmptyFist","EmptyMind"],"picked":"Protect+1","floor":31},{"not_picked":["ConjureBlade","Ragnarok"],"picked":"Vault","floor":33},{"not_picked":["CrushJoints+1","Nirvana","ClearTheMind"],"picked":"Singing Bowl","floor":35},{"not_picked":["CutThroughFate+1","EmptyBody","ThirdEye"],"picked":"Singing Bowl","floor":38},{"not_picked":["EmptyBody+1","FollowUp+1","Prostrate"],"picked":"Singing Bowl","floor":39},{"not_picked":["ThirdEye","WreathOfFlame","JustLucky+1"],"picked":"Singing Bowl","floor":41},{"not_picked":["FlyingSleeves+1","ClearTheMind+1"],"picked":"WindmillStrike","floor":44},{"not_picked":["Vengeance+1","Study"],"picked":"Conclude+1","floor":46},{"not_picked":["CutThroughFate","Protect","CrushJoints"],"picked":"Singing Bowl","floor":48}],"player_experience":2228297,"relics_obtained":[{"floor":9,"key":"War Paint"},{"floor":10,"key":"The Courier"},{"floor":24,"key":"Pen Nib"},{"floor":26,"key":"White Beast Statue"},{"floor":29,"key":"Singing Bowl"},{"floor":38,"key":"Shovel"},{"floor":40,"key":"WingedGreaves"},{"floor":41,"key":"Akabeko"},{"floor":42,"key":"Gremlin Horn"},{"floor":43,"key":"Strawberry"},{"floor":46,"key":"Ornamental Fan"},{"floor":49,"key":"Bottled Tornado"}],"event_choices":[{"damage_healed":0,"gold_gain":0,"player_choice":"Donut","damage_taken":0,"max_hp_gain":5,"max_hp_loss":0,"event_name":"Big Fish","floor":2,"gold_loss":0},{"damage_healed":0,"gold_gain":0,"player_choice":"Searched \u00271\u0027 times","damage_taken":0,"relics_obtained":["Ancient Tea Set"],"max_hp_gain":0,"max_hp_loss":0,"event_name":"Dead Adventurer","floor":11,"gold_loss":0},{"damage_healed":0,"gold_gain":0,"player_choice":"1 cards matched","damage_taken":0,"max_hp_gain":0,"max_hp_loss":0,"event_name":"Match and Keep!","floor":12,"gold_loss":0,"cards_obtained":["ClearTheMind"]},{"damage_healed":0,"gold_gain":0,"player_choice":"Read","damage_taken":0,"max_hp_gain":0,"max_hp_loss":0,"event_name":"The Library","floor":19,"gold_loss":0,"cards_obtained":["Adaptation"]},{"damage_healed":0,"gold_gain":0,"player_choice":"Ignored","damage_taken":0,"max_hp_gain":0,"max_hp_loss":0,"event_name":"Tomb of Lord Red Mask","floor":36,"gold_loss":0},{"damage_healed":0,"gold_gain":0,"player_choice":"Max HP","damage_taken":0,"max_hp_gain":0,"max_hp_loss":4,"event_name":"Winding Halls","floor":37,"gold_loss":0},{"damage_healed":0,"gold_gain":0,"player_choice":"Fight","damage_taken":0,"max_hp_gain":0,"max_hp_loss":0,"event_name":"Mysterious Sphere","floor":38,"gold_loss":0}],"is_beta":false,"boss_relics":[{"not_picked":["Busted Crown","Pandora\u0027s Box"],"picked":"Snecko Eye"},{"not_picked":["Fusion Hammer","Black Star"],"picked":"Cursed Key"}],"items_purged_floors":[25,47],"is_endless":false,"potions_floor_spawned":[3,7,14,20,21,22,28,29,30,31,33,35,38,39,41,44,46,48],"ascension_level":7}}