{"host":"uqaktdsdgl65o6ff","time":1607571606,"event":{"gold_per_floor":[363,376,376,376,389,409,409,434,434,467,493,493,509,522,536,536,536,536,536],"floor_reached":18,"playtime":797,"items_purged":[],"score":130,"play_id":"5520e08b-9a33-4b29-9c52-4a3d17d00844","local_time":"20201209224006","is_ascension_mode":true,"campfire_choices":[{"floor":12,"key":"RECALL"},{"floor":17,"key":"REST"}],"neow_cost":"CURSE","seed_source_timestamp":244110324241800,"circlet_count":0,"master_deck":["Strike_B+1","Strike_B","Strike_B+1","Strike_B","Defend_B","Defend_B","Defend_B","Zap","Dualcast","Injury","Loop","FIFO Queue","Conserve Battery","ReplayGash","BasicCrystalCard","Storm","Injury","Defragment","Go for the Eyes","Barrage","Gash"],"relics":["Cracked Core","Simple Rune","Golden Idol","Geode"],"potions_floor_usage":[10,10],"damage_taken":[{"damage":1,"enemies":"Jaw Worm","floor":1,"turns":3},{"damage":10,"enemies":"Small Slimes","floor":2,"turns":3},{"damage":1,"enemies":"Cultist","floor":5,"turns":3},{"damage":5,"enemies":"Looter","floor":6,"turns":3},{"damage":15,"enemies":"Replay:BlueRogue","floor":8,"turns":5},{"damage":13,"enemies":"Lagavulin","floor":10,"turns":3},{"damage":6,"enemies":"2 Fungi Beasts","floor":13,"turns":3},{"damage":3,"enemies":"3 Louse","floor":14,"turns":3},{"damage":10,"enemies":"Looter","floor":15,"turns":2},{"damage":42,"enemies":"Slime Boss","floor":18,"turns":5}],"seed_played":"-5363112722662526161","potions_obtained":[{"floor":2,"key":"ColorlessPotion"},{"floor":6,"key":"ColorlessPotion"},{"floor":8,"key":"Death Potion"},{"floor":15,"key":"Reflective Coating"}],"is_trial":false,"path_per_floor":["M","M","PTL","PTL","M","M","?","E","?","E","T","R","M","M","M","?","R","B"],"character_chosen":"DEFECT","items_purchased":[],"campfire_rested":1,"item_purchase_floors":[],"current_hp_per_floor":[74,64,64,64,63,58,58,43,43,30,30,30,24,21,11,11,33,0,0],"gold":536,"neow_bonus":"TWO_FIFTY_GOLD","is_prod":false,"is_daily":false,"chose_seed":false,"campfire_upgraded":0,"win_rate":0,"timestamp":1607571606,"path_taken":["M","M","PTL","PTL","M","M","?","E","?","E","T","R","M","M","M","?","R","BOSS"],"build_version":"2020-11-30","purchased_purges":0,"victory":false,"max_hp_per_floor":[75,75,75,75,75,75,75,75,75,75,75,75,75,75,75,75,75,75,75],"card_choices":[{"not_picked":["Conserve Battery","BasicCrystalCard"],"picked":"Loop","floor":1},{"not_picked":["Sunder","Barrage"],"picked":"FIFO Queue","floor":2},{"not_picked":["Redo","Coolheaded"],"picked":"Conserve Battery","floor":5},{"not_picked":["Sweeping Beam","Conserve Battery"],"picked":"ReplayGash","floor":6},{"not_picked":["Time Bomb","Gash"],"picked":"Storm","floor":8},{"not_picked":["Gash","Sweeping Beam"],"picked":"Defragment","floor":10},{"not_picked":["ReplayTheSpireMod:Repulse","Barrage"],"picked":"Go for the Eyes","floor":13},{"not_picked":["Capacitor","Double Energy"],"picked":"Barrage","floor":14},{"not_picked":["Coolheaded","Doom and Gloom"],"picked":"Gash","floor":15}],"player_experience":158854,"relics_obtained":[{"floor":8,"key":"Simple Rune"},{"floor":10,"key":"Geode"}],"event_choices":[{"damage_healed":0,"gold_gain":0,"cards_transformed":["Defend_B"],"player_choice":"Change","damage_taken":0,"max_hp_gain":0,"max_hp_loss":0,"event_name":"Living Wall","floor":7,"gold_loss":0,"cards_obtained":["BasicCrystalCard"]},{"damage_healed":0,"gold_gain":0,"player_choice":"Take Wound","damage_taken":0,"relics_obtained":["Golden Idol"],"max_hp_gain":0,"max_hp_loss":0,"event_name":"Golden Idol","floor":9,"gold_loss":0,"cards_obtained":["Injury"]},{"damage_healed":0,"gold_gain":0,"player_choice":"Ignored","damage_taken":0,"max_hp_gain":0,"max_hp_loss":0,"event_name":"Golden Wing","floor":16,"gold_loss":0}],"is_beta":false,"boss_relics":[],"items_purged_floors":[],"is_endless":false,"potions_floor_spawned":[2,6,8,15],"killed_by":"Slime Boss","ascension_level":1}}