{"host":"ecaj4hn004xnnrw9","time":1607630640,"event":{"mods":["BaseMod","AchievementEnabler","StSLib","Hermit","Quick Restart","Minty Spire (QoL Compilation)","Replay The Spire","The Cursed"],"gold_per_floor":[110,129,79,39,55,55,85,85,85,85,105,105,130,130,130,229,229,248,262,281,296,296,296,372,372,372,0,17,47,47,60,60,157,157,176,188,188,188,38,38,38,57,83,112,132,150,167,40,40,40,40],"floor_reached":50,"playtime":2638,"items_purged":["Regret","Strike_G"],"score":654,"play_id":"c5bcb74a-5e43-4f4d-a0d9-3e76cd9f8fea","local_time":"20201210200400","is_ascension_mode":true,"campfire_choices":[{"data":"Poisoned Stab","floor":6,"key":"SMITH"},{"data":"Leg Sweep","floor":8,"key":"SMITH"},{"data":"Underhanded Strike","floor":10,"key":"SMITH"},{"data":"Poisoned Stab","floor":12,"key":"SMITH"},{"data":"Calculated Gamble","floor":15,"key":"SMITH"},{"data":"Replay:Bag of Tricks","floor":23,"key":"SMITH"},{"data":"Neutralize","floor":30,"key":"SMITH"},{"data":"Catalyst","floor":32,"key":"SMITH"},{"data":"Deadly Poison","floor":40,"key":"SMITH"},{"floor":49,"key":"RECALL"}],"circlet_count":0,"master_deck":["Defend_G","Defend_G","Defend_G","Defend_G","Survivor","Neutralize+1","Calculated Gamble+1","Poisoned Stab+1","Underhanded Strike+1","Leg Sweep+1","Poisoned Stab+1","Underhanded Strike","Replay:Bag of Tricks+1","ReplayTheSpireMod:Exploit Weakness+1","Glass Knife+1","Escape Plan+1","Flying Knee+1","Acrobatics","Calculated Gamble+1","Unload","Catalyst+1","Poison Darts","Deadly Poison+1","Predator+1","Prepared","Replay:Poison Smokescreen","Replay:Poison Smokescreen"],"relics":["SlaversCollar","Meat on the Bone","Letter Opener","TungstenRod","Oddly Smooth Stone","Astrolabe","Ring of Hypnosis","ReplayTheSpireMod:Ring of Challenge","Omamori","Onion Ring","Singing Bowl","DollysMirror","Darkstone Periapt","SacredBark","Divine Protection","Pocketwatch"],"acts_visited":["Exordium","TheCity","TheBeyond"],"potions_floor_usage":[4,7,13,18,29,31,33,36,50],"damage_taken":[{"damage":6,"enemies":"Jaw Worm","floor":1,"turns":5},{"damage":4,"enemies":"Cultist","floor":2,"turns":4},{"damage":2,"enemies":"2 Louse","floor":5,"turns":3},{"damage":12,"enemies":"Gremlin Nob","floor":7,"turns":2},{"damage":3,"enemies":"Gremlin Gang","floor":11,"turns":5},{"damage":1,"enemies":"Lagavulin","floor":13,"turns":6},{"damage":2,"enemies":"The Guardian","floor":16,"turns":11},{"damage":1,"enemies":"2 Thieves","floor":18,"turns":4},{"damage":0,"enemies":"Shell Parasite","floor":19,"turns":5},{"damage":0,"enemies":"Shelled Parasite and Fungi","floor":20,"turns":6},{"damage":0,"enemies":"Snecko","floor":21,"turns":4},{"damage":9,"enemies":"Replay:Snechameleon","floor":24,"turns":7},{"damage":18,"enemies":"Centurion and Healer","floor":28,"turns":5},{"damage":31,"enemies":"Gremlin Leader","floor":29,"turns":8},{"damage":11,"enemies":"Cultist and Chosen","floor":31,"turns":6},{"damage":74,"enemies":"Automaton","floor":33,"turns":10},{"damage":11,"enemies":"Orb Walker","floor":35,"turns":4},{"damage":15,"enemies":"3 Darklings","floor":36,"turns":4},{"damage":7,"enemies":"Maw","floor":42,"turns":6},{"damage":40,"enemies":"Reptomancer","floor":44,"turns":6},{"damage":7,"enemies":"Writhing Mass","floor":45,"turns":4},{"damage":20,"enemies":"3 Darklings","floor":46,"turns":4},{"damage":7,"enemies":"4 Shapes","floor":47,"turns":4},{"damage":45,"enemies":"Awakened One","floor":50,"turns":9}],"seed_played":"-6025426320997019502","potions_obtained":[{"floor":1,"key":"Explosive Potion"},{"floor":4,"key":"Fruit Juice"},{"floor":4,"key":"Death Potion"},{"floor":4,"key":"Weak Potion"},{"floor":7,"key":"Adrenaline Potion"},{"floor":13,"key":"Energy Potion"},{"floor":18,"key":"FairyPotion"},{"floor":24,"key":"SpeedPotion"},{"floor":29,"key":"SpeedPotion"},{"floor":31,"key":"BlessingOfTheForge"},{"floor":35,"key":"Adrenaline Potion"},{"floor":36,"key":"CultistPotion"}],"is_trial":false,"path_per_floor":["M","M","?","?","M","R","E","R","T","R","M","R","E","?","R","B",null,"M","M","M","M","?","R","E","T","T","$","M","E","R","M","R","B",null,"M","M","?","?","$","R","T","M","T","E","M","M","M","$","R","B"],"character_chosen":"THE_SILENT","items_purchased":["DollysMirror","Unload","Deadly Poison","DuplicationPotion","Replay:Poison Smokescreen"],"campfire_rested":0,"item_purchase_floors":[27,27,39,48,48],"current_hp_per_floor":[64,60,60,65,63,63,51,51,51,51,48,48,47,47,47,45,75,74,74,74,74,74,74,65,65,65,65,49,32,32,33,33,35,79,70,57,57,59,59,59,59,54,54,28,35,27,32,32,32,0,0],"gold":40,"neow_bonus":"BOSS_RELIC","is_daily":false,"chose_seed":false,"campfire_upgraded":9,"win_rate":0,"timestamp":1607630640,"path_taken":["M","M","?","?","?","R","E","R","T","R","?","R","E","?","R","BOSS","M","?","M","M","?","R","E","?","T","$","M","E","R","M","R","BOSS","M","M","?","?","$","R","?","M","T","E","M","?","M","?","R","BOSS"],"build_version":"2020-11-30","purchased_purges":2,"victory":false,"max_hp_per_floor":[70,70,70,75,75,75,75,75,75,75,75,75,75,75,75,75,75,75,75,75,75,75,75,75,75,75,75,77,79,79,79,79,79,79,81,83,83,85,85,85,85,87,87,89,91,91,91,91,91,91,91],"card_choices":[{"not_picked":["Acrobatics","Expertise"],"picked":"Calculated Gamble","floor":1},{"not_picked":["Masterful Stab","Calculated Gamble"],"picked":"Poisoned Stab","floor":2},{"not_picked":["Slice","Acrobatics"],"picked":"Underhanded Strike","floor":5},{"not_picked":["Blur","Cloak And Dagger"],"picked":"Leg Sweep","floor":7},{"not_picked":["Outmaneuver","Infinite Blades"],"picked":"Poisoned Stab","floor":11},{"not_picked":["Caltrops","Fluid Movement"],"picked":"Underhanded Strike","floor":13},{"not_picked":["Phantasmal Killer","Glass Knife"],"picked":"Replay:Bag of Tricks","floor":16},{"not_picked":["Draining Mist","Calculated Gamble"],"picked":"Flying Knee+1","floor":18},{"not_picked":["Sucker Punch","Blade Dance"],"picked":"Acrobatics","floor":19},{"not_picked":["Outmaneuver","Caltrops","Distraction"],"picked":"SKIP","floor":20},{"not_picked":["Blade Dance+1","Dagger Spray","Choke+1"],"picked":"SKIP","floor":21},{"not_picked":["Flechettes","Wraith Form v2","Dagger Spray+1"],"picked":"SKIP","floor":24},{"not_picked":["Fluid Movement","Dash","Infinite Blades"],"picked":"Singing Bowl","floor":28},{"not_picked":["ReplayTheSpireMod:Shiv Toss","Backflip","Poisoned Stab+1"],"picked":"Singing Bowl","floor":29},{"not_picked":["Blade Dance","Slice"],"picked":"Catalyst","floor":31},{"not_picked":["Storm of Steel","Die Die Die"],"picked":"Poison Darts","floor":33},{"not_picked":["Underhanded Strike","Dodge and Roll+1","Sneak Up"],"picked":"Singing Bowl","floor":35},{"not_picked":["Cloak And Dagger","Flying Knee+1","Underhanded Strike+1"],"picked":"Singing Bowl","floor":36},{"not_picked":["Jack Of All Trades","Specialist","Transmutation"],"picked":"Singing Bowl","floor":38},{"not_picked":["Deadly Poison","PiercingWail+1","Quick Slash"],"picked":"Singing Bowl","floor":42},{"not_picked":["Dagger Throw+1","Corpse Explosion","Masterful Stab+1"],"picked":"Singing Bowl","floor":44},{"not_picked":["Infinite Blades","Underhanded Strike+1","Dash"],"picked":"Singing Bowl","floor":45},{"not_picked":["PiercingWail","Sucker Punch+1"],"picked":"Predator+1","floor":46},{"not_picked":["Hidden Blade","Distraction"],"picked":"Prepared","floor":47}],"player_experience":149007,"relics_obtained":[{"floor":7,"key":"Meat on the Bone"},{"floor":9,"key":"Letter Opener"},{"floor":13,"key":"TungstenRod"},{"floor":22,"key":"Ring of Hypnosis"},{"floor":22,"key":"ReplayTheSpireMod:Ring of Challenge"},{"floor":24,"key":"Omamori"},{"floor":25,"key":"Onion Ring"},{"floor":26,"key":"Singing Bowl"},{"floor":29,"key":"Darkstone Periapt"},{"floor":41,"key":"Divine Protection"},{"floor":44,"key":"Pocketwatch"}],"event_choices":[{"cards_removed":["Strike_G"],"damage_healed":0,"gold_gain":0,"player_choice":"Card Removal","damage_taken":0,"max_hp_gain":0,"max_hp_loss":0,"event_name":"The Cleric","floor":3,"gold_loss":50},{"damage_healed":0,"gold_gain":0,"player_choice":"Bought 3 Potions","damage_taken":0,"max_hp_gain":0,"max_hp_loss":0,"event_name":"The Woman in Blue","floor":4,"gold_loss":0},{"damage_healed":0,"gold_gain":0,"player_choice":"Gave Potion","damage_taken":0,"relics_obtained":["Oddly Smooth Stone"],"max_hp_gain":0,"max_hp_loss":0,"event_name":"WeMeetAgain","floor":14,"gold_loss":0},{"cards_removed":["Defend_G"],"damage_healed":0,"gold_gain":0,"player_choice":"Removed Skill","damage_taken":0,"max_hp_gain":0,"max_hp_loss":0,"event_name":"Falling","floor":37,"gold_loss":0},{"damage_healed":0,"gold_gain":0,"player_choice":"Memory 1","damage_taken":0,"max_hp_gain":0,"max_hp_loss":0,"event_name":"SensoryStone","floor":38,"gold_loss":0}],"is_beta":false,"boss_relics":[{"not_picked":["Snecko Eye","Black Star"],"picked":"Astrolabe"},{"not_picked":["WristBlade","Runic Dome"],"picked":"SacredBark"}],"items_purged_floors":[27,39],"is_endless":false,"potions_floor_spawned":[1,7,13,18,24,29,31,35,36],"killed_by":"Awakened One","ascension_level":3}}