{"host":"jtxptf9isiqyc7jm","time":1607559733,"event":{"gold_per_floor":[116,116,132,13,33,33,49,69,69,69,69,69,88,88,88,146,146,238,238,238,178,178,178,178],"floor_reached":23,"playtime":1106,"items_purged":[],"score":262,"play_id":"95d3ba1b-7795-4eaf-b2d0-c0076701736e","local_time":"20201210002213","is_ascension_mode":false,"campfire_choices":[{"data":"Chrysalis","floor":6,"key":"SMITH"},{"data":"hierophant:ChurchCoffers","floor":11,"key":"SMITH"},{"floor":15,"key":"DIG"}],"neow_cost":"NONE","seed_source_timestamp":383960090138300,"circlet_count":0,"master_deck":["hierophant:Strike_Hierophant","hierophant:Strike_Hierophant","hierophant:Strike_Hierophant","hierophant:Strike_Hierophant","hierophant:Punish","hierophant:Defend_Hierophant","hierophant:Defend_Hierophant","hierophant:Defend_Hierophant","hierophant:Defend_Hierophant","hierophant:ChurchCoffers+1","hierophant:Levitation","hierophant:PassingBell","hierophant:Upheaval","hierophant:FieryStrike","Chrysalis+1","Good Instincts","hierophant:Endure","hierophant:FaithHealing","hierophant:FieryStrike","Runesmith:MetallurgicalResearch","hierophant:BulkyChest","hierophant:HolyVerse","Chrysalis+1"],"relics":["m_RuneBlood","ReplayTheSpireMod:ShopPack","Tiny Chest","infinitespire:Cubic Diamond","Juzu Bracelet","theSenshi:SailorFukuRelic","hubris:Backtick","Blue Doll","ReplayTheSpireMod:Ninjato","hubris:Icosahedron"],"potions_floor_usage":[13,13,16,18],"damage_taken":[{"damage":7,"enemies":"Small Slimes","floor":1,"turns":3},{"damage":0,"enemies":"2 Louse","floor":3,"turns":1},{"damage":0,"enemies":"Cultist","floor":5,"turns":4},{"damage":1,"enemies":"2 Fungi Beasts","floor":7,"turns":3},{"damage":26,"enemies":"Lots of Slimes","floor":8,"turns":6},{"damage":0,"enemies":"Lagavulin","floor":13,"turns":6},{"damage":0,"enemies":"Fading Forest","floor":16,"turns":11},{"damage":42,"enemies":"Chosen","floor":18,"turns":8},{"damage":34,"enemies":"Slavers","floor":23,"turns":2}],"seed_played":"8755741943734561035","potions_obtained":[{"floor":3,"key":"sneckomod:MuddlingPotion"},{"floor":7,"key":"construct:ShiftPotion"},{"floor":12,"key":"CultistPotion"},{"floor":12,"key":"Flashbang"},{"floor":13,"key":"SkillPotion"},{"floor":16,"key":"Fire Potion"}],"is_trial":false,"path_per_floor":["M","?","M","$","M","R","M","M","T","?","R","?","E","?","R","B",null,"M","T","?","?","?","E"],"character_chosen":"HIEROPHANT","items_purchased":["ReplayTheSpireMod:ShopPack"],"campfire_rested":0,"item_purchase_floors":[4],"current_hp_per_floor":[68,68,68,68,68,68,67,41,41,41,41,41,44,44,44,47,75,36,36,36,36,36,2,2],"gold":178,"neow_bonus":"ONE_RANDOM_RARE_CARD","is_prod":false,"is_daily":false,"chose_seed":false,"campfire_upgraded":2,"win_rate":0.0,"timestamp":1607559733,"path_taken":["M","?","M","$","M","R","M","M","T","?","R","?","E","?","R","BOSS","M","?","?","?","?","E"],"build_version":"2020-11-30","purchased_purges":0,"victory":false,"max_hp_per_floor":[75,75,75,75,75,75,75,75,75,75,75,75,75,75,75,75,75,75,75,75,75,75,75,75],"card_choices":[{"not_picked":["hierophant:Community","hierophant:PristineSoul"],"picked":"hierophant:PassingBell","floor":1},{"not_picked":["hierophant:FlamingChariot","hierophant:SolarFlare"],"picked":"hierophant:FieryStrike","floor":3},{"not_picked":["Violence","Master of Strategy"],"picked":"Chrysalis","floor":4},{"not_picked":["Impatience","Replay:Parry"],"picked":"expansioncontent:DarkVoid","floor":4},{"not_picked":["expansioncontent:SuperHexaguard","expansioncontent:HyperBeam"],"picked":"Good Instincts","floor":4},{"not_picked":["hierophant:Smite","hierophant:Remorse"],"picked":"hierophant:Endure","floor":5},{"not_picked":["hierophant:EyeForCoin","hierophant:Sermon"],"picked":"hierophant:FaithHealing","floor":7},{"not_picked":["hierophant:Bribe","hierophant:AuricBeam"],"picked":"hierophant:FieryStrike","floor":8},{"not_picked":["Headbutt","hierophant:ThreeLashes"],"picked":"Runesmith:MetallurgicalResearch","floor":13},{"not_picked":["hierophant:LocustPlague","hierophant:Kindle"],"picked":"hierophant:BulkyChest","floor":16},{"not_picked":["hierophant:DisplayOfPower","hierophant:RustyCrate"],"picked":"hierophant:HolyVerse","floor":18}],"player_experience":72498,"relics_obtained":[{"floor":9,"key":"Tiny Chest"},{"floor":13,"key":"Juzu Bracelet"},{"floor":15,"key":"theSenshi:SailorFukuRelic"},{"floor":19,"key":"ReplayTheSpireMod:Ninjato"}],"event_choices":[{"damage_healed":0,"gold_gain":0,"player_choice":"Got Potions","damage_taken":0,"max_hp_gain":0,"max_hp_loss":0,"event_name":"Lab","floor":12,"gold_loss":0},{"damage_healed":0,"gold_gain":0,"player_choice":"Copied","damage_taken":0,"max_hp_gain":0,"max_hp_loss":0,"event_name":"Duplicator","floor":20,"gold_loss":0,"cards_obtained":["Chrysalis"]}],"is_beta":false,"boss_relics":[{"not_picked":["SlaversCollar","Runesmith:UraniumAnvil"],"picked":"hubris:Backtick"}],"items_purged_floors":[],"is_endless":false,"potions_floor_spawned":[3,7,13,16],"killed_by":"Slavers","ascension_level":0}}