{"host":"0x9c2ukdv4bhoakt","time":1607639633,"event":{"mods":["BaseMod","StSLib","Colored Map","Googly Eyes","Minty Spire (QoL Compilation)","slay the spire mod where everything is the same but ironclad has a cowboy hat","Bestiary","Block Reminder","DeckTracker","Relic Stats"],"gold_per_floor":[10,21,35,51,71,103,103,134,134,169,188,222,235,37,37,139,139,151,169,46,72,72,72,72],"floor_reached":23,"playtime":794,"items_purged":["Strike_R","Strike_R"],"score":290,"play_id":"12b92b1d-045e-4080-9643-36d3e4d3d51a","local_time":"20201210173353","is_ascension_mode":true,"campfire_choices":[{"data":"Carnage","floor":7,"key":"SMITH"},{"data":"True Grit","floor":15,"key":"SMITH"}],"circlet_count":0,"master_deck":["Strike_R","Strike_R","Strike_R","Defend_R","Defend_R","Defend_R","Defend_R","Bash","Carnage+1","Anger","Cleave","Flex","Thunderclap","Spot Weakness","Bloodletting","Rage","Shrug It Off","Shrug It Off","Disarm","True Grit+1","Offering","Rupture+1","Clothesline","Flame Barrier"],"relics":["Burning Blood","Mango","Boot","Vajra","Bird Faced Urn","Blue Candle","Magic Flower","Snecko Eye","Red Mask","Bronze Scales"],"acts_visited":["Exordium","TheCity"],"potions_floor_usage":[6,12,13,16,19,21],"damage_taken":[{"damage":6,"enemies":"Cultist","floor":1,"turns":3},{"damage":7,"enemies":"Jaw Worm","floor":2,"turns":3},{"damage":0,"enemies":"2 Louse","floor":3,"turns":2},{"damage":6,"enemies":"Blue Slaver","floor":4,"turns":3},{"damage":13,"enemies":"2 Fungi Beasts","floor":5,"turns":3},{"damage":25,"enemies":"Lagavulin","floor":6,"turns":7},{"damage":25,"enemies":"3 Sentries","floor":8,"turns":5},{"damage":18,"enemies":"Gremlin Nob","floor":10,"turns":3},{"damage":0,"enemies":"Exordium Wildlife","floor":11,"turns":2},{"damage":19,"enemies":"Lagavulin","floor":12,"turns":4},{"damage":13,"enemies":"Looter","floor":13,"turns":4},{"damage":26,"enemies":"Slime Boss","floor":16,"turns":7},{"damage":9,"enemies":"2 Thieves","floor":18,"turns":3},{"damage":27,"enemies":"3 Byrds","floor":19,"turns":5},{"damage":48,"enemies":"Masked Bandits","floor":21,"turns":5},{"damage":0,"enemies":"Slavers","floor":23,"turns":1}],"seed_played":"7355500935920405751","potions_obtained":[{"floor":1,"key":"Dexterity Potion"},{"floor":4,"key":"PowerPotion"},{"floor":6,"key":"PowerPotion"},{"floor":11,"key":"BlessingOfTheForge"},{"floor":12,"key":"PowerPotion"},{"floor":18,"key":"AttackPotion"}],"is_trial":false,"path_per_floor":["M","M","M","M","M","E","R","E","T","E","M","E","M","$","R","B",null,"M","M","$","?","?","E"],"character_chosen":"IRONCLAD","items_purchased":["Disarm","True Grit","Clothesline"],"campfire_rested":0,"item_purchase_floors":[14,14,20],"current_hp_per_floor":[86,85,91,91,84,65,65,46,46,34,40,27,26,26,26,12,74,74,56,56,17,17,17,17],"gold":72,"neow_bonus":"ONE_RARE_RELIC","is_daily":false,"chose_seed":false,"campfire_upgraded":2,"win_rate":0,"timestamp":1607639633,"path_taken":["M","M","M","M","M","E","R","E","T","E","M","E","M","$","R","BOSS","M","?","$","?","?","E"],"build_version":"2020-11-30","purchased_purges":2,"victory":false,"max_hp_per_floor":[94,94,94,94,94,94,94,94,94,94,94,94,94,94,94,94,94,94,94,94,94,94,94,94],"relic_stats":{"counters":[16,60],"Bird Faced Urn":[6],"Blue Candle":[0],"Bronze Scales":[0],"Magic Flower":[17],"Snecko Eye":[21,32,32,21],"Boot":[29],"obtain_stats":[{"Bird Faced Urn":9,"Blue Candle":10,"Bronze Scales":22,"Vajra":8,"Magic Flower":12,"Snecko Eye":17,"Mango":0,"Red Mask":21,"Boot":6,"Burning Blood":0},{"Bird Faced Urn":7,"Blue Candle":8,"Bronze Scales":15,"Vajra":7,"Magic Flower":10,"Snecko Eye":12,"Mango":0,"Red Mask":15,"Boot":6,"Burning Blood":0},{"Bird Faced Urn":26,"Blue Candle":29,"Bronze Scales":59,"Vajra":26,"Magic Flower":35,"Snecko Eye":46,"Mango":0,"Red Mask":59,"Boot":21,"Burning Blood":0}],"Burning Blood":105},"card_choices":[{"not_picked":["Searing Blow","Warcry"],"picked":"Carnage","floor":1},{"not_picked":["Cleave","Evolve"],"picked":"Anger","floor":2},{"not_picked":["Iron Wave","Anger"],"picked":"Cleave","floor":3},{"not_picked":["Clash","Sever Soul","Sentinel"],"picked":"SKIP","floor":4},{"not_picked":["Heavy Blade","Berserk"],"picked":"Flex","floor":5},{"not_picked":["Twin Strike","Shrug It Off"],"picked":"Thunderclap","floor":6},{"not_picked":["Hemokinesis","Headbutt"],"picked":"Spot Weakness","floor":8},{"not_picked":["Perfected Strike","Thunderclap"],"picked":"Bloodletting","floor":10},{"not_picked":["Anger","Flex"],"picked":"Rage","floor":11},{"not_picked":["Bludgeon","Armaments"],"picked":"Shrug It Off","floor":12},{"not_picked":["Flex","Blood for Blood"],"picked":"Shrug It Off","floor":13},{"not_picked":["Barricade","Immolate"],"picked":"Offering","floor":16},{"not_picked":["Sword Boomerang+1","Disarm+1"],"picked":"Rupture+1","floor":18},{"not_picked":["Body Slam+1","Searing Blow","Cleave"],"picked":"SKIP","floor":19},{"not_picked":["Armaments","Sword Boomerang+1"],"picked":"Flame Barrier","floor":21}],"player_experience":386093,"relics_obtained":[{"floor":6,"key":"Boot"},{"floor":8,"key":"Vajra"},{"floor":9,"key":"Bird Faced Urn"},{"floor":10,"key":"Blue Candle"},{"floor":12,"key":"Magic Flower"},{"floor":21,"key":"Red Mask"}],"event_choices":[{"damage_healed":0,"gold_gain":0,"player_choice":"Fought Bandits","damage_taken":0,"max_hp_gain":0,"max_hp_loss":0,"event_name":"Masked Bandits","floor":21,"gold_loss":0},{"damage_healed":0,"gold_gain":0,"player_choice":"Opened","damage_taken":0,"relics_obtained":["Bronze Scales"],"max_hp_gain":0,"max_hp_loss":0,"event_name":"The Mausoleum","floor":22,"gold_loss":0}],"is_beta":false,"boss_relics":[{"not_picked":["Astrolabe","Black Blood"],"picked":"Snecko Eye"}],"items_purged_floors":[14,20],"is_endless":false,"potions_floor_spawned":[1,4,6,11,12,18],"killed_by":"Slavers","ascension_level":6}}