{"host":"se2kry7a7ac49ar7","time":1607560198,"event":{"gold_per_floor":[118,132,150,161,111,139,139,172,172,172,172,172,172,191,191,296,296,307,296,311,323,342,367,384,410,410,410,410,20,20,38,38,137,137,148,148,161,161,178,204,224,224,224,40,56,84,103,103,103,103],"floor_reached":51,"playtime":4827,"items_purged":["TheCursedMod:Strike_TheCursed"],"score":861,"play_id":"50aade93-69cf-46fb-a77e-b40b6967b6e1","local_time":"20201209162958","is_ascension_mode":false,"campfire_choices":[{"floor":7,"key":"REST"},{"data":"TheCursedMod:SmokeScreen","floor":12,"key":"SMITH"},{"data":"TheCursedMod:UltimatePain","floor":15,"key":"SMITH"},{"floor":30,"key":"REST"},{"floor":32,"key":"REST"},{"data":"TheCursedMod:NeowsMight","floor":49,"key":"SMITH"}],"neow_cost":"NONE","seed_source_timestamp":21731800868093,"circlet_count":0,"master_deck":["TheCursedMod:Strike_TheCursed","TheCursedMod:Defend_TheCursed","TheCursedMod:Defend_TheCursed","TheCursedMod:Defend_TheCursed","TheCursedMod:Defend_TheCursed","TheCursedMod:CursedWand","TheCursedMod:CleanUpWorkshop","TheCursedMod:Dregs","TheCursedMod:RapidMovement","TheCursedMod:UltimatePain+1","TheCursedMod:Hemoplague","TheCursedMod:SmokeScreen+1","TheCursedMod:CursedArmor","TheCursedMod:NeowsMight+1","Pain","TheCursedMod:SpitefulStrike","TheCursedMod:StunningStrike","TheCursedMod:CursedArmor","TheCursedMod:Stretching+1","TheCursedMod:Torture","TheCursedMod:UltimatePain","TheCursedMod:RapidMovement","TheCursedMod:CircleOfBlood","TheCursedMod:CursedStaff+1","TheCursedMod:SurpriseAttack+1","Decay","Ghostly","Ghostly","Ghostly","Ghostly","Ghostly","TheCursedMod:HellsGateOpen","TheCursedMod:SpitefulStrike+1","TheCursedMod:BlessingInDisguise","TheCursedMod:ManaCirculation","TheCursedMod:Mangle","TheCursedMod:CursedShiv+1","Deep Breath","TheCursedMod:CursedSpellbook+1","TheCursedMod:AshesToAshes+1","TheCursedMod:TacticalStrike","TheCursedMod:Obscuration+1","TheCursedMod:WearCloak+1","TheCursedMod:Evocation+1"],"relics":["TheCursedMod:BlackMagic101","Orichalcum","Omamori","Dream Catcher","The Courier","WarpedTongs","SacredBark","StoneCalendar","Blue Candle","Centennial Puzzle","OrangePellets","Dead Branch","Sozu","Du-Vu Doll","InkBottle","Frozen Eye","PreservedInsect"],"potions_floor_usage":[8,19,21,22,23,31,37,40],"damage_taken":[{"damage":0,"enemies":"2 Louse","floor":1,"turns":2},{"damage":0,"enemies":"Small Slimes","floor":2,"turns":5},{"damage":0,"enemies":"Cultist","floor":3,"turns":6},{"damage":3,"enemies":"2 Fungi Beasts","floor":4,"turns":4},{"damage":59,"enemies":"Gremlin Nob","floor":6,"turns":6},{"damage":28,"enemies":"Lagavulin","floor":8,"turns":11},{"damage":1,"enemies":"Blue Slaver","floor":14,"turns":4},{"damage":18,"enemies":"Hexaghost","floor":16,"turns":10},{"damage":7,"enemies":"Shell Parasite","floor":18,"turns":6},{"damage":5,"enemies":"2 Thieves","floor":19,"turns":5},{"damage":9,"enemies":"Snake Plant","floor":20,"turns":7},{"damage":29,"enemies":"Centurion and Healer","floor":21,"turns":13},{"damage":11,"enemies":"Snecko","floor":22,"turns":6},{"damage":46,"enemies":"Slavers","floor":23,"turns":6},{"damage":11,"enemies":"Cultist and Chosen","floor":24,"turns":7},{"damage":2,"enemies":"Book of Stabbing","floor":25,"turns":5},{"damage":11,"enemies":"Shelled Parasite and Fungi","floor":31,"turns":7},{"damage":17,"enemies":"Champ","floor":33,"turns":15},{"damage":5,"enemies":"Orb Walker","floor":35,"turns":5},{"damage":8,"enemies":"3 Darklings","floor":37,"turns":6},{"damage":11,"enemies":"4 Shapes","floor":39,"turns":6},{"damage":6,"enemies":"Reptomancer","floor":40,"turns":7},{"damage":13,"enemies":"Jaw Worm Horde","floor":41,"turns":4},{"damage":3,"enemies":"Writhing Mass","floor":45,"turns":4},{"damage":6,"enemies":"Giant Head","floor":46,"turns":6},{"damage":1,"enemies":"Sphere and 2 Shapes","floor":47,"turns":4},{"damage":5,"enemies":"Awakened One","floor":50,"turns":13}],"seed_played":"6892352748393852072","potions_obtained":[{"floor":3,"key":"CultistPotion"},{"floor":8,"key":"Block Potion"},{"floor":14,"key":"BlessingOfTheForge"},{"floor":16,"key":"Regen Potion"},{"floor":18,"key":"SneckoOil"},{"floor":20,"key":"Block Potion"},{"floor":24,"key":"Weak Potion"},{"floor":31,"key":"Block Potion"},{"floor":33,"key":"DistilledChaos"}],"is_trial":false,"path_per_floor":["M","M","M","M","?","E","R","E","T","?","?","R","?","M","R","B",null,"M","M","M","M","M","E","M","E","T","?","?","$","R","M","R","B",null,"M","?","M","?","M","E","M","?","T","$","M","E","M","?","R","B",null],"character_chosen":"THE_CURSED","items_purchased":["OrangePellets","Dead Branch","Block Potion","Frozen Eye"],"campfire_rested":3,"item_purchase_floors":[29,29,29,44],"current_hp_per_floor":[82,82,82,79,79,20,44,16,16,36,36,36,36,35,35,17,82,75,70,61,74,63,17,8,8,8,8,8,8,20,11,23,8,41,36,36,34,34,29,25,16,16,16,16,13,11,10,36,36,31],"gold":103,"neow_bonus":"TEN_PERCENT_HP_BONUS","is_prod":false,"is_daily":false,"chose_seed":false,"campfire_upgraded":3,"win_rate":0.0,"timestamp":1607560198,"path_taken":["M","M","M","M","?","E","R","E","T","?","?","R","?","M","R","BOSS","M","M","?","M","M","E","M","E","T","?","?","$","R","M","R","BOSS","M","?","?","?","M","E","M","?","T","$","M","E","?","?","R","BOSS"],"build_version":"2020-11-30","purchased_purges":1,"victory":true,"max_hp_per_floor":[82,82,82,82,82,82,82,82,82,82,82,82,82,82,82,82,82,82,82,82,82,82,82,82,82,82,82,41,41,41,41,41,41,41,41,41,41,41,41,41,41,41,41,41,41,41,41,36,36,36],"card_choices":[{"not_picked":["TheCursedMod:TacticalStrike","TheCursedMod:CircleOfCorruption"],"picked":"TheCursedMod:RapidMovement","floor":1},{"not_picked":["TheCursedMod:CircleOfFlame","TheCursedMod:SurpriseAttack"],"picked":"TheCursedMod:UltimatePain","floor":2},{"not_picked":["TheCursedMod:CircleOfWindfury","TheCursedMod:SpitefulPlan"],"picked":"TheCursedMod:Hemoplague","floor":3},{"not_picked":["TheCursedMod:SurpriseAttack","TheCursedMod:WearCloak"],"picked":"TheCursedMod:SmokeScreen","floor":4},{"not_picked":["TheCursedMod:CursedAmulet","TheCursedMod:DoubleShield"],"picked":"TheCursedMod:CursedArmor","floor":6},{"not_picked":["TheCursedMod:Obscuration","TheCursedMod:VitalStrike"],"picked":"TheCursedMod:NeowsMight","floor":8},{"not_picked":["TheCursedMod:Obscuration","TheCursedMod:CircleOfFlame"],"picked":"TheCursedMod:SpitefulStrike","floor":14},{"not_picked":["TheCursedMod:UltimatePain","TheCursedMod:VoidForm"],"picked":"TheCursedMod:StunningStrike","floor":16},{"not_picked":["TheCursedMod:AshesToAshes","TheCursedMod:CursedBlade"],"picked":"TheCursedMod:CursedArmor","floor":18},{"not_picked":["TheCursedMod:CircleOfFlame","TheCursedMod:CursedShiv"],"picked":"TheCursedMod:Stretching+1","floor":19},{"not_picked":["TheCursedMod:WearCloak","TheCursedMod:CursedAmulet"],"picked":"TheCursedMod:Torture","floor":20},{"not_picked":["TheCursedMod:Obscuration","TheCursedMod:ReleasedStrength"],"picked":"TheCursedMod:UltimatePain","floor":21},{"not_picked":["TheCursedMod:CursedShiv+1","TheCursedMod:TacticalStrike"],"picked":"TheCursedMod:RapidMovement","floor":22},{"not_picked":["TheCursedMod:CircleOfWindfury","TheCursedMod:CursedShiv"],"picked":"TheCursedMod:CircleOfBlood","floor":23},{"not_picked":["TheCursedMod:FuryStrike","TheCursedMod:Torture"],"picked":"TheCursedMod:CursedStaff+1","floor":24},{"not_picked":["TheCursedMod:Obscuration","TheCursedMod:Stigma"],"picked":"TheCursedMod:SurpriseAttack+1","floor":25},{"not_picked":["TheCursedMod:CircleOfAmplification","TheCursedMod:CircleOfCorruption"],"picked":"TheCursedMod:HellsGateOpen","floor":30},{"not_picked":["TheCursedMod:SmokeScreen","TheCursedMod:FleshFromBone"],"picked":"TheCursedMod:SpitefulStrike+1","floor":31},{"not_picked":["TheCursedMod:VitalStrike","TheCursedMod:CursedBlade"],"picked":"TheCursedMod:BlessingInDisguise","floor":32},{"not_picked":["TheCursedMod:VoidForm","TheCursedMod:NeowsMight"],"picked":"TheCursedMod:ManaCirculation","floor":33},{"not_picked":["TheCursedMod:SpitefulStrike","TheCursedMod:SmokeScreen"],"picked":"TheCursedMod:Mangle","floor":35},{"not_picked":["TheCursedMod:Stretching","TheCursedMod:CircleOfCorruption"],"picked":"TheCursedMod:CursedShiv+1","floor":37},{"not_picked":["Magnetism","The Bomb"],"picked":"Deep Breath","floor":38},{"not_picked":["TheCursedMod:CursedAmulet","TheCursedMod:EmpowerCircles+1"],"picked":"TheCursedMod:CursedSpellbook+1","floor":39},{"not_picked":["TheCursedMod:VitalStrike","TheCursedMod:Wield"],"picked":"TheCursedMod:AshesToAshes+1","floor":40},{"not_picked":["TheCursedMod:CircleOfCorruption","TheCursedMod:CircleOfFlame"],"picked":"TheCursedMod:TacticalStrike","floor":41},{"not_picked":["TheCursedMod:VitalStrike+1","TheCursedMod:CursedMace"],"picked":"TheCursedMod:Obscuration+1","floor":45},{"not_picked":["TheCursedMod:EmpowerCircles","TheCursedMod:CircleOfAmplification+1"],"picked":"TheCursedMod:WearCloak+1","floor":46},{"not_picked":["TheCursedMod:BloodBarrier","TheCursedMod:HellsGateOpen+1"],"picked":"TheCursedMod:Evocation+1","floor":47}],"player_experience":617729,"relics_obtained":[{"floor":6,"key":"Orichalcum"},{"floor":8,"key":"Omamori"},{"floor":9,"key":"Dream Catcher"},{"floor":23,"key":"StoneCalendar"},{"floor":25,"key":"Blue Candle"},{"floor":26,"key":"Centennial Puzzle"},{"floor":40,"key":"Du-Vu Doll"},{"floor":43,"key":"InkBottle"},{"floor":46,"key":"PreservedInsect"}],"event_choices":[{"cards_removed":["TheCursedMod:Strike_TheCursed"],"damage_healed":0,"gold_gain":0,"player_choice":"Card Removal","damage_taken":0,"max_hp_gain":0,"max_hp_loss":0,"event_name":"The Cleric","floor":5,"gold_loss":50},{"damage_healed":20,"gold_gain":0,"player_choice":"Healed and dodged fight","damage_taken":0,"max_hp_gain":0,"max_hp_loss":0,"event_name":"Mushrooms","floor":10,"gold_loss":0,"cards_obtained":["Parasite"]},{"damage_healed":0,"gold_gain":0,"player_choice":"Box","damage_taken":0,"relics_obtained":["The Courier"],"max_hp_gain":0,"max_hp_loss":0,"event_name":"Big Fish","floor":11,"gold_loss":0,"cards_obtained":["Regret"]},{"damage_healed":0,"gold_gain":0,"player_choice":"Rummage","damage_taken":0,"relics_obtained":["WarpedTongs"],"max_hp_gain":0,"max_hp_loss":0,"event_name":"Accursed Blacksmith","floor":13,"gold_loss":0,"cards_obtained":["Pain"]},{"damage_healed":0,"gold_gain":0,"player_choice":"Smashed Altar","damage_taken":0,"max_hp_gain":0,"max_hp_loss":0,"event_name":"Forgotten Altar","floor":27,"gold_loss":0,"cards_obtained":["Decay"]},{"damage_healed":0,"gold_gain":0,"player_choice":"Became a Ghost","damage_taken":0,"max_hp_gain":0,"max_hp_loss":41,"event_name":"Ghosts","floor":28,"gold_loss":0,"cards_obtained":["Ghostly","Ghostly","Ghostly","Ghostly","Ghostly"]},{"cards_removed":["TheCursedMod:Strike_TheCursed"],"damage_healed":0,"gold_gain":0,"player_choice":"Purged","damage_taken":0,"max_hp_gain":0,"max_hp_loss":0,"event_name":"Purifier","floor":36,"gold_loss":0},{"damage_healed":0,"gold_gain":0,"player_choice":"Memory 1","damage_taken":0,"max_hp_gain":0,"max_hp_loss":0,"event_name":"SensoryStone","floor":38,"gold_loss":0},{"damage_healed":0,"gold_gain":0,"player_choice":"Got Potions","damage_taken":0,"max_hp_gain":0,"max_hp_loss":0,"event_name":"Lab","floor":42,"gold_loss":0},{"damage_healed":36,"gold_gain":0,"player_choice":"Heal","damage_taken":0,"max_hp_gain":0,"max_hp_loss":5,"event_name":"The Moai Head","floor":48,"gold_loss":0}],"is_beta":false,"boss_relics":[{"not_picked":["Coffee Dripper","Velvet Choker"],"picked":"SacredBark"},{"not_picked":["Empty Cage","Tiny House"],"picked":"Sozu"}],"items_purged_floors":[44],"is_endless":false,"potions_floor_spawned":[3,8,14,16,18,20,24,31,33,37,40,45,46,47],"ascension_level":0}}