{"host":"mkv3lj8gfkr85ioo","time":1607619588,"event":{"mods":["BaseMod","AchievementEnabler","Colored Map","Minty Spire (QoL Compilation)","SuperFastMode"],"gold_per_floor":[110,126,56,2,17,49,61,92,166,166,200,76,87,19,19,93,93,103,89,89,89,89,89,124,124,149,183,183,201,214,229,229,306,306,322,15,30,50,50,50,50,50,50,81,94,149,160,178,178,178],"floor_reached":51,"playtime":1669,"items_purged":["Strike_R"],"score":1388,"play_id":"d8a25ad3-b6eb-47d1-b619-3f8083348fcd","local_time":"20201211015948","is_ascension_mode":true,"campfire_choices":[{"floor":10.0,"key":"REST"},{"data":"Second Wind","floor":15.0,"key":"SMITH"},{"data":"Flame Barrier","floor":23.0,"key":"SMITH"},{"floor":25.0,"key":"REST"},{"floor":28.0,"key":"REST"},{"data":"Whirlwind","floor":32.0,"key":"SMITH"},{"data":"Strike_R","floor":40.0,"key":"PURGE"},{"data":"Strike_R","floor":42.0,"key":"PURGE"},{"floor":49.0,"key":"REST"}],"circlet_count":0,"master_deck":["AscendersBane","Strike_R","Strike_R","Defend_R","Defend_R+1","Defend_R","Defend_R","Bash","Battle Trance","Heavy Blade","Second Wind+1","Pommel Strike","Demon Form+1","Shrug It Off","Dark Embrace+1","Flame Barrier+1","Impervious","Dual Wield+1","Shrug It Off","Whirlwind+1","Fire Breathing+1","Evolve+1","Offering"],"special_seed":0,"relics":["Burning Blood","NeowsBlessing","FossilizedHelix","Gambling Chip","Regal Pillow","Frozen Egg 2","Orichalcum","Velvet Choker","Incense Burner","War Paint","Art of War","Cursed Key","Peace Pipe","The Courier","Girya"],"acts_visited":["Exordium","TheCity","TheBeyond"],"potions_floor_usage":[50],"damage_taken":[{"damage":0.0,"enemies":"Small Slimes","floor":1.0,"turns":1.0},{"damage":0.0,"enemies":"Cultist","floor":2.0,"turns":1.0},{"damage":0.0,"enemies":"Jaw Worm","floor":5.0,"turns":1.0},{"damage":35.0,"enemies":"3 Sentries","floor":6.0,"turns":10.0},{"damage":20.0,"enemies":"Exordium Thugs","floor":7.0,"turns":5.0},{"damage":0.0,"enemies":"Gremlin Nob","floor":8.0,"turns":3.0},{"damage":20.0,"enemies":"3 Sentries","floor":11.0,"turns":11.0},{"damage":1.0,"enemies":"Looter","floor":13.0,"turns":3.0},{"damage":0.0,"enemies":"Slime Boss","floor":16.0,"turns":5.0},{"damage":0.0,"enemies":"Shell Parasite","floor":18.0,"turns":6.0},{"damage":13.0,"enemies":"2 Thieves","floor":19.0,"turns":4.0},{"damage":30.0,"enemies":"Book of Stabbing","floor":24.0,"turns":6.0},{"damage":67.0,"enemies":"Slavers","floor":27.0,"turns":9.0},{"damage":9.0,"enemies":"Centurion and Healer","floor":29.0,"turns":6.0},{"damage":8.0,"enemies":"Snake Plant","floor":30.0,"turns":4.0},{"damage":30.0,"enemies":"3 Cultists","floor":31.0,"turns":4.0},{"damage":12.0,"enemies":"Champ","floor":33.0,"turns":9.0},{"damage":9.0,"enemies":"3 Darklings","floor":35.0,"turns":4.0},{"damage":15.0,"enemies":"3 Shapes","floor":37.0,"turns":5.0},{"damage":40.0,"enemies":"Spire Growth","floor":38.0,"turns":7.0},{"damage":33.0,"enemies":"Reptomancer","floor":44.0,"turns":5.0},{"damage":9.0,"enemies":"3 Darklings","floor":45.0,"turns":4.0},{"damage":27.0,"enemies":"2 Orb Walkers","floor":46.0,"turns":4.0},{"damage":0.0,"enemies":"4 Shapes","floor":47.0,"turns":3.0},{"damage":3.0,"enemies":"Writhing Mass","floor":48.0,"turns":7.0},{"damage":87,"enemies":"Awakened One","floor":50,"turns":10}],"seed_played":"1174087954976376209","potions_obtained":[{"floor":1.0,"key":"SteroidPotion"},{"floor":2.0,"key":"Strength Potion"},{"floor":7.0,"key":"ColorlessPotion"},{"floor":8.0,"key":"Energy Potion"},{"floor":19.0,"key":"FairyPotion"},{"floor":31.0,"key":"CultistPotion"}],"is_trial":false,"path_per_floor":["M","M","$","?","M","E","M","E","T","R","E","$","M","$","R","B",null,"M","M","?","$","?","R","E","R","T","E","R","M","M","M","R","B",null,"M","$","M","M","?","R","?","R","T","E","M","?","M","M","R","B",null],"character_chosen":"IRONCLAD","items_purchased":["Second Wind","Shrug It Off","Flame Barrier","Peace Pipe"],"campfire_rested":4,"item_purchase_floors":[3,12,14,36],"current_hp_per_floor":[74,75,75,75,75,46,32,38,38,75,61,61,66,66,66,72,74,75,68,54,54,54,54,30,69,69,8,47,44,42,18,18,12,63,60,60,51,17,17,17,66,66,66,39,36,15,21,24,58,25],"gold":178,"neow_bonus":"THREE_ENEMY_KILL","is_daily":false,"chose_seed":false,"campfire_upgraded":3,"win_rate":0,"timestamp":1607619588,"path_taken":["M","M","$","?","?","E","?","E","T","R","E","$","M","?","R","BOSS","M","M","?","$","?","R","E","R","T","E","R","M","M","M","R","BOSS","M","$","M","M","?","R","?","R","T","E","M","?","M","M","R","BOSS"],"build_version":"2020-11-30","purchased_purges":1,"victory":true,"max_hp_per_floor":[75,75,75,75,75,75,75,75,75,75,75,75,75,75,75,75,75,75,75,80,80,80,80,80,80,80,80,80,80,80,80,80,80,80,80,80,80,80,76,76,66,66,66,66,66,66,66,66,66,66],"card_choices":[{"not_picked":["Uppercut","Intimidate"],"picked":"Battle Trance","floor":1.0},{"not_picked":["Anger","Metallicize"],"picked":"Heavy Blade","floor":2.0},{"not_picked":["Body Slam","Spot Weakness","Metallicize"],"picked":"SKIP","floor":5.0},{"not_picked":["Headbutt","Fiend Fire","Clothesline"],"picked":"SKIP","floor":6.0},{"not_picked":["Sword Boomerang","Rampage","True Grit"],"picked":"SKIP","floor":7.0},{"not_picked":["Burning Pact","Dual Wield"],"picked":"Pommel Strike","floor":8.0},{"not_picked":["Fire Breathing+1","Shrug It Off"],"picked":"Demon Form+1","floor":11.0},{"not_picked":["Wild Strike","Seeing Red"],"picked":"Dark Embrace+1","floor":13.0},{"not_picked":["Bludgeon","Demon Form+1"],"picked":"Impervious","floor":16.0},{"not_picked":["Seeing Red","Heavy Blade"],"picked":"Dual Wield","floor":18.0},{"not_picked":["Searing Blow","Sword Boomerang","Clothesline+1"],"picked":"SKIP","floor":19.0},{"not_picked":["Uppercut","Headbutt"],"picked":"Shrug It Off","floor":24.0},{"not_picked":["Headbutt","Warcry"],"picked":"Whirlwind","floor":27.0},{"not_picked":["Heavy Blade","Flex","Ghostly Armor"],"picked":"SKIP","floor":29.0},{"not_picked":["Headbutt","Flex+1","True Grit"],"picked":"SKIP","floor":30.0},{"not_picked":["True Grit","Headbutt+1","Second Wind"],"picked":"SKIP","floor":31.0},{"not_picked":["Thunderclap","Whirlwind"],"picked":"Fire Breathing+1","floor":35.0},{"not_picked":["Warcry","Clothesline","Clash"],"picked":"SKIP","floor":37.0},{"not_picked":["Feel No Pain+1","Flex","Uppercut"],"picked":"SKIP","floor":38.0},{"not_picked":["Bloodletting","Pommel Strike+1","Thunderclap"],"picked":"SKIP","floor":44.0},{"not_picked":["Sentinel+1","Wild Strike"],"picked":"Evolve+1","floor":45.0},{"not_picked":["Iron Wave","Headbutt"],"picked":"Offering","floor":46.0},{"not_picked":["Perfected Strike+1","Sword Boomerang","Heavy Blade"],"picked":"SKIP","floor":47.0},{"not_picked":["Spot Weakness+1","Rage","Headbutt"],"picked":"SKIP","floor":48.0}],"player_experience":126014,"relics_obtained":[{"floor":6.0,"key":"Gambling Chip"},{"floor":8.0,"key":"Regal Pillow"},{"floor":9.0,"key":"Frozen Egg 2"},{"floor":11.0,"key":"Orichalcum"},{"floor":24.0,"key":"Incense Burner"},{"floor":26.0,"key":"War Paint"},{"floor":27.0,"key":"Art of War"},{"floor":44.0,"key":"The Courier"},{"floor":46.0,"key":"Girya"}],"event_choices":[{"damage_healed":0.0,"max_hp_gain":0.0,"max_hp_loss":0.0,"gold_gain":0.0,"event_name":"WeMeetAgain","player_choice":"Paid Gold","floor":4.0,"gold_loss":54.0,"damage_taken":0.0,"relics_obtained":["FossilizedHelix"]},{"damage_healed":0.0,"max_hp_gain":5.0,"max_hp_loss":0.0,"gold_gain":0.0,"event_name":"Forgotten Altar","player_choice":"Shed Blood","floor":20.0,"gold_loss":0.0,"damage_taken":19.0},{"damage_healed":0.0,"max_hp_gain":0.0,"max_hp_loss":0.0,"gold_gain":0.0,"event_name":"Vampires","player_choice":"Ignored","floor":22.0,"gold_loss":0.0,"damage_taken":0.0},{"damage_healed":0.0,"max_hp_gain":0.0,"max_hp_loss":4.0,"gold_gain":0.0,"event_name":"Winding Halls","player_choice":"Max HP","floor":39.0,"gold_loss":0.0,"damage_taken":0.0},{"damage_healed":66.0,"max_hp_gain":0.0,"max_hp_loss":10.0,"gold_gain":0.0,"event_name":"The Moai Head","player_choice":"Heal","floor":41.0,"gold_loss":0.0,"damage_taken":0.0},{"damage_healed":0.0,"max_hp_gain":0.0,"max_hp_loss":0.0,"gold_gain":0.0,"event_name":"Mysterious Sphere","player_choice":"Fight","floor":46.0,"gold_loss":0.0,"damage_taken":0.0}],"is_beta":false,"boss_relics":[{"not_picked":["SlaversCollar","Runic Cube"],"picked":"Velvet Choker"},{"not_picked":["Calling Bell","Runic Dome"],"picked":"Cursed Key"}],"items_purged_floors":[12],"is_endless":false,"potions_floor_spawned":[1,2,7,8,16,19,24,31,33,38,44,46,47],"ascension_level":14}}