{"host":"c78wly9r9u34kc2l","time":1607598199,"event":{"gold_per_floor":[127,150,180,255,271,298,298,333,333,361,382,224,249,268,268,345,345,369,369,381,381,411,411,448,448,448,448,466,494,506,506,506,621,621,678,233,268,268,284,330,330,364,394,394,475,526,575,575,575,585,585,585],"floor_reached":51,"playtime":2607,"items_purged":[],"score":1640,"play_id":"72258f32-2110-41d8-8626-092523bac60b","local_time":"20201210120319","is_ascension_mode":true,"campfire_choices":[{"floor":15.0,"key":"REST"},{"floor":23.0,"key":"RECALL"},{"floor":25.0,"key":"REST"},{"floor":32.0,"key":"REST"},{"data":"1","floor":41,"key":"LIFT"},{"data":"2","floor":44,"key":"LIFT"}],"neow_cost":"BASIC_CARDS","seed_source_timestamp":0,"circlet_count":0,"master_deck":["AscendersBane","Strike_R+1","Strike_R+1","Strike_R+1","Strike_R+1","Strike_R+1","Defend_R+1","Defend_R+1","Defend_R+1","Defend_R+1","Bash+1","hubris:MerchantsHand+1","Rampage+1","Whirlwind+1","Dual Wield+1","BarbarianYell+1","Evolve+1","BlessedFruit+1","BlessedFruit+1","Thunderclap+1","Cleave+1","Sword Boomerang+1","hubris:StunningStrike+1","Flame Barrier+1","Headbutt+1","Twin Strike+1","Power Through+1","Feed+1","Juggernaut+1","Disarm+1","Iron Wave+1","Metallicize+1","BarbarianYell+1","Run Through+1","Barricade+1"],"special_seed":0,"relics":["Burning Blood","Hammer of Thor","Seething Fire","Anvil of the Gods","SpikesRelics:ToyHorsey","Gremlin Horn","Torii","HeavenlyBonsai","infinitespire:Lucky Rock","MerchantsRug","Meat on the Bone","conspire:GlowingRock","Toolbox","Painkiller Herb","Red Mask","Regal Pillow","betterThird:NestCultRelic","conspire:BottledYoYo","infinitespire:EvilPickle","Replay:Bronze Core","Quantum Egg","Membership Card","Girya","Potion Belt","ReplayTheSpireMod:Ninjato"],"potions_floor_usage":[42,50,50,50],"damage_taken":[{"damage":0.0,"enemies":"2 Louse","floor":1.0,"turns":2.0},{"damage":0.0,"enemies":"Small Slimes","floor":2.0,"turns":3.0},{"damage":10.0,"enemies":"conspire:RoseBush","floor":3.0,"turns":2.0},{"damage":0.0,"enemies":"Blue Slaver","floor":5.0,"turns":2.0},{"damage":29.0,"enemies":"Replay:BlueRogue","floor":6.0,"turns":4.0},{"damage":36.0,"enemies":"Lagavulin","floor":8.0,"turns":7.0},{"damage":0.0,"enemies":"Gremlin Nob","floor":10.0,"turns":2.0},{"damage":12.0,"enemies":"Exordium Wildlife","floor":11.0,"turns":2.0},{"damage":10.0,"enemies":"3 Sentries","floor":13.0,"turns":2.0},{"damage":0.0,"enemies":"Looter","floor":14.0,"turns":1.0},{"damage":32.0,"enemies":"Fading Forest","floor":16.0,"turns":13.0},{"damage":52.0,"enemies":"2 Thieves","floor":18.0,"turns":4.0},{"damage":11.0,"enemies":"conspire:FuzzyDice","floor":20.0,"turns":4.0},{"damage":12.0,"enemies":"Masked Bandits","floor":22.0,"turns":2.0},{"damage":0.0,"enemies":"Gremlin Leader","floor":24.0,"turns":4.0},{"damage":25.0,"enemies":"Shelled Parasite and Fungi","floor":28.0,"turns":5.0},{"damage":69.0,"enemies":"Nightmare","floor":29.0,"turns":9.0},{"damage":34.0,"enemies":"Snake Plant","floor":30.0,"turns":4.0},{"damage":47.0,"enemies":"Pondfish","floor":33.0,"turns":11.0},{"damage":16.0,"enemies":"3 Shapes","floor":35.0,"turns":4.0},{"damage":34,"enemies":"Orb Walker","floor":37,"turns":5},{"damage":25,"enemies":"Nemesis","floor":40,"turns":5},{"damage":10,"enemies":"Spire Growth","floor":42,"turns":4},{"damage":16,"enemies":"Jaw Worm Horde","floor":43,"turns":9},{"damage":25,"enemies":"Jaw Worm Horde","floor":46,"turns":4},{"damage":31,"enemies":"Maw","floor":47,"turns":7},{"damage":92,"enemies":"Donu and Deca","floor":50,"turns":7},{"damage":74,"enemies":"Replay:Hell Engine","floor":51,"turns":6}],"seed_played":"-1775614630652165901","potions_obtained":[{"floor":2.0,"key":"Fire Potion"},{"floor":3.0,"key":"AttackPotion"},{"floor":13.0,"key":"Venom Potion"},{"floor":14.0,"key":"SkillPotion"},{"floor":20.0,"key":"Fire Potion"},{"floor":29.0,"key":"Dexterity Potion"},{"floor":30.0,"key":"Ancient Potion"},{"floor":35,"key":"PowerPotion"},{"floor":46,"key":"SteroidPotion"}],"is_trial":false,"path_per_floor":["M","M","M","?","M","E","?","E","T","E","M","$","E","M","R","B",null,"M","?","M","AVR","?","T","E","T","T","?","?","NM","?","?","T","B",null,"?","T","?","?","T","E","T","?","MIM","T","T","?","?","AVR","T","B","B"],"character_chosen":"IRONCLAD","items_purchased":["MerchantsRug","Quantum Egg","Membership Card","Girya","Potion Belt"],"campfire_rested":3,"item_purchase_floors":[12,36,36,39,45],"current_hp_per_floor":[88,89,85,74,80,57,57,27,27,35,31,31,29,47,75,65,91,61,61,60,60,66,66,77,112,112,112,97,50,38,44,96,71,114,112,112,86,86,86,83,83,87,93,93,93,86,77,77,139,69,0,0],"gold":585,"neow_bonus":"TWENTY_PERCENT_HP_BONUS","is_prod":false,"is_daily":false,"chose_seed":false,"campfire_upgraded":0,"win_rate":0,"timestamp":1607598199,"path_taken":["M","M","M","?","M","E","?","E","T","E","?","$","E","M","R","BOSS","M","?","M","AVR","?","T","E","T","T","?","?","NM","?","?","T","BOSS","?","T","?","?","?","E","T","?","MIM","T","T","?","?","AVR","T","BOSS","BOSS"],"build_version":"2020-11-30","purchased_purges":0,"victory":false,"max_hp_per_floor":[89,89,89,89,89,89,89,89,89,91,93,93,95,95,95,99,99,103,103,107,107,107,107,112,112,112,112,116,120,124,124,124,128,128,136,136,138,138,138,142,142,150,154,154,154,154,158,158,158,162,166,166],"card_choices":[{"not_picked":["True Grit","Dropkick"],"picked":"Rampage","floor":1.0},{"not_picked":["True Grit","ReplayTheSpireMod:Strike From Hell"],"picked":"Whirlwind","floor":2.0},{"not_picked":["Havoc","Bludgeon"],"picked":"Dual Wield","floor":3.0},{"not_picked":["Reckless Charge","Dual Wield"],"picked":"BarbarianYell","floor":5.0},{"not_picked":["Havoc","Wild Strike"],"picked":"Run Through","floor":6.0},{"not_picked":["Sever Soul","Perfected Strike"],"picked":"Evolve","floor":8.0},{"not_picked":["Life Link","Uppercut"],"picked":"Thunderclap","floor":10.0},{"not_picked":["Dual Wield","Twin Strike"],"picked":"Cleave","floor":11.0},{"not_picked":["Demonic Infusion","Armaments"],"picked":"Sword Boomerang","floor":13.0},{"not_picked":["True Grit","Wild Strike"],"picked":"Seeing Red","floor":14.0},{"not_picked":["Juggernaut","conspire:HitWhereItHurts"],"picked":"hubris:StunningStrike","floor":16.0},{"not_picked":["Anger","Wild Strike"],"picked":"Flame Barrier","floor":18.0},{"not_picked":["Uppercut","Run Through"],"picked":"Headbutt","floor":20.0},{"not_picked":["infinitespire:OneForAll","Defy Death"],"picked":"Twin Strike","floor":24.0},{"not_picked":["Havoc","Life Link"],"picked":"Power Through","floor":28.0},{"not_picked":["Replay:Undeath\u0027s Touch+1","Body Slam"],"picked":"Feed","floor":29.0},{"not_picked":["Absolvement","Body Slam","Havoc"],"picked":"SKIP","floor":30.0},{"not_picked":["Immolate","Hemogenesis"],"picked":"Juggernaut","floor":33.0},{"not_picked":["Warcry+1","Abandon","Body Slam"],"picked":"SKIP","floor":35},{"not_picked":["infinitespire:OneForAll","Thunderclap"],"picked":"Disarm","floor":37},{"not_picked":["Clothesline","Run Through"],"picked":"Iron Wave+1","floor":40},{"not_picked":["Iron Wave","ReplayTheSpireMod:LeadingStrike"],"picked":"Metallicize+1","floor":42},{"not_picked":["Seeing Red","Havoc"],"picked":"BarbarianYell","floor":43},{"not_picked":["Clash+1","Replay:Undeath\u0027s Touch+1"],"picked":"Run Through","floor":46},{"not_picked":["Body Slam+1","Battle Trance"],"picked":"Barricade","floor":47}],"player_experience":762283,"relics_obtained":[{"floor":6.0,"key":"SpikesRelics:ToyHorsey"},{"floor":7.0,"key":"Gremlin Horn"},{"floor":8.0,"key":"Torii"},{"floor":9.0,"key":"HeavenlyBonsai"},{"floor":10.0,"key":"infinitespire:Lucky Rock"},{"floor":13.0,"key":"Meat on the Bone"},{"floor":22.0,"key":"Red Mask"},{"floor":24.0,"key":"Regal Pillow"},{"floor":29.0,"key":"conspire:BottledYoYo"},{"floor":40,"key":"Frozen Egg 2"},{"floor":43,"key":"hubris:Teleporter"}],"event_choices":[{"damage_healed":0.0,"max_hp_gain":0.0,"max_hp_loss":0.0,"gold_gain":75.0,"event_name":"betterThird:BetterGoop","player_choice":"Gold","floor":4.0,"gold_loss":0.0,"damage_taken":11.0},{"damage_healed":0.0,"max_hp_gain":0.0,"max_hp_loss":0.0,"gold_gain":0.0,"event_name":"Wheel of Change","player_choice":"Relic","floor":7.0,"gold_loss":0.0,"damage_taken":0.0},{"damage_healed":0.0,"max_hp_gain":0.0,"max_hp_loss":0.0,"gold_gain":0.0,"event_name":"Addict","player_choice":"Stole Relic","floor":19.0,"gold_loss":0.0,"damage_taken":0.0,"relics_obtained":["conspire:GlowingRock"],"cards_obtained":["Shame"]},{"damage_healed":0.0,"max_hp_gain":0.0,"max_hp_loss":0.0,"gold_gain":0.0,"event_name":"Masked Bandits","player_choice":"Fought Bandits","floor":22.0,"gold_loss":0.0,"damage_taken":0.0},{"damage_healed":0.0,"max_hp_gain":0.0,"max_hp_loss":0.0,"gold_gain":0.0,"event_name":"betterThird:BetterNest","player_choice":"Madness","floor":27.0,"gold_loss":0.0,"damage_taken":0.0,"relics_obtained":["betterThird:NestCultRelic"]},{"damage_healed":0,"gold_gain":0,"player_choice":"Forge","damage_taken":0,"max_hp_gain":0,"max_hp_loss":0,"event_name":"Accursed Blacksmith","floor":38,"gold_loss":0,"cards_upgraded":["Disarm"]}],"is_beta":false,"boss_relics":[{"not_picked":["conspire:SeveredTorchhead","hubris:Stopwatch"],"picked":"Empty Cage"},{"not_picked":["Abe\u0027s Treasure","aspiration:PoetsPen"],"picked":"Replay:Bronze Core"}],"items_purged_floors":[],"is_endless":false,"potions_floor_spawned":[2,3,13,14,20,28,29,30,35,37,40,46],"killed_by":"Replay:Hell Engine","ascension_level":20}}