{"host":"ep8kbvo88bv3k2ot","time":1607595395,"event":{"gold_per_floor":[117,117,117,127,127,155,174,24,24,39,14,14,14,25,25,124,124,139,158,158,158],"floor_reached":20,"playtime":972,"items_purged":["Strike_B"],"score":226,"play_id":"c80ab443-021e-4659-a6c7-f2f3e58ad72d","local_time":"20201210111635","is_ascension_mode":true,"campfire_choices":[{"floor":12,"key":"REST"},{"floor":15,"key":"REST"}],"neow_cost":"NONE","seed_source_timestamp":13974474267069,"circlet_count":0,"master_deck":["Strike_B","Strike_B","Strike_B","Defend_B","Defend_B","Defend_B","Defend_B","Dualcast","Regret","Doom and Gloom","Chill","Redo","Defragment","Normality","Redo","Pain","Loop","Echo Form","Lockon"],"relics":["Cursed Key","Pantograph","Blue Candle","WarpedTongs","SlaversCollar"],"potions_floor_usage":[16,16],"damage_taken":[{"damage":0,"enemies":"Cultist","floor":1,"turns":4},{"damage":9,"enemies":"Jaw Worm","floor":4,"turns":4},{"damage":37,"enemies":"Gremlin Nob","floor":6,"turns":4},{"damage":1,"enemies":"Small Slimes","floor":7,"turns":3},{"damage":3,"enemies":"Blue Slaver","floor":10,"turns":2},{"damage":6,"enemies":"Looter","floor":14,"turns":5},{"damage":39,"enemies":"Slime Boss","floor":16,"turns":7},{"damage":28,"enemies":"Chosen","floor":18,"turns":6},{"damage":12,"enemies":"Spheric Guardian","floor":19,"turns":4},{"damage":26,"enemies":"Snecko","floor":20,"turns":3}],"seed_played":"5766998154591088238","potions_obtained":[{"floor":1,"key":"EssenceOfSteel"},{"floor":6,"key":"Strength Potion"},{"floor":14,"key":"Dexterity Potion"},{"floor":19,"key":"Energy Potion"}],"is_trial":false,"path_per_floor":["M","?","?","M","?","E","M","$","T","M","$","R","?","M","R","B",null,"M","M","M"],"character_chosen":"DEFECT","items_purchased":["Defragment","Redo"],"campfire_rested":2,"item_purchase_floors":[8,11],"current_hp_per_floor":[68,68,68,59,59,22,21,21,21,18,18,40,40,34,56,36,65,37,25,0,0],"gold":158,"neow_bonus":"BOSS_RELIC","is_prod":false,"is_daily":false,"chose_seed":false,"campfire_upgraded":0,"win_rate":0,"timestamp":1607595395,"path_taken":["M","?","?","M","?","E","M","?","T","M","?","R","?","M","R","BOSS","M","M","?"],"build_version":"2020-11-30","purchased_purges":1,"victory":false,"max_hp_per_floor":[75,75,75,75,75,75,75,75,75,75,75,75,75,75,75,75,75,75,75,75,75],"card_choices":[{"not_picked":["Storm","Redo","Heatsinks"],"picked":"SKIP","floor":1},{"not_picked":["Storm","Reprogram"],"picked":"Doom and Gloom","floor":4},{"not_picked":["Reprogram","Steam"],"picked":"Redo","floor":6},{"not_picked":["Stack","Ball Lightning","Static Discharge"],"picked":"SKIP","floor":7},{"not_picked":["Gash","Ball Lightning","Stack"],"picked":"SKIP","floor":10},{"not_picked":["Gash","White Noise"],"picked":"Loop","floor":14},{"not_picked":["Fission","Rainbow"],"picked":"Echo Form","floor":16},{"not_picked":["Barrage","Beam Cell","Storm"],"picked":"SKIP","floor":18},{"not_picked":["Sweeping Beam","Coolheaded"],"picked":"Lockon","floor":19}],"player_experience":443605,"relics_obtained":[{"floor":6,"key":"Blue Candle"}],"event_choices":[{"damage_healed":0,"gold_gain":0,"player_choice":"Box","damage_taken":0,"relics_obtained":["Pantograph"],"max_hp_gain":0,"max_hp_loss":0,"event_name":"Big Fish","floor":2,"gold_loss":0,"cards_obtained":["Regret"]},{"damage_healed":0,"gold_gain":0,"player_choice":"Ignored","damage_taken":0,"max_hp_gain":0,"max_hp_loss":0,"event_name":"Shining Light","floor":3,"gold_loss":0},{"damage_healed":0,"gold_gain":0,"cards_transformed":["Zap"],"player_choice":"Change","damage_taken":0,"max_hp_gain":0,"max_hp_loss":0,"event_name":"Living Wall","floor":5,"gold_loss":0,"cards_obtained":["Chill"]},{"damage_healed":0,"gold_gain":0,"player_choice":"Rummage","damage_taken":0,"relics_obtained":["WarpedTongs"],"max_hp_gain":0,"max_hp_loss":0,"event_name":"Accursed Blacksmith","floor":13,"gold_loss":0,"cards_obtained":["Pain"]}],"is_beta":false,"boss_relics":[{"not_picked":["SacredBark","Coffee Dripper"],"picked":"SlaversCollar"}],"items_purged_floors":[8],"is_endless":false,"potions_floor_spawned":[1,6,14,19],"killed_by":"Snecko","ascension_level":6}}