{"host":"m98e3ia7l93qbhre","time":1607601837,"event":{"gold_per_floor":[113,113,124,124,124,154,154,7,32,32,49,19,49,69,69,144,144,160,160,160,174,174,174,174,174],"floor_reached":24,"playtime":697,"items_purged":["Regret"],"score":386,"play_id":"7ca060b1-c343-4bb1-a447-1a6d3405d94f","local_time":"20201210200357","is_ascension_mode":true,"campfire_choices":[{"data":"Armaments","floor":7.0,"key":"SMITH"},{"data":"Inflame","floor":10.0,"key":"SMITH"},{"data":"Inflame","floor":15.0,"key":"SMITH"},{"data":"Infernal Blade","floor":23,"key":"SMITH"}],"neow_cost":"NONE","seed_source_timestamp":1367343067944829,"circlet_count":0,"master_deck":["Strike_R","Strike_R","Strike_R","Strike_R","Defend_R","Defend_R","Defend_R","Defend_R","Bash","Armaments+1","Ghostly Armor","Spot Weakness","Strike_R+1","Inflame+1","Infernal Blade+1","Inflame+1","Cleave","Reaper","Writhe"],"special_seed":0,"relics":["Burning Blood","NeowsBlessing","Baka","MealTicket","Champion Belt","Oddly Smooth Stone","PreservedInsect","Pen Nib","AddBug","Mango","Bag of Preparation"],"potions_floor_usage":[24,24],"damage_taken":[{"damage":0.0,"enemies":"Cultist","floor":1.0,"turns":1.0},{"damage":0.0,"enemies":"Jaw Worm","floor":3.0,"turns":1.0},{"damage":0.0,"enemies":"Gremlin Nob","floor":6.0,"turns":2.0},{"damage":7.0,"enemies":"2 Louse","floor":11.0,"turns":3.0},{"damage":7.0,"enemies":"Looter","floor":12.0,"turns":4.0},{"damage":22.0,"enemies":"Lagavulin","floor":13.0,"turns":6.0},{"damage":9.0,"enemies":"Exordium Wildlife","floor":14.0,"turns":5.0},{"damage":30.0,"enemies":"The Guardian","floor":16.0,"turns":8.0},{"damage":31.0,"enemies":"3 Byrds","floor":18.0,"turns":6.0},{"damage":7,"enemies":"2 Thieves","floor":21,"turns":3},{"damage":91,"enemies":"Gremlin Leader","floor":24,"turns":6}],"seed_played":"-592359958119212659","potions_obtained":[{"floor":3.0,"key":"Block Potion"},{"floor":13.0,"key":"DuplicationPotion"},{"floor":14.0,"key":"CultistPotion"},{"floor":18.0,"key":"Block Potion"}],"is_trial":false,"path_per_floor":["M","?","M","?","T","E","R","$","T","R","M","M","E","M","R","B",null,"M","?","?","M","?","R","E"],"character_chosen":"IRONCLAD","items_purchased":["Inflame"],"campfire_rested":0,"item_purchase_floors":[8],"current_hp_per_floor":[74,74,75,75,75,75,75,75,75,75,74,73,60,57,57,33,65,60,60,43,74,74,74,0,0],"gold":174,"neow_bonus":"THREE_ENEMY_KILL","is_prod":false,"is_daily":false,"chose_seed":false,"campfire_upgraded":4,"win_rate":0,"timestamp":1607601837,"path_taken":["M","?","?","?","?","E","R","?","T","R","M","?","E","M","R","BOSS","M","?","?","?","?","R","E"],"build_version":"2020-11-30","purchased_purges":1,"victory":false,"max_hp_per_floor":[75,75,75,75,75,75,75,75,75,75,75,75,75,75,75,75,75,89,89,94,94,94,94,94,94],"card_choices":[{"not_picked":["Perfected Strike","Twin Strike"],"picked":"Armaments","floor":1.0},{"not_picked":["Twin Strike","Shrug It Off"],"picked":"Spot Weakness","floor":3.0},{"not_picked":["Dual Wield","Rage","Rampage"],"picked":"SKIP","floor":6.0},{"not_picked":["Armaments","Reckless Charge","Flex"],"picked":"SKIP","floor":11.0},{"not_picked":["Feel No Pain","Pommel Strike"],"picked":"Infernal Blade","floor":12.0},{"not_picked":["Sword Boomerang","Wild Strike"],"picked":"Inflame","floor":13.0},{"not_picked":["Combust","Shockwave"],"picked":"Cleave","floor":14.0},{"not_picked":["Juggernaut","Impervious"],"picked":"Reaper","floor":16.0},{"not_picked":["Pommel Strike","Carnage","Iron Wave"],"picked":"SKIP","floor":18.0},{"not_picked":["Second Wind","True Grit+1","Intimidate"],"picked":"SKIP","floor":21}],"player_experience":345191,"relics_obtained":[{"floor":1.0,"key":"Baka"},{"floor":5.0,"key":"Champion Belt"},{"floor":6.0,"key":"Oddly Smooth Stone"},{"floor":9.0,"key":"PreservedInsect"},{"floor":13.0,"key":"Pen Nib"},{"floor":18.0,"key":"Mango"}],"event_choices":[{"damage_healed":0.0,"max_hp_gain":0.0,"max_hp_loss":0.0,"gold_gain":0.0,"cards_transformed":["Strike_R"],"event_name":"Transmorgrifier","player_choice":"Transformed","floor":2.0,"gold_loss":0.0,"damage_taken":0.0,"cards_obtained":["Ghostly Armor"]},{"damage_healed":0.0,"max_hp_gain":0.0,"max_hp_loss":0.0,"gold_gain":0.0,"event_name":"Big Fish","player_choice":"Box","floor":4.0,"gold_loss":0.0,"damage_taken":0.0,"relics_obtained":["MealTicket"],"cards_obtained":["Regret"]},{"damage_healed":0.0,"max_hp_gain":0.0,"max_hp_loss":0.0,"gold_gain":0.0,"event_name":"The Mausoleum","player_choice":"Opened","floor":19.0,"gold_loss":0.0,"damage_taken":0.0,"relics_obtained":["Bag of Preparation"],"cards_obtained":["Writhe"]},{"damage_healed":0.0,"max_hp_gain":5.0,"max_hp_loss":0.0,"gold_gain":0.0,"event_name":"Forgotten Altar","player_choice":"Shed Blood","floor":20.0,"gold_loss":0.0,"damage_taken":22.0},{"damage_healed":0,"gold_gain":0,"player_choice":"Ignored","damage_taken":0,"max_hp_gain":0,"max_hp_loss":0,"event_name":"Vampires","floor":22,"gold_loss":0}],"is_beta":false,"boss_relics":[{"not_picked":["Pandora\u0027s Box","Black Blood"],"picked":"AddBug"}],"items_purged_floors":[8],"is_endless":false,"potions_floor_spawned":[3,13,14,18],"killed_by":"Gremlin Leader","ascension_level":14}}