{"host":"tnhjz9cb8p0320p2","time":1607558545,"event":{"gold_per_floor":[114,41,41,41,55,55,90,104,104,104,132,132,164,176,176,276,276,286,286,299,299,299,299,325,325,325,325,358,244,55,89,89,187,187,199,210,210,236,253,253,286,26,52,152,152,186,204,230,230,230,230,230,5,38,38],"floor_reached":56,"playtime":3851,"items_purged":["Normality"],"score":1513,"play_id":"77c636dd-f564-489a-a288-f16f9cc5091e","local_time":"20201209180225","is_ascension_mode":true,"campfire_choices":[{"data":"TheCursedMod:DarkBarrier","floor":6,"key":"SMITH"},{"floor":10,"key":"REST"},{"data":"TheCursedMod:SoulReap","floor":12,"key":"SMITH"},{"data":"TheCursedMod:Grudge","floor":15,"key":"SMITH"},{"data":"TheCursedMod:CollectTribute","floor":23,"key":"SMITH"},{"data":"TheCursedMod:OutForBlood","floor":25,"key":"SMITH"},{"data":"TheCursedMod:HellfireBreathing","floor":27,"key":"SMITH"},{"data":"TheCursedMod:SpitefulPray","floor":32,"key":"SMITH"},{"data":"TheCursedMod:StingEye","floor":40,"key":"SMITH"},{"floor":45,"key":"REST"},{"floor":49,"key":"RECALL"},{"data":"TheCursedMod:CircleOfWindfury","floor":52,"key":"SMITH"}],"neow_cost":"CURSE","seed_source_timestamp":6592360081500,"circlet_count":0,"master_deck":["TheCursedMod:Strike_TheCursed","TheCursedMod:Strike_TheCursed","TheCursedMod:Strike_TheCursed","TheCursedMod:Strike_TheCursed","TheCursedMod:Defend_TheCursed","TheCursedMod:Defend_TheCursed","TheCursedMod:Defend_TheCursed","TheCursedMod:Defend_TheCursed","TheCursedMod:CursedWand","TheCursedMod:CleanUpWorkshop","TheCursedMod:Dregs","ReplayTheSpireMod:Doomed","TheCursedMod:DarkBarrier+1","TheCursedMod:SpreadPlague","TheCursedMod:HellfireBreathing+1","Adrenaline","TheCursedMod:CursedSpellbook","TheCursedMod:AbyssShockwave","TheCursedMod:SoulReap+1","TheCursedMod:CircleOfWindfury+1","TheCursedMod:Grudge+1","TheCursedMod:CollectTribute+1","TheCursedMod:HellsGateOpen","TheCursedMod:Wield+1","TheCursedMod:CursedShiv","TheCursedMod:OutForBlood+1","TheCursedMod:WearCloak","TheCursedMod:LuckyCharm","TheCursedMod:SurpriseAttack","TheCursedMod:SurpriseAttack","TheCursedMod:SpitefulPray+1","TheCursedMod:StunningStrike","TheCursedMod:StingEye+1","TheCursedMod:ReleasedKnowledge+1","Madness","Madness","TheCursedMod:Obscuration+1","TheCursedMod:ManaCirculation","Pot Of Greed","Pot Of Greed","Pot Of Greed","Pot Of Greed","TheCursedMod:SaltUponWound+1","TheCursedMod:VitalStrike","TheCursedMod:CircleOfAmplification","TheCursedMod:HellfireBreathing+1","Chrysalis","TheCursedMod:Stigma+1"],"relics":["TheCursedMod:BlackMagic101","Replay:Towering Pillar of Hats","Orichalcum","Meat on the Bone","Lantern","Quantum Egg","Ring of Chaos","Ring of Fangs","Ring of Hypnosis","Shuriken","Bag of Marbles","Replay:WaspNest","Replay:Baseball","Eternal Feather","Replay:Bottled Steam","TheCursedMod:OminousMark","Omamori","Runesmith:Nanobots","Grinning Jar","ReplayTheSpireMod:Lightbulb","Turnip","HornCleat"],"potions_floor_usage":[16,16,21,28,39,46,54],"damage_taken":[{"damage":1,"enemies":"Cultist","floor":1,"turns":4},{"damage":3,"enemies":"Jaw Worm","floor":5,"turns":4},{"damage":16,"enemies":"Lagavulin","floor":7,"turns":8},{"damage":0,"enemies":"2 Louse","floor":8,"turns":1},{"damage":8,"enemies":"Replay:BlueRogue","floor":11,"turns":7},{"damage":0,"enemies":"Lagavulin","floor":13,"turns":5},{"damage":0,"enemies":"Exordium Wildlife","floor":14,"turns":1},{"damage":19,"enemies":"Hexaghost","floor":16,"turns":11},{"damage":21,"enemies":"theJungle:MUSHROOMGANG","floor":18,"turns":3},{"damage":1,"enemies":"theJungle:GiantWrat","floor":20,"turns":5},{"damage":16,"enemies":"JungleHuntersEvent","floor":21,"turns":5},{"damage":0,"enemies":"theJungle:2_Phrogs","floor":24,"turns":6},{"damage":12,"enemies":"theJungle:Cassacara","floor":28,"turns":5},{"damage":0,"enemies":"theJungle:MamaSnecko","floor":31,"turns":4},{"damage":20,"enemies":"theJungle:QueenSpyder","floor":33,"turns":7},{"damage":2,"enemies":"Orb Walker","floor":35,"turns":3},{"damage":8,"enemies":"3 Darklings","floor":36,"turns":4},{"damage":12,"enemies":"Transient","floor":39,"turns":5},{"damage":72,"enemies":"Reptomancer","floor":41,"turns":5},{"damage":13,"enemies":"Giant Head","floor":46,"turns":8},{"damage":0,"enemies":"Writhing Mass","floor":47,"turns":4},{"damage":13,"enemies":"Reptomancer","floor":48,"turns":5},{"damage":27,"enemies":"Time Eater","floor":50,"turns":8},{"damage":42,"enemies":"Shield and Spear","floor":54,"turns":4},{"damage":25,"enemies":"The Heart","floor":55,"turns":7}],"seed_played":"-1085408840313979361","potions_obtained":[{"floor":5,"key":"Swift Potion"},{"floor":11,"key":"Dexterity Potion"},{"floor":16,"key":"ColorlessPotion"},{"floor":21,"key":"Weak Potion"},{"floor":24,"key":"AttackPotion"},{"floor":28,"key":"FairyPotion"},{"floor":39,"key":"Death Potion"},{"floor":41,"key":"ColorlessPotion"},{"floor":47,"key":"Weak Potion"}],"is_trial":false,"path_per_floor":["M","$","?","?","M","R","E","M","T","R","E","R","E","M","R","B",null,"M","?","M","?","?","R","E","R","T","R","E","?","$","E","R","B",null,"M","M","?","T","M","R","E","$","T","?","R","E","M","E","R","B",null,"R","$","E","B",null],"character_chosen":"THE_CURSED","items_purchased":["TheCursedMod:HellfireBreathing","TheCursedMod:LuckyCharm","TheCursedMod:SurpriseAttack","Runesmith:Nanobots","TheCursedMod:HellfireBreathing+1","Chrysalis"],"campfire_rested":2,"item_purchase_floors":[2,30,30,42,53,53],"current_hp_per_floor":[74,74,53,53,50,50,34,34,34,56,53,53,60,60,60,48,75,61,61,64,51,61,61,65,65,65,65,59,59,59,68,75,56,75,75,71,62,62,55,75,21,21,21,21,67,62,62,54,75,54,75,75,75,49,47],"gold":38,"neow_bonus":"THREE_RARE_CARDS","is_prod":false,"is_daily":false,"chose_seed":false,"campfire_upgraded":9,"win_rate":0,"timestamp":1607558545,"path_taken":["M","?","?","?","M","R","E","M","T","R","E","R","E","?","R","BOSS","M","?","M","?","?","R","E","R","T","R","E","?","$","E","R","BOSS","M","?","?","?","M","R","E","$","T","?","R","E","?","E","R","BOSS","R","$","E","BOSS"],"build_version":"2020-11-30","purchased_purges":1,"victory":true,"max_hp_per_floor":[75,75,75,75,75,75,75,75,75,75,75,75,75,75,75,75,75,75,75,75,75,75,75,75,75,75,75,75,75,75,75,75,75,75,75,75,75,75,75,75,75,75,75,75,75,75,75,75,75,75,75,75,75,75,75],"relic_stats":{"counters":[25,128],"Shuriken":[39],"Eternal Feather":72,"Turnip":[2],"Orichalcum":[132],"obtain_stats":[{"TheCursedMod:BlackMagic101":0,"Lantern":11,"Runesmith:Nanobots":42,"Replay:Towering Pillar of Hats":3,"Ring of Hypnosis":19,"Quantum Egg":13,"Eternal Feather":29,"Ring of Chaos":17,"Replay:WaspNest":26,"Omamori":41,"Orichalcum":7,"Replay:Baseball":28,"Ring of Fangs":19,"HornCleat":54,"TheCursedMod:OminousMark":34,"Shuriken":21,"Turnip":48,"Bag of Marbles":24,"Grinning Jar":43,"ReplayTheSpireMod:Lightbulb":46,"Meat on the Bone":9,"Replay:Bottled Steam":31},{"TheCursedMod:BlackMagic101":0,"Lantern":5,"Runesmith:Nanobots":19,"Replay:Towering Pillar of Hats":1,"Ring of Hypnosis":9,"Quantum Egg":6,"Eternal Feather":13,"Ring of Chaos":8,"Replay:WaspNest":12,"Omamori":19,"Orichalcum":3,"Replay:Baseball":13,"Ring of Fangs":9,"HornCleat":24,"TheCursedMod:OminousMark":15,"Shuriken":11,"Turnip":22,"Bag of Marbles":12,"Grinning Jar":19,"ReplayTheSpireMod:Lightbulb":20,"Meat on the Bone":4,"Replay:Bottled Steam":14},{"TheCursedMod:BlackMagic101":0,"Lantern":24,"Runesmith:Nanobots":92,"Replay:Towering Pillar of Hats":4,"Ring of Hypnosis":43,"Quantum Egg":29,"Eternal Feather":64,"Ring of Chaos":40,"Replay:WaspNest":59,"Omamori":92,"Orichalcum":16,"Replay:Baseball":64,"Ring of Fangs":43,"HornCleat":121,"TheCursedMod:OminousMark":75,"Shuriken":53,"Turnip":109,"Bag of Marbles":59,"Grinning Jar":92,"ReplayTheSpireMod:Lightbulb":100,"Meat on the Bone":17,"Replay:Bottled Steam":68}],"Meat on the Bone":36},"card_choices":[{"not_picked":["TheCursedMod:OutForBlood","TheCursedMod:AntiAging"],"picked":"TheCursedMod:DarkBarrier","floor":0},{"not_picked":["TheCursedMod:PrepareRite","TheCursedMod:WearCloak"],"picked":"TheCursedMod:SpreadPlague","floor":1},{"not_picked":["TheCursedMod:Stigma","TheCursedMod:SpitefulStrike"],"picked":"TheCursedMod:CursedSpellbook","floor":5},{"not_picked":["TheCursedMod:Obscuration","TheCursedMod:CircleOfCorruption"],"picked":"TheCursedMod:AbyssShockwave","floor":7},{"not_picked":["TheCursedMod:CursedAmulet","TheCursedMod:HellsGateOpen"],"picked":"TheCursedMod:SoulReap","floor":8},{"not_picked":["TheCursedMod:SpitefulStrike","TheCursedMod:VitalStrike"],"picked":"TheCursedMod:CircleOfWindfury","floor":11},{"not_picked":["TheCursedMod:Stretching","TheCursedMod:CursedAmulet"],"picked":"TheCursedMod:Grudge","floor":13},{"not_picked":["TheCursedMod:RavingStaff","TheCursedMod:CursedBlade","TheCursedMod:Wield"],"picked":"SKIP","floor":14},{"not_picked":["TheCursedMod:ManaCirculation","TheCursedMod:DemonSword"],"picked":"TheCursedMod:CollectTribute","floor":16},{"not_picked":["TheCursedMod:CircleOfFocus","TheCursedMod:ManaBullet"],"picked":"TheCursedMod:HellsGateOpen","floor":18},{"not_picked":["TheCursedMod:CursedShiv+1","TheCursedMod:RapidMovement+1"],"picked":"TheCursedMod:Wield+1","floor":20},{"not_picked":["TheCursedMod:CircleOfCorruption","TheCursedMod:HellsGateOpen"],"picked":"TheCursedMod:CursedShiv","floor":21},{"not_picked":["TheCursedMod:WearCloak","TheCursedMod:CursedAmulet"],"picked":"TheCursedMod:OutForBlood","floor":24},{"not_picked":["TheCursedMod:Obscuration","TheCursedMod:Wield+1"],"picked":"TheCursedMod:WearCloak","floor":28},{"not_picked":["TheCursedMod:CursedBlade","TheCursedMod:FleshFromBone"],"picked":"TheCursedMod:SpitefulPray","floor":31},{"not_picked":["TheCursedMod:ShockAndAwe","TheCursedMod:DarkBarrier"],"picked":"TheCursedMod:StunningStrike","floor":33},{"not_picked":["TheCursedMod:EmpowerCircles+1","TheCursedMod:RavingStaff+1"],"picked":"TheCursedMod:StingEye","floor":35},{"not_picked":["TheCursedMod:SpitefulStrike+1","TheCursedMod:ManaBullet+1"],"picked":"TheCursedMod:ReleasedKnowledge+1","floor":36},{"not_picked":["TheCursedMod:AshesToAshes","TheCursedMod:CircleOfCorruption+1"],"picked":"TheCursedMod:Obscuration+1","floor":39},{"not_picked":["TheCursedMod:Wield","TheCursedMod:CursedSpellbook"],"picked":"TheCursedMod:ManaCirculation","floor":41},{"not_picked":["TheCursedMod:RapidMovement","TheCursedMod:CircleOfFlame+1"],"picked":"TheCursedMod:SaltUponWound+1","floor":46},{"not_picked":["TheCursedMod:CircleOfCorruption+1","TheCursedMod:CircleOfFlame"],"picked":"TheCursedMod:VitalStrike","floor":47},{"not_picked":["TheCursedMod:CursedMace","TheCursedMod:CursedStaff"],"picked":"TheCursedMod:CircleOfAmplification","floor":48},{"not_picked":["TheCursedMod:SurpriseAttack+1","TheCursedMod:CursedBlade"],"picked":"TheCursedMod:Stigma+1","floor":54}],"player_experience":1950257,"relics_obtained":[{"floor":7,"key":"Orichalcum"},{"floor":9,"key":"Meat on the Bone"},{"floor":11,"key":"Lantern"},{"floor":13,"key":"Quantum Egg"},{"floor":19,"key":"Ring of Fangs"},{"floor":19,"key":"Ring of Hypnosis"},{"floor":21,"key":"Shuriken"},{"floor":24,"key":"Bag of Marbles"},{"floor":26,"key":"Replay:WaspNest"},{"floor":28,"key":"Replay:Baseball"},{"floor":31,"key":"Replay:Bottled Steam"},{"floor":41,"key":"Omamori"},{"floor":43,"key":"Grinning Jar"},{"floor":46,"key":"ReplayTheSpireMod:Lightbulb"},{"floor":48,"key":"Turnip"},{"floor":54,"key":"HornCleat"}],"event_choices":[{"damage_healed":0,"gold_gain":0,"player_choice":"Paid Gold","damage_taken":0,"relics_obtained":["Eternal Feather"],"max_hp_gain":0,"max_hp_loss":0,"event_name":"WeMeetAgain","floor":29,"gold_loss":114},{"damage_healed":0,"gold_gain":0,"player_choice":"Embrace Madness","damage_taken":9,"max_hp_gain":0,"max_hp_loss":0,"event_name":"Winding Halls","floor":37,"gold_loss":0,"cards_obtained":["Madness","Madness"]},{"damage_healed":0,"gold_gain":100,"player_choice":"Pray","damage_taken":0,"max_hp_gain":0,"max_hp_loss":0,"event_name":"Golden Shrine","floor":44,"gold_loss":0}],"is_beta":false,"boss_relics":[{"not_picked":["Pandora\u0027s Box","Replay:Bronze Core"],"picked":"Ring of Chaos"},{"not_picked":["Philosopher\u0027s Stone","Calling Bell"],"picked":"TheCursedMod:OminousMark"}],"items_purged_floors":[30],"is_endless":false,"potions_floor_spawned":[5,11,16,21,24,28,39,41,47,48],"ascension_level":3}}