{"host":"g4jqqbmo30rq7cal","time":1607586415,"event":{"gold_per_floor":[114,130,146,146,161,195,195,230,230,230,246,200,200,375,375,375,375],"floor_reached":16,"playtime":738,"items_purged":[],"score":110,"play_id":"1045377c-191d-4154-acdb-1506543673d3","local_time":"20201210124655","is_ascension_mode":false,"campfire_choices":[{"floor":7,"key":"REST"},{"floor":10,"key":"REST"},{"floor":15,"key":"REST"}],"neow_cost":"NONE","seed_source_timestamp":78361549968300,"circlet_count":0,"master_deck":["hermit:Strike_Hermit","hermit:Strike_Hermit","hermit:Strike_Hermit","hermit:Strike_Hermit","hermit:Defend_Hermit","hermit:Defend_Hermit","hermit:Defend_Hermit","hermit:Defend_Hermit","hermit:Snapshot","hermit:Covet","hermit:TakeAim","hermit:TrackingShot","hermit:Enervate","Injury","hermit:Desperado","hermit:Determination","hermit:Grudge","hermit:SprayPray","hermit:Dive","Doubt"],"relics":["hermit:Momento","HushsDoor","NeowsBlessing","BFFS","Golden Idol","TheBean","Mummified Hand","Ice Cream"],"potions_floor_usage":[5,5,5],"damage_taken":[{"damage":0,"enemies":"Jaw Worm","floor":1,"turns":1},{"damage":0,"enemies":"Cultist","floor":2,"turns":1},{"damage":2,"enemies":"conspire:RoseBush","floor":3,"turns":1},{"damage":3,"enemies":"Red Slaver","floor":5,"turns":2},{"damage":54,"enemies":"3 Sentries","floor":6,"turns":9},{"damage":31,"enemies":"Lagavulin","floor":8,"turns":8},{"damage":5,"enemies":"Looter","floor":11,"turns":3},{"damage":48,"enemies":"The Guardian","floor":16,"turns":6}],"seed_played":"-744669513158231402","potions_obtained":[{"floor":1,"key":"CultistPotion"},{"floor":2,"key":"CultistPotion"},{"floor":3,"key":"hermit:BlackBile"}],"is_trial":false,"path_per_floor":["M","M","M","?","M","E","R","E","T","R","M","$","?","?","R","B"],"character_chosen":"HERMIT","items_purchased":["hermit:Dive"],"campfire_rested":3,"item_purchase_floors":[12],"current_hp_per_floor":[75,75,73,73,70,16,38,7,7,29,24,24,24,24,46,0,0],"gold":375,"neow_bonus":"THREE_ENEMY_KILL","is_prod":false,"is_daily":false,"chose_seed":false,"campfire_upgraded":0,"win_rate":0.0,"timestamp":1607586415,"path_taken":["M","M","M","?","?","E","R","E","T","R","M","$","?","?","R","BOSS"],"build_version":"2020-11-30","purchased_purges":0,"victory":false,"max_hp_per_floor":[75,75,75,75,75,75,75,75,75,75,75,75,75,75,75,75,75],"card_choices":[{"not_picked":["hermit:HoleUp","hermit:LuckOfTheDraw"],"picked":"hermit:TakeAim","floor":1},{"not_picked":["hermit:LoneWolf","hermit:CalledShot"],"picked":"hermit:TrackingShot","floor":2},{"not_picked":["hermit:GhostlyPresence","hermit:Headshot"],"picked":"hermit:Enervate","floor":3},{"not_picked":["hermit:CalledShot","hermit:BodyArmor"],"picked":"hermit:Desperado","floor":5},{"not_picked":["hermit:SprayPray","hermit:FatalDesire"],"picked":"hermit:Determination","floor":6},{"not_picked":["hermit:Scavenge","hermit:Feint"],"picked":"hermit:Grudge","floor":8},{"not_picked":["hermit:WideOpen","hermit:CalledShot"],"picked":"hermit:SprayPray","floor":11}],"player_experience":270189,"relics_obtained":[{"floor":6,"key":"TheBean"},{"floor":8,"key":"Mummified Hand"},{"floor":9,"key":"Ice Cream"}],"event_choices":[{"damage_healed":0,"gold_gain":0,"player_choice":"Take Wound","damage_taken":0,"relics_obtained":["Golden Idol"],"max_hp_gain":0,"max_hp_loss":0,"event_name":"Golden Idol","floor":4,"gold_loss":0,"cards_obtained":["Injury"]},{"damage_healed":0,"gold_gain":175,"player_choice":"AGREE","damage_taken":0,"max_hp_gain":0,"max_hp_loss":0,"event_name":"Liars Game","floor":14,"gold_loss":0,"cards_obtained":["Doubt"]}],"is_beta":false,"boss_relics":[],"items_purged_floors":[],"is_endless":false,"potions_floor_spawned":[1,2,3],"killed_by":"The Guardian","ascension_level":0}}