{"host":"rkx7wjnnqacdcfe4","time":1607569544,"event":{"gold_per_floor":[113,213,213,232,250,250,263,263,263,263,298,298,298,317,317,421,421,436,436,447,466,481,481,514,514,540,313,342,377,476,492,492,631,631,696,696,750,831,831,906,986,375,418,462,462,506,560,635,647,665,665,665],"floor_reached":50,"playtime":4201,"items_purged":["Regret"],"score":742,"play_id":"253cb147-4f5b-4c91-a669-938eea9503ff","local_time":"20201209220544","is_ascension_mode":false,"campfire_choices":[{"data":"EpicFetus","floor":6,"key":"SMITH"},{"data":"theSleuth:CandyCorn","floor":8,"key":"SMITH"},{"floor":10,"key":"REST"},{"data":"theSleuth:Tootshotgun","floor":13,"key":"SMITH"},{"data":"theSleuth:Parry","floor":15,"key":"SMITH"},{"floor":23,"key":"REST"},{"floor":25,"key":"REST"},{"floor":32,"key":"REST"},{"floor":45,"key":"REST"},{"floor":49,"key":"REST"}],"neow_cost":"NONE","seed_source_timestamp":18260083080454,"circlet_count":0,"master_deck":["theSleuth:Strike","theSleuth:Strike","theSleuth:Strike","theSleuth:Strike","theSleuth:Defend","theSleuth:Defend","theSleuth:Defend","theSleuth:KeyHandgun","theSleuth:TakeInventory","EpicFetus+1","theSleuth:ForceDeck","theSleuth:ClubClubClub","theSleuth:CandyCorn+1","theSleuth:Parry+1","theSleuth:Tootshotgun+1","theSleuth:TruffleShuffle","theSleuth:TruffleShuffle","theSleuth:ThinkAhead","theSleuth:TootsieRollFrankenstein","theSleuth:Supermassive","Cloak And Dagger+1","Cloak And Dagger+1","theSleuth:CandyCorn","theSleuth:Pepperminthryl","theSleuth:PezUzi","theSleuth:Diplomacy","theSleuth:PezUzi+1","Backflip","theSleuth:Taze","StuffTheSpire:MirrorStance","Phantasmal Killer","Harmlessness","theSleuth:Diplomacy","theSleuth:Diabeatdown","Trip","infinitespire:Execution","theSleuth:Deprogram+1","Madness","Madness","theSleuth:Pepperminthryl+1","theSleuth:Ogle","theSleuth:HitTheMattresses","theSleuth:VictoryPose+1","theSleuth:BiteHardly+1","theSleuth:Pepperminthryl+1","theSleuth:Ogle+1","theSleuth:WilsonBust+1"],"relics":["theSleuth:Typewriter","HushsDoor","Lantern","MoneyPower","construct:FoamFinger","hubris:Potato","aspiration:SilentSkillbook","halation:PrussianBluePaint","Tiny Chest","CCEMRelics:GrindingGear","Ancient Tea Set","StuffTheSpire:Mouthbags","halation:IllGainedPizza","CCEMRelics:FryingPan","infinitespire:EvilPickle","theSleuth:Tectrixcalibur","ReplayTheSpireMod:SealedPack","halation:SelfBoilingWater","HollowMod:PaleOreRelic","halation:Convergence","jedi:kaleidoscope","aspiration:StickyExplosives_weak","PunchingBag","MawBank"],"potions_floor_usage":[16,16,21,22,28,33,33,37,50,50],"damage_taken":[{"damage":6,"enemies":"2 Louse","floor":1,"turns":3},{"damage":0,"enemies":"Cultist","floor":4,"turns":3},{"damage":12,"enemies":"Jaw Worm","floor":5,"turns":4},{"damage":1,"enemies":"Exordium Wildlife","floor":7,"turns":3},{"damage":9,"enemies":"HollowMod:MossKnight","floor":11,"turns":6},{"damage":0,"enemies":"conspire:2 RoseBushes","floor":14,"turns":4},{"damage":26,"enemies":"Hexaghost","floor":16,"turns":6},{"damage":6,"enemies":"Spheric Guardian","floor":18,"turns":4},{"damage":7,"enemies":"Chosen","floor":20,"turns":3},{"damage":8,"enemies":"Snake Plant","floor":21,"turns":4},{"damage":0,"enemies":"conspire:HollyBat","floor":22,"turns":7},{"damage":0,"enemies":"HollowMod:Nosk","floor":24,"turns":7},{"damage":16,"enemies":"conspire:MimicChest","floor":28,"turns":5},{"damage":0,"enemies":"Snecko","floor":29,"turns":5},{"damage":7,"enemies":"Snecko","floor":31,"turns":4},{"damage":3,"enemies":"Pondfish","floor":33,"turns":8},{"damage":13,"enemies":"3 Darklings","floor":35,"turns":5},{"damage":24,"enemies":"Hiden Room Battle","floor":37,"turns":2},{"damage":0,"enemies":"3 Shapes","floor":40,"turns":1},{"damage":0,"enemies":"3 Darklings","floor":41,"turns":2},{"damage":0,"enemies":"4 Shapes","floor":43,"turns":6},{"damage":0,"enemies":"4 Shapes","floor":44,"turns":1},{"damage":0,"enemies":"Sphere and 2 Shapes","floor":46,"turns":1},{"damage":0,"enemies":"3 Darklings","floor":47,"turns":2},{"damage":36,"enemies":"Nemesis","floor":48,"turns":5},{"damage":33,"enemies":"hubris:GrandSnecko","floor":50,"turns":4}],"seed_played":"-6286240107098034622","potions_obtained":[{"floor":1,"key":"Languid Potion"},{"floor":11,"key":"Swift Potion"},{"floor":14,"key":"AttackPotion"},{"floor":16,"key":"Energy Potion"},{"floor":20,"key":"Cursed Concoction"},{"floor":24,"key":"Death Potion"},{"floor":28,"key":"Languid Potion"},{"floor":31,"key":"jedi:tentaclejuice"},{"floor":41,"key":"Swift Potion"},{"floor":44,"key":"DistilledChaos"}],"is_trial":false,"path_per_floor":["M","?","?","M","M","R","M","R","T","R","E","?","R","M","R","B",null,"M","?","M","M","M","R","E","R","T","$","?","MIM","?","M","R","B",null,"M","?","?","T","AVR","M","M","$","MIM","M","R","M","M","E","R","B"],"character_chosen":"THE_sleuth","items_purchased":["theSleuth:Supermassive","StuffTheSpire:Mouthbags","theSleuth:PezUzi+1","jedi:kaleidoscope","theSleuth:HitTheMattresses","theSleuth:Depotion","aspiration:StickyExplosives_weak"],"campfire_rested":6,"item_purchase_floors":[17,27,27,42,42,42,42],"current_hp_per_floor":[67,67,67,67,55,55,54,54,54,73,64,64,64,64,64,38,69,63,30,23,15,15,35,35,55,55,55,39,39,39,32,52,49,69,56,47,23,23,23,23,23,23,23,23,43,43,43,7,27,0,0,0],"gold":665,"neow_bonus":"RANDOM_EVENT","is_prod":false,"is_daily":false,"chose_seed":false,"campfire_upgraded":4,"win_rate":0.0,"timestamp":1607569544,"path_taken":["M","?","?","M","M","R","M","R","T","R","E","?","R","M","R","BOSS","M","?","?","M","M","R","E","R","T","?","?","?","?","M","R","BOSS","M","?","?","?","AVR","?","M","?","MIM","M","R","M","M","E","R","BOSS"],"build_version":"2020-11-30","purchased_purges":1,"victory":false,"max_hp_per_floor":[73,73,73,73,73,73,73,73,73,73,73,73,73,73,73,73,69,69,69,69,69,69,69,69,69,69,69,69,69,69,69,69,69,69,69,69,69,69,69,69,69,69,69,69,69,69,69,69,69,69,69,69],"card_choices":[{"not_picked":[],"picked":"EpicFetus","floor":0},{"not_picked":["theSleuth:HandCannon","theSleuth:UnDeEscalate"],"picked":"theSleuth:ForceDeck","floor":1},{"not_picked":["theSleuth:ThinkAhead","Bomb"],"picked":"theSleuth:ClubClubClub","floor":2},{"not_picked":["theSleuth:SpadeDig","theSleuth:RetrieveArms"],"picked":"theSleuth:Parry","floor":4},{"not_picked":["theSleuth:Taze","Bomb"],"picked":"theSleuth:Tootshotgun","floor":5},{"not_picked":["theSleuth:CandyCorn","theSleuth:CharismaBlast"],"picked":"theSleuth:TruffleShuffle","floor":7},{"not_picked":["theSleuth:BiteHardly","theSleuth:ClubClubClub"],"picked":"theSleuth:TruffleShuffle","floor":11},{"not_picked":["theSleuth:TheZillyhammer","theSleuth:WizardSudoku"],"picked":"theSleuth:ThinkAhead","floor":14},{"not_picked":["theSleuth:CandidBullets","theSleuth:TheZillyhammer"],"picked":"theSleuth:TootsieRollFrankenstein","floor":16},{"not_picked":["Caltrops","Noxious Fumes","StuffTheSpire:ClusterCrunch+1"],"picked":"Cloak And Dagger+1","floor":18},{"not_picked":["jedi:studypoison","StuffTheSpire:Python","hubris:SlightOfHand"],"picked":"Cloak And Dagger+1","floor":20},{"not_picked":["Dagger Spray+1","Bane","Hidden Blade"],"picked":"theSleuth:CandyCorn","floor":21},{"not_picked":["conspire:PoisonWeapons+1","Deadly Poison+1","PiercingWail"],"picked":"theSleuth:Pepperminthryl","floor":22},{"not_picked":["Poison Darts","theSleuth:BellyOTheWhale","Slice"],"picked":"theSleuth:PezUzi","floor":24},{"not_picked":["theSleuth:FlaskOfWhiskey+1","StuffTheSpire:Incantation","Infinite Blades"],"picked":"Backflip","floor":28},{"not_picked":["theSleuth:Unscale","theSleuth:Ogle","Blade Dance"],"picked":"theSleuth:Taze","floor":29},{"not_picked":["Replay:Poison Smokescreen","theSleuth:Tootshotgun","theSleuth:Embarrass"],"picked":"StuffTheSpire:MirrorStance","floor":31},{"not_picked":["theSleuth:Conjure","Tools of the Trade","jedi:rejectivetoxin"],"picked":"Phantasmal Killer","floor":33},{"not_picked":["Neutralize","hubris:MerchantsHand","MadScienceMod:PoweredStrike"],"picked":"theSleuth:Diplomacy","floor":34},{"not_picked":["ReplayTheSpireMod:Necrosis","jedi:brewingpoison","Die Die Die"],"picked":"theSleuth:Diabeatdown","floor":34},{"not_picked":["Bomb","Swift Strike","Replay:Sssssssssstrike"],"picked":"Trip","floor":34},{"not_picked":["infinitespire:Punishment","infinitespire:Gouge","ReplayTheSpireMod:Black Plague"],"picked":"infinitespire:Execution","floor":34},{"not_picked":["Flying Knee","StuffTheSpire:BumpUp+1","hubris:Counter"],"picked":"theSleuth:Deprogram+1","floor":35},{"not_picked":["jedi:acidrain","theSleuth:ThrowHat+1","StuffTheSpire:Fury"],"picked":"theSleuth:Pepperminthryl+1","floor":37},{"not_picked":["StuffTheSpire:Python+1","StuffTheSpire:Injection+1","Deflect+1"],"picked":"theSleuth:Ogle","floor":40},{"not_picked":["Leg Sweep","theSleuth:Unscale","Backflip","StuffTheSpire:Injection"],"picked":"SKIP","floor":41},{"not_picked":["StuffTheSpire:MirrorStance","theSleuth:Unscale+1","theSleuth:ForceDeck+1"],"picked":"theSleuth:VictoryPose+1","floor":43},{"not_picked":["Endless Agony+1","theSleuth:Fortify+1","PiercingWail+1"],"picked":"theSleuth:BiteHardly+1","floor":44},{"not_picked":["Choke","Slice","theSleuth:TorsoFlail"],"picked":"theSleuth:Pepperminthryl+1","floor":46},{"not_picked":["Prepared+1","theSleuth:FlaskOfWhiskey","Toxin Wave"],"picked":"theSleuth:Ogle+1","floor":47},{"not_picked":["theSleuth:FairShake","theSleuth:Fortify+1","theSleuth:Ignore+1"],"picked":"theSleuth:WilsonBust+1","floor":48}],"player_experience":226159,"relics_obtained":[{"floor":9,"key":"construct:FoamFinger"},{"floor":11,"key":"hubris:Potato"},{"floor":24,"key":"CCEMRelics:GrindingGear"},{"floor":26,"key":"Ancient Tea Set"},{"floor":28,"key":"halation:IllGainedPizza"},{"floor":29,"key":"CCEMRelics:FryingPan"},{"floor":37,"key":"halation:SelfBoilingWater"},{"floor":37,"key":"HollowMod:PaleOreRelic"},{"floor":43,"key":"PunchingBag"},{"floor":48,"key":"MawBank"}],"event_choices":[{"damage_healed":0,"gold_gain":0,"player_choice":"Box","damage_taken":0,"relics_obtained":["Lantern"],"max_hp_gain":0,"max_hp_loss":0,"event_name":"Big Fish","floor":0,"gold_loss":0,"cards_obtained":["Regret"]},{"damage_healed":0,"gold_gain":0,"player_choice":"RE RE ","damage_taken":37,"relics_obtained":["halation:PrussianBluePaint","Tiny Chest"],"max_hp_gain":0,"max_hp_loss":0,"event_name":"betterSkull:BetterSkull","floor":19,"gold_loss":0,"cards_upgraded":[]},{"damage_healed":0,"gold_gain":99,"player_choice":"Steal","damage_taken":0,"max_hp_gain":0,"max_hp_loss":0,"event_name":"betterThird:BetterNest","floor":30,"gold_loss":0},{"damage_healed":0,"gold_gain":0,"player_choice":"Embrace Madness","damage_taken":9,"max_hp_gain":0,"max_hp_loss":0,"event_name":"Winding Halls","floor":36,"gold_loss":0,"cards_obtained":["Madness","Madness"]},{"damage_healed":0,"gold_gain":0,"player_choice":"Fight","damage_taken":0,"max_hp_gain":0,"max_hp_loss":0,"event_name":"HidenRoomEvent","floor":37,"gold_loss":0}],"is_beta":false,"boss_relics":[{"not_picked":["conspire:SlowCooker","infinitespire:Cupcake"],"picked":"aspiration:SilentSkillbook"},{"not_picked":[]},{"not_picked":["jedi:battlestandard","halation:Prosthetics"],"picked":"ReplayTheSpireMod:SealedPack"},{"not_picked":[]}],"items_purged_floors":[27],"is_endless":false,"potions_floor_spawned":[1,11,14,16,20,24,28,31,41,44,47,48],"killed_by":"hubris:GrandSnecko","ascension_level":0}}