{"host":"nptej036rrbiurf5","time":1607571920,"event":{"gold_per_floor":[113,113,38,51,51,51,70,70,70,88,88,103,120,132,132,203,203,215,7,21,21,21,21],"floor_reached":22,"playtime":441,"items_purged":["Strike_B"],"score":338,"play_id":"16c4cb5b-c43b-4286-9845-bc4f09f7e838","local_time":"20201210124520","is_ascension_mode":true,"campfire_choices":[{"data":"Zap","floor":6.0,"key":"SMITH"},{"data":"Beam Cell","floor":8.0,"key":"SMITH"},{"data":"Dualcast","floor":11.0,"key":"SMITH"},{"data":"Loop","floor":15.0,"key":"SMITH"}],"neow_cost":"NONE","seed_source_timestamp":1293796825887000,"circlet_count":0,"master_deck":["AscendersBane","Strike_B","Strike_B","Strike_B","Defend_B","Defend_B","Defend_B","Defend_B","Zap+1","Dualcast+1","Gash+1","FTL","Beam Cell+1","Chill","Genetic Algorithm","Barrage","Loop+1","Hyperbeam","Steam Power","Apotheosis","Go for the Eyes+1"],"special_seed":0,"relics":["Cracked Core","NeowsBlessing","Happy Flower","Pear","Runic Dome"],"potions_floor_usage":[],"damage_taken":[{"damage":0.0,"enemies":"2 Louse","floor":1.0,"turns":1.0},{"damage":0.0,"enemies":"Cultist","floor":4.0,"turns":1.0},{"damage":0.0,"enemies":"Small Slimes","floor":7.0,"turns":1.0},{"damage":0.0,"enemies":"Blue Slaver","floor":10.0,"turns":2.0},{"damage":6.0,"enemies":"Red Slaver","floor":12.0,"turns":3.0},{"damage":6.0,"enemies":"3 Louse","floor":13.0,"turns":3.0},{"damage":10.0,"enemies":"Large Slime","floor":14.0,"turns":4.0},{"damage":26.0,"enemies":"Slime Boss","floor":16.0,"turns":9.0},{"damage":14.0,"enemies":"2 Thieves","floor":18.0,"turns":4.0},{"damage":19.0,"enemies":"Shell Parasite","floor":20.0,"turns":2.0},{"damage":51,"enemies":"Sentry and Sphere","floor":22,"turns":6}],"seed_played":"4133499255029236792","potions_obtained":[{"floor":4.0,"key":"Explosive Potion"},{"floor":10.0,"key":"Strength Potion"},{"floor":18.0,"key":"SpeedPotion"},{"floor":20.0,"key":"SpeedPotion"}],"is_trial":false,"path_per_floor":["M","?","$","M","?","R","M","R","T","M","R","M","M","M","R","B",null,"M","$","M","?","M"],"character_chosen":"DEFECT","items_purchased":["Apotheosis"],"campfire_rested":0,"item_purchase_floors":[19],"current_hp_per_floor":[64,64,64,64,53,53,53,53,63,63,63,57,51,41,41,15,65,51,51,32,48,0,0],"gold":21,"neow_bonus":"THREE_ENEMY_KILL","is_prod":false,"is_daily":false,"chose_seed":false,"campfire_upgraded":4,"win_rate":0,"timestamp":1607571920,"path_taken":["M","?","$","?","?","R","M","R","T","M","R","M","M","M","R","BOSS","M","$","M","?","M"],"build_version":"2020-11-30","purchased_purges":1,"victory":false,"max_hp_per_floor":[71,71,71,71,71,71,71,71,81,81,81,81,81,81,81,81,81,81,81,81,81,81,81],"card_choices":[{"not_picked":["Compile Driver","Stack"],"picked":"Gash","floor":1.0},{"not_picked":["Redo","Aggregate"],"picked":"FTL","floor":4.0},{"not_picked":["Lockon","Tempest"],"picked":"Beam Cell","floor":7.0},{"not_picked":["Hello World","Stack"],"picked":"Chill","floor":10.0},{"not_picked":["Sweeping Beam","Hologram"],"picked":"Genetic Algorithm","floor":12.0},{"not_picked":["Defragment","Go for the Eyes"],"picked":"Barrage","floor":13.0},{"not_picked":["Compile Driver","Stack"],"picked":"Loop","floor":14.0},{"not_picked":["Biased Cognition","Core Surge"],"picked":"Hyperbeam","floor":16.0},{"not_picked":["Cold Snap","Ball Lightning"],"picked":"Steam Power","floor":18.0},{"not_picked":["Sweeping Beam","Barrage"],"picked":"Go for the Eyes+1","floor":20.0}],"player_experience":820924,"relics_obtained":[{"floor":9.0,"key":"Pear"}],"event_choices":[{"damage_healed":0.0,"max_hp_gain":0.0,"max_hp_loss":0.0,"gold_gain":0.0,"event_name":"Upgrade Shrine","player_choice":"Upgraded","floor":2.0,"gold_loss":0.0,"damage_taken":0.0,"cards_upgraded":["Gash"]},{"damage_healed":0.0,"max_hp_gain":0.0,"max_hp_loss":0.0,"gold_gain":0.0,"event_name":"Scrap Ooze","player_choice":"Success","floor":5.0,"gold_loss":0.0,"damage_taken":11.0,"relics_obtained":["Happy Flower"]},{"damage_healed":16,"gold_gain":0,"player_choice":"Heal","damage_taken":0,"max_hp_gain":0,"max_hp_loss":0,"event_name":"The Library","floor":21,"gold_loss":0}],"is_beta":false,"boss_relics":[{"not_picked":["Velvet Choker","Coffee Dripper"],"picked":"Runic Dome"}],"items_purged_floors":[3],"is_endless":false,"potions_floor_spawned":[4,10,13,18,20],"killed_by":"Sentry and Sphere","ascension_level":18}}