{"host":"dl5mjdlimopbuch5","time":1607569091,"event":{"gold_per_floor":[118,118,118,118,143,176,29,29,29,56,79,79,79,112,112,216,216,238,247,99,24,39,39,53,53,126,142,162,162,162],"floor_reached":29,"playtime":623,"items_purged":[],"score":283,"play_id":"e20bfe8a-b4a8-4d60-8729-36fea6a9ff6a","local_time":"20201210025811","is_ascension_mode":true,"campfire_choices":[{"data":"Cleave","floor":8,"key":"SMITH"},{"data":"Searing Blow","floor":15,"key":"SMITH"},{"data":"Searing Blow+1","floor":23,"key":"SMITH"},{"floor":25,"key":"REST"}],"neow_cost":"NONE","seed_source_timestamp":109725415142800,"circlet_count":0,"master_deck":["Strike_R","Strike_R","Strike_R","Strike_R","Strike_R","Defend_R","Defend_R","Defend_R","Defend_R","Bash","Cleave+1","Flex","Flex+1","Searing Blow+2","Pommel Strike+1"],"special_seed":0,"relics":["Black Blood","NeowsBlessing","Orichalcum","CeramicFish","Pear","Juzu Bracelet","Vajra","Odd Mushroom","Akabeko","The Courier"],"potions_floor_usage":[16,24],"damage_taken":[{"damage":0,"enemies":"Small Slimes","floor":1,"turns":1},{"damage":0,"enemies":"3 Sentries","floor":6,"turns":1},{"damage":0,"enemies":"Jaw Worm","floor":10,"turns":1},{"damage":0,"enemies":"2 Louse","floor":11,"turns":3},{"damage":10,"enemies":"The Mushroom Lair","floor":14,"turns":3},{"damage":69,"enemies":"The Guardian","floor":16,"turns":11},{"damage":40,"enemies":"3 Byrds","floor":18,"turns":6},{"damage":17,"enemies":"Spheric Guardian","floor":22,"turns":4},{"damage":34,"enemies":"Centurion and Healer","floor":24,"turns":5},{"damage":44,"enemies":"Shelled Parasite and Fungi","floor":27,"turns":4},{"damage":20,"enemies":"Snecko","floor":28,"turns":4},{"damage":36,"enemies":"Snake Plant","floor":29,"turns":2}],"seed_played":"7157912748840661126","potions_obtained":[{"floor":6,"key":"ColorlessPotion"},{"floor":22,"key":"Regen Potion"}],"is_trial":false,"path_per_floor":["M","?","?","?","T","E","$","R","T","M","M","$","?","?","R","B",null,"M","?","$","?","M","R","M","R","T","M","M","M"],"character_chosen":"IRONCLAD","items_purchased":["Juzu Bracelet","Akabeko"],"campfire_rested":1,"item_purchase_floors":[7,20],"current_hp_per_floor":[80,80,80,62,62,78,78,78,78,84,90,90,90,86,86,23,90,62,62,62,62,57,57,49,76,76,44,36,0,0],"gold":162,"neow_bonus":"THREE_ENEMY_KILL","is_prod":false,"is_daily":false,"chose_seed":false,"campfire_upgraded":3,"win_rate":0,"timestamp":1607569091,"path_taken":["M","?","?","?","?","E","?","R","T","M","M","$","?","?","R","BOSS","M","?","$","?","M","R","M","R","T","M","M","M"],"build_version":"2020-11-30","purchased_purges":0,"victory":false,"max_hp_per_floor":[80,80,80,80,80,90,90,90,90,90,90,90,90,90,90,90,90,90,90,90,90,90,90,90,90,90,90,90,90,90],"card_choices":[{"not_picked":["True Grit","Warcry"],"picked":"Cleave","floor":1},{"not_picked":["Warcry","Body Slam","Power Through"],"picked":"SKIP","floor":6},{"not_picked":["Pommel Strike","Carnage"],"picked":"Flex","floor":10},{"not_picked":["Uppercut","Armaments"],"picked":"Flex","floor":11},{"not_picked":["Reckless Charge","Corruption"],"picked":"Searing Blow","floor":14},{"not_picked":["Immolate","Impervious"],"picked":"Exhume","floor":16},{"not_picked":["Anger","Wild Strike"],"picked":"Pommel Strike+1","floor":18},{"not_picked":["Pommel Strike","Carnage","Metallicize+1"],"picked":"SKIP","floor":22},{"not_picked":["Headbutt+1","Clothesline","Heavy Blade+1"],"picked":"SKIP","floor":24},{"not_picked":["Clothesline","Entrench","Warcry"],"picked":"SKIP","floor":27},{"not_picked":["Pommel Strike","Rage","Sword Boomerang"],"picked":"SKIP","floor":28}],"player_experience":194667,"relics_obtained":[{"floor":5,"key":"CeramicFish"},{"floor":6,"key":"Pear"},{"floor":9,"key":"Vajra"},{"floor":14,"key":"Odd Mushroom"},{"floor":26,"key":"The Courier"}],"event_choices":[{"damage_healed":0,"gold_gain":0,"player_choice":"Leave","damage_taken":0,"max_hp_gain":0,"max_hp_loss":0,"event_name":"The Cleric","floor":2,"gold_loss":0},{"damage_healed":0,"gold_gain":0,"player_choice":"Ignored","damage_taken":0,"max_hp_gain":0,"max_hp_loss":0,"event_name":"Golden Wing","floor":3,"gold_loss":0},{"damage_healed":0,"gold_gain":0,"player_choice":"Success","damage_taken":18,"relics_obtained":["Orichalcum"],"max_hp_gain":0,"max_hp_loss":0,"event_name":"Scrap Ooze","floor":4,"gold_loss":0},{"damage_healed":0,"gold_gain":0,"player_choice":"Forge","damage_taken":0,"max_hp_gain":0,"max_hp_loss":0,"event_name":"Accursed Blacksmith","floor":13,"gold_loss":0,"cards_upgraded":["Flex"]},{"damage_healed":0,"gold_gain":0,"player_choice":"Fought Mushrooms","damage_taken":0,"max_hp_gain":0,"max_hp_loss":0,"event_name":"Mushrooms","floor":14,"gold_loss":0},{"damage_healed":0,"gold_gain":0,"cards_transformed":["Exhume"],"player_choice":"Transformed","damage_taken":0,"max_hp_gain":0,"max_hp_loss":0,"event_name":"Transmorgrifier","floor":19,"gold_loss":0,"cards_obtained":["Reckless Charge"]},{"cards_removed":["Reckless Charge"],"damage_healed":0,"gold_gain":0,"player_choice":"Gave Gold","damage_taken":0,"max_hp_gain":0,"max_hp_loss":0,"event_name":"Beggar","floor":21,"gold_loss":75}],"is_beta":false,"boss_relics":[{"not_picked":["Pandora\u0027s Box","Coffee Dripper"],"picked":"Black Blood"}],"items_purged_floors":[],"is_endless":false,"potions_floor_spawned":[6,22],"killed_by":"Snake Plant","ascension_level":3}}