{"host":"6wux4armhsntp4yb","time":1607622827,"event":{"mods":["BaseMod","Colored Map","DeckTracker","Minty Spire (QoL Compilation)","Relic Stats"],"gold_per_floor":[119,135,135,152,24,24,55,55,78,98,98,98,116,151,151,224,224,240,251,263,277,289,289,306,331,343,374,415,443,485,511,523,612,624,650,300,319,333,350,383,383,408,408,433,447,269,269,287,287,287,287,287,287,13,42,42],"floor_reached":57,"playtime":4605,"items_purged":["Strike_G","Strike_G","Strike_G","Defend_G"],"score":2915,"play_id":"f40eca80-d616-4c86-ac9f-1b4f40b90c42","local_time":"20201211025347","is_ascension_mode":true,"campfire_choices":[{"data":"Catalyst","floor":6.0,"key":"SMITH"},{"data":"Deadly Poison","floor":8.0,"key":"SMITH"},{"data":"Caltrops","floor":11.0,"key":"SMITH"},{"data":"Wraith Form v2","floor":15.0,"key":"SMITH"},{"data":"Wraith Form v2","floor":23.0,"key":"SMITH"},{"data":"Survivor","floor":32,"key":"SMITH"},{"data":"Noxious Fumes","floor":41,"key":"SMITH"},{"floor":47,"key":"RECALL"},{"floor":49,"key":"REST"},{"floor":53,"key":"REST"}],"circlet_count":0,"master_deck":["AscendersBane","Defend_G","Defend_G","Defend_G","Defend_G","Survivor+1","Neutralize+1","Caltrops+1","Catalyst+1","Flechettes+1","Deadly Poison+1","Wraith Form v2+1","Backflip+1","Wraith Form v2+1","Backstab+1","Outmaneuver+1","PiercingWail+1","Outmaneuver+1","Tactician+1","Corpse Explosion+1","Setup+1","Concentrate+1","Cloak And Dagger+1","Bouncing Flask+1","Night Terror+1","Prepared+1","Prepared+1","Blind+1","Noxious Fumes+1","Calculated Gamble+1","Expertise+1","Setup+1","PiercingWail+1","Dark Shackles+1","Acrobatics+1","Tactician+1","Expertise+1"],"special_seed":0,"relics":["Ring of the Snake","NeowsBlessing","Whetstone","Centennial Puzzle","Toxic Egg 2","Runic Pyramid","MawBank","Turnip","Smiling Mask","Shuriken","SlaversCollar","Omamori","Bag of Marbles","Juzu Bracelet","Snake Skull","Art of War"],"acts_visited":["Exordium","TheCity","TheBeyond","TheEnding"],"potions_floor_usage":[39,40,45,56,56],"damage_taken":[{"damage":0.0,"enemies":"Cultist","floor":1.0,"turns":1.0},{"damage":0.0,"enemies":"Small Slimes","floor":2.0,"turns":1.0},{"damage":0.0,"enemies":"2 Louse","floor":4.0,"turns":1.0},{"damage":0.0,"enemies":"Gremlin Nob","floor":7.0,"turns":3.0},{"damage":3.0,"enemies":"2 Fungi Beasts","floor":10.0,"turns":3.0},{"damage":6.0,"enemies":"Large Slime","floor":13.0,"turns":9.0},{"damage":2.0,"enemies":"Lagavulin","floor":14.0,"turns":6.0},{"damage":10.0,"enemies":"Hexaghost","floor":16.0,"turns":6.0},{"damage":2.0,"enemies":"Spheric Guardian","floor":18.0,"turns":6.0},{"damage":2.0,"enemies":"2 Thieves","floor":19.0,"turns":4.0},{"damage":4.0,"enemies":"Sentry and Sphere","floor":20.0,"turns":6.0},{"damage":2.0,"enemies":"Cultist and Chosen","floor":21.0,"turns":7.0},{"damage":0.0,"enemies":"Snake Plant","floor":22.0,"turns":3.0},{"damage":0.0,"enemies":"Snecko","floor":24.0,"turns":5.0},{"damage":16.0,"enemies":"Slavers","floor":25.0,"turns":8.0},{"damage":4.0,"enemies":"Shelled Parasite and Fungi","floor":27.0,"turns":6.0},{"damage":1.0,"enemies":"Book of Stabbing","floor":28.0,"turns":5.0},{"damage":1,"enemies":"Centurion and Healer","floor":29,"turns":4},{"damage":0,"enemies":"Gremlin Leader","floor":30,"turns":8},{"damage":0,"enemies":"Chosen and Byrds","floor":31,"turns":5},{"damage":33,"enemies":"Automaton","floor":33,"turns":11},{"damage":0,"enemies":"Orb Walker","floor":35,"turns":4},{"damage":3,"enemies":"3 Shapes","floor":37,"turns":6},{"damage":1,"enemies":"Maw","floor":38,"turns":6},{"damage":2,"enemies":"4 Shapes","floor":39,"turns":5},{"damage":4,"enemies":"Reptomancer","floor":40,"turns":5},{"damage":3,"enemies":"Nemesis","floor":42,"turns":7},{"damage":3,"enemies":"Giant Head","floor":44,"turns":4},{"damage":4,"enemies":"Writhing Mass","floor":45,"turns":5},{"damage":0,"enemies":"Maw","floor":48,"turns":6},{"damage":17,"enemies":"Awakened One","floor":50,"turns":11},{"damage":4,"enemies":"Time Eater","floor":51,"turns":4},{"damage":11,"enemies":"Shield and Spear","floor":55,"turns":5},{"damage":48,"enemies":"The Heart","floor":56,"turns":9}],"seed_played":"9201326676715445148","potions_obtained":[{"floor":1.0,"key":"Fire Potion"},{"floor":4.0,"key":"Weak Potion"},{"floor":16.0,"key":"ColorlessPotion"},{"floor":18.0,"key":"GamblersBrew"},{"floor":19.0,"key":"GamblersBrew"},{"floor":27.0,"key":"Regen Potion"},{"floor":28.0,"key":"Fire Potion"},{"floor":29,"key":"Explosive Potion"},{"floor":33,"key":"PowerPotion"},{"floor":39,"key":"Regen Potion"},{"floor":44,"key":"FearPotion"},{"floor":48,"key":"BlessingOfTheForge"}],"is_trial":false,"path_per_floor":["M","M","?","M","$","R","E","R","T","M","R","?","M","E","R","B",null,"M","M","M","M","M","R","M","E","T","M","E","M","E","M","R","B",null,"M","$","M","M","M","E","R","E","T","E","M","$","R","M","R","B","B",null,"R","$","E","B",null],"character_chosen":"THE_SILENT","items_purchased":["Poison Potion","Omamori","Prepared+1","Blind+1","PiercingWail+1","Dark Shackles+1","Acrobatics+1","Tactician+1","Regen Potion"],"campfire_rested":2,"item_purchase_floors":[5,36,36,36,46,46,54,54,54],"current_hp_per_floor":[59,59,59,59,59,59,59,59,59,56,56,56,50,48,48,38,59,57,55,51,49,49,49,49,33,33,29,43,42,42,42,42,9,52,52,52,49,48,46,42,42,39,39,36,47,47,47,47,66,49,45,61,66,66,55,22],"gold":42,"neow_bonus":"THREE_ENEMY_KILL","is_daily":false,"chose_seed":false,"campfire_upgraded":7,"win_rate":0,"timestamp":1607622827,"path_taken":["M","M","?","M","$","R","E","R","T","?","R","?","?","E","R","BOSS","M","?","?","M","M","R","M","E","T","M","E","?","E","M","R","BOSS","M","$","M","M","M","E","R","E","T","E","M","$","R","M","R","BOSS","BOSS","R","$","E","BOSS"],"build_version":"2020-11-30","purchased_purges":4,"victory":true,"max_hp_per_floor":[66,66,66,66,66,66,66,66,66,66,66,66,66,66,66,66,66,66,66,66,66,66,66,66,66,66,66,66,66,66,66,66,66,66,66,66,66,66,66,66,66,66,66,66,66,66,66,66,66,66,66,66,66,66,66,66],"relic_stats":{"Centennial Puzzle":[70],"counters":[34,185],"Shuriken":[12],"Turnip":[25],"Snake Skull":[83],"Juzu Bracelet":0,"Art of War":[4],"Whetstone":["Neutralize","Flechettes"],"MawBank":132,"Smiling Mask":225,"obtain_stats":[{"NeowsBlessing":0,"Snake Skull":44,"Omamori":36,"Juzu Bracelet":42,"Whetstone":7,"MawBank":25,"Smiling Mask":28,"SlaversCollar":34,"Centennial Puzzle":9,"Shuriken":30,"Turnip":26,"Bag of Marbles":40,"Art of War":55,"Toxic Egg 2":14,"Ring of the Snake":0,"Runic Pyramid":17},{"NeowsBlessing":0,"Snake Skull":28,"Omamori":22,"Juzu Bracelet":27,"Whetstone":4,"MawBank":15,"Smiling Mask":17,"SlaversCollar":21,"Centennial Puzzle":4,"Shuriken":19,"Turnip":15,"Bag of Marbles":26,"Art of War":33,"Toxic Egg 2":7,"Ring of the Snake":0,"Runic Pyramid":8},{"NeowsBlessing":0,"Snake Skull":145,"Omamori":112,"Juzu Bracelet":141,"Whetstone":6,"MawBank":69,"Smiling Mask":80,"SlaversCollar":108,"Centennial Puzzle":6,"Shuriken":92,"Turnip":69,"Bag of Marbles":134,"Art of War":176,"Toxic Egg 2":24,"Ring of the Snake":0,"Runic Pyramid":30}],"Ring of the Snake":[68]},"card_choices":[{"not_picked":["Deadly Poison","Riddle With Holes"],"picked":"Caltrops","floor":1.0},{"not_picked":["Bane","Escape Plan"],"picked":"Catalyst","floor":2.0},{"not_picked":["Outmaneuver","Bane"],"picked":"Flechettes","floor":4.0},{"not_picked":["Outmaneuver","Footwork"],"picked":"Deadly Poison","floor":7.0},{"not_picked":["Slice","Underhanded Strike","Poisoned Stab"],"picked":"SKIP","floor":10.0},{"not_picked":["Quick Slash","Poisoned Stab","Dodge and Roll"],"picked":"SKIP","floor":13.0},{"not_picked":["All Out Attack","Caltrops"],"picked":"Backflip+1","floor":14.0},{"not_picked":["After Image","Storm of Steel+1"],"picked":"Wraith Form v2","floor":16.0},{"not_picked":["Riddle With Holes+1","All Out Attack"],"picked":"Backstab+1","floor":18.0},{"not_picked":["Dodge and Roll+1","All Out Attack+1"],"picked":"Outmaneuver+1","floor":19.0},{"not_picked":["Dagger Spray","Choke"],"picked":"PiercingWail+1","floor":20.0},{"not_picked":["Reflex+1","Infinite Blades","Underhanded Strike"],"picked":"SKIP","floor":21.0},{"not_picked":["Distraction+1","Quick Slash"],"picked":"Outmaneuver+1","floor":22.0},{"not_picked":["Storm of Steel+1","Caltrops"],"picked":"Tactician+1","floor":24.0},{"not_picked":["PiercingWail+1","Dodge and Roll+1"],"picked":"Corpse Explosion+1","floor":25.0},{"not_picked":["Flying Knee","Caltrops","Quick Slash"],"picked":"SKIP","floor":27.0},{"not_picked":["Dash+1","Bouncing Flask+1"],"picked":"Setup+1","floor":28.0},{"not_picked":["Tactician+1","Leg Sweep+1"],"picked":"Concentrate+1","floor":29},{"not_picked":["All Out Attack","Endless Agony"],"picked":"Cloak And Dagger+1","floor":30},{"not_picked":["Quick Slash","Well Laid Plans"],"picked":"Bouncing Flask+1","floor":31},{"not_picked":["Grand Finale","Bullet Time+1"],"picked":"Night Terror+1","floor":33},{"not_picked":["Heel Hook+1","Flying Knee"],"picked":"Prepared+1","floor":35},{"not_picked":["Concentrate+1","Blade Dance+1","Bane+1"],"picked":"SKIP","floor":37},{"not_picked":["Deflect+1","Flechettes","Setup+1"],"picked":"SKIP","floor":38},{"not_picked":["Backflip+1","Escape Plan+1"],"picked":"Noxious Fumes","floor":39},{"not_picked":["Dagger Spray+1","Underhanded Strike","Prepared+1"],"picked":"SKIP","floor":40},{"not_picked":["Concentrate+1","Flying Knee"],"picked":"Calculated Gamble+1","floor":42},{"not_picked":["Skewer","Dagger Throw"],"picked":"Expertise+1","floor":44},{"not_picked":["Glass Knife","Tactician+1"],"picked":"Setup+1","floor":45},{"not_picked":["Deadly Poison+1","Flying Knee+1","Outmaneuver+1"],"picked":"SKIP","floor":48},{"not_picked":["Cloak And Dagger+1","Prepared+1"],"picked":"Expertise+1","floor":55}],"player_experience":5604139,"relics_obtained":[{"floor":7.0,"key":"Whetstone"},{"floor":9.0,"key":"Centennial Puzzle"},{"floor":14.0,"key":"Toxic Egg 2"},{"floor":25.0,"key":"MawBank"},{"floor":26.0,"key":"Turnip"},{"floor":28.0,"key":"Smiling Mask"},{"floor":30,"key":"Shuriken"},{"floor":40,"key":"Bag of Marbles"},{"floor":42,"key":"Juzu Bracelet"},{"floor":44,"key":"Snake Skull"},{"floor":55,"key":"Art of War"}],"event_choices":[{"cards_removed":["Strike_G"],"damage_healed":0.0,"max_hp_gain":0.0,"max_hp_loss":0.0,"gold_gain":0.0,"event_name":"Bonfire Elementals","player_choice":"Offered Basic","floor":3.0,"gold_loss":0.0,"damage_taken":0.0},{"damage_healed":0.0,"max_hp_gain":0.0,"max_hp_loss":0.0,"gold_gain":0.0,"cards_transformed":["Strike_G"],"event_name":"Transmorgrifier","player_choice":"Transformed","floor":12.0,"gold_loss":0.0,"damage_taken":0.0,"cards_obtained":["Wraith Form v2"]}],"is_beta":false,"boss_relics":[{"not_picked":["Ring of the Serpent","HoveringKite"],"picked":"Runic Pyramid"},{"not_picked":["Philosopher\u0027s Stone","Pandora\u0027s Box"],"picked":"SlaversCollar"}],"items_purged_floors":[5,36,46,54],"is_endless":false,"potions_floor_spawned":[1,4,16,18,19,27,28,29,31,33,38,39,44,48,55],"ascension_level":20}}