{"host":"80fkxydt6bh6ptji","time":1607566315,"event":{"gold_per_floor":[113,123,123,141,160,188,201,201,270,73,73,84,84,84,84,215,215,238,98,98,123,123,154,154,185,233,264,264,264,304,17,17,141,141,154,168,181,244,259,259,300,321,345,345,645,645,683,696,696,696,696],"floor_reached":52,"playtime":2966,"items_purged":["SpecialBullet","Injury"],"score":1268,"play_id":"016263fb-3863-491c-9465-bb438feb4284","local_time":"20201210101155","is_ascension_mode":true,"campfire_choices":[],"neow_cost":"NONE","seed_source_timestamp":1662232202300,"circlet_count":0,"master_deck":["Funeral","LongBird","SpecialBullet","SpecialBullet","SpecialBullet","SpecialBullet","InformationCode","SecurityCode","ExtractionCode","Laetitia","Beak","Beak","UniverseFragment","WristCuter","RapturousDream","LifeForTheDareDevil","MHz","Beak","Regret_ego","Hornet","Wellcheers","BlackSwan_ego","TrainingCode","SpiderBud","GoldRush","RedEyes+1","Christmas","Soda+1","Pleasure","RapturousDream","WristCuter","Pain","Beak","Mimicry","ControlCode","NothingThere","DaCapo","TT2Protocol","Logging","Noise+1","GreedKing","BlackSwan_ego+1","SummonCall","CherryBlossom+1","PunishingBird","BloodyDesire","Christmas+1","Twilight+1","Soda+1"],"special_seed":0,"relics":["CogitoBucket","RabbitCall","NeowsBlessing","LetterFromLob","Oddly Smooth Stone","LuminousBracelet","Bottled Tornado","Golden Idol","Runic Pyramid","CaptainsWheel","Guardian:PocketSentry","Strawberry","Justitia_r","Gremlin Horn","WarpedTongs","Meat on the Bone","Vajra","Philosopher\u0027s Stone","SkinProphecy","Mango","Pen Nib","AspirationHeart","Bag of Marbles","Regal Pillow","SolemnVow_r"],"potions_floor_usage":[],"damage_taken":[{"damage":0.0,"enemies":"2 Louse","floor":1.0,"turns":1.0},{"damage":0.0,"enemies":"Cultist","floor":2.0,"turns":1.0},{"damage":0.0,"enemies":"Jaw Worm","floor":4.0,"turns":1.0},{"damage":20.0,"enemies":"Large Slime","floor":5.0,"turns":6.0},{"damage":20.0,"enemies":"Lagavulin","floor":6.0,"turns":5.0},{"damage":7.0,"enemies":"2 Fungi Beasts","floor":7.0,"turns":3.0},{"damage":0.0,"enemies":"3 Louse","floor":12.0,"turns":2.0},{"damage":24.0,"enemies":"Hexaghost","floor":16.0,"turns":4.0},{"damage":0.0,"enemies":"Spheric Guardian","floor":18.0,"turns":1.0},{"damage":8.0,"enemies":"Shell Parasite","floor":21.0,"turns":2.0},{"damage":29.0,"enemies":"Book of Stabbing","floor":23.0,"turns":3.0},{"damage":2.0,"enemies":"Gremlin Leader","floor":25.0,"turns":5.0},{"damage":23.0,"enemies":"Book of Stabbing","floor":27.0,"turns":3.0},{"damage":10.0,"enemies":"Slavers","floor":30.0,"turns":2.0},{"damage":20.0,"enemies":"Automaton","floor":33.0,"turns":3.0},{"damage":32,"enemies":"Orb Walker","floor":35,"turns":2},{"damage":0,"enemies":"3 Shapes","floor":36,"turns":2},{"damage":30,"enemies":"3 Darklings","floor":37,"turns":2},{"damage":2,"enemies":"Mind Bloom Boss Battle","floor":38,"turns":2},{"damage":5,"enemies":"Maw","floor":39,"turns":4},{"damage":34,"enemies":"Giant Head","floor":41,"turns":3},{"damage":32,"enemies":"Jaw Worm Horde","floor":42,"turns":4},{"damage":1,"enemies":"Reptomancer","floor":47,"turns":2},{"damage":4,"enemies":"4 Shapes","floor":48,"turns":1},{"damage":22,"enemies":"Time Eater","floor":50,"turns":2}],"seed_played":"-1950538132272261148","potions_obtained":[{"floor":4.0,"key":"Energy Potion"},{"floor":12.0,"key":"PowerPotion"},{"floor":16.0,"key":"SkillPotion"}],"is_trial":false,"path_per_floor":["M","M","?","M","M","E","M","R","T","$","E","M","?","?","R","B",null,"M","$","?","M","?","E","R","E","T","E","R","?","E","$","R","B",null,"M","M","M","?","M","R","E","M","T","R","?","R","E","M","R","B",null,null],"character_chosen":"Angela","items_purchased":["Regret_ego","Hornet","Christmas","Mimicry","Vajra"],"campfire_rested":0,"item_purchase_floors":[10,10,19,31,31],"current_hp_per_floor":[70,70,70,70,58,46,54,54,54,54,54,66,59,59,59,44,81,81,81,85,80,80,59,59,79,86,72,72,72,80,80,80,73,102,97,114,95,136,142,142,148,148,148,148,148,148,168,170,170,172,172],"gold":696,"neow_bonus":"THREE_ENEMY_KILL","is_prod":false,"is_daily":false,"chose_seed":false,"campfire_upgraded":0,"win_rate":0,"timestamp":1607566315,"path_taken":["M","M","?","M","M","E","M","R","T","$","E","?","?","?","R","BOSS","M","$","?","M","?","E","R","E","T","E","R","?","E","$","R","BOSS","M","M","M","?","M","R","E","M","T","R","?","R","E","M","R","BOSS"],"build_version":"2020-11-30","purchased_purges":2,"victory":true,"max_hp_per_floor":[70,70,70,70,70,70,85,85,85,85,85,89,89,89,89,93,93,93,93,93,93,93,93,93,97,104,108,108,108,108,108,108,112,112,112,114,116,136,142,142,148,162,162,162,162,162,168,170,170,172,172],"card_choices":[{"not_picked":["CherryBlossoms","BeautyBeast"],"picked":"Laetitia","floor":1.0},{"not_picked":["Penitence"],"picked":"Beak","floor":1.0},{"not_picked":["ShyLook","BeautyBeast"],"picked":"LongBird","floor":2.0},{"not_picked":["Galaxy"],"picked":"Beak","floor":2.0},{"not_picked":["Scarecrow","Freischutz"],"picked":"UniverseFragment","floor":4.0},{"not_picked":["Harvest"],"picked":"WristCuter","floor":4.0},{"not_picked":["Beak"],"picked":"RapturousDream","floor":5.0},{"not_picked":["Harmony"],"picked":"LifeForTheDareDevil","floor":6.0},{"not_picked":["Scorched","BigBadWolf"],"picked":"MHz","floor":7.0},{"not_picked":["Horn"],"picked":"Beak","floor":7.0},{"not_picked":["FairyFestival","BeautyBeast"],"picked":"Wellcheers","floor":12.0},{"not_picked":["CherryBlossom"],"picked":"BlackSwan_ego","floor":12.0},{"not_picked":["Scorched","CherryBlossoms"],"picked":"SpiderBud","floor":16.0},{"not_picked":["SoundOfStar"],"picked":"GoldRush","floor":16.0},{"not_picked":["FrostShard"],"picked":"RedEyes+1","floor":18.0},{"not_picked":["RapturousDream+1"],"picked":"Soda+1","floor":21.0},{"not_picked":["FourthMatchFlame"],"picked":"Pleasure","floor":23.0},{"not_picked":["Porccubus","OldLady"],"picked":"DespairKnight","floor":25.0},{"not_picked":["Soda"],"picked":"RapturousDream","floor":25.0},{"not_picked":["CrumblingArmor","Mercenary"],"picked":"Woodsman","floor":27.0},{"not_picked":["FrostShard+1"],"picked":"WristCuter","floor":27.0},{"not_picked":["FeatherOfHonor"],"picked":"Beak","floor":30.0},{"not_picked":["BlueStar","MeltingLove"],"picked":"NothingThere","floor":33.0},{"not_picked":["CENSORED_ego"],"picked":"DaCapo","floor":33.0},{"not_picked":["SoundOfStar"],"picked":"Logging","floor":35},{"not_picked":["Soda+1"],"picked":"Noise+1","floor":36},{"not_picked":["CUTE","Discord"],"picked":"SKIP","floor":37},{"not_picked":["BigBadWolf","CrumblingArmor"],"picked":"GreedKing","floor":38},{"not_picked":["TodaysExpression+1"],"picked":"BlackSwan_ego+1","floor":38},{"not_picked":["FieryBird","CrumblingArmor"],"picked":"QueenOfHatred","floor":39},{"not_picked":["Wingbeat+1"],"picked":"CherryBlossom+1","floor":39},{"not_picked":["RedShoes","FieryBird"],"picked":"PunishingBird","floor":41},{"not_picked":["ScreamingWedge"],"picked":"BloodyDesire","floor":41},{"not_picked":["Noise"],"picked":"Christmas+1","floor":42},{"not_picked":["OldLady","CENSORED","GalaxyChild"],"picked":"Singing Bowl","floor":47},{"not_picked":["WhitesApple","QueenBee"],"picked":"Funeral","floor":47},{"not_picked":["Logging","CUTE"],"picked":"Twilight","floor":47},{"not_picked":["SnowQueen","CENSORED","Alriune"],"picked":"Singing Bowl","floor":48},{"not_picked":["FourthMatchFlame+1","Harmony+1"],"picked":"Soda+1","floor":48}],"player_experience":193562,"relics_obtained":[{"floor":1.0,"key":"LetterFromLob"},{"floor":6.0,"key":"Oddly Smooth Stone"},{"floor":9.0,"key":"Bottled Tornado"},{"floor":23.0,"key":"CaptainsWheel"},{"floor":25.0,"key":"Guardian:PocketSentry"},{"floor":26.0,"key":"Strawberry"},{"floor":27.0,"key":"Gremlin Horn"},{"floor":30.0,"key":"Meat on the Bone"},{"floor":38,"key":"Mango"},{"floor":41,"key":"Pen Nib"},{"floor":43,"key":"Bag of Marbles"},{"floor":47,"key":"Regal Pillow"}],"event_choices":[{"cards_removed":["SpecialBullet"],"damage_healed":0.0,"max_hp_gain":0.0,"max_hp_loss":0.0,"gold_gain":0.0,"event_name":"Wheel of Change","player_choice":"Card Removal","floor":3.0,"gold_loss":0.0,"damage_taken":0.0},{"cards_removed":["SpecialBullet"],"damage_healed":0.0,"max_hp_gain":0.0,"max_hp_loss":0.0,"gold_gain":0.0,"event_name":"Golden Wing","player_choice":"Card Removal","floor":13.0,"gold_loss":0.0,"damage_taken":7.0},{"damage_healed":0.0,"max_hp_gain":0.0,"max_hp_loss":0.0,"gold_gain":0.0,"event_name":"Golden Idol","player_choice":"Take Wound","floor":14.0,"gold_loss":0.0,"damage_taken":0.0,"relics_obtained":["Golden Idol"],"cards_obtained":["Injury"]},{"cards_removed":["SpecialBullet"],"damage_healed":0.0,"max_hp_gain":0.0,"max_hp_loss":0.0,"gold_gain":0.0,"event_name":"Back to Basics","player_choice":"Elegance","floor":22.0,"gold_loss":0.0,"damage_taken":0.0},{"damage_healed":0.0,"max_hp_gain":0.0,"max_hp_loss":0.0,"gold_gain":0.0,"event_name":"Accursed Blacksmith","player_choice":"Rummage","floor":29.0,"gold_loss":0.0,"damage_taken":0.0,"relics_obtained":["WarpedTongs"],"cards_obtained":["Pain"]},{"damage_healed":0,"gold_gain":0,"player_choice":"Fight","damage_taken":0,"max_hp_gain":0,"max_hp_loss":0,"event_name":"MindBloom","floor":38,"gold_loss":0},{"damage_healed":0,"gold_gain":300,"player_choice":"Gold","damage_taken":0,"max_hp_gain":0,"max_hp_loss":0,"event_name":"Wheel of Change","floor":45,"gold_loss":0}],"is_beta":false,"boss_relics":[{"not_picked":["Astrolabe","Tiny House"],"picked":"Runic Pyramid"},{"not_picked":["SlaversCollar","Black Star"],"picked":"Philosopher\u0027s Stone"}],"items_purged_floors":[10,19],"is_endless":false,"potions_floor_spawned":[4,12,16,33,36,39,48],"ascension_level":8}}