{"host":"78hrz0ylpj9lzvi8","time":1607630478,"event":{"mods":["BaseMod","Bestiary","Minty Spire (QoL Compilation)","StSLib","Quick Restart","Random Character Button","Relic Stats"],"gold_per_floor":[369,10,10,10,24,24,24,24],"floor_reached":7,"playtime":166,"items_purged":["Doubt"],"score":78,"play_id":"523f9f44-feda-4a09-a986-eb5486c21dd5","local_time":"20201210170118","is_ascension_mode":true,"campfire_choices":[{"data":"Eruption","floor":6,"key":"SMITH"}],"circlet_count":0,"master_deck":["AscendersBane","Strike_P","Strike_P","Strike_P+1","Strike_P","Defend_P+1","Defend_P","Defend_P","Eruption+1","Vigilance","FollowUp","CrushJoints"],"relics":["PureWater","Meat on the Bone"],"acts_visited":["Exordium"],"potions_floor_usage":[],"damage_taken":[{"damage":1,"enemies":"Small Slimes","floor":1,"turns":3},{"damage":4,"enemies":"Jaw Worm","floor":5,"turns":3},{"damage":56,"enemies":"Lagavulin","floor":7,"turns":8}],"seed_played":"-6448555280851799856","potions_obtained":[{"floor":1,"key":"LiquidBronze"},{"floor":5,"key":"Explosive Potion"}],"is_trial":false,"path_per_floor":["M","$","?","?","M","R","E"],"character_chosen":"WATCHER","items_purchased":["Meat on the Bone"],"campfire_rested":0,"item_purchase_floors":[2],"current_hp_per_floor":[60,60,53,33,41,41,0,0],"gold":24,"neow_bonus":"TWO_FIFTY_GOLD","is_daily":false,"chose_seed":false,"campfire_upgraded":1,"win_rate":0,"timestamp":1607630478,"path_taken":["M","$","?","?","M","R","E"],"build_version":"2020-11-30","purchased_purges":1,"victory":false,"max_hp_per_floor":[68,68,68,68,68,68,68,68],"relic_stats":{"counters":[3,14],"obtain_stats":[{"PureWater":0,"Meat on the Bone":2},{"PureWater":0,"Meat on the Bone":1},{"PureWater":0,"Meat on the Bone":3}],"Meat on the Bone":12},"card_choices":[{"not_picked":["PathToVictory","ClearTheMind"],"picked":"FollowUp","floor":1},{"not_picked":["ThirdEye","Crescendo"],"picked":"CrushJoints","floor":5}],"player_experience":909100,"relics_obtained":[],"event_choices":[{"cards_removed":["Defend_P"],"damage_healed":0,"gold_gain":0,"player_choice":"Card Removal","damage_taken":7,"max_hp_gain":0,"max_hp_loss":0,"event_name":"Golden Wing","floor":3,"gold_loss":0},{"damage_healed":0,"gold_gain":0,"player_choice":"Entered Light","damage_taken":20,"max_hp_gain":0,"max_hp_loss":0,"event_name":"Shining Light","floor":4,"gold_loss":0,"cards_upgraded":["Strike_P","Defend_P"]}],"is_beta":false,"boss_relics":[],"items_purged_floors":[2],"is_endless":false,"potions_floor_spawned":[1,5],"killed_by":"Lagavulin","ascension_level":20}}