{"host":"fq9q35as5g8xdsoo","time":1607574588,"event":{"gold_per_floor":[111,111,111,126,126,161,161,161,216,244,255,255,271,283,283,381,381,401,414,628,628,628],"floor_reached":21,"playtime":2245,"items_purged":[],"score":189,"play_id":"0a767e29-2a1b-49d1-9519-6e8d7e861d49","local_time":"20201209202948","is_ascension_mode":false,"campfire_choices":[{"data":"SecondHand","floor":7,"key":"SMITH"},{"data":"BiteCommand","floor":12,"key":"SMITH"},{"data":"TickedOff","floor":15,"key":"SMITH"}],"neow_cost":"CURSE","seed_source_timestamp":594685749177400,"circlet_count":0,"master_deck":["Strike_Br","Strike_Br","Strike_Br","Strike_Br","Defend_Br","Defend_Br","Defend_Br","Defend_Br","SecondHand+1","PatternShift","Reforge","TickedOff+1","MasterKey","BiteCommand+1","Parity","HandsUpC","LockedBlood","Pendulum","AlternateTimeline+1","LockedPlans"],"special_seed":0,"relics":["Chronometer","Hammer of Thor","Seething Fire","Anvil of the Gods","halation:PinkSoulGem","vexMod:MemoryStick","ShockBauble","Coffee Dripper","PreservedInsect","Smiling Mask"],"potions_floor_usage":[21,21],"damage_taken":[{"damage":4,"enemies":"Gensokyo:Gryphon","floor":1,"turns":6},{"damage":2,"enemies":"Gensokyo:Python","floor":4,"turns":6},{"damage":3,"enemies":"Gensokyo:Mamizou","floor":6,"turns":12},{"damage":2,"enemies":"Gensokyo:Aya","floor":10,"turns":11},{"damage":2,"enemies":"Gensokyo:3_Fairies","floor":11,"turns":5},{"damage":1,"enemies":"Gensokyo:Python_and_Kodama","floor":13,"turns":5},{"damage":12,"enemies":"Gensokyo:5_Fairies","floor":14,"turns":7},{"damage":38,"enemies":"Gensokyo:Reimu","floor":16,"turns":12},{"damage":15,"enemies":"Gensokyo:CosmicMonolith","floor":18,"turns":6},{"damage":12,"enemies":"Gensokyo:3_Dogs","floor":19,"turns":8},{"damage":0,"enemies":"Gensokyo:Chomper_and_Gloop","floor":21,"turns":2}],"seed_played":"8019894922403693719","potions_obtained":[{"floor":10,"key":"ColorlessPotion"},{"floor":11,"key":"blueLaboratory:BubblePotion"},{"floor":13,"key":"ColorlessPotion"},{"floor":19,"key":"blueLaboratory:FruitPunch"}],"is_trial":false,"path_per_floor":["M","?","?","M","?","E","R","?","T","E","M","R","M","M","R","B",null,"M","M","?","M"],"character_chosen":"CHRONO_CLASS","items_purchased":[],"campfire_rested":0,"item_purchase_floors":[],"current_hp_per_floor":[61,61,61,59,59,56,56,56,56,54,52,52,51,39,39,7,65,50,47,3,5,5],"gold":628,"neow_bonus":"RANDOM_COLORLESS_2","is_prod":false,"is_daily":false,"chose_seed":false,"campfire_upgraded":3,"win_rate":0.0,"timestamp":1607574588,"path_taken":["M","?","?","M","?","E","R","?","T","E","M","R","M","M","R","BOSS","M","M","?","M"],"build_version":"2020-11-30","purchased_purges":0,"victory":false,"max_hp_per_floor":[65,65,65,65,65,65,65,65,65,65,65,65,65,65,65,65,65,65,65,65,67,67],"card_choices":[{"not_picked":["Metamorphosis","Panache"],"picked":"Reforge","floor":0},{"not_picked":["Analog","LockedMercury","LockedWhetstone"],"picked":"SKIP","floor":1},{"not_picked":["Echoward","BlueShift"],"picked":"TickedOff","floor":4},{"not_picked":["Parity","BeatsPerMinute"],"picked":"MasterKey","floor":6},{"not_picked":["Tempo","LockedTurtyl"],"picked":"BiteCommand","floor":10},{"not_picked":["BiteCommand","FormalWear"],"picked":"Parity","floor":11},{"not_picked":["OldTimer","Echoward"],"picked":"HandsUpC","floor":13},{"not_picked":["LockedMedicine","Facsimile"],"picked":"LockedBlood","floor":14},{"not_picked":["LockedBell","OverTime"],"picked":"Pendulum","floor":16},{"not_picked":["CrunchTime","BlueShift"],"picked":"AlternateTimeline+1","floor":18},{"not_picked":["CrunchTime+1","LockedAnchor"],"picked":"LockedPlans","floor":19}],"player_experience":916842,"relics_obtained":[{"floor":6,"key":"vexMod:MemoryStick"},{"floor":10,"key":"ShockBauble"}],"event_choices":[{"damage_healed":0,"gold_gain":214,"player_choice":"RE RE GO GO ","damage_taken":50,"relics_obtained":["PreservedInsect","Smiling Mask"],"max_hp_gain":0,"max_hp_loss":0,"event_name":"betterSkull:BetterSkull","floor":20,"gold_loss":0,"cards_upgraded":[]}],"is_beta":false,"boss_relics":[{"not_picked":["construct:ClawGrip","conspire:SlowCooker"],"picked":"Coffee Dripper"}],"items_purged_floors":[],"is_endless":false,"potions_floor_spawned":[10,11,13,19],"killed_by":"Gensokyo:Chomper_and_Gloop","ascension_level":0}}