{"host":"4qkvkh7pd9qr2mca","time":1607644449,"event":{"mods":["AchievementEnabler","BaseMod","Colored Map","Colored Powertips","Highlight Path","Minty Spire (QoL Compilation)","Permanent Neow","Quick Restart","StSLib","SuperFastMode","everything is the same but u backflip on backflip","slay the spire mod where everything is the same but ironclad has a cowboy hat"],"gold_per_floor":[20,20,33,45,45,45,79,97,174,174,174],"floor_reached":10,"playtime":299,"items_purged":[],"score":136,"play_id":"079483c6-17cc-4586-a69d-4ac7e02c4b04","local_time":"20201211005409","is_ascension_mode":true,"campfire_choices":[{"data":"Perfected Strike","floor":6,"key":"SMITH"}],"circlet_count":0,"master_deck":["AscendersBane","Strike_R","Strike_R","Strike_R","Strike_R","Strike_R","Defend_R","Defend_R","Defend_R","Defend_R","Bash+1","Violence","Cleave","Perfected Strike+1","Anger"],"relics":["Burning Blood","CaptainsWheel","Bottled Flame"],"acts_visited":["Exordium"],"potions_floor_usage":[8],"damage_taken":[{"damage":13,"enemies":"Jaw Worm","floor":1,"turns":7},{"damage":1,"enemies":"Small Slimes","floor":3,"turns":3},{"damage":4,"enemies":"2 Louse","floor":4,"turns":2},{"damage":39,"enemies":"Gremlin Nob","floor":7,"turns":4},{"damage":16,"enemies":"Gremlin Gang","floor":8,"turns":4},{"damage":29,"enemies":"Lagavulin","floor":10,"turns":6}],"seed_played":"-6691280503466745558","potions_obtained":[{"floor":4,"key":"SpeedPotion"},{"floor":7,"key":"BlessingOfTheForge"}],"is_trial":false,"path_per_floor":["M","?","M","M","$","R","E","M","T","E"],"character_chosen":"IRONCLAD","items_purchased":[],"campfire_rested":0,"item_purchase_floors":[],"current_hp_per_floor":[61,61,66,68,68,68,35,25,25,0,0],"gold":174,"neow_bonus":"RANDOM_COLORLESS_2","is_daily":false,"chose_seed":false,"campfire_upgraded":1,"win_rate":0.0,"timestamp":1607644449,"path_taken":["M","?","M","M","$","R","E","M","T","E"],"items_purchased_type":[],"build_version":"2020-11-30","purchased_purges":0,"victory":false,"max_hp_per_floor":[75,75,75,75,75,75,75,75,75,75,75],"card_choices":[{"not_picked":["Master of Strategy","Secret Weapon"],"picked":"Violence","floor":0},{"not_picked":["Flex","Dual Wield"],"picked":"Cleave","floor":1},{"not_picked":["Heavy Blade","Headbutt"],"picked":"Perfected Strike","floor":3},{"not_picked":["Thunderclap","Seeing Red"],"picked":"Anger","floor":4},{"not_picked":["Flex","Dropkick","Fire Breathing"],"picked":"SKIP","floor":7},{"not_picked":["Searing Blow","Sword Boomerang","Iron Wave"],"picked":"SKIP","floor":8}],"player_experience":226846,"relics_obtained":[{"floor":7,"key":"CaptainsWheel"},{"floor":9,"key":"Bottled Flame"}],"event_choices":[{"damage_healed":0,"gold_gain":0,"player_choice":"Grow","damage_taken":0,"max_hp_gain":0,"max_hp_loss":0,"event_name":"Living Wall","floor":2,"gold_loss":0,"cards_upgraded":["Bash"]}],"is_beta":false,"boss_relics":[],"items_purged_floors":[],"is_endless":false,"potions_floor_spawned":[4,7],"killed_by":"Lagavulin","ascension_level":20}}