{"host":"ucm8mjzitrd19rjc","time":1607628909,"event":{"mods":["2.2 Compatiblity","BaseMod","StSLib","Better Note","BetterRewards","Colored Map","Colored Powertips","Minty Spire (QoL Compilation)","Replay The Spire","Card Forge","Infinite Spire","Marisa????????"],"gold_per_floor":[129,155,196,214,247,308,308,366,366,366,426,426,101,160,160,311,311,356,356,445,488,488,581,689,792,792,916,916,949,994,1099,1099,1365,1465,1626,1626,1626,1626,1751,1751,1960,2181,2181,1292,1292,1292],"floor_reached":45,"playtime":6428,"items_purged":["Strike_MRS","SuperNova","Defend_MRS"],"score":798,"play_id":"71d0b654-f22a-4533-bd9c-aa9852325923","local_time":"20201210203509","is_ascension_mode":false,"campfire_choices":[{"floor":7.0,"key":"REST"},{"data":"WitchOfGreed","floor":12.0,"key":"SMITH"},{"data":"CollectingQuirk","floor":15.0,"key":"SMITH"},{"data":"WitchOfGreed","floor":32,"key":"SMITH"},{"data":"Clumsy","floor":40,"key":"PURGE"}],"circlet_count":0,"master_deck":["Strike_MRS","Strike_MRS","Defend_MRS","Defend_MRS","Defend_MRS","MasterSpark","UpSweep","PropBag","WitchOfGreed+1","GalacticHalo","WitchOfGreed+1","PulseMagic","PowerUp","SprinkleStarSeal","ShootTheMoon","CollectingQuirk+1","WitchOfGreed+1","CasketOfStar","DeepEcoloBomb","ChargeUpSpray","WitchOfGreed+1","ChargeUpSpray","AsteroidBelt","PowerUp","StarBarrage+1","MagicAbsorber+1","FinalSpark","GalacticHalo+1","infinitespire:SealOfDarkness+","UltimateShortwave","ManaRampage","Chrysalis"],"special_seed":0,"relics":["MiniHakkero","Hammer of Thor","Seething Fire","Anvil of the Gods","Ice Cream","SimpleLauncher","Incense Burner","Meat on the Bone","Lantern","HandmadeGrimoire","ReplayTheSpireMod:DimensionalGlitch","Nloth\u0027s Gift","Gremlin Horn","Bottled Tornado","Peace Pipe","infinitespire:EvilPickle","Replay:Wanted Poster","ReplayTheSpireMod:Ring of Addiction","Toy Ornithopter","White Beast Statue","ReplayTheSpireMod:Ring of Exchange","Durian","infinitespire:FocusingShard","Bottled Lightning","Thread and Needle","Blue Candle"],"acts_visited":["TheBeyond"],"potions_floor_usage":[20,20,21,23,23,24,24,25,25,25,25,27,27,30,31,31,33,33,35,41,41,42,42,45,45],"damage_taken":[{"damage":15.0,"enemies":"infinitespire:Voidling","floor":1.0,"turns":4.0},{"damage":0.0,"enemies":"2 Louse","floor":2.0,"turns":3.0},{"damage":0.0,"enemies":"Cultist","floor":3.0,"turns":4.0},{"damage":0.0,"enemies":"Exordium Thugs","floor":4.0,"turns":2.0},{"damage":10.0,"enemies":"Looter","floor":5.0,"turns":3.0},{"damage":11.0,"enemies":"Replay:BlueRogue","floor":6.0,"turns":8.0},{"damage":17.0,"enemies":"3 Sentries","floor":8.0,"turns":6.0},{"damage":2.0,"enemies":"3 Louse","floor":11.0,"turns":4.0},{"damage":7.0,"enemies":"Large Slime","floor":14.0,"turns":2.0},{"damage":0.0,"enemies":"Slime Boss","floor":16.0,"turns":8.0},{"damage":0.0,"enemies":"Spheric Guardian","floor":18.0,"turns":2.0},{"damage":7,"enemies":"3 Byrds","floor":20,"turns":5},{"damage":0,"enemies":"Snake Plant","floor":21,"turns":2},{"damage":30,"enemies":"Slavers","floor":23,"turns":5},{"damage":5,"enemies":"3 Cultists","floor":24,"turns":5},{"damage":3,"enemies":"Centurion and Healer","floor":25,"turns":4},{"damage":12,"enemies":"Nightmare","floor":27,"turns":9},{"damage":0,"enemies":"Snake Plant","floor":29,"turns":1},{"damage":0,"enemies":"Sentry and Sphere","floor":30,"turns":1},{"damage":7,"enemies":"3 Cultists","floor":31,"turns":3},{"damage":8,"enemies":"Pondfish","floor":33,"turns":9},{"damage":11,"enemies":"Orb Walker","floor":35,"turns":2},{"damage":0,"enemies":"3 Darklings","floor":39,"turns":2},{"damage":14,"enemies":"Writhing Mass","floor":41,"turns":4},{"damage":7,"enemies":"Jaw Worm Horde","floor":42,"turns":3},{"damage":133,"enemies":"Transient","floor":45,"turns":5}],"seed_played":"-3737894495942912405","potions_obtained":[{"floor":1.0,"key":"DistilledChaos"},{"floor":3.0,"key":"Toxic Potion"},{"floor":3.0,"key":"Weak Potion"},{"floor":3.0,"key":"LifebloodPotion"},{"floor":5.0,"key":"Doom Potion"},{"floor":6.0,"key":"BottledSpark"},{"floor":8.0,"key":"ColorlessPotion"},{"floor":11.0,"key":"Weak Potion"},{"floor":11.0,"key":"AttackPotion"},{"floor":11.0,"key":"FearPotion"},{"floor":14.0,"key":"ColorlessPotion"},{"floor":16.0,"key":"FairyPotion"},{"floor":18.0,"key":"BlessingOfTheForge"},{"floor":20,"key":"ColorlessPotion"},{"floor":20,"key":"BlessingOfTheForge"},{"floor":20,"key":"LiquidMemories"},{"floor":21,"key":"Toxic Potion"},{"floor":23,"key":"Languid Potion"},{"floor":23,"key":"Adrenaline Potion"},{"floor":24,"key":"EntropicBrew"},{"floor":24,"key":"Energy Potion"},{"floor":25,"key":"BlessingOfTheForge"},{"floor":25,"key":"Energy Potion"},{"floor":27,"key":"AttackPotion"},{"floor":27,"key":"SkillPotion"},{"floor":30,"key":"AttackPotion"},{"floor":31,"key":"BottledSpark"},{"floor":31,"key":"Energy Potion"},{"floor":33,"key":"AttackPotion"},{"floor":33,"key":"Elixir"},{"floor":35,"key":"PowerPotion"},{"floor":35,"key":"Dexterity Potion"},{"floor":37,"key":"Adrenaline Potion"},{"floor":41,"key":"BottledSpark"},{"floor":41,"key":"Energy Potion"},{"floor":42,"key":"Weak Potion"},{"floor":42,"key":"Milkshake"},{"floor":42,"key":"Elixir"}],"is_trial":false,"path_per_floor":["M","M","M","M","M","E","R","E","T","?","M","R","$","M","R","B",null,"M","?","M","M","?","E","M","M","T","NM","AVR","M","M","M","R","B",null,"M","?","?","T","M","R","M","M","T","$","M"],"character_chosen":"MARISA","items_purchased":["PropBag","WitchOfGreed","Ice Cream","SimpleLauncher","HandmadeGrimoire","Chrysalis","Bottled Lightning","Thread and Needle","DuplicationPotion"],"campfire_rested":1,"item_purchase_floors":[0,0,0,0,13,44,44,44,44],"current_hp_per_floor":[60,60,60,60,50,39,61,44,44,44,42,42,42,47,47,47,75,75,75,68,68,68,38,39,42,42,36,36,42,42,41,41,39,75,64,37,37,42,42,42,40,45,45,45,0,0],"gold":1292,"neow_bonus":"","is_daily":false,"chose_seed":false,"campfire_upgraded":3,"win_rate":0.0,"timestamp":1607628909,"path_taken":["M","M","M","M","?","E","R","E","T","?","M","R","?","M","R","BOSS","M","?","M","M","?","E","M","M","T","NM","AVR","M","M","M","R","BOSS","M","?","?","?","?","R","M","M","T","$","M"],"build_version":"2020-11-30","purchased_purges":3,"victory":false,"max_hp_per_floor":[75,75,75,75,75,75,75,75,75,75,75,75,75,75,75,75,75,75,75,75,75,75,75,75,75,75,75,75,75,75,75,75,75,75,75,75,75,80,80,80,78,78,78,78,78,78],"card_choices":[{"not_picked":["DarkMatter","WitchLeyline"],"picked":"GalacticHalo","floor":1.0},{"not_picked":["StarlightTyphoon","6A"],"picked":"WitchOfGreed","floor":2.0},{"not_picked":["MilkyWay","AlicesGift"],"picked":"PulseMagic","floor":3.0},{"not_picked":["ShootingEcho","Acceleration"],"picked":"PowerUp","floor":4.0},{"not_picked":["UnstableBomb","GrandCross"],"picked":"SprinkleStarSeal","floor":5.0},{"not_picked":["DarkMatter","MeteoricShower"],"picked":"ShootTheMoon","floor":6.0},{"not_picked":["NonDirectionalLaser","WitchLeyline"],"picked":"CollectingQuirk","floor":8.0},{"not_picked":["WitchLeyline","GrandCross"],"picked":"WitchOfGreed","floor":11.0},{"not_picked":["DC","AsteroidBelt","Acceleration"],"picked":"SKIP","floor":14.0},{"not_picked":["SuperNova","BigCrunch"],"picked":"CasketOfStar","floor":16.0},{"not_picked":["MysteriousBeam+1","StarlightTyphoon"],"picked":"DeepEcoloBomb","floor":18.0},{"not_picked":["6A+1","LuminesStrike+1"],"picked":"ChargeUpSpray","floor":20},{"not_picked":["6A","GravityBeat","UnstableBomb+1"],"picked":"SKIP","floor":21},{"not_picked":["JA","DC"],"picked":"WitchOfGreed+1","floor":23},{"not_picked":["GravityBeat","OpenUniverse"],"picked":"ChargeUpSpray","floor":24},{"not_picked":["Occultation","MysteriousBeam"],"picked":"AsteroidBelt","floor":25},{"not_picked":["LuminesStrike+1","AsteroidBelt","SprinkleStarSeal"],"picked":"SKIP","floor":27},{"not_picked":["StarlightTyphoon","GrandCross"],"picked":"PowerUp","floor":29},{"not_picked":["Singularity","GravityBeat"],"picked":"StarBarrage+1","floor":30},{"not_picked":["LuminesStrike","6A"],"picked":"MagicAbsorber+1","floor":31},{"not_picked":["BigCrunch","EscapeVelocity"],"picked":"FinalSpark","floor":33},{"not_picked":["SprinkleStarSeal","Occultation+1"],"picked":"GalacticHalo+1","floor":35},{"not_picked":["infinitespire:Gouge","infinitespire:Oblivion"],"picked":"infinitespire:SealOfDarkness+","floor":36},{"not_picked":["MysteriousBeam+1","DoubleSpark+1"],"picked":"UltimateShortwave","floor":39},{"not_picked":["WitchOfGreed+1","GasGiant","FairyDestructionRay+1"],"picked":"SKIP","floor":41},{"not_picked":["ShootTheMoon+1","OpenUniverse+1"],"picked":"ManaRampage","floor":42}],"player_experience":228102,"relics_obtained":[{"floor":6.0,"key":"Meat on the Bone"},{"floor":8.0,"key":"Lantern"},{"floor":9.0,"key":"Replay:Towering Pillar of Hats"},{"floor":23,"key":"Gremlin Horn"},{"floor":27,"key":"Bottled Tornado"},{"floor":37,"key":"ReplayTheSpireMod:Ring of Addiction"},{"floor":37,"key":"Toy Ornithopter"},{"floor":37,"key":"White Beast Statue"},{"floor":37,"key":"ReplayTheSpireMod:Ring of Exchange"},{"floor":38,"key":"Durian"},{"floor":43,"key":"infinitespire:FocusingShard"}],"event_choices":[{"damage_healed":0.0,"max_hp_gain":0.0,"max_hp_loss":0.0,"gold_gain":0.0,"event_name":"Living Wall","player_choice":"Grow","floor":10.0,"gold_loss":0.0,"damage_taken":0.0,"cards_upgraded":["WitchOfGreed"]},{"damage_healed":0,"gold_gain":0,"cards_transformed":["Strike_MRS"],"player_choice":"Transformed","damage_taken":0,"max_hp_gain":0,"max_hp_loss":0,"event_name":"Transmorgrifier","floor":19,"gold_loss":0,"cards_obtained":["SuperNova"]},{"damage_healed":0,"gold_gain":0,"player_choice":"Traded Relic","damage_taken":0,"relics_obtained":["Nloth\u0027s Gift"],"max_hp_gain":0,"max_hp_loss":0,"event_name":"N\u0027loth","floor":22,"relics_lost":["Replay:Towering Pillar of Hats"],"gold_loss":0}],"is_beta":false,"boss_relics":[{"not_picked":["Busted Crown","ReplayTheSpireMod:SealedPack"],"picked":"ReplayTheSpireMod:DimensionalGlitch"},{"not_picked":["infinitespire:Cupcake","Empty Cage"],"picked":"Replay:Wanted Poster"}],"items_purged_floors":[13,28,44],"is_endless":true,"potions_floor_spawned":[1,3,6,11,21,29,30,35,39],"killed_by":"Transient","ascension_level":0}}