{"host":"mmyob72dycyg5z21","time":1607597847,"event":{"gold_per_floor":[112,128,128,143,161,195,207,207,230,257,257,287,305,305,305,400,400,412,412,3,3,23,51,86,117,117,148,165,178,189,199,199,300,300,311,311,325,335,353,383,394,425,479,479,281,328,355,30,30,30,30,30,30,64,64],"floor_reached":56,"playtime":3163,"items_purged":["Strike_RM","Doubt","BlasphemousPunishment"],"score":1910,"play_id":"eca20d08-3cfa-43b1-9956-9a671e5ada50","local_time":"20201210185727","is_ascension_mode":true,"campfire_choices":[{"data":"ScarletCoffin","floor":11.0,"key":"SMITH"},{"data":"ScarletImprint","floor":15.0,"key":"SMITH"},{"data":"ScarletMeister","floor":32,"key":"SMITH"},{"data":"HeartBreak","floor":44,"key":"SMITH"},{"floor":49,"key":"RECALL"},{"data":"TransientEternity","floor":52,"key":"SMITH"}],"neow_cost":"NONE","seed_source_timestamp":0,"circlet_count":0,"master_deck":["Defend_RM","Defend_RM+1","Defend_RM","Defend_RM","RedMoon","ScarletShoot","ForbiddenFruit","NightLord","DiffusionOfMisfortune","HunterOfTheNight","MastersStateliness+1","ScarletCoffin+1","ScarletImprint+1","Septette","TricksterDevil+1","HeartBreak+1","CurseOfTheBell","VampirishNight","ScarletMeister+1","TransientEternity+1","VampireSweep","CharismaGuard","EquivalentExchange","Amplify","Turbo","Defragment"],"special_seed":0,"relics":["ScarletHat","CaptainsWheel","PreservedInsect","Incense Burner","WingedGreaves","Calling Bell","Darkstone Periapt","MealTicket","FairyMaid","SumDragon","RedBat","Nloth\u0027s Gift","aspiration:Lifesprig","Ornamental Fan","aspiration:SeaSaltIceCream","aspiration:Nostalgia","MiniHakkero","Dead Branch","Mummified Hand","aspiration:DefectSkillbook","aspiration:AnachronicSnailShell","Bottled Flame","HornCleat","Dream Catcher","aspiration:FetidBarrel","CatCart","aspiration:HummingbirdHeart","Chemical X","Lantern"],"potions_floor_usage":[23,38,55,55],"damage_taken":[{"damage":0.0,"enemies":"2 Louse","floor":1.0,"turns":4.0},{"damage":10.0,"enemies":"Cultist","floor":2.0,"turns":4.0},{"damage":0.0,"enemies":"Small Slimes","floor":4.0,"turns":4.0},{"damage":0.0,"enemies":"Exordium Wildlife","floor":5.0,"turns":3.0},{"damage":5.0,"enemies":"3 Sentries","floor":6.0,"turns":5.0},{"damage":0.0,"enemies":"Blue Slaver","floor":7.0,"turns":3.0},{"damage":10.0,"enemies":"Lagavulin","floor":10.0,"turns":2.0},{"damage":15.0,"enemies":"Gremlin Nob","floor":12.0,"turns":5.0},{"damage":0.0,"enemies":"Exordium Thugs","floor":13.0,"turns":4.0},{"damage":12.0,"enemies":"The Guardian","floor":16.0,"turns":18.0},{"damage":0.0,"enemies":"Shell Parasite","floor":18.0,"turns":2.0},{"damage":0.0,"enemies":"3 Byrds","floor":22.0,"turns":5.0},{"damage":3,"enemies":"Gremlin Leader","floor":23,"turns":3},{"damage":0,"enemies":"Book of Stabbing","floor":24,"turns":5},{"damage":21,"enemies":"Gremlin Leader","floor":25,"turns":6},{"damage":3,"enemies":"Slavers","floor":27,"turns":3},{"damage":2,"enemies":"Snecko","floor":28,"turns":2},{"damage":5,"enemies":"Chosen and Byrds","floor":29,"turns":4},{"damage":0,"enemies":"Sentry and Sphere","floor":30,"turns":3},{"damage":0,"enemies":"Snake Plant","floor":31,"turns":4},{"damage":20,"enemies":"Automaton","floor":33,"turns":4},{"damage":5,"enemies":"3 Shapes","floor":35,"turns":2},{"damage":0,"enemies":"Orb Walker","floor":37,"turns":2},{"damage":0,"enemies":"Jaw Worm Horde","floor":38,"turns":4},{"damage":0,"enemies":"Writhing Mass","floor":39,"turns":4},{"damage":1,"enemies":"Giant Head","floor":40,"turns":4},{"damage":40,"enemies":"Transient","floor":41,"turns":5},{"damage":14,"enemies":"Reptomancer","floor":42,"turns":3},{"damage":1,"enemies":"Orin","floor":46,"turns":5},{"damage":10,"enemies":"Giant Head","floor":47,"turns":3},{"damage":5,"enemies":"Time Eater","floor":50,"turns":4},{"damage":2,"enemies":"Shield and Spear","floor":54,"turns":3},{"damage":5,"enemies":"The Heart","floor":55,"turns":5}],"seed_played":"-4131347970591641109","potions_obtained":[{"floor":1.0,"key":"LiquidBronze"},{"floor":4.0,"key":"PowerPotion"},{"floor":10.0,"key":"EssenceOfSteel"},{"floor":22.0,"key":"DuplicationPotion"},{"floor":24,"key":"LiquidMemories"},{"floor":38,"key":"Block Potion"}],"is_trial":false,"path_per_floor":["M","M","?","M","M","E","M","?","T","E","R","E","M","?","R","B",null,"M","?","$","?","M","E","E","E","T","E","M","M","M","M","R","B",null,"M","?","M","M","M","E","M","E","T","R","$","?","E","$","R","B",null,"R","$","E","B",null],"character_chosen":"REMILIA","items_purchased":["SumDragon","RedBat","aspiration:FetidBarrel","Turbo","Chemical X"],"campfire_rested":0,"item_purchase_floors":[20,20,45,48,48],"current_hp_per_floor":[75,66,66,66,66,61,61,61,61,53,53,38,38,43,43,38,80,80,80,80,80,80,80,80,74,74,77,80,80,80,80,80,62,80,75,75,77,80,80,80,47,51,51,51,72,86,86,86,86,83,86,86,86,86,86],"gold":64,"neow_bonus":"TRANSFORM_CARD","is_prod":false,"is_daily":false,"chose_seed":false,"campfire_upgraded":5,"win_rate":0,"timestamp":1607597847,"path_taken":["M","M","?","M","?","E","M","?","T","E","R","E","M","?","R","BOSS","M","?","$","?","M","E","E","E","T","E","M","M","M","?","R","BOSS","M","?","M","M","M","E","M","E","T","R","?","?","E","?","R","BOSS","R","$","E","BOSS"],"build_version":"2020-11-30","purchased_purges":3,"victory":true,"max_hp_per_floor":[75,75,75,75,75,75,75,75,75,75,75,75,75,80,80,80,80,80,80,80,80,80,80,80,80,80,80,80,80,80,80,80,80,80,80,80,80,80,80,80,80,80,80,80,86,86,86,86,86,86,86,86,86,86,86],"card_choices":[{"not_picked":["ScarletGensokyo","MiserableFate"],"picked":"NightLord","floor":1.0},{"not_picked":["ScarletDevil","RedRainbow"],"picked":"DiffusionOfMisfortune","floor":2.0},{"not_picked":["Stigmanizer","RedRainbow"],"picked":"HunterOfTheNight","floor":4.0},{"not_picked":["BloodHunter","VampireKiss"],"picked":"MastersStateliness","floor":5.0},{"not_picked":["Maim","Stigmanizer"],"picked":"ScarletCoffin","floor":6.0},{"not_picked":["DevilSight","TwelveNightmare"],"picked":"BlasphemousPunishment","floor":7.0},{"not_picked":["HunterOfTheNight","VampireKiss"],"picked":"Septette","floor":10.0},{"not_picked":["FavorOfDestiny","BloodHunter"],"picked":"TricksterDevil","floor":12.0},{"not_picked":["BlasphemousPunishment","StarOfDavid","NightDance"],"picked":"SKIP","floor":13.0},{"not_picked":["ScarletCoffin","ForecastOfChange"],"picked":"HeartBreak","floor":16.0},{"not_picked":["UnderTheZenith","BloodHunter","MastersStateliness"],"picked":"SKIP","floor":18.0},{"not_picked":["CharismaGuard","ScarletCoffin"],"picked":"VampirishNight","floor":22.0},{"not_picked":["ScarletGensokyo","RedRainbow+1"],"picked":"ScarletMeister","floor":23},{"not_picked":["NightLord+1","BlasphemousPunishment","DiffusionOfMisfortune"],"picked":"SKIP","floor":24},{"not_picked":["Ultimatum","HellCatastrophe"],"picked":"TransientEternity","floor":25},{"not_picked":["ChaoticDestiny","VampireKiss"],"picked":"VampireSweep","floor":27},{"not_picked":["FavorOfDestiny+1","StarOfDavid","EmergencyRegeneration"],"picked":"SKIP","floor":28},{"not_picked":["LeisurelyOfLord","BombardNight","EndlessAdversity"],"picked":"SKIP","floor":29},{"not_picked":["UnderTheZenith","ScarletDream+1"],"picked":"CharismaGuard","floor":30},{"not_picked":["HunterOfTheNight+1","NightDance","EmergencyRegeneration"],"picked":"SKIP","floor":31},{"not_picked":["BloodRain","DemonKingCradle"],"picked":"EquivalentExchange","floor":33},{"not_picked":["UnstableMagic","Leap","ReincarnationDial","Compile Driver"],"picked":"SKIP","floor":35},{"not_picked":["EndlessAdversity+1","Leap","Streamline+1","Hologram"],"picked":"SKIP","floor":37},{"not_picked":["Force Field","Beam Cell","Go for the Eyes","EmergencyRegeneration+1"],"picked":"SKIP","floor":38},{"not_picked":["Static Discharge","Beam Cell","Steam Power+1","TwelveNightmare"],"picked":"SKIP","floor":39},{"not_picked":["StarOfDavid+1","ForbiddenFruit","EquivalentExchange","Skim"],"picked":"SKIP","floor":40},{"not_picked":["RedRainbow+1","NightDance+1","RedMagic","Conserve Battery+1"],"picked":"SKIP","floor":41},{"not_picked":["StarOfDavid","Hyperbeam","UnderTheZenith","BloodyTrap+1"],"picked":"SKIP","floor":42},{"not_picked":["EmergencyRegeneration","ScarletDream","Conserve Battery"],"picked":"Amplify","floor":47},{"not_picked":["Multi-Cast","UnstableMagic+1","Self Repair"],"picked":"Defragment","floor":54}],"player_experience":443753,"relics_obtained":[{"floor":6.0,"key":"CaptainsWheel"},{"floor":9.0,"key":"PreservedInsect"},{"floor":10.0,"key":"Letter Opener"},{"floor":12.0,"key":"Incense Burner"},{"floor":12.0,"key":"WingedGreaves"},{"floor":17.0,"key":"Darkstone Periapt"},{"floor":17.0,"key":"MealTicket"},{"floor":17.0,"key":"FairyMaid"},{"floor":23,"key":"aspiration:Lifesprig"},{"floor":24,"key":"Ornamental Fan"},{"floor":25,"key":"aspiration:SeaSaltIceCream"},{"floor":26,"key":"Dead Branch"},{"floor":27,"key":"Mummified Hand"},{"floor":37,"key":"aspiration:AnachronicSnailShell"},{"floor":40,"key":"Bottled Flame"},{"floor":42,"key":"HornCleat"},{"floor":42,"key":"Dream Catcher"},{"floor":46,"key":"CatCart"},{"floor":47,"key":"aspiration:HummingbirdHeart"},{"floor":54,"key":"Lantern"}],"event_choices":[{"cards_removed":["Strike_RM"],"damage_healed":0.0,"max_hp_gain":0.0,"max_hp_loss":0.0,"gold_gain":0.0,"event_name":"Wheel of Change","player_choice":"Card Removal","floor":3.0,"gold_loss":0.0,"damage_taken":0.0},{"damage_healed":0.0,"max_hp_gain":0.0,"max_hp_loss":0.0,"gold_gain":0.0,"cards_transformed":["Strike_RM"],"event_name":"Living Wall","player_choice":"Change","floor":8.0,"gold_loss":0.0,"damage_taken":0.0,"cards_obtained":["ScarletImprint"]},{"damage_healed":0.0,"max_hp_gain":5.0,"max_hp_loss":0.0,"gold_gain":0.0,"event_name":"Big Fish","player_choice":"Donut","floor":14.0,"gold_loss":0.0,"damage_taken":0.0},{"damage_healed":0.0,"max_hp_gain":0.0,"max_hp_loss":0.0,"gold_gain":0.0,"event_name":"N\u0027loth","player_choice":"Traded Relic","floor":21.0,"relics_lost":["Letter Opener"],"gold_loss":0.0,"damage_taken":0.0,"relics_obtained":["Nloth\u0027s Gift"]},{"damage_healed":0,"gold_gain":0,"player_choice":"Ignored","damage_taken":0,"max_hp_gain":0,"max_hp_loss":0,"event_name":"Tomb of Lord Red Mask","floor":36,"gold_loss":0},{"damage_healed":0,"gold_gain":0,"player_choice":"Fight","damage_taken":0,"max_hp_gain":0,"max_hp_loss":0,"event_name":"OrinTheCat","floor":46,"gold_loss":0}],"is_beta":false,"boss_relics":[{"not_picked":["Runic Pyramid","Tiny House"],"picked":"Calling Bell"},{"not_picked":["Fusion Hammer","aspiration:RitualDagger"],"picked":"aspiration:DefectSkillbook"}],"items_purged_floors":[20,45,48],"is_endless":false,"potions_floor_spawned":[1,4,10,22,24,25,28,29,30,35,37,47],"ascension_level":1}}