{"host":"bxdue9bkfm2khp2x","time":1607610148,"event":{"gold_per_floor":[119,130,130,145,20,51,51,75,125,1879,1879,1894,1474,1474,1474,1599,1599,1623,1639,1639,1654,1677,1677,1697,1065,1065,1085,513,546,562,162,162,293,293,318,318,318,28,41,41,57,81,81,81,81,115,115,146,146,146],"floor_reached":51,"playtime":4509,"items_purged":["alterego_mod:Strike","alterego_mod:Defend","alterego_mod:Strike","alterego_mod:Defend","alterego_mod:Strike","alterego_mod:Strike","alterego_mod:Defend"],"score":1578,"play_id":"50d86f6b-f970-47bf-a1d5-d9c23d3f084a","local_time":"20201210222228","is_ascension_mode":true,"campfire_choices":[{"data":"alterego_mod:BigMeatyClaws","floor":7,"key":"SMITH"},{"data":"alterego_mod:DiscoLights","floor":15,"key":"SMITH"},{"data":"alterego_mod:ChallengeComplete","floor":23,"key":"SMITH"},{"data":"alterego_mod:DiscoLights","floor":32,"key":"SMITH"},{"data":"alterego_mod:IndependentAction","floor":40,"key":"SMITH"},{"data":"alterego_mod:Rake","floor":45,"key":"SMITH"},{"data":"alterego_mod:BreastValley","floor":47,"key":"SMITH"},{"data":"alterego_mod:BrynhildrsRune","floor":49,"key":"SMITH"}],"neow_cost":"NONE","seed_source_timestamp":92742259005400,"circlet_count":0,"master_deck":["AscendersBane","alterego_mod:Defend","alterego_mod:BigMeatyClaws+1","alterego_mod:BrynhildrsRune+1","TreasureHunter","alterego_mod:BreastValley+1","alterego_mod:DiscoLights+1","alterego_mod:Rake+1","alterego_mod:ChallengeComplete+1","alterego_mod:DiscoLights+1","alterego_mod:DiscoLights+1","alterego_mod:ChallengeComplete+1","alterego_mod:IndependentAction+1","Regret","alterego_mod:DiscoLights+1"],"relics":["alterego_mod:MasochisticConstitution","REME_ComplimentaryCards","DaveBox","ice","RhineSuit","Question Card","Golden Idol","Bag of Marbles","ReplayTheSpireMod:Shallot","Blue Doll","Sundial","GodSword1","Counterbalance","ImportantClient","PatriotShield","Boot","Ginger","vexMod:Spyglass","conspire:DecoderRing","Pondfish Scales","Garlic","ReplayTheSpireMod:Ninjato","Dream Catcher","Vajra","Happy Flower","MetatronsCube","Membership Card","Omamori","HornCleat","GodSword4"],"potions_floor_usage":[],"damage_taken":[{"damage":0,"enemies":"Small Slimes","floor":1,"turns":3},{"damage":0,"enemies":"2 Louse","floor":2,"turns":2},{"damage":0,"enemies":"Jaw Worm","floor":4,"turns":5},{"damage":0,"enemies":"3 Sentries","floor":6,"turns":12},{"damage":0,"enemies":"Large Slime","floor":8,"turns":4},{"damage":1,"enemies":"2 Fungi Beasts","floor":12,"turns":3},{"damage":0,"enemies":"Fading Forest","floor":16,"turns":11},{"damage":2,"enemies":"2 Thieves","floor":18,"turns":4},{"damage":2,"enemies":"3 Byrds","floor":19,"turns":4},{"damage":0,"enemies":"Cultist and Chosen","floor":21,"turns":5},{"damage":3,"enemies":"Centurion and Healer","floor":22,"turns":5},{"damage":0,"enemies":"Shelled Parasite and Fungi","floor":24,"turns":3},{"damage":0,"enemies":"conspire:HollyBat","floor":27,"turns":4},{"damage":0,"enemies":"Book of Stabbing","floor":29,"turns":6},{"damage":0,"enemies":"Centurion and Healer","floor":30,"turns":3},{"damage":0,"enemies":"Automaton","floor":33,"turns":3},{"damage":2,"enemies":"Orb Walker","floor":35,"turns":1},{"damage":2,"enemies":"3 Darklings","floor":39,"turns":3},{"damage":1,"enemies":"Maw","floor":41,"turns":3},{"damage":1,"enemies":"Spire Growth","floor":42,"turns":3},{"damage":1,"enemies":"R_Hoarder","floor":46,"turns":4},{"damage":0,"enemies":"Nemesis","floor":48,"turns":3},{"damage":0,"enemies":"Donu and Deca","floor":50,"turns":4}],"seed_played":"3098584836435255299","potions_obtained":[{"floor":2,"key":"Energy Potion"},{"floor":4,"key":"Milkshake"},{"floor":12,"key":"Block Potion"}],"is_trial":false,"path_per_floor":["M","M","?","M","$","E","R","M","T","$","?","M","$","?","R","B",null,"M","M","?","M","M","R","M","$","T","M","$","E","M","$","R","B",null,"M","?","?","$","M","R","M","M","T","$","R","E","R","E","R","B",null],"character_chosen":"The_Alterego","items_purchased":["Dota2Spire:Clarity","Sundial","GodSword1","alterego_mod:ChallengeComplete","Fire Potion","Counterbalance","Boot","Ginger","vexMod:Spyglass","alterego_mod:ChallengeComplete+1","Pondfish Scales","Garlic","Vajra","Happy Flower","Membership Card","Omamori"],"campfire_rested":0,"item_purchase_floors":[5,10,10,10,10,13,25,25,25,25,28,28,31,31,38,38],"current_hp_per_floor":[63,70,53,60,60,70,70,70,70,70,75,75,75,75,75,75,76,75,74,74,78,79,79,79,79,79,79,79,79,79,79,79,79,79,78,80,80,80,79,79,79,79,79,79,79,79,79,79,79,79],"gold":146,"neow_bonus":"REMOVE_CARD","is_prod":false,"is_daily":false,"chose_seed":false,"campfire_upgraded":8,"win_rate":0,"timestamp":1607610148,"path_taken":["M","M","?","M","$","E","R","M","T","$","?","M","?","?","R","BOSS","M","M","?","?","M","R","M","$","T","M","$","E","M","?","R","BOSS","M","?","?","$","M","R","M","M","T","?","R","E","R","E","R","BOSS"],"build_version":"2020-11-30","purchased_purges":7,"victory":true,"max_hp_per_floor":[70,70,70,70,70,70,70,70,70,70,75,76,76,76,76,76,76,77,78,78,78,79,79,79,79,79,79,79,79,79,79,79,79,79,80,80,80,80,81,81,82,83,83,83,83,84,84,84,84,84],"card_choices":[{"not_picked":["alterego_mod:Support","alterego_mod:Cooking","alterego_mod:Cycle"],"picked":"SKIP","floor":1},{"not_picked":["alterego_mod:PerceptionDisorder","alterego_mod:BeGentle","alterego_mod:DeftHands"],"picked":"alterego_mod:BreastValley","floor":2},{"not_picked":["alterego_mod:Jiggle","alterego_mod:Exercise","alterego_mod:Cycle"],"picked":"alterego_mod:DiscoLights","floor":4},{"not_picked":["alterego_mod:Jiggle","alterego_mod:Alter","alterego_mod:Smother"],"picked":"alterego_mod:Rake","floor":6},{"not_picked":["alterego_mod:RocketPunch","alterego_mod:SuperDuperMasochism","alterego_mod:Mirror","alterego_mod:SakuraLabyrinth"],"picked":"SKIP","floor":8},{"not_picked":["alterego_mod:Clones","alterego_mod:ChallengeComplete","alterego_mod:Jiggle"],"picked":"alterego_mod:DiscoLights","floor":12},{"not_picked":["alterego_mod:HighServant","alterego_mod:Cushion+1","alterego_mod:Cooking","alterego_mod:BeGentle+1"],"picked":"SKIP","floor":18},{"not_picked":["alterego_mod:Punishment+1","alterego_mod:DeftHands","alterego_mod:Mirror","alterego_mod:Rip+1"],"picked":"SKIP","floor":19},{"not_picked":["alterego_mod:Vow","alterego_mod:Table","alterego_mod:PresenceConcealment","alterego_mod:Cycle"],"picked":"SKIP","floor":21},{"not_picked":["alterego_mod:Mirror","alterego_mod:RidiculouslyBig","alterego_mod:GoddessCore","alterego_mod:Table"],"picked":"SKIP","floor":22},{"not_picked":["alterego_mod:Punishment","alterego_mod:Jiggle","alterego_mod:Skirt"],"picked":"alterego_mod:DiscoLights","floor":24},{"not_picked":["alterego_mod:Undulate","alterego_mod:RidiculouslyBig","alterego_mod:HighServant","alterego_mod:Pet"],"picked":"SKIP","floor":27},{"not_picked":["alterego_mod:Pet","alterego_mod:Complex","alterego_mod:Punishment"],"picked":"alterego_mod:IndependentAction","floor":29},{"not_picked":["alterego_mod:SakuraFive","alterego_mod:BusterCard","alterego_mod:DeftHands","alterego_mod:PerceptionDisorder"],"picked":"SKIP","floor":30},{"not_picked":["alterego_mod:Lingerie","alterego_mod:GoddessCore","alterego_mod:Skirt+1","alterego_mod:HighServant"],"picked":"SKIP","floor":35},{"not_picked":["alterego_mod:Bounce","alterego_mod:Rip+1","alterego_mod:Birthday","alterego_mod:SakuraFive+1"],"picked":"SKIP","floor":39},{"not_picked":["alterego_mod:SuperDuperMasochism","alterego_mod:GachaTicket","alterego_mod:Mirror+1","alterego_mod:HighServant+1"],"picked":"SKIP","floor":41},{"not_picked":["alterego_mod:SuperDuperMasochism+1","alterego_mod:Nekomimi","alterego_mod:Rip+1","alterego_mod:DustData+1"],"picked":"SKIP","floor":42},{"not_picked":["alterego_mod:Belle+1","alterego_mod:Support+1","alterego_mod:Jiggle+1"],"picked":"alterego_mod:DiscoLights+1","floor":46},{"not_picked":["alterego_mod:RocketPunch","alterego_mod:Valkyrie","alterego_mod:Pet","alterego_mod:PresenceConcealment"],"picked":"SKIP","floor":48}],"player_experience":1367261,"relics_obtained":[{"floor":1,"key":"Question Card"},{"floor":6,"key":"Bag of Marbles"},{"floor":6,"key":"ReplayTheSpireMod:Shallot"},{"floor":9,"key":"Blue Doll"},{"floor":16,"key":"ImportantClient"},{"floor":26,"key":"conspire:DecoderRing"},{"floor":29,"key":"ReplayTheSpireMod:Ninjato"},{"floor":29,"key":"Dream Catcher"},{"floor":43,"key":"HornCleat"},{"floor":46,"key":"GodSword4"}],"event_choices":[{"damage_healed":0,"gold_gain":0,"player_choice":"Take Damage","damage_taken":17,"relics_obtained":["Golden Idol"],"max_hp_gain":0,"max_hp_loss":0,"event_name":"Golden Idol","floor":3,"gold_loss":0},{"damage_healed":0,"gold_gain":0,"player_choice":"Donut","damage_taken":0,"max_hp_gain":5,"max_hp_loss":0,"event_name":"Big Fish","floor":11,"gold_loss":0},{"damage_healed":0,"gold_gain":0,"player_choice":"Upgraded","damage_taken":0,"max_hp_gain":0,"max_hp_loss":0,"event_name":"Upgrade Shrine","floor":20,"gold_loss":0,"cards_upgraded":["alterego_mod:DiscoLights"]}],"is_beta":false,"boss_relics":[{"not_picked":["vexMod:RockOfEvil","vexMod:CursedCompass"],"picked":"PatriotShield"},{"not_picked":["SacredBark","Coffee Dripper"],"picked":"MetatronsCube"}],"items_purged_floors":[5,10,13,25,28,31,38],"is_endless":false,"potions_floor_spawned":[2,4,12,16,18,22,27,29,33,42,46,48],"ascension_level":10}}