{"host":"mvlqq966zh3ccmv5","time":1607612358,"event":{"mods":["BaseMod","AchievementEnabler","SuperFastMode","Minty Spire (QoL Compilation)","DeckTracker"],"gold_per_floor":[114,114,133,113,123,140,150,150,150,150,75,87,162,175,175,271,271,291,291,216,234,245,245,245,261,261,281,297,311,211,211,211,211,211],"floor_reached":33,"playtime":811,"items_purged":["Strike_P","Defend_P"],"score":268,"play_id":"6ed54900-f64a-46a2-8456-f3a02b63ef02","local_time":"20201210235918","is_ascension_mode":false,"campfire_choices":[{"data":"FlurryOfBlows","floor":8.0,"key":"SMITH"},{"data":"Consecrate","floor":10.0,"key":"SMITH"},{"data":"TalkToTheHand","floor":15.0,"key":"SMITH"},{"data":"Ghostly","floor":23.0,"key":"SMITH"},{"data":"Ghostly","floor":32.0,"key":"SMITH"}],"circlet_count":0,"master_deck":["Strike_P","Strike_P","Defend_P","Defend_P","Defend_P","Eruption+1","Vigilance","Consecrate+1","TalkToTheHand+1","CutThroughFate","Vengeance","FlurryOfBlows+1","ClearTheMind","DeusExMachina","DeceiveReality","Ghostly+1","Ghostly+1","Ghostly","Ghostly","Ghostly","InnerPeace","EmptyFist+1"],"special_seed":0,"relics":["Cursed Key"],"acts_visited":[],"potions_floor_usage":[33,33],"damage_taken":[{"damage":3.0,"enemies":"2 Louse","floor":1.0,"turns":2.0},{"damage":0.0,"enemies":"Cultist","floor":3.0,"turns":2.0},{"damage":0.0,"enemies":"Jaw Worm","floor":5.0,"turns":2.0},{"damage":0.0,"enemies":"2 Fungi Beasts","floor":6.0,"turns":2.0},{"damage":0.0,"enemies":"Gremlin Gang","floor":7.0,"turns":2.0},{"damage":3.0,"enemies":"Blue Slaver","floor":12.0,"turns":2.0},{"damage":0.0,"enemies":"Red Slaver","floor":14.0,"turns":3.0},{"damage":8.0,"enemies":"The Guardian","floor":16.0,"turns":7.0},{"damage":11.0,"enemies":"3 Byrds","floor":18.0,"turns":5.0},{"damage":0.0,"enemies":"Spheric Guardian","floor":21.0,"turns":5.0},{"damage":0.0,"enemies":"Centurion and Healer","floor":22.0,"turns":6.0},{"damage":13.0,"enemies":"Cultist and Chosen","floor":25.0,"turns":8.0},{"damage":0.0,"enemies":"Snecko","floor":27.0,"turns":5.0},{"damage":7.0,"enemies":"Centurion and Healer","floor":28.0,"turns":6.0},{"damage":0.0,"enemies":"Snake Plant","floor":29.0,"turns":5.0},{"damage":6,"enemies":"Collector","floor":33,"turns":7}],"seed_played":"5041238047686825555","potions_obtained":[{"floor":3.0,"key":"BlessingOfTheForge"},{"floor":4.0,"key":"BottledMiracle"},{"floor":5.0,"key":"PowerPotion"},{"floor":6.0,"key":"AttackPotion"},{"floor":7.0,"key":"SteroidPotion"},{"floor":25.0,"key":"StancePotion"},{"floor":27.0,"key":"SteroidPotion"}],"is_trial":false,"path_per_floor":["M","?","M","?","M","M","M","R","T","R","$","M","?","M","R","B",null,"M","?","?","M","M","R","?","M","T","M","M","M","$","?","R","B"],"character_chosen":"WATCHER","items_purchased":[],"campfire_rested":0,"item_purchase_floors":[],"current_hp_per_floor":[69,69,69,69,69,69,69,69,69,69,69,66,55,55,55,47,72,61,36,36,36,36,36,36,23,23,23,16,16,16,16,16,10,10],"gold":211,"neow_bonus":"BOSS_RELIC","is_daily":false,"chose_seed":false,"campfire_upgraded":5,"win_rate":0,"timestamp":1607612358,"path_taken":["M","?","M","?","M","M","M","R","T","R","$","?","?","M","R","BOSS","M","?","?","M","M","R","?","?","T","M","M","M","$","?","R","BOSS"],"build_version":"2020-11-30","purchased_purges":2,"victory":false,"max_hp_per_floor":[72,72,72,72,72,72,72,72,72,72,72,72,72,72,72,72,72,72,36,36,36,36,36,36,36,36,36,36,36,36,36,36,36,36],"card_choices":[{"not_picked":["ThirdEye","Meditate"],"picked":"Consecrate","floor":1.0},{"not_picked":["Wireheading","JustLucky"],"picked":"TalkToTheHand","floor":3.0},{"not_picked":["LikeWater","EmptyBody"],"picked":"CutThroughFate","floor":5.0},{"not_picked":["SandsOfTime","Consecrate"],"picked":"Vengeance","floor":6.0},{"not_picked":["Crescendo","SignatureMove"],"picked":"FlurryOfBlows","floor":7.0},{"not_picked":["Perseverance","PathToVictory"],"picked":"ClearTheMind","floor":12.0},{"not_picked":["CrushJoints","Prostrate","FlyingSleeves"],"picked":"SKIP","floor":14.0},{"not_picked":["Omniscience","Ragnarok"],"picked":"DeusExMachina","floor":16.0},{"not_picked":["SignatureMove","PathToVictory"],"picked":"DeceiveReality","floor":18.0},{"not_picked":["FollowUp","FlyingSleeves","CrushJoints"],"picked":"SKIP","floor":21.0},{"not_picked":["ThirdEye","SashWhip"],"picked":"InnerPeace","floor":22.0},{"not_picked":["ThirdEye","Indignation","SashWhip"],"picked":"SKIP","floor":25.0},{"not_picked":["PathToVictory","CrushJoints"],"picked":"EmptyFist+1","floor":27.0},{"not_picked":["Vengeance+1","Halt+1","Prostrate"],"picked":"SKIP","floor":28.0},{"not_picked":["LikeWater","JustLucky","WheelKick"],"picked":"SKIP","floor":29.0}],"player_experience":189701,"relics_obtained":[],"event_choices":[{"damage_healed":0.0,"max_hp_gain":0.0,"max_hp_loss":0.0,"gold_gain":0.0,"event_name":"Living Wall","player_choice":"Grow","floor":2.0,"gold_loss":0.0,"damage_taken":0.0,"cards_upgraded":["Eruption"]},{"damage_healed":0.0,"max_hp_gain":0.0,"max_hp_loss":0.0,"gold_gain":0.0,"event_name":"The Woman in Blue","player_choice":"Bought 1 Potion","floor":4.0,"gold_loss":0.0,"damage_taken":0.0},{"damage_healed":0.0,"max_hp_gain":0.0,"max_hp_loss":0.0,"gold_gain":75.0,"event_name":"World of Goop","player_choice":"Gather Gold","floor":13.0,"gold_loss":0.0,"damage_taken":11.0},{"damage_healed":0.0,"max_hp_gain":0.0,"max_hp_loss":36.0,"gold_gain":0.0,"event_name":"Ghosts","player_choice":"Became a Ghost","floor":19.0,"gold_loss":0.0,"damage_taken":0.0,"cards_obtained":["Ghostly","Ghostly","Ghostly","Ghostly","Ghostly"]},{"cards_removed":["Strike_P"],"damage_healed":0.0,"max_hp_gain":0.0,"max_hp_loss":0.0,"gold_gain":0.0,"event_name":"Beggar","player_choice":"Gave Gold","floor":20.0,"gold_loss":75.0,"damage_taken":0.0},{"damage_healed":0.0,"max_hp_gain":0.0,"max_hp_loss":0.0,"gold_gain":0.0,"event_name":"Wheel of Change","player_choice":"Relic","floor":24.0,"gold_loss":0.0,"damage_taken":0.0},{"damage_healed":0.0,"max_hp_gain":0.0,"max_hp_loss":0.0,"gold_gain":0.0,"event_name":"WeMeetAgain","player_choice":"Ignored","floor":31.0,"gold_loss":0.0,"damage_taken":0.0}],"is_beta":false,"boss_relics":[{"not_picked":["Sozu","Philosopher\u0027s Stone","Coffee Dripper"]}],"items_purged_floors":[11,30],"is_endless":false,"potions_floor_spawned":[3,5,6,7,14,25,27,29],"killed_by":"Collector","ascension_level":0}}