{"host":"qm4rv4rkpk76sbxu","time":1607608848,"event":{"mods":["BaseMod","Bestiary","Block Reminder","Keyboard Shortcuts","Minty Spire (QoL Compilation)","MonsterHotkey","Quick Restart","Relic Stats","Slay-I","StSLib","ojb\u0027s Better Paths Mod","DeckTracker","Filter the Spire","Potion Indicator Mod","Random Character Button"],"gold_per_floor":[115,127,202,202,215,215,265,290,316,316,316],"floor_reached":10,"playtime":187,"items_purged":[],"score":132,"play_id":"41676235-75bd-42ac-84df-2b9bf808011e","local_time":"20201210150048","is_ascension_mode":true,"campfire_choices":[{"data":"Dagger Spray","floor":6.0,"key":"SMITH"}],"circlet_count":0,"master_deck":["AscendersBane","Strike_G","Strike_G","Strike_G","Strike_G","Defend_G","Defend_G","Defend_G","Defend_G","Defend_G","Survivor","Neutralize","Dagger Spray+1","Dagger Throw","Backstab","Backflip"],"special_seed":0,"relics":["Ring of the Snake","NeowsBlessing","Art of War","Bag of Marbles"],"acts_visited":["Exordium"],"potions_floor_usage":[10],"damage_taken":[{"damage":0.0,"enemies":"Small Slimes","floor":1.0,"turns":1.0},{"damage":0.0,"enemies":"2 Louse","floor":2.0,"turns":1.0},{"damage":0.0,"enemies":"Cultist","floor":5.0,"turns":1.0},{"damage":24.0,"enemies":"Gremlin Nob","floor":8.0,"turns":4.0},{"damage":19,"enemies":"Lagavulin","floor":10,"turns":7}],"seed_played":"2082085447362783564","potions_obtained":[{"floor":2.0,"key":"Poison Potion"},{"floor":5.0,"key":"SpeedPotion"}],"is_trial":false,"path_per_floor":["M","M","?","?","M","R","?","E","T","E"],"character_chosen":"THE_SILENT","items_purchased":[],"campfire_rested":0,"item_purchase_floors":[],"current_hp_per_floor":[59,59,48,41,41,41,41,17,17,0,0],"gold":316,"neow_bonus":"THREE_ENEMY_KILL","is_daily":false,"chose_seed":false,"campfire_upgraded":1,"win_rate":0,"timestamp":1607608848,"path_taken":["M","M","?","?","M","R","?","E","T","E"],"build_version":"2020-11-30","purchased_purges":0,"victory":false,"max_hp_per_floor":[66,66,66,66,66,66,66,66,66,66,66],"relic_stats":{"counters":[5,14],"Art of War":[2],"obtain_stats":[{"NeowsBlessing":0,"Art of War":8,"Bag of Marbles":9,"Ring of the Snake":0},{"NeowsBlessing":0,"Art of War":4,"Bag of Marbles":4,"Ring of the Snake":0},{"NeowsBlessing":0,"Art of War":7,"Bag of Marbles":7,"Ring of the Snake":0}],"Ring of the Snake":[10]},"card_choices":[{"not_picked":["Underhanded Strike","Escape Plan"],"picked":"Dagger Spray","floor":1.0},{"not_picked":["Quick Slash","Backflip"],"picked":"Dagger Throw","floor":2.0},{"not_picked":["Catalyst","Reflex"],"picked":"Backstab","floor":5.0},{"not_picked":["Masterful Stab","Dagger Spray"],"picked":"Backflip","floor":8.0}],"player_experience":1028532,"relics_obtained":[{"floor":8.0,"key":"Art of War"},{"floor":9.0,"key":"Bag of Marbles"}],"event_choices":[{"damage_healed":0.0,"max_hp_gain":0.0,"max_hp_loss":0.0,"gold_gain":75.0,"event_name":"World of Goop","player_choice":"Gather Gold","floor":3.0,"gold_loss":0.0,"damage_taken":11.0},{"cards_removed":["Strike_G"],"damage_healed":0.0,"max_hp_gain":0.0,"max_hp_loss":0.0,"gold_gain":0.0,"event_name":"Golden Wing","player_choice":"Card Removal","floor":4.0,"gold_loss":0.0,"damage_taken":7.0},{"damage_healed":0.0,"max_hp_gain":0.0,"max_hp_loss":0.0,"gold_gain":50.0,"event_name":"Golden Shrine","player_choice":"Pray","floor":7.0,"gold_loss":0.0,"damage_taken":0.0}],"is_beta":false,"boss_relics":[],"items_purged_floors":[],"is_endless":false,"potions_floor_spawned":[2,5],"killed_by":"Lagavulin","ascension_level":20}}