{"host":"m7puq4mk16tgc6yn","time":1607585413,"event":{"gold_per_floor":[116,133,151,6,17,17,51,51,51,64,93,18,18,18],"floor_reached":13,"playtime":585,"items_purged":["Strike_R"],"score":109,"play_id":"c83a851b-5d80-424f-9bcd-c0e237b0c899","local_time":"20201209233013","is_ascension_mode":true,"campfire_choices":[{"data":"Metallicize","floor":6,"key":"SMITH"},{"floor":8,"key":"REST"}],"neow_cost":"NONE","seed_source_timestamp":5080885103800,"circlet_count":0,"master_deck":["Strike_R","Strike_R","Strike_R","Strike_R","Defend_R","Defend_R","Defend_R","Defend_R","Bash","Pommel Strike","Metallicize+1","True Grit","Armaments","Thunderclap","Thunderclap","Headbutt","Shrug It Off","Iron Wave","Hemokinesis"],"relics":["Runic Cube","Orrery","Mercury Hourglass","Frozen Egg 2","Bottled Lightning"],"potions_floor_usage":[7,11,12,13,13,13],"damage_taken":[{"damage":6,"enemies":"Cultist","floor":1,"turns":4},{"damage":2,"enemies":"Jaw Worm","floor":2,"turns":3},{"damage":4,"enemies":"2 Louse","floor":3,"turns":3},{"damage":22,"enemies":"Large Slime","floor":5,"turns":7},{"damage":27,"enemies":"3 Sentries","floor":7,"turns":8},{"damage":5,"enemies":"Blue Slaver","floor":10,"turns":5},{"damage":35,"enemies":"Gremlin Nob","floor":11,"turns":5},{"damage":9,"enemies":"Lagavulin","floor":13,"turns":7}],"seed_played":"5903131251454929929","potions_obtained":[{"floor":1,"key":"Swift Potion"},{"floor":10,"key":"LiquidBronze"},{"floor":11,"key":"EntropicBrew"}],"is_trial":false,"path_per_floor":["M","M","M","$","M","R","E","R","T","M","E","$","E"],"character_chosen":"IRONCLAD","items_purchased":["Orrery"],"campfire_rested":1,"item_purchase_floors":[4],"current_hp_per_floor":[74,72,68,68,46,46,19,43,43,38,3,3,0,0],"gold":18,"neow_bonus":"BOSS_RELIC","is_prod":false,"is_daily":false,"chose_seed":false,"campfire_upgraded":1,"win_rate":0,"timestamp":1607585413,"path_taken":["M","M","?","$","M","R","E","R","T","M","E","$","E"],"build_version":"2020-11-30","purchased_purges":1,"victory":false,"max_hp_per_floor":[80,80,80,80,80,80,80,80,80,80,80,80,80,80],"relic_stats":{"counters":[8,42],"obtain_stats":[{"Orrery":4,"Bottled Lightning":11,"Frozen Egg 2":9,"Burning Blood":0,"Runic Cube":0,"Mercury Hourglass":7},{"Orrery":3,"Bottled Lightning":7,"Frozen Egg 2":5,"Burning Blood":0,"Runic Cube":0,"Mercury Hourglass":5},{"Orrery":10,"Bottled Lightning":35,"Frozen Egg 2":25,"Burning Blood":0,"Runic Cube":0,"Mercury Hourglass":25}],"Runic Cube":[18],"Mercury Hourglass":[42]},"card_choices":[{"not_picked":["Blood for Blood","Heavy Blade"],"picked":"Pommel Strike","floor":1},{"not_picked":["Pummel","Rampage"],"picked":"Metallicize","floor":2},{"not_picked":["Feel No Pain","Twin Strike"],"picked":"True Grit","floor":3},{"not_picked":["Dual Wield","Twin Strike"],"picked":"Armaments","floor":4},{"not_picked":["Reckless Charge","Sentinel"],"picked":"Thunderclap","floor":4},{"not_picked":["Iron Wave","Rampage"],"picked":"Thunderclap","floor":4},{"not_picked":["Perfected Strike","Clothesline"],"picked":"Headbutt","floor":5},{"not_picked":["Warcry","Power Through"],"picked":"Shrug It Off","floor":7},{"not_picked":["Wild Strike","Flex"],"picked":"Iron Wave","floor":10},{"not_picked":["Dual Wield","Flex"],"picked":"Hemokinesis","floor":11}],"player_experience":46630,"relics_obtained":[{"floor":7,"key":"Mercury Hourglass"},{"floor":9,"key":"Frozen Egg 2"},{"floor":11,"key":"Bottled Lightning"}],"event_choices":[],"is_beta":false,"boss_relics":[],"items_purged_floors":[12],"is_endless":false,"potions_floor_spawned":[1,10,11],"killed_by":"Lagavulin","ascension_level":3}}