{"host":"h792lphzw6wlba86","time":1607571522,"event":{"gold_per_floor":[118,133,133,133,143,143,169,169,169,198,216,216,234,250,250,353,353,371,390,408,408,408],"floor_reached":21,"playtime":1925,"items_purged":[],"score":193,"play_id":"166b8695-1436-4af4-88d4-b14c1f959238","local_time":"20201209213842","is_ascension_mode":false,"campfire_choices":[{"data":"Summon_Undead","floor":6,"key":"SMITH"},{"data":"Summon_Undead_Army","floor":8,"key":"SMITH"},{"data":"Shade_Step","floor":12,"key":"SMITH"},{"data":"Bones_to_Steel","floor":15,"key":"SMITH"}],"neow_cost":"NONE","seed_source_timestamp":94340074154000,"circlet_count":0,"master_deck":["conspire:GhostlyStrike","conspire:GhostlyStrike","conspire:GhostlyStrike","conspire:GhostlyDefend","conspire:GhostlyDefend","conspire:GhostlyDefend","Negative_Energy_Arrows","Bone_Wall","Summon_Undead+1","Death_March_Dance","Summon_Undead_Army+1","Summon_Lich","Shade_Step+1","Bones_to_Steel+1","Spectral_Walk+1","Bone_Armor+1","Bone_Armor"],"relics":["Vampire_Amulet","ReplayFunnel","Bottled Tornado","halation:PrussianBluePaint","Black Star","NlothsMask"],"potions_floor_usage":[],"damage_taken":[{"damage":0,"enemies":"Cultist","floor":1,"turns":5},{"damage":2,"enemies":"2 Louse","floor":2,"turns":4},{"damage":7,"enemies":"Jaw Worm","floor":5,"turns":7},{"damage":4,"enemies":"HollowMod:MossKnight","floor":7,"turns":18},{"damage":22,"enemies":"3 Sentries","floor":10,"turns":6},{"damage":18,"enemies":"Gremlin Gang","floor":11,"turns":3},{"damage":5,"enemies":"3 Louse","floor":13,"turns":4},{"damage":1,"enemies":"Looter","floor":14,"turns":3},{"damage":7,"enemies":"Fading Forest","floor":16,"turns":11},{"damage":8,"enemies":"Spheric Guardian","floor":18,"turns":4},{"damage":23,"enemies":"Snake Plant","floor":19,"turns":5},{"damage":34,"enemies":"3 Cultists","floor":20,"turns":6}],"seed_played":"437146781810296776","potions_obtained":[{"floor":2,"key":"CultistPotion"},{"floor":10,"key":"Explosive Potion"},{"floor":13,"key":"Death Potion"}],"is_trial":false,"path_per_floor":["M","M","?","?","M","R","E","R","T","E","M","R","M","M","R","B",null,"M","M","M","?"],"character_chosen":"NECROMANCER","items_purchased":[],"campfire_rested":0,"item_purchase_floors":[],"current_hp_per_floor":[75,75,75,75,70,70,74,74,74,58,54,54,55,65,65,75,75,69,48,20,20,20],"gold":408,"neow_bonus":"TRANSFORM_CARD","is_prod":false,"is_daily":false,"chose_seed":false,"campfire_upgraded":4,"win_rate":0.0,"timestamp":1607571522,"path_taken":["M","M","?","?","?","R","E","R","T","E","M","R","?","M","R","BOSS","M","M","M","?"],"build_version":"2020-11-30","purchased_purges":0,"victory":false,"max_hp_per_floor":[75,75,75,75,75,75,75,75,75,75,75,75,75,75,75,75,75,75,75,75,75,75],"card_choices":[{"not_picked":["Negative_Energy_Mist","Shackles_Of_Pain"],"picked":"Death_March_Dance","floor":1},{"not_picked":["Bone_Armor","Negative_Energy_Mist","Blood_Whip"],"picked":"SKIP","floor":2},{"not_picked":["Shackles_Of_Pain","Toxic_Smoke_Screen","Death_Coil"],"picked":"SKIP","floor":5},{"not_picked":["Slay_Living","Hellfire"],"picked":"Summon_Undead_Army","floor":7},{"not_picked":["Death_Coil","Flesh_Made_Foul"],"picked":"Summon_Lich","floor":10},{"not_picked":["Scare","Summon_Lich"],"picked":"Shade_Step","floor":11},{"not_picked":["Vampiric_Strike","Shackles_Of_Pain"],"picked":"Bones_to_Steel","floor":13},{"not_picked":["Blood_Whip","Blood_Curse","Necromantic_Selection"],"picked":"SKIP","floor":14},{"not_picked":["Negative_Energy_Sphere","Bone_Bullets"],"picked":"Spectral_Walk+1","floor":18},{"not_picked":["Summon_Undead","Life_Drain"],"picked":"Bone_Armor+1","floor":19},{"not_picked":["Negative_Energy_Sphere","Whirlwind_of_Bones"],"picked":"Bone_Armor","floor":20}],"player_experience":570730,"relics_obtained":[{"floor":7,"key":"ReplayFunnel"},{"floor":9,"key":"Bottled Tornado"},{"floor":10,"key":"halation:PrussianBluePaint"}],"event_choices":[{"damage_healed":0,"gold_gain":0,"player_choice":"Agree","damage_taken":0,"max_hp_gain":0,"max_hp_loss":0,"event_name":"conspire:LoneGhost","floor":3,"gold_loss":0},{"damage_healed":0,"gold_gain":0,"player_choice":"Trade","damage_taken":0,"relics_obtained":["NlothsMask"],"max_hp_gain":0,"max_hp_loss":0,"event_name":"FaceTrader","floor":21,"gold_loss":0}],"is_beta":false,"boss_relics":[{"not_picked":["aspiration:FutureDiary","hubris:VirtuousBlindfold"],"picked":"Black Star"}],"items_purged_floors":[],"is_endless":false,"potions_floor_spawned":[2,10,13,18,19],"ascension_level":0}}