{"host":"72lt20yb89m1ezcj","time":1607621787,"event":{"mods":["BaseMod","Minty Spire (QoL Compilation)","Reorder Act Four","AchievementEnabler","AlwaysNeverKeys","BetterRewards","Colored Powertips","Highlight Path","StSLib","everything is the same but u backflip on backflip","Block Reminder","Rare Cards Sparkle","slay the spire mod where everything is the same but ironclad has a cowboy hat","2.2 Compatiblity","Better Note"],"gold_per_floor":[113,113,113,133,148,148,173,173,173,186,206,239,254,272,272,376,376,356,356,356,356,369,404,404,404],"floor_reached":24,"playtime":1031,"items_purged":[],"score":253,"play_id":"7e5023f0-b30c-417c-b7a0-43d107e48623","local_time":"20201210113627","is_ascension_mode":false,"campfire_choices":[{"floor":6,"key":"RECALL"},{"floor":8,"key":"REST"},{"data":"White Noise","floor":15,"key":"SMITH"}],"circlet_count":0,"master_deck":["Strike_B","Strike_B","Strike_B","Strike_B","Defend_B","Defend_B","Defend_B","Defend_B","Zap","Dualcast","Cold Snap","Leap","Auto Shields","Self Repair","Coolheaded","Streamline","White Noise+1","Ball Lightning","Glacier","Steam","Ball Lightning","Echo Form","Loop+1","Auto Shields","Undo+1","Redo"],"relics":["Cracked Core","Pear","Art of War","Question Card","Symbiotic Virus","Inserter","White Beast Statue"],"acts_visited":["Exordium","TheCity"],"potions_floor_usage":[],"damage_taken":[{"damage":8,"enemies":"Jaw Worm","floor":1,"turns":3},{"damage":2,"enemies":"Small Slimes","floor":4,"turns":3},{"damage":0,"enemies":"Cultist","floor":5,"turns":3},{"damage":25,"enemies":"Lagavulin","floor":7,"turns":11},{"damage":7,"enemies":"Exordium Wildlife","floor":10,"turns":8},{"damage":2,"enemies":"2 Fungi Beasts","floor":11,"turns":3},{"damage":14,"enemies":"3 Sentries","floor":12,"turns":10},{"damage":3,"enemies":"3 Louse","floor":13,"turns":3},{"damage":0,"enemies":"Large Slime","floor":14,"turns":3},{"damage":26,"enemies":"The Guardian","floor":16,"turns":10},{"damage":20,"enemies":"2 Thieves","floor":18,"turns":5},{"damage":7,"enemies":"Shell Parasite","floor":22,"turns":5},{"damage":17,"enemies":"Book of Stabbing","floor":23,"turns":5},{"damage":70,"enemies":"Chosen and Byrds","floor":24,"turns":10}],"seed_played":"2944140341878627141","potions_obtained":[{"floor":1,"key":"GamblersBrew"},{"floor":7,"key":"Energy Potion"},{"floor":13,"key":"Energy Potion"}],"is_trial":false,"path_per_floor":["M","?","?","M","M","R","E","R","T","M","M","E","M","M","R","B",null,"M","?","?","?","M","E","M"],"character_chosen":"DEFECT","items_purchased":[],"campfire_rested":1,"item_purchase_floors":[],"current_hp_per_floor":[74,77,77,75,82,82,64,91,91,91,92,85,82,82,82,56,92,79,73,73,73,73,63,0,0],"gold":404,"neow_bonus":"TEN_PERCENT_HP_BONUS","is_daily":false,"chose_seed":false,"campfire_upgraded":1,"win_rate":0,"timestamp":1607621787,"path_taken":["M","?","?","?","M","R","E","R","T","M","M","E","M","M","R","BOSS","M","?","?","?","?","E","?"],"build_version":"2020-11-30","purchased_purges":0,"victory":false,"max_hp_per_floor":[82,92,92,92,92,92,92,92,92,92,92,92,92,92,92,92,92,92,92,92,92,92,92,92,92],"card_choices":[{"not_picked":["Blizzard","Rebound"],"picked":"Cold Snap","floor":1},{"not_picked":["Steam","Barrage"],"picked":"Self Repair","floor":4},{"not_picked":["Blizzard","Turbo"],"picked":"Coolheaded","floor":5},{"not_picked":["Storm","Conserve Battery"],"picked":"Streamline","floor":7},{"not_picked":["Sunder","Fusion","Tempest"],"picked":"White Noise","floor":10},{"not_picked":["Hologram","Streamline","Double Energy"],"picked":"Ball Lightning","floor":11},{"not_picked":["Go for the Eyes","Consume","Compile Driver"],"picked":"Glacier","floor":12},{"not_picked":["Steam Power","Coolheaded","Turbo"],"picked":"Steam","floor":13},{"not_picked":["Reprogram","Biased Cognition","Compile Driver"],"picked":"Ball Lightning","floor":14},{"not_picked":["Machine Learning","Biased Cognition","All For One"],"picked":"Echo Form","floor":16},{"not_picked":["Steam","Barrage","Rebound"],"picked":"Loop+1","floor":18},{"not_picked":["Gash","Redo+1","Barrage"],"picked":"Undo+1","floor":22},{"not_picked":["Aggregate","Hologram","Lockon"],"picked":"Redo","floor":23}],"player_experience":728184,"relics_obtained":[{"floor":7,"key":"Art of War"},{"floor":9,"key":"Question Card"},{"floor":12,"key":"Symbiotic Virus"},{"floor":23,"key":"White Beast Statue"}],"event_choices":[{"damage_healed":0,"gold_gain":0,"player_choice":"Success","damage_taken":7,"relics_obtained":["Pear"],"max_hp_gain":0,"max_hp_loss":0,"event_name":"Scrap Ooze","floor":2,"gold_loss":0},{"damage_healed":0,"gold_gain":0,"player_choice":"2 cards matched","damage_taken":0,"max_hp_gain":0,"max_hp_loss":0,"event_name":"Match and Keep!","floor":3,"gold_loss":0,"cards_obtained":["Leap","Auto Shields"]},{"damage_healed":0,"gold_gain":0,"player_choice":"","damage_taken":6,"max_hp_gain":0,"max_hp_loss":0,"event_name":"Knowing Skull","floor":19,"potions_obtained":[],"gold_loss":0,"cards_obtained":[]},{"damage_healed":0,"gold_gain":0,"player_choice":"Bought 0 Potions","damage_taken":0,"max_hp_gain":0,"max_hp_loss":0,"event_name":"The Woman in Blue","floor":20,"gold_loss":0},{"damage_healed":0,"gold_gain":0,"player_choice":"Copied","damage_taken":0,"max_hp_gain":0,"max_hp_loss":0,"event_name":"Duplicator","floor":21,"gold_loss":0,"cards_obtained":["Auto Shields"]}],"is_beta":false,"boss_relics":[{"not_picked":["Empty Cage","Velvet Choker"],"picked":"Inserter"}],"items_purged_floors":[],"is_endless":false,"potions_floor_spawned":[1,7,13,14],"killed_by":"Chosen and Byrds","ascension_level":0}}