{"host":"g1wmg2w41xhsnw8g","time":1607637341,"event":{"mods":["BaseMod","StSLib","Better Note","2.2 Compatiblity","Colored Powertips","Colored Map","Transform Curses","Defuse TimeMaze Blight","????","Relic Sorter","Minty Spire (QoL Compilation)","Googly Eyes","The Sage","Shop Mod","Booster Modes","Better Match","Better Sensory Stone","BetterRewards","Act Like it!","Infinite Spire","Better Skull","Better Altar","Better Third Choice","Spicy Shops","Friendly Minions","CapriCore","Displayed Cursed Tome","Red Circlet Mod","Wandering Minibosses","Curses Come First","SCP261 Mod","GifTheSpireLib","The Poker Player","The Blackbeard","JesterMod"],"gold_per_floor":[112,0,24,44,44,76,88,122,122,122,147,3,3,14,14,118,118,136,149,149,149,166,20,45,45,45,79,89,89,119,133,133,133,133,133],"floor_reached":33,"playtime":1913,"items_purged":[],"score":440,"play_id":"8171976e-d850-48d9-b5bb-d1ec8287e5f9","local_time":"20201210165541","daily_mods":["Specialized","Heirloom","Elite Swarm"],"is_ascension_mode":true,"metric_token":2258,"campfire_choices":[{"data":"PokerPlayerMod:Mulligan","floor":10.0,"key":"SMITH"},{"data":"PokerPlayerMod:CardPrinter+3","floor":15.0,"key":"SMITH"},{"data":"jesterMod:Juggle","floor":25.0,"key":"SMITH"},{"data":"jesterMod:BouncingKnife","floor":32,"key":"SMITH"}],"circlet_count":0,"master_deck":["PokerPlayerMod:Diamond2","PokerPlayerMod:Diamond3","PokerPlayerMod:Diamond7","PokerPlayerMod:Diamond5","PokerPlayerMod:Spade2","PokerPlayerMod:Spade3","PokerPlayerMod:Spade4","PokerPlayerMod:Club2","PokerPlayerMod:Heart5","PokerPlayerMod:TrumpStrike","PokerPlayerMod:BadJoker","PokerPlayerMod:Mulligan+1","jesterMod:QuickStrike","jesterMod:QuickStrike","jesterMod:QuickStrike","jesterMod:QuickStrike","jesterMod:QuickStrike","PokerPlayerMod:Manipulation","Enlightenment","PokerPlayerMod:Heart8","PokerPlayerMod:ChangeRules","jesterMod:HedgehogForm","jesterMod:BouncingKnife+1","PokerPlayerMod:CardPrinter+4","PokerPlayerMod:Heart5","PokerPlayerMod:Diamond10+","PokerPlayerMod:Heart7","jesterMod:QuickStrike+1","PokerPlayerMod:Diamond6","PokerPlayerMod:Harden","jesterMod:Inspiration","jesterMod:Hide+1","jesterMod:Juggle+1","PokerPlayerMod:Promotion","jesterMod:FlameDance+1"],"special_seed":0,"relics":["PokerPlayerMod:DeckCase","Mango","Art of War","Gambling Chip","Ice Cream","Du-Vu Doll","PokerPlayerMod:BrokenClock","Vajra","Akabeko","Astrolabe","Bloody Idol","Blood Vial","PokerPlayerMod:PenAndEraser","infinitespire:CheckeredPen","Bottled Lightning","Blue Candle","Smiling Mask"],"acts_visited":["Exordium","TheCity"],"potions_floor_usage":[30],"damage_taken":[{"damage":3.0,"enemies":"Small Slimes","floor":1.0,"turns":2.0},{"damage":0.0,"enemies":"Cultist","floor":4.0,"turns":2.0},{"damage":17.0,"enemies":"Gremlin Nob","floor":6.0,"turns":4.0},{"damage":0.0,"enemies":"2 Louse","floor":7.0,"turns":2.0},{"damage":24.0,"enemies":"Lagavulin","floor":8.0,"turns":4.0},{"damage":0.0,"enemies":"Gremlin Nob","floor":11.0,"turns":2.0},{"damage":14.0,"enemies":"Red Slaver","floor":14.0,"turns":3.0},{"damage":39.0,"enemies":"The Guardian","floor":16.0,"turns":7.0},{"damage":21.0,"enemies":"Shell Parasite","floor":18.0,"turns":3.0},{"damage":15.0,"enemies":"3 Byrds","floor":19.0,"turns":3.0},{"damage":14.0,"enemies":"Snecko","floor":22.0,"turns":5.0},{"damage":46.0,"enemies":"Gremlin Leader","floor":24.0,"turns":6.0},{"damage":7.0,"enemies":"Nightmare","floor":27.0,"turns":7.0},{"damage":21.0,"enemies":"Snake Plant","floor":28.0,"turns":3.0},{"damage":34,"enemies":"Slavers","floor":30,"turns":4},{"damage":33,"enemies":"Centurion and Healer","floor":31,"turns":4},{"damage":90,"enemies":"Champ","floor":33,"turns":9}],"seed_played":"1239649649733287674","potions_obtained":[{"floor":1.0,"key":"SCP261:BarrettColaPotion"},{"floor":7.0,"key":"Explosive Potion"},{"floor":14.0,"key":"SCP261:SweetSwarmPotion"},{"floor":18.0,"key":"Weak Potion"},{"floor":24.0,"key":"SCP261:BarrettColaPotion"},{"floor":28.0,"key":"SkillPotion"}],"is_trial":true,"path_per_floor":["M","?","T","M","T","E","M","E","T","R","E","$","?","M","R","B",null,"M","M","?","?","M","R","E","R","T","NM","M","$","E","M","R","B"],"character_chosen":"THE_POKER_PLAYER","items_purchased":["Akabeko","jesterMod:BouncingKnife","PokerPlayerMod:PenAndEraser"],"campfire_rested":0,"item_purchase_floors":[12,12,23],"current_hp_per_floor":[63,69,69,69,69,55,55,48,48,48,48,48,48,52,52,28,72,66,72,72,17,32,32,28,28,28,56,58,58,56,48,48,0,0,0],"gold":133,"neow_bonus":"","is_daily":false,"chose_seed":false,"campfire_upgraded":4,"win_rate":0,"timestamp":1607637341,"path_taken":["M","?","?","?","?","E","M","E","T","R","E","$","?","M","R","BOSS","M","M","?","?","M","R","E","R","T","NM","M","?","E","M","R","BOSS"],"build_version":"2020-11-30","purchased_purges":0,"victory":false,"max_hp_per_floor":[66,72,72,72,72,72,72,72,72,72,72,72,72,72,72,72,72,72,72,72,72,72,72,72,72,72,72,72,72,72,72,72,72,72,72],"card_choices":[{"not_picked":["PokerPlayerMod:Club2","PokerPlayerMod:Club1"],"picked":"PokerPlayerMod:Manipulation","floor":1.0},{"not_picked":["PokerPlayerMod:HotShotCut","PokerPlayerMod:MagicTrick"],"picked":"PokerPlayerMod:Heart8","floor":4.0},{"not_picked":["PokerPlayerMod:Duplicate","PokerPlayerMod:VarietyAttack"],"picked":"PokerPlayerMod:ChangeRules","floor":6.0},{"not_picked":["PokerPlayerMod:Heart2","PokerPlayerMod:Club1","jesterMod:Disposophobia"],"picked":"SKIP","floor":7.0},{"not_picked":["PokerPlayerMod:Club2","jesterMod:Finale","PokerPlayerMod:WasteCollection"],"picked":"SKIP","floor":8.0},{"not_picked":["jesterMod:Juggler","PokerPlayerMod:Spade2"],"picked":"jesterMod:HedgehogForm","floor":11.0},{"not_picked":["PokerPlayerMod:Heart2","PokerPlayerMod:Diamond1"],"picked":"PokerPlayerMod:Heart5","floor":14.0},{"not_picked":["PokerPlayerMod:Spade7","PokerPlayerMod:ChangeRules"],"picked":"PokerPlayerMod:Diamond10+","floor":16.0},{"not_picked":["PokerPlayerMod:Spade4","PokerPlayerMod:Spade6"],"picked":"PokerPlayerMod:Harden","floor":18.0},{"not_picked":["PokerPlayerMod:Diamond6","PokerPlayerMod:Spade1"],"picked":"jesterMod:Inspiration","floor":19.0},{"not_picked":["PokerPlayerMod:Spade3","PokerPlayerMod:Diamond2"],"picked":"jesterMod:Hide+1","floor":22.0},{"not_picked":["PokerPlayerMod:Spade3","PokerPlayerMod:Club4"],"picked":"jesterMod:Juggle","floor":24.0},{"not_picked":["PokerPlayerMod:Diamond5","PokerPlayerMod:Heart1"],"picked":"PokerPlayerMod:Promotion","floor":27.0},{"not_picked":["PokerPlayerMod:Diamond1","jesterMod:Arrythmia","PokerPlayerMod:SecondChance"],"picked":"SKIP","floor":28.0},{"not_picked":["jesterMod:Juggle","PokerPlayerMod:Diamond6","PokerPlayerMod:StackedDeck"],"picked":"SKIP","floor":30},{"not_picked":["PokerPlayerMod:Diamond4","PokerPlayerMod:Club1"],"picked":"jesterMod:FlameDance+1","floor":31}],"player_experience":1039286,"relics_obtained":[{"floor":3.0,"key":"Art of War"},{"floor":5.0,"key":"Gambling Chip"},{"floor":6.0,"key":"Ice Cream"},{"floor":8.0,"key":"Du-Vu Doll"},{"floor":9.0,"key":"PokerPlayerMod:BrokenClock"},{"floor":11.0,"key":"Vajra"},{"floor":24.0,"key":"infinitespire:CheckeredPen"},{"floor":26.0,"key":"Bottled Lightning"},{"floor":27.0,"key":"Blue Candle"},{"floor":30,"key":"Smiling Mask"}],"event_choices":[{"damage_healed":0.0,"max_hp_gain":0.0,"max_hp_loss":0.0,"gold_gain":0.0,"event_name":"betterThird:BetterSerpent","player_choice":"RENOUNCE","floor":2.0,"gold_loss":112.0,"damage_taken":112.0,"cards_obtained":["Enlightenment"]},{"cards_removed":["PokerPlayerMod:ChangeRules"],"damage_healed":0.0,"max_hp_gain":0.0,"max_hp_loss":0.0,"gold_gain":0.0,"event_name":"betterNote:BetterNote","player_choice":"Take \u0026 Give","floor":13.0,"gold_loss":0.0,"damage_taken":0.0,"cards_obtained":["PokerPlayerMod:CardPrinter"]},{"damage_healed":0.0,"max_hp_gain":72.0,"max_hp_loss":17.0,"gold_gain":0.0,"event_name":"betterAltar:BetterAltar","player_choice":" Idol Vial ","floor":21.0,"potions_obtained":[],"relics_lost":[],"gold_loss":0.0,"damage_taken":55.0,"relics_obtained":["Bloody Idol","Blood Vial"]}],"is_beta":false,"boss_relics":[{"not_picked":["Busted Crown","Snecko Eye"],"picked":"Astrolabe"}],"items_purged_floors":[],"is_endless":true,"potions_floor_spawned":[1,7,14,18,24,28],"killed_by":"Champ","ascension_level":1}}