{"host":"6p0attdrtjqaih7v","time":1607633344,"event":{"mods":["BaseMod","StSLib","AchievementEnabler","2.2 Compatiblity","Random Character Button","Minty Spire (QoL Compilation)","Highlight Path","Quick Restart","Relic Stats","Key Reminder","Permanent Neow","Colored Powertips","Better Skull","The Construct","Hermit","Better Third Choice","Replay The Spire","Bard","Jorbs\u0027s Wanderer Trilogy"],"gold_per_floor":[118,17,17,17,30,30,62,62,62,90,90,90,109,120,120,193,193,193,193,193,45,45,45,45,45,45,45,45,45,45,45,45,45,45,45,45,45,45,45,45,45,45,45,45,45,45,45,45,45,45],"floor_reached":51,"playtime":2090,"items_purged":["construct:Defend_Gold"],"score":1725,"play_id":"748c27e0-4660-4300-b63d-21c7be425113","local_time":"20201210154904","is_ascension_mode":true,"campfire_choices":[{"data":"construct:Dampening","floor":6,"key":"SMITH"},{"data":"construct:PhosphorStorm","floor":8,"key":"SMITH"},{"data":"construct:BatteryCore","floor":15,"key":"SMITH"},{"data":"construct:SiegeForm","floor":23,"key":"SMITH"},{"data":"construct:BlazingSpeed","floor":28,"key":"SMITH"},{"data":"construct:SiegeForm+1","floor":30,"key":"SMITH"},{"data":"construct:PhosphorStorm+1","floor":32,"key":"SMITH"},{"data":"construct:Dampening+1","floor":40,"key":"SMITH"},{"data":"construct:Dampening+1","floor":42,"key":"SMITH"},{"data":"construct:BatteryCore+1","floor":44,"key":"SMITH"},{"data":"construct:BlazingSpeed+1","floor":46,"key":"SMITH"},{"floor":49,"key":"REST"}],"circlet_count":0,"master_deck":["AscendersBane","construct:Strike_Gold","construct:Strike_Gold","construct:Strike_Gold","construct:Strike_Gold","construct:Defend_Gold","construct:Defend_Gold","construct:Defend_Gold+1","construct:Defend_Gold","construct:AttackMode+1","construct:DefenseMode","Finesse","construct:OneWayMirror+1","construct:SweepLaser","construct:Dampening+2","construct:PhosphorStorm+2","construct:SiegeForm+2","construct:BatteryCore+2","construct:Reserves","construct:ScrapCannon","construct:Dampening+2","construct:SyphonStrike","construct:BlazingSpeed+2","construct:SyphonStrike","construct:QuickAttack"],"relics":["construct:ClockworkPhoenix","War Paint","Mirror","Turnip","Ectoplasm","Lee\u0027s Waffle","Replay:Ringing Soul","Happy Flower","FossilizedHelix","Oddly Smooth Stone","Sozu","Replay:WaspNest","Replay:Rubber Ducky","Orichalcum"],"acts_visited":["Exordium","TheCity","TheBeyond"],"potions_floor_usage":[7,10,16,27,29,33,39,50],"damage_taken":[{"damage":3,"enemies":"Jaw Worm","floor":1,"turns":4},{"damage":0,"enemies":"2 Louse","floor":5,"turns":2},{"damage":8,"enemies":"Replay:BlueRogue","floor":7,"turns":6},{"damage":0,"enemies":"Lagavulin","floor":10,"turns":5},{"damage":0,"enemies":"Small Slimes","floor":13,"turns":4},{"damage":0,"enemies":"Red Slaver","floor":14,"turns":2},{"damage":16,"enemies":"The Guardian","floor":16,"turns":8},{"damage":3,"enemies":"Shell Parasite","floor":18,"turns":3},{"damage":4,"enemies":"Chosen","floor":19,"turns":4},{"damage":13,"enemies":"Snake Plant","floor":20,"turns":4},{"damage":0,"enemies":"3 Cultists","floor":24,"turns":3},{"damage":24,"enemies":"Replay:Snechameleon","floor":25,"turns":6},{"damage":5,"enemies":"Book of Stabbing","floor":27,"turns":4},{"damage":0,"enemies":"Slavers","floor":29,"turns":1},{"damage":0,"enemies":"Gremlin Leader","floor":31,"turns":3},{"damage":8,"enemies":"Automaton","floor":33,"turns":5},{"damage":0,"enemies":"3 Darklings","floor":35,"turns":3},{"damage":0,"enemies":"Orb Walker","floor":36,"turns":3},{"damage":11,"enemies":"Jaw Worm Horde","floor":37,"turns":3},{"damage":0,"enemies":"3 Darklings","floor":38,"turns":3},{"damage":13,"enemies":"Sphere and 2 Shapes","floor":39,"turns":4},{"damage":0,"enemies":"Transient","floor":41,"turns":3},{"damage":0,"enemies":"Giant Head","floor":45,"turns":2},{"damage":0,"enemies":"Nemesis","floor":48,"turns":3},{"damage":0,"enemies":"Donu and Deca","floor":50,"turns":2}],"seed_played":"-5763376898750632763","potions_obtained":[{"floor":1,"key":"BlessingOfTheForge"},{"floor":7,"key":"PowerPotion"},{"floor":10,"key":"PowerPotion"},{"floor":22,"key":"SmokeBomb"},{"floor":22,"key":"SmokeBomb"},{"floor":25,"key":"Block Potion"},{"floor":27,"key":"Fruit Juice"},{"floor":31,"key":"SteroidPotion"},{"floor":33,"key":"Weak Potion"}],"is_trial":false,"path_per_floor":["M","$","?","?","M","R","E","R","T","E","?","$","M","M","R","B",null,"M","M","M","$","?","R","M","E","T","E","R","E","R","E","R","B",null,"M","M","M","M","M","R","M","R","T","R","E","R","$","E","R","B",null],"character_chosen":"THE_CONSTRUCT_MOD","items_purchased":["construct:SweepLaser","Lee\u0027s Waffle"],"campfire_rested":1,"item_purchase_floors":[2,21],"current_hp_per_floor":[69,69,62,62,62,62,54,54,54,54,54,54,54,54,54,38,70,67,63,50,87,87,87,87,66,66,61,61,61,61,61,61,58,86,86,86,75,75,65,65,65,65,65,65,68,68,68,68,98,98],"gold":45,"neow_bonus":"RANDOM_COLORLESS","is_daily":false,"chose_seed":false,"campfire_upgraded":11,"win_rate":0,"timestamp":1607633344,"path_taken":["M","$","?","?","M","R","E","R","T","E","?","$","?","?","R","BOSS","M","?","M","$","?","R","M","E","T","E","R","E","R","E","R","BOSS","M","?","M","M","M","R","M","R","T","R","E","R","?","E","R","BOSS"],"build_version":"2020-11-30","purchased_purges":1,"victory":true,"max_hp_per_floor":[80,80,80,80,80,80,80,80,80,80,80,80,80,80,80,80,80,80,80,80,87,87,87,87,90,90,90,90,90,90,90,90,95,95,95,95,95,95,98,98,98,98,98,98,101,101,101,101,101,101],"relic_stats":{"Sozu":3,"Lee\u0027s Waffle":37,"Happy Flower":[13],"counters":[25,90],"Turnip":[7],"Ectoplasm":351,"War Paint":["construct:Defend_Gold","construct:AttackMode"],"Orichalcum":[0],"obtain_stats":[{"Lee\u0027s Waffle":21,"Happy Flower":26,"Oddly Smooth Stone":31,"Replay:WaspNest":43,"construct:ClockworkPhoenix":0,"War Paint":7,"Orichalcum":48,"Replay:Rubber Ducky":45,"Sozu":34,"Replay:Ringing Soul":25,"Turnip":10,"Ectoplasm":17,"Mirror":9,"FossilizedHelix":27},{"Lee\u0027s Waffle":10,"Happy Flower":12,"Oddly Smooth Stone":15,"Replay:WaspNest":22,"construct:ClockworkPhoenix":0,"War Paint":3,"Orichalcum":24,"Replay:Rubber Ducky":23,"Sozu":16,"Replay:Ringing Soul":12,"Turnip":4,"Ectoplasm":7,"Mirror":3,"FossilizedHelix":13},{"Lee\u0027s Waffle":42,"Happy Flower":51,"Oddly Smooth Stone":59,"Replay:WaspNest":83,"construct:ClockworkPhoenix":0,"War Paint":12,"Orichalcum":88,"Replay:Rubber Ducky":85,"Sozu":64,"Replay:Ringing Soul":51,"Turnip":17,"Ectoplasm":31,"Mirror":12,"FossilizedHelix":55}]},"card_choices":[{"not_picked":["Purity","Forethought"],"picked":"Finesse","floor":0},{"not_picked":["construct:Boost","construct:HeavyBolt"],"picked":"construct:OneWayMirror","floor":1},{"not_picked":["construct:Chainstrike","construct:Forcefield"],"picked":"construct:Dampening","floor":5},{"not_picked":["construct:SweepLaser","construct:SuppressiveFire"],"picked":"construct:PhosphorStorm","floor":7},{"not_picked":["construct:CreateCores","construct:PhosphorStorm","construct:Backup"],"picked":"SKIP","floor":10},{"not_picked":["construct:Chainstrike","construct:Rollout"],"picked":"construct:BatteryCore","floor":13},{"not_picked":["construct:NuclearCore","construct:Analyze","construct:Autoturret"],"picked":"SKIP","floor":14},{"not_picked":["construct:MemoryTap","construct:HammerDown"],"picked":"construct:Reserves","floor":16},{"not_picked":["construct:ShiftStrike","construct:SuppressiveFire"],"picked":"construct:ScrapCannon","floor":18},{"not_picked":["construct:Analyze","construct:SyphonStrike"],"picked":"construct:Dampening+1","floor":19},{"not_picked":["construct:Analyze","construct:Autoturret","construct:Supernova"],"picked":"SKIP","floor":20},{"not_picked":["construct:Reinforce","construct:ClusterMines"],"picked":"construct:SyphonStrike","floor":24},{"not_picked":["construct:Boost","construct:Impenetrable"],"picked":"construct:BlazingSpeed","floor":25},{"not_picked":["construct:SweepLaser+1","construct:FierceBash","construct:ScrapCannon"],"picked":"SKIP","floor":27},{"not_picked":["construct:Boost","construct:VentSteam","construct:Autoturret"],"picked":"SKIP","floor":31},{"not_picked":["ReplayTheSpireMod:Mirror System","construct:Agitation","construct:ModeShift"],"picked":"SKIP","floor":35},{"not_picked":["construct:SaveState","construct:Boost","construct:PowerUp"],"picked":"SKIP","floor":36},{"not_picked":["construct:SaveState","construct:FlammableFog","construct:SweepLaser"],"picked":"SKIP","floor":37},{"not_picked":["construct:Accumulate+1","construct:ScrapCannon","construct:Reinforce"],"picked":"SKIP","floor":38},{"not_picked":["construct:Forcefield","construct:FlammableFog"],"picked":"construct:SyphonStrike","floor":39},{"not_picked":["construct:HardReboot","construct:ScrapCannon+1","construct:Isolate"],"picked":"SKIP","floor":41},{"not_picked":["construct:ChargeShot+1","construct:Chainstrike"],"picked":"construct:QuickAttack","floor":45},{"not_picked":["construct:VentSteam","construct:FlammableFog","construct:LaserCore"],"picked":"SKIP","floor":48}],"player_experience":807192,"relics_obtained":[{"floor":7,"key":"War Paint"},{"floor":9,"key":"Mirror"},{"floor":10,"key":"Turnip"},{"floor":25,"key":"Replay:Ringing Soul"},{"floor":26,"key":"Happy Flower"},{"floor":27,"key":"FossilizedHelix"},{"floor":31,"key":"Oddly Smooth Stone"},{"floor":43,"key":"Replay:WaspNest"},{"floor":45,"key":"Replay:Rubber Ducky"},{"floor":48,"key":"Orichalcum"}],"event_choices":[{"cards_removed":["construct:Strike_Gold"],"damage_healed":0,"gold_gain":0,"player_choice":"Card Removal","damage_taken":7,"max_hp_gain":0,"max_hp_loss":0,"event_name":"Golden Wing","floor":3,"gold_loss":0},{"damage_healed":0,"gold_gain":0,"player_choice":"Grow","damage_taken":0,"max_hp_gain":0,"max_hp_loss":0,"event_name":"Living Wall","floor":4,"gold_loss":0,"cards_upgraded":["construct:OneWayMirror"]},{"damage_healed":0,"gold_gain":0,"player_choice":"1 cards matched","damage_taken":0,"max_hp_gain":0,"max_hp_loss":0,"event_name":"Match and Keep!","floor":11,"gold_loss":0,"cards_obtained":["construct:SiegeForm"]},{"damage_healed":0,"gold_gain":0,"player_choice":"Got Potions","damage_taken":0,"max_hp_gain":0,"max_hp_loss":0,"event_name":"Lab","floor":22,"gold_loss":0}],"is_beta":false,"boss_relics":[{"not_picked":["Ring of Chaos","construct:WeddingRing"],"picked":"Ectoplasm"},{"not_picked":["Snecko Heart","Cursed Key"],"picked":"Sozu"}],"items_purged_floors":[2],"is_endless":false,"potions_floor_spawned":[1,7,10,25,27,31,33,36,37,39],"ascension_level":15}}