{"host":"ecuvtzmejf7hhjpv","time":1607571508,"event":{"gold_per_floor":[109,109,128,128,128,128,180,192,217,244,244,39,59,59,59,162,162,199,199,128,139,154,185,198,198,198,210,245,259,279,299,299,401,401,415,134,134,189,209,242,257,257,284,335,351,382,414,414,414,414,414,111,144,144,144],"floor_reached":55,"playtime":3158,"items_purged":[],"score":1187,"play_id":"3c2d659a-4bde-4a35-99b6-e88c197ec733","local_time":"20201209213828","is_ascension_mode":false,"campfire_choices":[{"data":"PrismaMod:ChloeCheapAttack","floor":6.0,"key":"SMITH"},{"data":"PrismaMod:ChloeCheapAttackTwo","floor":11.0,"key":"SMITH"},{"data":"PrismaMod:ChloeBetterTracePools","floor":15.0,"key":"SMITH"},{"data":"PrismaMod:ChloeAnyPowerTrace","floor":25,"key":"SMITH"},{"floor":32,"key":"REST"},{"floor":49,"key":"RECALL"},{"data":"PrismaMod:ChloeAnyPowerTrace","floor":52,"key":"SMITH"}],"neow_cost":"","seed_source_timestamp":0,"circlet_count":0,"master_deck":["PrismaMod:ChloeCommonAttack","PrismaMod:ChloeCommonAttack","PrismaMod:ChloeCommonAttack","PrismaMod:ChloeCommonAttack+1","PrismaMod:ChloeCommonAttack","PrismaMod:ChloeCommonDefend","PrismaMod:ChloeCommonDefend","PrismaMod:ChloeCommonDefend","PrismaMod:ChloeCommonDefend","PrismaMod:ChloeCommonDefend","PrismaMod:ChloeCheapAttack+1","PrismaMod:ChloeCheapDefend","PrismaMod:ChloeExhaustOne","PrismaMod:ChloeExhaustOne","PrismaMod:ChloeCheapAttackTwo+1","PrismaMod:ChloeBetterTracePools+1","The Bomb","ReplayTheSpireMod:Private Reserves","Forethought+1","PrismaMod:ChloeAnyPowerTrace+1","PrismaMod:ChloeGaeBolg","PrismaMod:ChloeEyeOfTheEuryale","PrismaMod:ChloeMordred","PrismaMod:ChloeRitsuka+1","PrismaMod:ChloeRitsuka+1","PrismaMod:ChloeAnyPowerTrace+1","PrismaMod:ChloeRitsuka","PrismaMod:ChloeAnyAttackTrace","PrismaMod:ChloeUncommonDefend","PrismaMod:ChloeGaeBolg","Madness","Madness","PrismaMod:ChloeRhongomyniad","PrismaMod:ChloeCheapDefendTwo+1","hubris:Wrath","PrismaMod:ChloeCarnivalDefend","PrismaMod:ChloeCaladbolg+1","PrismaMod:ChloeAnyPowerTrace+1"],"special_seed":0,"relics":["PrismaMod:PrismaTraceOn","Replay:Ringing Soul","Gremlin Food","HandDrill","aspiration:Nostalgia","blackbeard:LoadTheCannons","Bottled Lightning","Gremlin Horn","ReplayTheSpireMod:Lightbulb","conspire:TopHat","ReplayTheSpireMod:ShopPack","Sozu","Prayer Wheel","Snack Pack","hubris:DeckOfHolding","hubris:Teleporter","Cursed Key","Sling","Durian","hubris:BottledRain","Pen Nib","conspire:BottledYoYo","conspire:DecoderRing","Replay:Rubber Ducky","DollysMirror","War Paint"],"potions_floor_usage":[33,50],"damage_taken":[{"damage":0.0,"enemies":"Cultist","floor":1.0,"turns":3.0},{"damage":2.0,"enemies":"Jaw Worm","floor":3.0,"turns":3.0},{"damage":8.0,"enemies":"Replay:BlueRogue","floor":7.0,"turns":5.0},{"damage":0.0,"enemies":"2 Louse","floor":8.0,"turns":2.0},{"damage":0.0,"enemies":"HollowMod:MossKnight","floor":10.0,"turns":5.0},{"damage":9.0,"enemies":"Blue Slaver","floor":13.0,"turns":4.0},{"damage":36.0,"enemies":"The Guardian","floor":16.0,"turns":12.0},{"damage":15,"enemies":"3 Byrds","floor":18,"turns":3},{"damage":26,"enemies":"Shell Parasite","floor":21,"turns":5},{"damage":6,"enemies":"Snake Plant","floor":22,"turns":3},{"damage":0,"enemies":"conspire:Head Lice","floor":23,"turns":5},{"damage":4,"enemies":"Chosen and Byrds","floor":24,"turns":4},{"damage":14,"enemies":"Centurion and Healer","floor":27,"turns":6},{"damage":15,"enemies":"HollowMod:Nosk","floor":28,"turns":7},{"damage":19,"enemies":"3 Cultists","floor":29,"turns":6},{"damage":21,"enemies":"Snecko","floor":30,"turns":5},{"damage":26,"enemies":"Centurion and Healer","floor":31,"turns":5},{"damage":10,"enemies":"Automaton","floor":33,"turns":11},{"damage":17,"enemies":"3 Shapes","floor":35,"turns":4},{"damage":44,"enemies":"2 Orb Walkers","floor":38,"turns":8},{"damage":17,"enemies":"3 Darklings","floor":39,"turns":5},{"damage":19,"enemies":"Giant Head","floor":40,"turns":7},{"damage":2,"enemies":"Sphere and 2 Shapes","floor":41,"turns":5},{"damage":14,"enemies":"Reptomancer","floor":44,"turns":8},{"damage":13,"enemies":"Transient","floor":45,"turns":5},{"damage":32,"enemies":"HollowMod:StalkingDevout","floor":46,"turns":6},{"damage":33,"enemies":"Nemesis","floor":48,"turns":6},{"damage":82,"enemies":"Donu and Deca","floor":50,"turns":11},{"damage":83,"enemies":"Shield and Spear","floor":54,"turns":8},{"damage":111,"enemies":"The Heart","floor":55,"turns":6}],"seed_played":"-6561061608430920557","potions_obtained":[{"floor":1.0,"key":"EssenceOfSteel"},{"floor":7.0,"key":"Regen Potion"},{"floor":13.0,"key":"PowerPotion"},{"floor":16.0,"key":"LiquidMemories"}],"is_trial":false,"path_per_floor":["M","T","M","?","?","R","E","M","T","E","R","$","M","?","R","B",null,"M","?","$","M","M","E","M","R","T","M","E","M","M","M","R","B",null,"M","$","?","?","M","E","M","$","T","E","M","E","E","R","B",null,"R","$","E","B"],"character_chosen":"CHLOE","items_purchased":["Replay:Ringing Soul","Gremlin Food","HandDrill","aspiration:Nostalgia","ColorlessPotion","ReplayTheSpireMod:ShopPack","PrismaMod:ChloeBetterTracePools","Prayer Wheel","PrismaMod:ChloeGaeBolg","Sling","Replay:Rubber Ducky","DollysMirror"],"campfire_rested":1,"item_purchase_floors":[0,0,0,0,0,12,12,20,36,36,53,53],"current_hp_per_floor":[50,50,48,48,56,56,51,51,51,54,54,57,48,53,53,20,95,83,83,83,60,54,57,59,59,59,54,48,39,25,1,34,33,116,104,107,95,66,66,101,121,121,124,134,127,106,82,82,14,145,145,148,107,0,0],"gold":144,"neow_bonus":"","is_prod":false,"is_daily":false,"chose_seed":false,"campfire_upgraded":5,"win_rate":0.0,"timestamp":1607571508,"path_taken":["M","?","M","?","?","R","E","M","T","E","R","?","?","?","R","BOSS","M","?","$","?","?","E","M","R","T","M","E","M","M","M","R","BOSS","M","$","?","?","M","E","M","?","T","E","M","E","E","R","BOSS","R","$","E","BOSS"],"build_version":"2020-11-30","purchased_purges":0,"victory":false,"max_hp_per_floor":[78,78,78,78,78,78,81,81,81,84,84,87,87,92,92,95,95,98,98,98,101,101,104,104,104,104,107,110,110,113,113,113,116,116,119,122,125,130,133,136,136,136,139,139,139,142,145,145,145,145,145,148,148,148,148],"card_choices":[{"not_picked":["PrismaMod:ChloeDiscardRecovery","PrismaMod:ChloeCheapDefend"],"picked":"PrismaMod:ChloeExhaustOne","floor":1.0},{"not_picked":["PrismaMod:ChloeDemonicTutor","PrismaMod:ChloeMaid","PrismaMod:ChloeExhaustOne"],"picked":"SKIP","floor":3.0},{"not_picked":["PrismaMod:ChloeBetterTracePools","PrismaMod:ChloeCheapDefendTwo"],"picked":"PrismaMod:ChloeExhaustOne","floor":7.0},{"not_picked":["PrismaMod:ChloeDiscardRecovery","PrismaMod:ChloeCheapDefendTwo","PrismaMod:ChloeChristmas"],"picked":"SKIP","floor":8.0},{"not_picked":["PrismaMod:ChloeExhaustThree","PrismaMod:ChloeExhaustOne"],"picked":"PrismaMod:ChloeCheapAttackTwo","floor":10.0},{"not_picked":["Panache","Midas Touch"],"picked":"The Bomb","floor":12.0},{"not_picked":["Replay:Parry","Violence"],"picked":"ReplayTheSpireMod:Private Reserves","floor":12.0},{"not_picked":["Impatience","Replay:Sssssssssshield"],"picked":"Forethought","floor":12.0},{"not_picked":["PrismaMod:ChloeMaid","PrismaMod:ChloeCheapAttack","PrismaMod:ChloeCheapAttackTwo"],"picked":"SKIP","floor":13.0},{"not_picked":["PrismaMod:ChloeAnyAttackTrace","PrismaMod:ChloeHalloween"],"picked":"PrismaMod:ChloeAnyPowerTrace","floor":16.0},{"not_picked":["PrismaMod:ChloeCommonAOEAttack","PrismaMod:ChloeCheapDefendTwo"],"picked":"PrismaMod:ChloeGaeBolg","floor":18},{"not_picked":["PrismaMod:ChloeCheapDefendTwo","PrismaMod:ChloeCheapAttack"],"picked":"PrismaMod:ChloeEyeOfTheEuryale","floor":21},{"not_picked":["PrismaMod:ChloeCheapDefend","PrismaMod:ChloeCommonAOEAttack","PrismaMod:ChloeEyeOfTheEuryale"],"picked":"SKIP","floor":21},{"not_picked":["PrismaMod:ChloeCheapDefend+1","PrismaMod:ChloeExhaustOne","PrismaMod:ChloeCheapDefendTwo+1"],"picked":"SKIP","floor":22},{"not_picked":["PrismaMod:ChloeUncommonDefend","PrismaMod:ChloeCheapAttackTwo","PrismaMod:ChloeExhaustOne"],"picked":"SKIP","floor":22},{"not_picked":["PrismaMod:ChloeCheapAttackTwo","PrismaMod:ChloeCheapDefend"],"picked":"PrismaMod:ChloeMordred","floor":23},{"not_picked":["PrismaMod:ChloeEyeOfTheEuryale","PrismaMod:ChloeCommonAOEAttack","PrismaMod:ChloeExcalibur"],"picked":"SKIP","floor":24},{"not_picked":["PrismaMod:ChloeUncommonDefend","PrismaMod:ChloeCheapDefend+1","PrismaMod:ChloeCheapAttackTwo"],"picked":"SKIP","floor":24},{"not_picked":["PrismaMod:ChloeCheapDefendTwo","PrismaMod:ChloeRuleBreaker"],"picked":"PrismaMod:ChloeRitsuka","floor":27},{"not_picked":["PrismaMod:ChloeCheapDefendTwo","PrismaMod:ChloeDemonicTutor+1"],"picked":"PrismaMod:ChloeRitsuka+1","floor":27},{"not_picked":["PrismaMod:ChloeEyeOfTheEuryale+1","PrismaMod:ChloeCommonAOEAttack"],"picked":"PrismaMod:ChloeAnyPowerTrace","floor":28},{"not_picked":["PrismaMod:ChloeCommonAOEAttack","PrismaMod:ChloeCheapAttack","PrismaMod:ChloeCheapDefend"],"picked":"SKIP","floor":29},{"not_picked":["PrismaMod:ChloeDiscardRecovery","PrismaMod:ChloeCheapDefendTwo","PrismaMod:ChloeCheapAttack"],"picked":"SKIP","floor":29},{"not_picked":["PrismaMod:ChloeMaid","PrismaMod:ChloeCheapDefendTwo+1"],"picked":"PrismaMod:ChloeRitsuka","floor":30},{"not_picked":["PrismaMod:ChloeCommonAOEAttack+1","PrismaMod:ChloeDiscardRecovery","PrismaMod:ChloeCheapDefendTwo"],"picked":"SKIP","floor":30},{"not_picked":["PrismaMod:ChloeExhaustTwo","PrismaMod:ChloeExhaustOne","PrismaMod:ChloeCommonAOEAttack"],"picked":"SKIP","floor":31},{"not_picked":["PrismaMod:ChloeCheapAttack","PrismaMod:ChloeCheapDefend","PrismaMod:ChloeHalloween"],"picked":"SKIP","floor":31},{"not_picked":["PrismaMod:ChloeReshuffleDiscard","PrismaMod:ChloeHalloween"],"picked":"PrismaMod:ChloeAnyAttackTrace","floor":33},{"not_picked":["PrismaMod:ChloeCheapAttack","PrismaMod:ChloeCommonAOEAttack"],"picked":"PrismaMod:ChloeUncommonDefend","floor":35},{"not_picked":["PrismaMod:ChloeCommonAOEAttack","PrismaMod:ChloeExhaustOne+1","PrismaMod:ChloeDiscardRecovery+1"],"picked":"SKIP","floor":35},{"not_picked":["PrismaMod:ChloeCheapDefend+1","PrismaMod:ChloeRuleBreaker+1"],"picked":"PrismaMod:ChloeRhongomyniad","floor":39},{"not_picked":["PrismaMod:ChloeChristmas","PrismaMod:ChloeCheapAttack","PrismaMod:ChloeCommonAOEAttack"],"picked":"SKIP","floor":39},{"not_picked":["PrismaMod:ChloeUncommonDefend","PrismaMod:ChloeDiscardRecovery+1"],"picked":"PrismaMod:ChloeCheapDefendTwo+1","floor":40},{"not_picked":["PrismaMod:ChloeCheapDefend+1","PrismaMod:ChloeUncommonAOEAttack","PrismaMod:ChloeCommonAOEAttack+1"],"picked":"SKIP","floor":41},{"not_picked":["PrismaMod:ChloeExhaustOne","PrismaMod:ChloeExhaustTwo","PrismaMod:ChloeCheapAttack+1"],"picked":"SKIP","floor":41},{"not_picked":["PrismaMod:ChloeRuleBreaker","PrismaMod:ChloeCheapAttackTwo+1","PrismaMod:ChloeCommonAOEAttack+1"],"picked":"SKIP","floor":44},{"not_picked":["PrismaMod:ChloeReshuffleDiscard","PrismaMod:ChloeCommonAOEAttack","PrismaMod:ChloeCheapAttackTwo"],"picked":"SKIP","floor":45},{"not_picked":["PrismaMod:ChloeUncommonDefend","PrismaMod:ChloeCheapAttack+1","PrismaMod:ChloeCheapDefend"],"picked":"SKIP","floor":45},{"not_picked":["PrismaMod:ChloeMaid+1","PrismaMod:ChloeExhaustOne"],"picked":"PrismaMod:ChloeCarnivalDefend","floor":46},{"not_picked":["PrismaMod:ChloeExcalibur+1","PrismaMod:ChloeExhaustOne+1"],"picked":"PrismaMod:ChloeCaladbolg+1","floor":48},{"not_picked":["PrismaMod:ChloeDiscardRecovery+1","PrismaMod:ChloeCheapAttackTwo","PrismaMod:ChloeCommonAOEAttack"],"picked":"SKIP","floor":54}],"player_experience":868145,"relics_obtained":[{"floor":2.0,"key":"Bottled Lightning"},{"floor":7.0,"key":"Gremlin Horn"},{"floor":9.0,"key":"ReplayTheSpireMod:Lightbulb"},{"floor":10.0,"key":"conspire:TopHat"},{"floor":23,"key":"Snack Pack"},{"floor":26,"key":"hubris:DeckOfHolding"},{"floor":28,"key":"hubris:Teleporter"},{"floor":38,"key":"Durian"},{"floor":40,"key":"hubris:BottledRain"},{"floor":44,"key":"Pen Nib"},{"floor":46,"key":"conspire:BottledYoYo"},{"floor":48,"key":"conspire:DecoderRing"},{"floor":54,"key":"War Paint"}],"event_choices":[{"damage_healed":0.0,"max_hp_gain":0.0,"max_hp_loss":0.0,"gold_gain":0.0,"event_name":"The Cleric","player_choice":"Leave","floor":4.0,"gold_loss":0.0,"damage_taken":0.0},{"damage_healed":0.0,"max_hp_gain":5.0,"max_hp_loss":0.0,"gold_gain":0.0,"event_name":"Big Fish","player_choice":"Donut","floor":14.0,"gold_loss":0.0,"damage_taken":0.0},{"damage_healed":0,"gold_gain":0,"player_choice":"Got Potions","damage_taken":0,"max_hp_gain":0,"max_hp_loss":0,"event_name":"Lab","floor":19,"gold_loss":0},{"damage_healed":0,"gold_gain":0,"player_choice":"Embrace Madness","damage_taken":15,"max_hp_gain":0,"max_hp_loss":0,"event_name":"Winding Halls","floor":37,"gold_loss":0,"cards_obtained":["Madness","Madness"]},{"damage_healed":0,"gold_gain":0,"player_choice":"Fight","damage_taken":0,"max_hp_gain":0,"max_hp_loss":0,"event_name":"Mysterious Sphere","floor":38,"gold_loss":0}],"is_beta":false,"boss_relics":[{"not_picked":["Honey Jar","Tiny House"],"picked":"Sozu"},{"not_picked":["Runic Pyramid","Velvet Choker"],"picked":"Cursed Key"}],"items_purged_floors":[],"is_endless":false,"potions_floor_spawned":[1,7,13,16,21,22,23,28,30,31,39,41,44,46,54],"killed_by":"The Heart","ascension_level":0}}