{"host":"6p0attdrtjqaih7v","time":1607578687,"event":{"gold_per_floor":[127,153,153,213,246,246,299,331,355,367,425,463,511,551,563,671,683,724,766,724,7,36,36,79,79,79,107,107,152,198,224,224,325,425,477,527,135,135,159,159,183,183,234,328,328,0,24,24,24,45],"floor_reached":51,"playtime":3197,"items_purged":["construct:Defend_Gold","construct:Strike_Gold"],"score":1325,"play_id":"49dfda11-1b18-4921-be06-be4ff083e0d3","local_time":"20201210003807","is_ascension_mode":true,"campfire_choices":[{"data":"construct:ForceCore","floor":6,"key":"SMITH"},{"data":"construct:VentSteam","floor":10,"key":"SMITH"},{"data":"construct:ClockworkEgg","floor":15,"key":"SMITH"},{"data":"construct:ClockworkEgg+1","floor":28,"key":"SMITH"},{"data":"construct:ForceCore+1","floor":32,"key":"SMITH"},{"floor":40,"key":"REST"},{"floor":49,"key":"REST"}],"neow_cost":"NONE","seed_source_timestamp":1970369942748800,"circlet_count":0,"master_deck":["AscendersBane","construct:Strike_Gold","construct:Strike_Gold","construct:Strike_Gold+2","construct:Strike_Gold","construct:Defend_Gold","construct:Defend_Gold","construct:Defend_Gold","construct:Defend_Gold","construct:AttackMode","construct:DefenseMode","construct:VentSteam+1","construct:FlashFreeze","construct:ForceCore+2","construct:PhosphorStorm","construct:QuickAttack","construct:SyphonStrike","construct:ClockworkEgg+2","construct:FlammableFog","construct:SuppressiveFire","construct:HammerDown","construct:QuickAttack","construct:FlammableFog","construct:Antimatter","construct:ClusterMines","construct:OmegaCannon+1","construct:Forcefield","construct:FlameCore+1","construct:Antimatter","construct:SyphonStrike","construct:GatlingGun","construct:FlammableFog","construct:VentSteam+1","Good Instincts","Purity","construct:Boost","construct:OneWayMirror"],"relics":["construct:ClockworkPhoenix","Replay:Bandana","ReplayFunnel","Nunchaku","MawBank","Potion Belt","ReplayTheSpireMod:TigerMarble","Honey Jar","Incense Burner","ReplayTheSpireMod:Ninjato","Regal Pillow","keyreminder:keyreminder","Torii","Bottled Lightning","Replay:Wanted Poster","Centennial Puzzle","Simple Rune","Pen Nib","Red Mask"],"potions_floor_usage":[7,13,16,22,22,24,33,39,44,47],"damage_taken":[{"damage":0,"enemies":"Small Slimes","floor":1,"turns":6},{"damage":0,"enemies":"2 Louse","floor":2,"turns":3},{"damage":0,"enemies":"Cultist","floor":5,"turns":3},{"damage":25,"enemies":"Lagavulin","floor":7,"turns":5},{"damage":12,"enemies":"2 Fungi Beasts","floor":8,"turns":5},{"damage":9,"enemies":"Gremlin Nob","floor":11,"turns":3},{"damage":0,"enemies":"Exordium Wildlife","floor":12,"turns":3},{"damage":5,"enemies":"Lagavulin","floor":13,"turns":4},{"damage":6,"enemies":"Exordium Thugs","floor":14,"turns":5},{"damage":30,"enemies":"Hexaghost","floor":16,"turns":15},{"damage":5,"enemies":"Shell Parasite","floor":18,"turns":5},{"damage":12,"enemies":"Chosen","floor":19,"turns":4},{"damage":17,"enemies":"Shelled Parasite and Fungi","floor":22,"turns":6},{"damage":48,"enemies":"Gremlin Leader","floor":24,"turns":8},{"damage":18,"enemies":"Cultist and Chosen","floor":27,"turns":4},{"damage":22,"enemies":"3 Cultists","floor":29,"turns":6},{"damage":0,"enemies":"Replay:Snechameleon","floor":30,"turns":6},{"damage":1,"enemies":"Shelled Parasite and Fungi","floor":31,"turns":4},{"damage":18,"enemies":"Champ","floor":33,"turns":6},{"damage":6,"enemies":"3 Shapes","floor":35,"turns":7},{"damage":0,"enemies":"Orb Walker","floor":36,"turns":2},{"damage":14,"enemies":"Sphere and 2 Shapes","floor":39,"turns":6},{"damage":12,"enemies":"Spire Growth","floor":41,"turns":4},{"damage":23,"enemies":"Giant Head","floor":44,"turns":7},{"damage":11,"enemies":"Maw","floor":47,"turns":6},{"damage":18,"enemies":"Time Eater","floor":50,"turns":13}],"seed_played":"8804053798108910492","potions_obtained":[{"floor":2,"key":"AttackPotion"},{"floor":7,"key":"FairyPotion"},{"floor":11,"key":"Ancient Potion"},{"floor":14,"key":"SpeedPotion"},{"floor":16,"key":"Elixir"},{"floor":18,"key":"Weak Potion"},{"floor":19,"key":"BlessingOfTheForge"},{"floor":31,"key":"Swift Potion"},{"floor":36,"key":"Block Potion"}],"is_trial":false,"path_per_floor":["M","M","?","?","M","R","E","M","T","R","E","M","E","M","R","B",null,"M","M","?","$","M","?","E","?","T","M","R","M","E","M","R","B",null,"M","M","$","?","M","R","M","?","T","E","?","?","M","?","R","B",null],"character_chosen":"THE_CONSTRUCT_MOD","items_purchased":["Incense Burner","ReplayTheSpireMod:Ninjato","construct:Antimatter","Centennial Puzzle","Regen Potion","DuplicationPotion"],"campfire_rested":2,"item_purchase_floors":[21,21,21,37,37,37],"current_hp_per_floor":[72,72,72,72,72,72,47,35,35,35,26,26,21,15,15,10,63,58,46,66,66,49,49,1,80,80,62,62,40,40,39,39,21,65,59,59,59,49,35,74,62,62,62,54,54,54,43,43,76,58],"gold":45,"neow_bonus":"RANDOM_COMMON_RELIC","is_prod":false,"is_daily":false,"chose_seed":false,"campfire_upgraded":5,"win_rate":0,"timestamp":1607578687,"path_taken":["M","M","?","?","?","R","E","M","T","R","E","M","E","M","R","BOSS","M","M","?","$","M","?","E","?","T","M","R","M","E","M","R","BOSS","M","M","$","?","M","R","M","?","T","E","?","?","M","?","R","BOSS"],"build_version":"2020-11-30","purchased_purges":2,"victory":true,"max_hp_per_floor":[80,80,80,80,80,80,80,80,80,80,80,80,80,80,80,80,80,80,80,80,80,80,80,80,80,80,80,80,80,80,80,80,80,80,80,80,80,80,80,80,80,80,80,80,80,80,80,76,76,76],"relic_stats":{"Nunchaku":[30],"Regal Pillow":26,"Centennial Puzzle":[15],"Torii":13,"counters":[26,146],"Pen Nib":[4],"MawBank":144,"obtain_stats":[{"ReplayFunnel":4,"Potion Belt":11,"Regal Pillow":24,"ReplayTheSpireMod:Ninjato":21,"Torii":26,"Pen Nib":44,"Incense Burner":21,"construct:ClockworkPhoenix":0,"MawBank":9,"keyreminder:keyreminder":24,"Replay:Wanted Poster":34,"Replay:Bandana":0,"Nunchaku":7,"Centennial Puzzle":37,"Honey Jar":17,"Simple Rune":43,"ReplayTheSpireMod:TigerMarble":13,"Red Mask":46,"Bottled Lightning":30},{"ReplayFunnel":2,"Potion Belt":6,"Regal Pillow":14,"ReplayTheSpireMod:Ninjato":12,"Torii":14,"Pen Nib":24,"Incense Burner":12,"construct:ClockworkPhoenix":0,"MawBank":5,"keyreminder:keyreminder":14,"Replay:Wanted Poster":19,"Replay:Bandana":0,"Nunchaku":4,"Centennial Puzzle":21,"Honey Jar":10,"Simple Rune":23,"ReplayTheSpireMod:TigerMarble":8,"Red Mask":24,"Bottled Lightning":17},{"ReplayFunnel":9,"Potion Belt":25,"Regal Pillow":75,"ReplayTheSpireMod:Ninjato":61,"Torii":75,"Pen Nib":127,"Incense Burner":61,"construct:ClockworkPhoenix":0,"MawBank":22,"keyreminder:keyreminder":75,"Replay:Wanted Poster":101,"Replay:Bandana":0,"Nunchaku":17,"Centennial Puzzle":110,"Honey Jar":52,"Simple Rune":120,"ReplayTheSpireMod:TigerMarble":32,"Red Mask":127,"Bottled Lightning":91}]},"card_choices":[{"not_picked":["construct:Overcharge","construct:ModeShift"],"picked":"construct:VentSteam","floor":1},{"not_picked":["construct:ScrapCannon","construct:Autoturret"],"picked":"construct:FlashFreeze","floor":2},{"not_picked":["construct:Versatility","construct:FierceBash"],"picked":"construct:ForceCore","floor":4},{"not_picked":["construct:SaveState","construct:ShiftStrike"],"picked":"construct:PhosphorStorm","floor":4},{"not_picked":["construct:Backfire","construct:Afterburners"],"picked":"construct:QuickAttack","floor":5},{"not_picked":["construct:HardReboot","construct:GuardCore"],"picked":"construct:SyphonStrike","floor":7},{"not_picked":["construct:FlammableFog","construct:Boost","construct:SaveState"],"picked":"SKIP","floor":8},{"not_picked":["construct:Autoturret","construct:PointDefense","construct:Stasis"],"picked":"SKIP","floor":11},{"not_picked":["construct:FocusedBeam","construct:FlameCore"],"picked":"construct:ClockworkEgg","floor":12},{"not_picked":["construct:HeavyBolt","construct:Autoturret"],"picked":"construct:FlammableFog","floor":13},{"not_picked":["construct:Tumble","construct:Failsafe"],"picked":"construct:SuppressiveFire","floor":14},{"not_picked":["construct:GatlingGun","construct:MemoryTap"],"picked":"construct:HammerDown","floor":16},{"not_picked":["construct:SyphonStrike","construct:FocusedBeam"],"picked":"construct:QuickAttack","floor":18},{"not_picked":["construct:SweepLaser","construct:Anticipate"],"picked":"construct:FlammableFog","floor":19},{"not_picked":["construct:ScrapCannon","construct:Chainstrike"],"picked":"construct:ClusterMines","floor":22},{"not_picked":["construct:Bunker","construct:FierceBash"],"picked":"construct:OmegaCannon+1","floor":24},{"not_picked":["construct:ClusterMines","construct:HeavyBolt"],"picked":"construct:Forcefield","floor":27},{"not_picked":["construct:SweepLaser","construct:Isolate+1"],"picked":"construct:FlameCore+1","floor":29},{"not_picked":["construct:VentSteam","construct:HeavyBolt"],"picked":"construct:Antimatter","floor":30},{"not_picked":["construct:Analyze","construct:CriticalHit"],"picked":"construct:SyphonStrike","floor":31},{"not_picked":["construct:Multistage","construct:DarkFlames"],"picked":"construct:GatlingGun","floor":33},{"not_picked":["construct:Analyze+1","construct:Forcefield"],"picked":"construct:FlammableFog","floor":35},{"not_picked":["construct:SyphonStrike","construct:Accumulate"],"picked":"construct:VentSteam+1","floor":36},{"not_picked":["Jack Of All Trades","Apotheosis"],"picked":"Good Instincts","floor":38},{"not_picked":["Jack Of All Trades","PanicButton"],"picked":"Purity","floor":38},{"not_picked":["Dark Shackles","Jack Of All Trades"],"picked":"Panache","floor":38},{"not_picked":["construct:Forcefield+1","construct:SuppressiveFire+1","construct:Stasis"],"picked":"SKIP","floor":39},{"not_picked":["construct:FlashFreeze","construct:FierceBash+1"],"picked":"construct:Boost","floor":41},{"not_picked":["construct:PanicFire","construct:PowerUp+1"],"picked":"construct:OneWayMirror","floor":44},{"not_picked":["construct:Versatility","construct:ScrapCannon","construct:SuppressiveFire"],"picked":"SKIP","floor":47}],"player_experience":799358,"relics_obtained":[{"floor":4,"key":"ReplayFunnel"},{"floor":7,"key":"Nunchaku"},{"floor":9,"key":"MawBank"},{"floor":11,"key":"Potion Belt"},{"floor":13,"key":"ReplayTheSpireMod:TigerMarble"},{"floor":24,"key":"Regal Pillow"},{"floor":26,"key":"Torii"},{"floor":30,"key":"Bottled Lightning"},{"floor":43,"key":"Simple Rune"},{"floor":44,"key":"Pen Nib"}],"event_choices":[{"damage_healed":79,"gold_gain":0,"player_choice":"Full Heal","damage_taken":0,"max_hp_gain":0,"max_hp_loss":0,"event_name":"Wheel of Change","floor":25,"gold_loss":0},{"damage_healed":0,"gold_gain":0,"player_choice":"Memory 3","damage_taken":10,"max_hp_gain":0,"max_hp_loss":0,"event_name":"SensoryStone","floor":38,"gold_loss":0},{"cards_removed":["Panache"],"damage_healed":0,"gold_gain":0,"player_choice":"Removed Power","damage_taken":0,"max_hp_gain":0,"max_hp_loss":0,"event_name":"Falling","floor":42,"gold_loss":0},{"damage_healed":0,"gold_gain":0,"player_choice":"Ignored","damage_taken":0,"max_hp_gain":0,"max_hp_loss":0,"event_name":"Mysterious Sphere","floor":45,"gold_loss":0},{"damage_healed":0,"gold_gain":0,"player_choice":"Paid","damage_taken":0,"relics_obtained":["Red Mask"],"max_hp_gain":0,"max_hp_loss":0,"event_name":"Tomb of Lord Red Mask","floor":46,"gold_loss":328},{"damage_healed":0,"gold_gain":0,"player_choice":"Max HP","damage_taken":0,"max_hp_gain":0,"max_hp_loss":4,"event_name":"Winding Halls","floor":48,"gold_loss":0}],"is_beta":false,"boss_relics":[{"not_picked":["Abe\u0027s Treasure","Coffee Dripper"],"picked":"Honey Jar"},{"not_picked":["Empty Cage","Kintsugi"],"picked":"Replay:Wanted Poster"}],"items_purged_floors":[21,37],"is_endless":false,"potions_floor_spawned":[2,7,11,14,16,18,19,31,36],"ascension_level":15}}