{"host":"rmsq46plbpwfbxcc","time":1607583170,"event":{"gold_per_floor":[111,124,140,140,240,240,256,256,256,290,301,311,322,357,357,429,429,449,449,469,234,250,250,283,298,324,324,336,336,364,397,397,397,397],"floor_reached":33,"playtime":1062,"items_purged":["Strike_G"],"score":583,"play_id":"70fcf501-6fce-4e6e-bb3f-f1b370125366","local_time":"20201210155250","is_ascension_mode":true,"campfire_choices":[{"data":"Neutralize","floor":6.0,"key":"SMITH"},{"data":"Blade Dance","floor":8.0,"key":"SMITH"},{"data":"After Image","floor":15.0,"key":"SMITH"},{"data":"Accuracy","floor":23.0,"key":"SMITH"},{"data":"Blade Dance","floor":27.0,"key":"SMITH"},{"floor":32.0,"key":"REST"}],"neow_cost":"NONE","seed_source_timestamp":1967252800532400,"circlet_count":0,"master_deck":["AscendersBane","Strike_G","Strike_G","Strike_G","Strike_G","Defend_G","Defend_G","Defend_G","Defend_G","Defend_G","Survivor","Neutralize+1","Finisher","Blade Dance+1","Cloak And Dagger","Blur","Blade Dance+1","After Image+1","Bullet Time","Backstab","Accuracy+1","Choke","Storm of Steel","Backflip","A Thousand Cuts"],"special_seed":0,"relics":["Ring of the Snake","PreservedInsect","StrikeDummy","Pen Nib","Philosopher\u0027s Stone","Nloth\u0027s Gift","Calipers","Juzu Bracelet","Red Mask","FossilizedHelix"],"potions_floor_usage":[33],"damage_taken":[{"damage":0.0,"enemies":"2 Louse","floor":1.0,"turns":5.0},{"damage":0.0,"enemies":"Small Slimes","floor":2.0,"turns":3.0},{"damage":1.0,"enemies":"Cultist","floor":3.0,"turns":3.0},{"damage":4.0,"enemies":"2 Fungi Beasts","floor":7.0,"turns":3.0},{"damage":6.0,"enemies":"3 Sentries","floor":10.0,"turns":4.0},{"damage":2.0,"enemies":"Lots of Slimes","floor":11.0,"turns":4.0},{"damage":7.0,"enemies":"3 Louse","floor":12.0,"turns":3.0},{"damage":2.0,"enemies":"Blue Slaver","floor":13.0,"turns":2.0},{"damage":6.0,"enemies":"Lagavulin","floor":14.0,"turns":5.0},{"damage":32.0,"enemies":"Hexaghost","floor":16.0,"turns":13.0},{"damage":0.0,"enemies":"Spheric Guardian","floor":18.0,"turns":3.0},{"damage":6.0,"enemies":"Chosen","floor":20.0,"turns":5.0},{"damage":13.0,"enemies":"Snake Plant","floor":22.0,"turns":4.0},{"damage":14.0,"enemies":"Gremlin Leader","floor":24.0,"turns":5.0},{"damage":7.0,"enemies":"Centurion and Healer","floor":25.0,"turns":4.0},{"damage":0.0,"enemies":"Chosen and Byrds","floor":28.0,"turns":4.0},{"damage":11.0,"enemies":"Masked Bandits","floor":30.0,"turns":3.0},{"damage":0.0,"enemies":"Slavers","floor":31.0,"turns":3.0},{"damage":49,"enemies":"Automaton","floor":33,"turns":6}],"seed_played":"-2576550825101305278","potions_obtained":[{"floor":1.0,"key":"Regen Potion"},{"floor":2.0,"key":"GamblersBrew"},{"floor":11.0,"key":"SpeedPotion"},{"floor":14.0,"key":"Dexterity Potion"},{"floor":16.0,"key":"Block Potion"},{"floor":20.0,"key":"SkillPotion"},{"floor":22.0,"key":"BlessingOfTheForge"},{"floor":25.0,"key":"Weak Potion"},{"floor":30.0,"key":"AttackPotion"},{"floor":31.0,"key":"Block Potion"}],"is_trial":false,"path_per_floor":["M","M","M","?","?","R","M","R","T","E","M","M","M","E","R","B",null,"M","?","M","$","M","R","E","M","T","R","M","?","?","E","R","B"],"character_chosen":"THE_SILENT","items_purchased":["Accuracy","Choke"],"campfire_rested":1,"item_purchase_floors":[21,21],"current_hp_per_floor":[59,59,58,63,63,63,59,59,69,75,73,66,64,58,58,26,67,67,67,61,61,48,48,34,27,27,27,27,27,16,16,40,0,0],"gold":397,"neow_bonus":"RANDOM_COMMON_RELIC","is_prod":false,"is_daily":false,"chose_seed":false,"campfire_upgraded":5,"win_rate":0,"timestamp":1607583170,"path_taken":["M","M","M","?","?","R","M","R","T","E","M","?","M","E","R","BOSS","M","?","M","$","M","R","E","?","T","R","M","?","?","E","R","BOSS"],"build_version":"2020-11-30","purchased_purges":1,"victory":false,"max_hp_per_floor":[66,66,66,71,71,71,71,71,81,81,81,81,81,81,81,81,81,81,81,81,81,81,81,81,81,81,81,81,81,81,81,81,81,81],"card_choices":[{"not_picked":["Outmaneuver","Bane"],"picked":"Finisher","floor":1.0},{"not_picked":["Sucker Punch","Setup"],"picked":"Blade Dance","floor":2.0},{"not_picked":["Slice","Acrobatics","Grand Finale"],"picked":"SKIP","floor":3.0},{"not_picked":["Dodge and Roll","Flechettes"],"picked":"Cloak And Dagger","floor":7.0},{"not_picked":["Predator","Bane"],"picked":"Blur","floor":10.0},{"not_picked":["Caltrops","Eviscerate","Dagger Throw"],"picked":"SKIP","floor":11.0},{"not_picked":["Flying Knee","Setup"],"picked":"Blade Dance","floor":12.0},{"not_picked":["Setup","Finisher","Slice"],"picked":"SKIP","floor":13.0},{"not_picked":["Accuracy","Dagger Spray"],"picked":"After Image","floor":14.0},{"not_picked":["Unload","A Thousand Cuts"],"picked":"Bullet Time","floor":16.0},{"not_picked":["Deadly Poison","Quick Slash"],"picked":"Backstab","floor":18.0},{"not_picked":["Unload","Blade Dance","Cloak And Dagger"],"picked":"SKIP","floor":20.0},{"not_picked":["Prepared","Setup","Quick Slash"],"picked":"SKIP","floor":22.0},{"not_picked":["Bane","Setup"],"picked":"Storm of Steel","floor":24.0},{"not_picked":["Flying Knee","Finisher+1"],"picked":"Backflip","floor":25.0},{"not_picked":["Cloak And Dagger","Underhanded Strike","Poisoned Stab"],"picked":"SKIP","floor":28.0},{"not_picked":["Bane","Unload"],"picked":"A Thousand Cuts","floor":31.0}],"player_experience":1304100,"relics_obtained":[{"floor":9.0,"key":"Pear"},{"floor":10.0,"key":"StrikeDummy"},{"floor":14.0,"key":"Pen Nib"},{"floor":24.0,"key":"Calipers"},{"floor":26.0,"key":"Juzu Bracelet"},{"floor":30.0,"key":"Red Mask"},{"floor":31.0,"key":"FossilizedHelix"}],"event_choices":[{"damage_healed":0.0,"max_hp_gain":5.0,"max_hp_loss":0.0,"gold_gain":0.0,"event_name":"Big Fish","player_choice":"Donut","floor":4.0,"gold_loss":0.0,"damage_taken":0.0},{"damage_healed":0.0,"max_hp_gain":0.0,"max_hp_loss":0.0,"gold_gain":100.0,"event_name":"Wheel of Change","player_choice":"Gold","floor":5.0,"gold_loss":0.0,"damage_taken":0.0},{"damage_healed":0.0,"max_hp_gain":0.0,"max_hp_loss":0.0,"gold_gain":0.0,"event_name":"N\u0027loth","player_choice":"Traded Relic","floor":19.0,"relics_lost":["Pear"],"gold_loss":0.0,"damage_taken":0.0,"relics_obtained":["Nloth\u0027s Gift"]},{"damage_healed":0.0,"max_hp_gain":0.0,"max_hp_loss":0.0,"gold_gain":0.0,"event_name":"Cursed Tome","player_choice":"Ignored","floor":29.0,"gold_loss":0.0,"damage_taken":0.0},{"damage_healed":0.0,"max_hp_gain":0.0,"max_hp_loss":0.0,"gold_gain":0.0,"event_name":"Masked Bandits","player_choice":"Fought Bandits","floor":30.0,"gold_loss":0.0,"damage_taken":0.0}],"is_beta":false,"boss_relics":[{"not_picked":["HoveringKite","Ring of the Serpent"],"picked":"Philosopher\u0027s Stone"}],"items_purged_floors":[21],"is_endless":false,"potions_floor_spawned":[1,2,7,11,14,16,20,22,25,30,31],"killed_by":"Automaton","ascension_level":16}}