{"host":"mvw7i28zi3kj0eu9","time":1607615249,"event":{"mods":["BaseMod","StSLib","AchievementEnabler","Better Third Choice","BetterRewards","Block Reminder","Conspire","Downfall","Energized Spire","Halation","Hubris","Minty Spire (QoL Compilation)","Replay The Spire","Shop Mod","Small Relic Pack","Spikes Relics","The Blue Laboratory","The Necromancer","The Servant 0.9.4","Virulent Crown","Custom Start","Hermit","Jorbs\u0027s Wanderer Trilogy","Infinite Spire"],"gold_per_floor":[119,119,142,67,80,117,117,117,117,132,132,167,202,237,237,341,341,367,417,434,457,471,471,471,471,495,509,509,509,528,528,528,634,634,650,673,573,573,594,594,636,662,662,702,702,729,604,624,624,626,626],"floor_reached":50,"playtime":1423,"items_purged":["Defend_B","Defend_B","Strike_B","Strike_B"],"score":712,"play_id":"921fc8b7-0ea2-4c98-b258-ddb9cbe5418d","local_time":"20201210164729","is_ascension_mode":false,"campfire_choices":[{"data":"hubris:DoWhile","floor":7,"key":"SMITH"},{"data":"Consume","floor":11,"key":"SMITH"},{"floor":15,"key":"REST"},{"data":"Capacitor","floor":23,"key":"SMITH"},{"floor":25,"key":"REST"},{"data":"Storm","floor":29,"key":"SMITH"},{"data":"Amplify","floor":32,"key":"SMITH"},{"data":"Glacier","floor":40,"key":"SMITH"},{"data":"Electrodynamics","floor":45,"key":"SMITH"},{"floor":49,"key":"REST"}],"circlet_count":0,"master_deck":["Strike_B","Strike_B","Defend_B","Defend_B","Zap+1","Dualcast","Capacitor+1","Storm+1","Tempest+1","hubris:DoWhile+1","Consume+1","Cold Snap","Amplify+1","Glacier+1","Electrodynamics+1","Barrage+1"],"relics":["Cracked Core","Replay:Bandana","DataDisk","Nunchaku","Darkstone Periapt","Mummified Hand","hubris:FunFungus","Odd Mushroom","SlaversCollar","Tiny House","Enchiridion","Strawberry","Sozu","Prayer Wheel","Onion Ring","halation:QuantumPhysicsTextbook","hubris:TinFlute"],"acts_visited":["Exordium","TheCity","TheBeyond"],"potions_floor_usage":[6,12,14,21,33,48],"damage_taken":[{"damage":6,"enemies":"Jaw Worm","floor":1,"turns":3},{"damage":2,"enemies":"Small Slimes","floor":3,"turns":3},{"damage":0,"enemies":"conspire:RoseBush","floor":5,"turns":2},{"damage":26,"enemies":"Lagavulin","floor":6,"turns":4},{"damage":5,"enemies":"Looter","floor":10,"turns":3},{"damage":15,"enemies":"conspire:MimicChest","floor":12,"turns":5},{"damage":3,"enemies":"Replay:BlueRogue","floor":13,"turns":3},{"damage":18,"enemies":"The Mushroom Lair","floor":14,"turns":5},{"damage":14,"enemies":"Hexaghost","floor":16,"turns":8},{"damage":0,"enemies":"Chosen","floor":18,"turns":5},{"damage":28,"enemies":"Shell Parasite","floor":20,"turns":10},{"damage":21,"enemies":"Sentry and Sphere","floor":21,"turns":4},{"damage":15,"enemies":"Chosen and Byrds","floor":22,"turns":5},{"damage":21,"enemies":"Snake Plant","floor":27,"turns":3},{"damage":12,"enemies":"Centurion and Healer","floor":30,"turns":5},{"damage":16,"enemies":"conspire:MysteriousRune","floor":33,"turns":5},{"damage":10,"enemies":"Orb Walker","floor":35,"turns":2},{"damage":0,"enemies":"3 Darklings","floor":36,"turns":2},{"damage":20,"enemies":"Transient","floor":39,"turns":5},{"damage":10,"enemies":"R_Hoarder","floor":41,"turns":4},{"damage":0,"enemies":"Sphere and 2 Shapes","floor":42,"turns":4},{"damage":33,"enemies":"Nightmare","floor":44,"turns":6},{"damage":0,"enemies":"Spire Growth","floor":46,"turns":4},{"damage":31,"enemies":"Writhing Mass","floor":48,"turns":3},{"damage":42,"enemies":"Time Eater","floor":50,"turns":4}],"seed_played":"4170872450160379141","potions_obtained":[{"floor":5,"key":"LiquidMemories"},{"floor":6,"key":"DistilledChaos"},{"floor":10,"key":"blueLaboratory:RememoryPotion"},{"floor":13,"key":"blueLaboratory:SystemWipe"},{"floor":18,"key":"Milkshake"},{"floor":19,"key":"Energy Potion"}],"is_trial":false,"path_per_floor":["M","?","M","$","M","E","R","?","T","M","R","?","E","?","R","B",null,"M","AVR","M","M","M","R","?","R","T","M","?","R","M","?","R","B",null,"M","M","$","?","M","R","E","M","T","NM","R","M","$","M","R","B"],"character_chosen":"DEFECT","items_purchased":["Replay:Bandana","DataDisk","Capacitor","Storm"],"campfire_rested":3,"item_purchase_floors":[0,0,0,0],"current_hp_per_floor":[69,69,67,67,67,41,41,46,46,41,41,26,23,5,29,16,80,80,85,69,48,36,36,20,45,52,31,31,31,20,50,50,36,92,82,82,82,82,64,64,57,59,59,32,32,33,33,6,33,0,0],"gold":626,"neow_bonus":"","is_daily":false,"chose_seed":false,"campfire_upgraded":7,"win_rate":0,"timestamp":1607615249,"path_taken":["M","?","M","$","M","E","R","?","T","M","R","?","E","?","R","BOSS","M","AVR","M","M","M","R","?","R","T","M","?","R","M","?","R","BOSS","M","M","$","?","?","R","E","M","T","NM","R","M","$","M","R","BOSS"],"build_version":"2020-11-30","purchased_purges":4,"victory":false,"max_hp_per_floor":[75,75,75,75,75,75,75,80,80,80,80,80,80,80,80,80,80,80,85,85,85,85,85,85,85,92,92,92,92,92,92,92,92,92,92,92,92,92,92,92,92,92,92,92,92,92,92,92,92,92,92],"card_choices":[{"not_picked":["Turbo","Blizzard","BasicCrystalCard"],"picked":"SKIP","floor":1},{"not_picked":["Static Discharge","Melter","BasicCrystalCard"],"picked":"SKIP","floor":3},{"not_picked":["Consume","Skim"],"picked":"Tempest","floor":5},{"not_picked":["Conserve Battery","Streamline"],"picked":"hubris:DoWhile","floor":6},{"not_picked":["DiskWipe","Streamline"],"picked":"Consume","floor":10},{"not_picked":["Beam Cell","Chaos"],"picked":"Cold Snap","floor":12},{"not_picked":["Sweeping Beam","All For One","Conserve Battery"],"picked":"SKIP","floor":13},{"not_picked":["Buffer","All For One"],"picked":"Amplify","floor":16},{"not_picked":["Conserve Battery","conspire:SharedLibrary+1","BasicCrystalCard"],"picked":"SKIP","floor":18},{"not_picked":["FTL","ReplayTheSpireMod:Repulse"],"picked":"Glacier","floor":19},{"not_picked":["Conserve Battery","Barrage","Steam+1"],"picked":"SKIP","floor":20},{"not_picked":["Chill","Barrage+1","Beam Cell+1"],"picked":"SKIP","floor":21},{"not_picked":["Conserve Battery+1","Skim","Hologram+1"],"picked":"SKIP","floor":22},{"not_picked":["Sweeping Beam","Redo","Doom and Gloom+1"],"picked":"SKIP","floor":27},{"not_picked":["Heatsinks","Gash+1"],"picked":"Electrodynamics","floor":30},{"not_picked":["Sweeping Beam","Compile Driver","Gash+1"],"picked":"SKIP","floor":35},{"not_picked":["Compile Driver+1","Conserve Battery+1","Double Energy"],"picked":"SKIP","floor":36},{"not_picked":["BasicCrystalCard+1","Gash+1","Sweeping Beam"],"picked":"SKIP","floor":39},{"not_picked":["Leap","Sweeping Beam+1","Turbo"],"picked":"SKIP","floor":41},{"not_picked":["ReplayTheSpireMod:Calculation Training+1","Steam","Loop+1"],"picked":"SKIP","floor":42},{"not_picked":["Melter","RefreshScreen","Go for the Eyes"],"picked":"SKIP","floor":42},{"not_picked":["Panic Button+1","Hologram+1","Echo Form"],"picked":"SKIP","floor":44},{"not_picked":["Sweeping Beam","FTL","Streamline+1"],"picked":"SKIP","floor":46},{"not_picked":["Scrape","Ball Lightning","Gash+1"],"picked":"SKIP","floor":46},{"not_picked":["Static Discharge+1","ReplayTheSpireMod:Dual Polarity+1"],"picked":"Barrage+1","floor":48},{"not_picked":["Blizzard","Chaos+1","Stack+1"],"picked":"SKIP","floor":48}],"player_experience":827880,"relics_obtained":[{"floor":6,"key":"Nunchaku"},{"floor":9,"key":"Darkstone Periapt"},{"floor":12,"key":"Mummified Hand"},{"floor":13,"key":"hubris:FunFungus"},{"floor":14,"key":"Odd Mushroom"},{"floor":24,"key":"Enchiridion"},{"floor":26,"key":"Strawberry"},{"floor":41,"key":"Onion Ring"},{"floor":43,"key":"halation:QuantumPhysicsTextbook"},{"floor":44,"key":"hubris:TinFlute"}],"event_choices":[{"damage_healed":0,"gold_gain":0,"player_choice":"Donut","damage_taken":0,"max_hp_gain":5,"max_hp_loss":0,"event_name":"Big Fish","floor":8,"gold_loss":0},{"damage_healed":0,"gold_gain":0,"player_choice":"Fought Mushrooms","damage_taken":0,"max_hp_gain":0,"max_hp_loss":0,"event_name":"Mushrooms","floor":14,"gold_loss":0},{"damage_healed":0,"gold_gain":0,"player_choice":"Obtained Book","damage_taken":16,"max_hp_gain":0,"max_hp_loss":0,"event_name":"Cursed Tome","floor":24,"gold_loss":0},{"damage_healed":30,"gold_gain":0,"player_choice":"Heal","damage_taken":0,"max_hp_gain":0,"max_hp_loss":0,"event_name":"The Library","floor":31,"gold_loss":0},{"damage_healed":0,"gold_gain":0,"player_choice":"Ignored","damage_taken":0,"max_hp_gain":0,"max_hp_loss":0,"event_name":"betterThird:BetterPortal","floor":38,"gold_loss":0}],"is_beta":false,"boss_relics":[{"not_picked":["energizedSpire:StickyHand","Ectoplasm"],"picked":"SlaversCollar"},{"not_picked":["conspire:RoyalGoblet","CosmicIsotope"],"picked":"Sozu"}],"items_purged_floors":[4,19,37,47],"is_endless":true,"potions_floor_spawned":[5,6,10,13,18,20,35,46,48],"killed_by":"Time Eater","ascension_level":0}}