{"host":"2yqfi47fogfu1ic4","time":1607619375,"event":{"mods":["BaseMod","Relic Stats","StSLib","AchievementEnabler","Colored Map","Colored Powertips","Highlight Path","Minty Spire (QoL Compilation)","Permanent Neow"],"gold_per_floor":[19,19,31,48,59,59,92,106,106,120,120,137,151,131,131,204,204,221,238,238,0,19,19,45,45,116,116,116,128,128,156,156,227,227,242,261,261,274,274,305,305,339,339,354,387,387,240,274,274,274,274],"floor_reached":50,"playtime":5613,"items_purged":["Strike_G","Strike_G"],"score":1296,"play_id":"c0a6053a-ee40-4b96-b221-9a640536be29","local_time":"20201210175615","is_ascension_mode":true,"campfire_choices":[{"data":"Mayhem","floor":6.0,"key":"SMITH"},{"floor":11.0,"key":"REST"},{"floor":15.0,"key":"REST"},{"data":"A Thousand Cuts","floor":23.0,"key":"SMITH"},{"data":"Footwork","floor":25.0,"key":"SMITH"},{"data":"Well Laid Plans","floor":27.0,"key":"SMITH"},{"data":"Venomology","floor":30.0,"key":"SMITH"},{"floor":32.0,"key":"REST"},{"floor":41,"key":"REST"},{"floor":49,"key":"RECALL"}],"circlet_count":0,"master_deck":["AscendersBane","Strike_G","Strike_G","Strike_G","Defend_G","Defend_G","Defend_G","Defend_G","Survivor","Neutralize","Mayhem+1","Dagger Throw","Backstab","PiercingWail","Blade Dance","Well Laid Plans+1","Cloak And Dagger","Unload","Blade Dance","Adrenaline","A Thousand Cuts+1","CurseOfTheBell","Sucker Punch+1","Footwork+1","RitualDagger+1","Crippling Poison+1","Venomology+1","Tools of the Trade+1","Storm of Steel","Calculated Gamble","Dodge and Roll+1","PiercingWail","Sucker Punch+1","Blur","Backflip+1","Tactician","Die Die Die+1"],"special_seed":0,"relics":["Ring of the Snake","Pocketwatch","Mercury Hourglass","Calling Bell","Molten Egg 2","FossilizedHelix","Frozen Eye","Paper Crane","Nloth\u0027s Gift","Frozen Egg 2","WristBlade","Dream Catcher","The Courier","Bottled Lightning","Ancient Tea Set","Tingsha"],"acts_visited":["Exordium","TheCity","TheBeyond"],"potions_floor_usage":[40,40,45,48,48,48],"damage_taken":[{"damage":7.0,"enemies":"Small Slimes","floor":1.0,"turns":5.0},{"damage":0.0,"enemies":"Cultist","floor":3.0,"turns":5.0},{"damage":0.0,"enemies":"2 Louse","floor":4.0,"turns":2.0},{"damage":0.0,"enemies":"Red Slaver","floor":5.0,"turns":3.0},{"damage":45.0,"enemies":"Gremlin Nob","floor":7.0,"turns":5.0},{"damage":0.0,"enemies":"Looter","floor":8.0,"turns":3.0},{"damage":0.0,"enemies":"Large Slime","floor":10.0,"turns":5.0},{"damage":0.0,"enemies":"Blue Slaver","floor":12.0,"turns":3.0},{"damage":1.0,"enemies":"Exordium Thugs","floor":13.0,"turns":3.0},{"damage":5.0,"enemies":"Slime Boss","floor":16.0,"turns":7.0},{"damage":0.0,"enemies":"3 Byrds","floor":18.0,"turns":3.0},{"damage":11.0,"enemies":"2 Thieves","floor":19.0,"turns":4.0},{"damage":9.0,"enemies":"Centurion and Healer","floor":22.0,"turns":7.0},{"damage":0.0,"enemies":"Gremlin Leader","floor":24.0,"turns":6.0},{"damage":1.0,"enemies":"Cultist and Chosen","floor":29.0,"turns":5.0},{"damage":13.0,"enemies":"Book of Stabbing","floor":31.0,"turns":5.0},{"damage":43.0,"enemies":"Automaton","floor":33.0,"turns":12.0},{"damage":22.0,"enemies":"3 Darklings","floor":35.0,"turns":5.0},{"damage":0.0,"enemies":"3 Shapes","floor":36.0,"turns":5.0},{"damage":7.0,"enemies":"Maw","floor":38.0,"turns":8.0},{"damage":0,"enemies":"Nemesis","floor":40,"turns":7},{"damage":71,"enemies":"Reptomancer","floor":42,"turns":7},{"damage":12,"enemies":"Writhing Mass","floor":44,"turns":9},{"damage":3,"enemies":"Nemesis","floor":45,"turns":11},{"damage":14,"enemies":"Reptomancer","floor":48,"turns":8},{"damage":23,"enemies":"Donu and Deca","floor":50,"turns":2}],"seed_played":"6815438328910998298","potions_obtained":[{"floor":1.0,"key":"Fire Potion"},{"floor":3.0,"key":"Dexterity Potion"},{"floor":7.0,"key":"Fire Potion"},{"floor":8.0,"key":"AttackPotion"},{"floor":14.0,"key":"Fruit Juice"},{"floor":22.0,"key":"ColorlessPotion"},{"floor":24.0,"key":"LiquidMemories"},{"floor":33.0,"key":"EssenceOfSteel"},{"floor":36.0,"key":"Swift Potion"},{"floor":38,"key":"FairyPotion"},{"floor":42,"key":"Dexterity Potion"}],"is_trial":false,"path_per_floor":["M","?","M","M","M","R","E","M","T","M","R","M","M","?","R","B",null,"M","M","?","$","M","R","E","R","T","R","?","M","R","E","R","B",null,"M","M","?","M","?","E","R","E","T","M","E","?","$","E","R","B"],"character_chosen":"THE_SILENT","items_purchased":["Frozen Eye","Regen Potion"],"campfire_rested":4,"item_purchase_floors":[21,47],"current_hp_per_floor":[52,52,52,52,52,52,7,7,7,7,26,26,25,25,44,39,59,59,48,42,42,33,33,38,38,38,38,38,37,37,24,45,2,54,32,32,32,25,25,25,46,3,3,18,15,15,15,16,16,0,0],"gold":274,"neow_bonus":"RANDOM_COLORLESS_2","is_daily":false,"chose_seed":false,"campfire_upgraded":5,"win_rate":0,"timestamp":1607619375,"path_taken":["M","?","?","M","M","R","E","?","T","?","R","M","M","?","R","BOSS","M","?","?","$","M","R","E","R","T","R","?","?","R","E","R","BOSS","M","M","?","M","?","E","R","E","T","M","E","?","?","E","R","BOSS"],"build_version":"2020-11-30","purchased_purges":2,"victory":false,"max_hp_per_floor":[66,66,66,66,66,66,66,66,66,66,66,66,66,66,66,66,66,66,66,66,66,66,66,71,71,71,71,71,71,71,71,71,71,71,71,71,71,71,71,71,71,71,71,71,71,71,71,71,71,71,71],"relic_stats":{"Dream Catcher":1,"counters":[26,143],"Tingsha":[3],"Nloth\u0027s Gift":4,"obtain_stats":[{"Tingsha":48,"The Courier":42,"Orichalcum":17,"Paper Crane":24,"Frozen Egg 2":31,"Ancient Tea Set":45,"Mercury Hourglass":9,"Calling Bell":17,"Frozen Eye":21,"Dream Catcher":40,"WristBlade":34,"Molten Egg 2":17,"Nloth\u0027s Gift":28,"Bottled Lightning":43,"FossilizedHelix":17,"Ring of the Snake":0,"Pocketwatch":7},{"Tingsha":25,"The Courier":22,"Orichalcum":10,"Paper Crane":14,"Frozen Egg 2":16,"Ancient Tea Set":24,"Mercury Hourglass":6,"Calling Bell":10,"Frozen Eye":12,"Dream Catcher":21,"WristBlade":17,"Molten Egg 2":10,"Nloth\u0027s Gift":14,"Bottled Lightning":22,"FossilizedHelix":10,"Ring of the Snake":0,"Pocketwatch":5},{"Tingsha":141,"The Courier":113,"Orichalcum":40,"Paper Crane":60,"Frozen Egg 2":70,"Ancient Tea Set":133,"Mercury Hourglass":23,"Calling Bell":40,"Frozen Eye":47,"Dream Catcher":106,"WristBlade":82,"Molten Egg 2":40,"Nloth\u0027s Gift":60,"Bottled Lightning":113,"FossilizedHelix":40,"Ring of the Snake":0,"Pocketwatch":20}],"Ring of the Snake":[52],"Pocketwatch":[123],"Mercury Hourglass":[531]},"card_choices":[{"not_picked":["Metamorphosis","Transmutation"],"picked":"Mayhem","floor":0.0},{"not_picked":["Setup","Outmaneuver"],"picked":"Dagger Throw","floor":1.0},{"not_picked":["Endless Agony","Distraction"],"picked":"Backstab","floor":3.0},{"not_picked":["Backflip","Slice"],"picked":"PiercingWail","floor":4.0},{"not_picked":["Cloak And Dagger","Dodge and Roll"],"picked":"Blade Dance","floor":5.0},{"not_picked":["Slice","Predator"],"picked":"Well Laid Plans","floor":7.0},{"not_picked":["Well Laid Plans","Sucker Punch"],"picked":"Cloak And Dagger","floor":8.0},{"not_picked":["Deflect","Sucker Punch"],"picked":"Unload","floor":10.0},{"not_picked":["Quick Slash","Poisoned Stab"],"picked":"Blade Dance","floor":12.0},{"not_picked":["Outmaneuver","Masterful Stab"],"picked":"Adrenaline","floor":13.0},{"not_picked":["Malaise","Bullet Time"],"picked":"A Thousand Cuts","floor":16.0},{"not_picked":["Deflect","Riddle With Holes+1"],"picked":"Sucker Punch+1","floor":18.0},{"not_picked":["Accuracy","Calculated Gamble"],"picked":"Footwork","floor":19.0},{"not_picked":["Infinite Blades","Cloak And Dagger"],"picked":"Backflip","floor":22.0},{"not_picked":["Backstab+1","Noxious Fumes"],"picked":"Crippling Poison+1","floor":24.0},{"not_picked":["Predator+1","Quick Slash+1"],"picked":"Venomology","floor":29.0},{"not_picked":["Setup","Underhanded Strike+1"],"picked":"Tools of the Trade+1","floor":31.0},{"not_picked":["Doppelganger","Burst"],"picked":"Storm of Steel","floor":33.0},{"not_picked":["Blade Dance","Dodge and Roll+1"],"picked":"Calculated Gamble","floor":35.0},{"not_picked":["Escape Plan","Quick Slash+1","A Thousand Cuts+1"],"picked":"SKIP","floor":36.0},{"not_picked":["Slice+1","Blade Dance"],"picked":"Dodge and Roll+1","floor":38},{"not_picked":["Tools of the Trade+1","Dagger Spray+1"],"picked":"PiercingWail","floor":40},{"not_picked":["PiercingWail","Prepared+1"],"picked":"Sucker Punch+1","floor":41},{"not_picked":["Blade Dance","Acrobatics"],"picked":"Blur","floor":42},{"not_picked":["Poisoned Stab+1","Well Laid Plans+1"],"picked":"Backflip+1","floor":44},{"not_picked":["Choke+1","Well Laid Plans+1"],"picked":"Tactician","floor":45},{"not_picked":["Crippling Poison","Die Die Die+1","Bane+1"],"picked":"SKIP","floor":48},{"not_picked":["Crippling Poison","Bane+1"],"picked":"Die Die Die+1","floor":48}],"player_experience":1699498,"relics_obtained":[{"floor":7.0,"key":"Pocketwatch"},{"floor":9.0,"key":"Mercury Hourglass"},{"floor":17.0,"key":"Orichalcum"},{"floor":17.0,"key":"Molten Egg 2"},{"floor":17.0,"key":"FossilizedHelix"},{"floor":24.0,"key":"Paper Crane"},{"floor":31.0,"key":"Frozen Egg 2"},{"floor":40,"key":"Dream Catcher"},{"floor":42,"key":"The Courier"},{"floor":43,"key":"Bottled Lightning"},{"floor":45,"key":"Ancient Tea Set"},{"floor":48,"key":"Tingsha"}],"event_choices":[{"cards_removed":["Defend_G"],"damage_healed":0.0,"max_hp_gain":0.0,"max_hp_loss":0.0,"gold_gain":0.0,"event_name":"Bonfire Elementals","player_choice":"Offered Basic","floor":2.0,"gold_loss":0.0,"damage_taken":0.0},{"damage_healed":0.0,"max_hp_gain":0.0,"max_hp_loss":0.0,"gold_gain":0.0,"event_name":"The Woman in Blue","player_choice":"Bought 1 Potion","floor":14.0,"gold_loss":0.0,"damage_taken":0.0},{"damage_healed":0.0,"max_hp_gain":0.0,"max_hp_loss":0.0,"gold_gain":0.0,"event_name":"Nest","player_choice":"Joined the Cult","floor":20.0,"gold_loss":0.0,"damage_taken":6.0,"cards_obtained":["RitualDagger"]},{"damage_healed":0.0,"max_hp_gain":0.0,"max_hp_loss":0.0,"gold_gain":0.0,"event_name":"N\u0027loth","player_choice":"Traded Relic","floor":28.0,"relics_lost":["Orichalcum"],"gold_loss":0.0,"damage_taken":0.0,"relics_obtained":["Nloth\u0027s Gift"]},{"damage_healed":0.0,"max_hp_gain":0.0,"max_hp_loss":0.0,"gold_gain":0.0,"event_name":"Tomb of Lord Red Mask","player_choice":"Ignored","floor":37.0,"gold_loss":0.0,"damage_taken":0.0},{"damage_healed":0,"gold_gain":0,"player_choice":"Ignored","damage_taken":0,"max_hp_gain":0,"max_hp_loss":0,"event_name":"Mysterious Sphere","floor":39,"gold_loss":0},{"cards_removed":["Backflip"],"damage_healed":0,"gold_gain":0,"player_choice":"Removed Skill","damage_taken":0,"max_hp_gain":0,"max_hp_loss":0,"event_name":"Falling","floor":46,"gold_loss":0}],"is_beta":false,"boss_relics":[{"not_picked":["Ectoplasm","Runic Dome"],"picked":"Calling Bell"},{"not_picked":["Astrolabe","Fusion Hammer"],"picked":"WristBlade"}],"items_purged_floors":[21,47],"is_endless":false,"potions_floor_spawned":[1,3,7,8,12,22,24,33,36,38,42,45],"killed_by":"Donu and Deca","ascension_level":19}}