{"host":"svwqvw2il1zfkkg0","time":1607640297,"event":{"mods":["BaseMod","Colored Map","StSLib","Infinite Spire","Replay The Spire","SuperFastMode","BetterRewards","Highlight Path","Custom Start","AchievementEnabler","Colored Powertips","Downfall","GifTheSpireLib","Hubris","Quick Restart","Shop Mod","Minty Spire (QoL Compilation)"],"gold_per_floor":[115,134,144,144,144,173,173,192,217,242,3,3,13,30,30,133,133,153,2,13,13,13,43,43,58,83,113,136,148,148],"floor_reached":29,"playtime":779,"items_purged":[],"score":275,"play_id":"6ae32b7d-5743-4843-88f1-b571841e93a1","local_time":"20201210144457","is_ascension_mode":false,"campfire_choices":[{"floor":7,"key":"REST"},{"floor":12,"key":"REST"},{"floor":15,"key":"REST"},{"floor":24,"key":"REST"}],"circlet_count":0,"master_deck":["Strike_G","Strike_G","Strike_G","Strike_G","Strike_G+1","Defend_G","Defend_G","Defend_G","Defend_G","Defend_G","Survivor","Neutralize","Slimebound:Strike_Slimebound","Strike_B","Deadly Poison","Dagger Spray","Draining Mist","All Out Attack","Dagger Spray","Noxious Fumes","Adrenaline","Poisoned Stab","Glass Knife","Flying Knee","Replay:Poison Smokescreen","ReplayTheSpireMod:Haul","Flying Knee","Poisoned Stab","Bane","Dagger Spray"],"relics":["Ring of the Serpent","Tiny Chest","infinitespire:Lucky Rock","PreservedInsect","Letter Opener","TwistedFunnel","Mummified Hand","infinitespire:EmpoweringShard","Omamori","infinitespire:Satchel","MawBank"],"acts_visited":["Exordium","TheCity"],"potions_floor_usage":[16,16,27,27,27],"damage_taken":[{"damage":9,"enemies":"Small Slimes","floor":1,"turns":3},{"damage":6,"enemies":"Jaw Worm","floor":2,"turns":3},{"damage":1,"enemies":"Cultist","floor":3,"turns":3},{"damage":29,"enemies":"Gremlin Nob","floor":6,"turns":5},{"damage":3,"enemies":"Lots of Slimes","floor":8,"turns":2},{"damage":23,"enemies":"Replay:BlueRogue","floor":10,"turns":5},{"damage":5,"enemies":"Blue Slaver","floor":13,"turns":3},{"damage":3,"enemies":"2 Fungi Beasts","floor":14,"turns":2},{"damage":29,"enemies":"Fading Forest","floor":16,"turns":11},{"damage":16,"enemies":"2 Thieves","floor":18,"turns":4},{"damage":14,"enemies":"3 Byrds","floor":20,"turns":3},{"damage":19,"enemies":"Slavers","floor":23,"turns":2},{"damage":14,"enemies":"Snecko","floor":25,"turns":4},{"damage":5,"enemies":"Gremlin Leader","floor":27,"turns":2},{"damage":34,"enemies":"Centurion and Healer","floor":28,"turns":4},{"damage":10,"enemies":"Chosen and Byrds","floor":29,"turns":1}],"seed_played":"2157913025475138375","potions_obtained":[{"floor":6,"key":"AttackPotion"},{"floor":8,"key":"Strength Potion"},{"floor":13,"key":"Swift Potion"},{"floor":23,"key":"Strength Potion"},{"floor":25,"key":"Energy Potion"}],"is_trial":false,"path_per_floor":["M","M","M","?","?","E","R","M","T","E","$","R","M","M","R","B",null,"M","$","M","AVR","T","E","R","M","T","E","M","M"],"character_chosen":"THE_SILENT","items_purchased":["Letter Opener","TwistedFunnel"],"campfire_rested":4,"item_purchase_floors":[11,19],"current_hp_per_floor":[75,69,68,68,68,39,64,61,61,38,38,63,58,55,80,71,84,68,68,54,54,54,35,60,46,46,41,7,0,0],"gold":148,"neow_bonus":"TWENTY_PERCENT_HP_BONUS","is_daily":false,"chose_seed":false,"campfire_upgraded":0,"win_rate":0,"timestamp":1607640297,"path_taken":["M","M","M","?","?","E","R","M","T","E","?","R","?","M","R","BOSS","M","?","M","AVR","?","E","R","M","T","E","M","M"],"build_version":"2020-11-30","purchased_purges":0,"victory":false,"max_hp_per_floor":[84,84,84,84,84,84,84,84,84,84,84,84,84,84,84,84,84,84,84,84,84,84,84,84,84,84,84,84,84,84],"card_choices":[{"not_picked":["Hidden Blade","Catalyst"],"picked":"Deadly Poison","floor":1},{"not_picked":["PiercingWail","ReplayTheSpireMod:Shiv Toss"],"picked":"Dagger Spray","floor":2},{"not_picked":["hubris:SlightOfHand","Flechettes"],"picked":"Draining Mist","floor":3},{"not_picked":["Dagger Spray","Expertise"],"picked":"All Out Attack","floor":6},{"not_picked":["Dagger Throw","Backflip"],"picked":"Dagger Spray","floor":8},{"not_picked":["Hidden Blade","Acrobatics"],"picked":"Noxious Fumes","floor":10},{"not_picked":["Blade Dance","Slice"],"picked":"Adrenaline","floor":13},{"not_picked":["Quick Slash","ReplayTheSpireMod:Tripwire"],"picked":"Poisoned Stab","floor":14},{"not_picked":["ReplayTheSpireMod:Necrosis","Storm of Steel"],"picked":"Glass Knife","floor":16},{"not_picked":["Skewer","Acrobatics+1"],"picked":"Flying Knee","floor":18},{"not_picked":["ReplayTheSpireMod:Tripwire+1","Dodge and Roll"],"picked":"Replay:Poison Smokescreen","floor":20},{"not_picked":["Underhanded Strike","hubris:SlightOfHand"],"picked":"Flying Knee","floor":23},{"not_picked":["Choke","Acrobatics"],"picked":"Poisoned Stab","floor":25},{"not_picked":["Endless Agony","hubris:SlightOfHand"],"picked":"Bane","floor":27},{"not_picked":["Backflip","Flying Knee"],"picked":"Dagger Spray","floor":28}],"player_experience":357386,"relics_obtained":[{"floor":6,"key":"Tiny Chest"},{"floor":9,"key":"infinitespire:Lucky Rock"},{"floor":10,"key":"PreservedInsect"},{"floor":22,"key":"infinitespire:EmpoweringShard"},{"floor":23,"key":"Omamori"},{"floor":26,"key":"infinitespire:Satchel"},{"floor":27,"key":"MawBank"}],"event_choices":[],"is_beta":false,"boss_relics":[{"not_picked":["Velvet Choker","Runic Dome"],"picked":"Ring of the Serpent"}],"items_purged_floors":[],"is_endless":false,"potions_floor_spawned":[6,8,13,14,23,25],"killed_by":"Chosen and Byrds","ascension_level":0}}