{"host":"6csbbk4539itd1k2","time":1607629351,"event":{"mods":["BaseMod","StSLib","Colored Powertips","Hermit","Minty Spire (QoL Compilation)","The Cursed","The Servant 0.9.4","Googly Eyes","Replay The Spire","SuperFastMode","The Bug Knight","The Hierophant","The Necromancer"],"gold_per_floor":[115,115,115,115,133,163,163,182,182,195,195,209,84,97,97,201,201,211,61,61,61,73,101,121,147,147,147,147,147,147,147,147,166,166,270,270,290,310,310,82,82,82,82,117,128,154,154,184,195,245,245,290,290,290],"floor_reached":55,"playtime":3407,"items_purged":["HollowMod:QuickDashStart"],"score":883,"play_id":"60eea3f5-d424-44b1-83e1-d12f93325e18","local_time":"20201210204231","is_ascension_mode":true,"campfire_choices":[{"floor":7,"key":"REST"},{"data":"HollowMod:VoidDash","floor":11,"key":"SMITH"},{"data":"HollowMod:HuntersJournal","floor":15,"key":"SMITH"},{"data":"HollowMod:SiblingsSouls","floor":27,"key":"SMITH"},{"data":"Delirium","floor":30,"key":"PURGE"},{"floor":34,"key":"DIG"}],"circlet_count":0,"master_deck":["HollowMod:QuickDashStart","HollowMod:QuickDashStart","HollowMod:FocusHealStart","HollowMod:PogoStrike","HollowMod:DescendingDark","HollowMod:VengefulVoid","HollowMod:VengefulVoid","HollowMod:VoidDash+1","HollowMod:SiblingsSouls+1","HollowMod:HuntersJournal+1","HollowMod:CloakDash","HollowMod:DescendingDark+1","HollowMod:ShadowDash","HollowMod:AbyssShriek+1","HollowMod:DashSlash","HollowMod:BlackTendrils+1","HollowMod:WraithStrike+1","HollowMod:SiblingsSouls","HollowMod:MylasSalvation","HollowMod:AbyssShriek+1","HollowMod:HuntersJournal+1","HollowMod:VengefulVoid+1","HollowMod:HuntersJournal+1","HollowMod:WraithStrike+1","HollowMod:theNailsmith","HollowMod:DescendingDark","HollowMod:DescendingDark+1","HollowMod:MantisMark+1","HollowMod:CloakDash+1"],"relics":["HollowMod:VesselMask","Replay:Kaleidoscope","Peace Pipe","Velvet Choker","HollowMod:StagPassRelic","Ring of Hypnosis","Bronze Scales","ReplayTheSpireMod:Lightbulb","Juzu Bracelet","Bag of Marbles","Empty Cage","Orrery","Oddly Smooth Stone","Replay:Wax Seal","HollowMod:StagPassRelic","FossilizedHelix","Ginger","Incense Burner"],"acts_visited":["Exordium","TheCity","TheBeyond"],"potions_floor_usage":[16,24,24,35,35,35,54,54,54],"damage_taken":[{"damage":1,"enemies":"Jaw Worm","floor":1,"turns":5},{"damage":0,"enemies":"2 Louse","floor":5,"turns":1},{"damage":81,"enemies":"Lagavulin","floor":6,"turns":13},{"damage":0,"enemies":"Small Slimes","floor":8,"turns":2},{"damage":0,"enemies":"Blue Slaver","floor":10,"turns":3},{"damage":0,"enemies":"Red Slaver","floor":12,"turns":2},{"damage":0,"enemies":"Exordium Thugs","floor":14,"turns":3},{"damage":32,"enemies":"Slime Boss","floor":16,"turns":16},{"damage":0,"enemies":"Spheric Guardian","floor":18,"turns":3},{"damage":2,"enemies":"Shell Parasite","floor":22,"turns":3},{"damage":11,"enemies":"Slavers","floor":23,"turns":4},{"damage":6,"enemies":"Shelled Parasite and Fungi","floor":24,"turns":3},{"damage":1,"enemies":"HollowMod:Nosk","floor":25,"turns":4},{"damage":0,"enemies":"3 Cultists","floor":33,"turns":2},{"damage":47,"enemies":"HollowMod:NKGrimm","floor":35,"turns":6},{"damage":0,"enemies":"Orb Walker","floor":37,"turns":2},{"damage":9,"enemies":"3 Shapes","floor":38,"turns":2},{"damage":0,"enemies":"Giant Head","floor":44,"turns":5},{"damage":0,"enemies":"Transient","floor":45,"turns":5},{"damage":0,"enemies":"Nemesis","floor":46,"turns":3},{"damage":5,"enemies":"Reptomancer","floor":48,"turns":3},{"damage":37,"enemies":"HollowMod:SlobberingHusk","floor":49,"turns":4},{"damage":0,"enemies":"Mind Bloom Boss Battle","floor":50,"turns":4},{"damage":26,"enemies":"2 Orb Walkers","floor":52,"turns":2},{"damage":52,"enemies":"Donu and Deca","floor":54,"turns":5}],"seed_played":"1996257150888634188","potions_obtained":[{"floor":8,"key":"LifebloodPotion"},{"floor":10,"key":"Block Potion"},{"floor":12,"key":"Block Potion"},{"floor":16,"key":"Explosive Potion"},{"floor":23,"key":"AttackPotion"},{"floor":24,"key":"SteroidPotion"},{"floor":33,"key":"Weak Potion"},{"floor":37,"key":"Weak Potion"},{"floor":38,"key":"SkillPotion"},{"floor":48,"key":"FearPotion"}],"is_trial":false,"path_per_floor":["M","?","?","?","M","E","R","M","T","M","R","M","$","M","R","B",null,"M","?","?","?","M","E","M","E","T","R","PTL","PTL","R","$","?","M","R","B",null,"M","M","?","$","?","PTL","PTL","E","M","E","T","E","M","?","?","?","R","B",null],"character_chosen":"THE_BUGKNIGHT","items_purchased":["HollowMod:CloakDash","HollowMod:AbyssShriek","Orrery"],"campfire_rested":1,"item_purchase_floors":[13,40,40],"current_hp_per_floor":[75,80,80,80,80,11,35,35,35,35,35,35,35,35,35,3,80,80,80,80,80,78,67,61,71,71,71,71,71,71,71,56,61,61,29,85,85,82,82,82,82,82,82,85,85,85,85,80,43,49,85,65,85,33],"gold":290,"neow_bonus":"REMOVE_CARD","is_daily":false,"chose_seed":false,"campfire_upgraded":3,"win_rate":0,"timestamp":1607629351,"path_taken":["M","?","?","?","M","E","R","M","T","M","R","M","?","M","R","BOSS","M","?","?","?","M","E","M","E","T","R","PTL","PTL","R","?","?","M","R","BOSS","M","M","?","$","?","PTL","PTL","E","M","E","T","E","M","?","?","?","R","BOSS"],"build_version":"2020-11-30","purchased_purges":1,"victory":true,"max_hp_per_floor":[75,80,80,80,80,80,80,80,80,80,80,80,80,80,80,80,80,80,80,80,80,80,80,80,80,80,80,80,80,80,80,85,85,85,85,85,85,85,85,85,85,85,85,85,85,85,85,85,85,85,85,85,85,85],"card_choices":[{"not_picked":["HollowMod:VengefulVoid","HollowMod:CycloneSlash"],"picked":"HollowMod:DescendingDark","floor":1},{"not_picked":["HollowMod:DungDefenderAura","HollowMod:Grubsong"],"picked":"HollowMod:VengefulVoid","floor":5},{"not_picked":["HollowMod:DoubleDash","HollowMod:SoulSplash"],"picked":"HollowMod:VengefulVoid","floor":6},{"not_picked":["HollowMod:MonarchWings","HollowMod:HeavyBlow"],"picked":"HollowMod:VoidDash","floor":8},{"not_picked":["HollowMod:GrimmsGift","HollowMod:ShadowDash"],"picked":"HollowMod:SiblingsSouls","floor":10},{"not_picked":["HollowMod:ChannelNail","HollowMod:DescendingDark"],"picked":"HollowMod:HuntersJournal","floor":12},{"not_picked":["HollowMod:MothsMistake","HollowMod:InfectedCysts"],"picked":"HollowMod:DescendingDark","floor":14},{"not_picked":["HollowMod:HeavyBlow+1","HollowMod:LifebloodCocoon"],"picked":"HollowMod:ShadowDash","floor":18},{"not_picked":["HollowMod:InfectedAttack","HollowMod:ShapeofUnn"],"picked":"HollowMod:AbyssShriek+1","floor":22},{"not_picked":["HollowMod:VoidDash","HollowMod:SharpenedNail"],"picked":"HollowMod:DashSlash","floor":23},{"not_picked":["HollowMod:HowlingWraiths+1","HollowMod:MonomonsArchive+1"],"picked":"HollowMod:BlackTendrils+1","floor":24},{"not_picked":["HollowMod:LifebloodCocoon","HollowMod:SoulEater+1","HollowMod:ChannelNail"],"picked":"SKIP","floor":25},{"not_picked":["HollowMod:PureNailStrike","HollowMod:SoulShaman","HollowMod:InfectionAssault+1"],"picked":"SKIP","floor":33},{"not_picked":["HollowMod:DashSlash","HollowMod:AbyssShriek"],"picked":"HollowMod:WraithStrike+1","floor":37},{"not_picked":["HollowMod:MawleksShell+1","HollowMod:NewJinnsSoul+1"],"picked":"HollowMod:SiblingsSouls","floor":38},{"not_picked":["HollowMod:TaintedHusks","HollowMod:MothsMistake+1"],"picked":"HollowMod:HuntersJournal","floor":40},{"not_picked":["HollowMod:SlysStrikes","HollowMod:NewLittleFool"],"picked":"HollowMod:VengefulVoid","floor":40},{"not_picked":["HollowMod:BaldurShell+1","HollowMod:ShapeofUnn+1"],"picked":"HollowMod:HuntersJournal+1","floor":40},{"not_picked":["HollowMod:CycloneSlash+1","HollowMod:BlackTendrils"],"picked":"HollowMod:WraithStrike+1","floor":40},{"not_picked":["HollowMod:HowlingWraiths","HollowMod:NewInfectedGuardian"],"picked":"HollowMod:DescendingDark","floor":44},{"not_picked":["HollowMod:SoulVessel+1","HollowMod:NewJinnsSoul","HollowMod:SoulSplash"],"picked":"SKIP","floor":45},{"not_picked":["HollowMod:DungDefenderAura","HollowMod:QuirrelsAssistance"],"picked":"HollowMod:DescendingDark+1","floor":46},{"not_picked":["HollowMod:DesolateDive","HollowMod:InfectionAssault"],"picked":"HollowMod:MantisMark+1","floor":48},{"not_picked":["HollowMod:NewJinnsSoul","HollowMod:ShadowDash"],"picked":"HollowMod:CloakDash+1","floor":49}],"player_experience":113415,"relics_obtained":[{"floor":6,"key":"Replay:Kaleidoscope"},{"floor":9,"key":"Peace Pipe"},{"floor":20,"key":"Ring of Hypnosis"},{"floor":23,"key":"Bronze Scales"},{"floor":25,"key":"ReplayTheSpireMod:Lightbulb"},{"floor":26,"key":"Juzu Bracelet"},{"floor":34,"key":"Bag of Marbles"},{"floor":44,"key":"Oddly Smooth Stone"},{"floor":46,"key":"Replay:Wax Seal"},{"floor":47,"key":"HollowMod:StagPassRelic"},{"floor":48,"key":"FossilizedHelix"},{"floor":50,"key":"Ginger"},{"floor":52,"key":"Incense Burner"}],"event_choices":[{"damage_healed":0,"gold_gain":0,"player_choice":"Donut","damage_taken":0,"max_hp_gain":5,"max_hp_loss":0,"event_name":"Big Fish","floor":2,"gold_loss":0},{"cards_removed":["HollowMod:NailStrikeStart"],"damage_healed":0,"gold_gain":0,"player_choice":"Forget","damage_taken":0,"max_hp_gain":0,"max_hp_loss":0,"event_name":"Living Wall","floor":4,"gold_loss":0},{"damage_healed":0,"gold_gain":0,"player_choice":"Shed Blood","damage_taken":20,"max_hp_gain":5,"max_hp_loss":0,"event_name":"Forgotten Altar","floor":32,"gold_loss":0},{"damage_healed":0,"gold_gain":0,"cards_transformed":["HollowMod:NailStrikeStart"],"player_choice":"Transformed","damage_taken":0,"max_hp_gain":0,"max_hp_loss":0,"event_name":"Transmorgrifier","floor":41,"gold_loss":0,"cards_obtained":["HollowMod:theNailsmith"]},{"damage_healed":0,"gold_gain":0,"player_choice":"Fight","damage_taken":0,"max_hp_gain":0,"max_hp_loss":0,"event_name":"MindBloom","floor":50,"gold_loss":0},{"damage_healed":36,"gold_gain":0,"player_choice":"Full Heal","damage_taken":0,"max_hp_gain":0,"max_hp_loss":0,"event_name":"Wheel of Change","floor":51,"gold_loss":0},{"damage_healed":0,"gold_gain":0,"player_choice":"Fight","damage_taken":0,"max_hp_gain":0,"max_hp_loss":0,"event_name":"Mysterious Sphere","floor":52,"gold_loss":0}],"is_beta":false,"boss_relics":[{"not_picked":["Honey Jar","Runic Pyramid"],"picked":"Velvet Choker"},{"not_picked":["Sozu","SlaversCollar"],"picked":"Empty Cage"}],"items_purged_floors":[13],"is_endless":false,"potions_floor_spawned":[8,10,12,16,23,24,33,37,38,48,49],"ascension_level":1}}