{"host":"lvf3ywlo9ittp3f6","time":1607559161,"event":{"gold_per_floor":[112,123,141,13,30,62,62,80,130,162,176,176,201,231,231,328,328,344,359,373,373,385,412,412,438,438,438,137,137,152,184,184,285,285,299,312,312,161,161,161,161,188,211,211,236,255,275,308,308,308,308,308,15,47,47],"floor_reached":56,"playtime":7852,"items_purged":[],"score":1638,"play_id":"e93ba17c-5978-487a-95a1-b78e30cf6c38","local_time":"20201210031241","is_ascension_mode":true,"campfire_choices":[{"data":"Carnage","floor":7.0,"key":"SMITH"},{"data":"Immolate","floor":12.0,"key":"SMITH"},{"data":"Warcry","floor":15.0,"key":"SMITH"},{"data":"RitualDagger","floor":27.0,"key":"SMITH"},{"data":"Dark Embrace","floor":32.0,"key":"SMITH"},{"data":"Dual Wield","floor":40.0,"key":"SMITH"},{"data":"Dual Wield","floor":44.0,"key":"SMITH"},{"floor":49.0,"key":"RECALL"},{"data":"Flame Barrier","floor":52.0,"key":"SMITH"}],"neow_cost":"PERCENT_DAMAGE","seed_source_timestamp":2076032400531675,"circlet_count":0,"master_deck":["Strike_R+1","Strike_R+1","Strike_R+1","Strike_R+1","Strike_R+1","Defend_R+1","Defend_R+1","Defend_R+1","Defend_R+1","Bash","Thunderclap","Carnage+1","Battle Trance","Double Tap+1","Warcry+1","Corruption","Immolate+1","Offering","RitualDagger+1","Flame Barrier+1","Dark Embrace+1","Dual Wield+1","Dual Wield+1","Spot Weakness+1","Exhume","Havoc","Purity","Offering","Whirlwind+1","True Grit+1","Thunderclap+1","RitualDagger+1","Warcry"],"special_seed":0,"relics":["Burning Blood","Pocketwatch","Singing Bowl","Toy Ornithopter","Mercury Hourglass","Whetstone","Odd Mushroom","Busted Crown","Orichalcum","Akabeko","White Beast Statue","Potion Belt","Eternal Feather","Black Star","Ancient Tea Set","Bird Faced Urn","Bag of Preparation","Bag of Marbles","Question Card","Mummified Hand","Red Skull","DollysMirror","Incense Burner","Bottled Lightning"],"potions_floor_usage":[55,55,55,55,55],"damage_taken":[{"damage":5.0,"enemies":"Small Slimes","floor":1.0,"turns":4.0},{"damage":5.0,"enemies":"2 Louse","floor":2.0,"turns":3.0},{"damage":7.0,"enemies":"Jaw Worm","floor":3.0,"turns":3.0},{"damage":9.0,"enemies":"Red Slaver","floor":5.0,"turns":2.0},{"damage":10.0,"enemies":"Gremlin Nob","floor":6.0,"turns":3.0},{"damage":5.0,"enemies":"2 Fungi Beasts","floor":8.0,"turns":4.0},{"damage":4.0,"enemies":"3 Sentries","floor":10.0,"turns":6.0},{"damage":7.0,"enemies":"Exordium Wildlife","floor":11.0,"turns":3.0},{"damage":0.0,"enemies":"Lagavulin","floor":13.0,"turns":2.0},{"damage":0.0,"enemies":"The Mushroom Lair","floor":14.0,"turns":1.0},{"damage":21.0,"enemies":"Hexaghost","floor":16.0,"turns":7.0},{"damage":6.0,"enemies":"Chosen","floor":18.0,"turns":3.0},{"damage":9.0,"enemies":"3 Byrds","floor":19.0,"turns":3.0},{"damage":0.0,"enemies":"Shelled Parasite and Fungi","floor":20.0,"turns":1.0},{"damage":0.0,"enemies":"Centurion and Healer","floor":22.0,"turns":2.0},{"damage":6.0,"enemies":"Book of Stabbing","floor":23.0,"turns":2.0},{"damage":11.0,"enemies":"Gremlin Leader","floor":25.0,"turns":5.0},{"damage":12.0,"enemies":"Chosen and Byrds","floor":30.0,"turns":2.0},{"damage":9.0,"enemies":"Slavers","floor":31.0,"turns":3.0},{"damage":60.0,"enemies":"Automaton","floor":33.0,"turns":8.0},{"damage":6.0,"enemies":"Orb Walker","floor":35.0,"turns":1.0},{"damage":8.0,"enemies":"3 Darklings","floor":36.0,"turns":2.0},{"damage":7.0,"enemies":"Giant Head","floor":42.0,"turns":3.0},{"damage":11.0,"enemies":"Nemesis","floor":45.0,"turns":3.0},{"damage":6.0,"enemies":"Jaw Worm Horde","floor":46.0,"turns":2.0},{"damage":6.0,"enemies":"Spire Growth","floor":47.0,"turns":4.0},{"damage":14.0,"enemies":"Giant Head","floor":48.0,"turns":5.0},{"damage":51.0,"enemies":"Donu and Deca","floor":50.0,"turns":3.0},{"damage":6.0,"enemies":"Shield and Spear","floor":54.0,"turns":2.0},{"damage":128,"enemies":"The Heart","floor":55,"turns":7}],"seed_played":"6986451921621158818","potions_obtained":[{"floor":5.0,"key":"HeartOfIron"},{"floor":10.0,"key":"Dexterity Potion"},{"floor":11.0,"key":"SteroidPotion"},{"floor":13.0,"key":"FearPotion"},{"floor":14.0,"key":"Block Potion"},{"floor":22.0,"key":"FearPotion"},{"floor":25.0,"key":"Swift Potion"},{"floor":30.0,"key":"Swift Potion"},{"floor":31.0,"key":"Ancient Potion"},{"floor":33.0,"key":"DistilledChaos"},{"floor":35.0,"key":"SneckoOil"},{"floor":36.0,"key":"LiquidMemories"},{"floor":42.0,"key":"Energy Potion"},{"floor":45.0,"key":"ColorlessPotion"},{"floor":46.0,"key":"Energy Potion"},{"floor":48.0,"key":"LiquidMemories"},{"floor":54.0,"key":"SkillPotion"}],"is_trial":false,"path_per_floor":["M","M","M","$","M","E","R","M","T","E","M","R","E","?","R","B",null,"M","M","M","?","M","E","?","E","T","R","$","?","M","E","R","B",null,"M","M","?","$","?","R","?","E","T","R","E","M","M","E","R","B",null,"R","$","E","B",null],"character_chosen":"IRONCLAD","items_purchased":["Double Tap","Fire Potion","Potion Belt","Dark Embrace","Dual Wield","Ancient Tea Set","DollysMirror","CultistPotion","Warcry"],"campfire_rested":0,"item_purchase_floors":[4,4,28,28,28,38,53,53,53],"current_hp_per_floor":[57,58,57,57,54,50,50,53,53,62,61,61,72,80,80,75,83,85,84,92,92,94,96,90,85,85,85,85,85,79,76,91,47,84,86,84,78,78,78,93,93,92,92,102,102,102,102,100,104,61,93,104,104,106,9],"gold":47,"neow_bonus":"ONE_RARE_RELIC","is_prod":false,"is_daily":false,"chose_seed":false,"campfire_upgraded":8,"win_rate":0,"timestamp":1607559161,"path_taken":["M","M","M","$","M","E","R","M","T","E","M","R","E","?","R","BOSS","M","M","M","?","M","E","?","E","T","R","$","?","?","E","R","BOSS","M","M","?","$","?","R","?","E","T","R","E","M","M","E","R","BOSS","R","$","E","BOSS"],"build_version":"2020-11-30","purchased_purges":0,"victory":true,"max_hp_per_floor":[80,80,80,80,80,80,80,82,82,84,84,84,84,86,86,86,86,88,90,92,92,94,96,96,96,96,96,96,96,96,96,96,96,96,98,98,102,102,102,102,102,102,102,102,102,102,102,104,104,104,104,104,104,106,106],"relic_stats":{"Singing Bowl":26,"counters":[30,99],"Eternal Feather":55,"Bag of Preparation":[14],"Whetstone":["Strike_R","Strike_R"],"Orichalcum":[96],"Question Card":4,"Burning Blood":152,"Mercury Hourglass":[286],"Busted Crown":42,"Mummified Hand":[6],"Bird Faced Urn":[16],"Black Star":4,"obtain_stats":[{"Potion Belt":28,"Singing Bowl":6,"Eternal Feather":31,"Bag of Preparation":42,"Incense Burner":54,"Whetstone":13,"Odd Mushroom":14,"Orichalcum":23,"Ancient Tea Set":38,"Question Card":45,"Burning Blood":0,"Akabeko":25,"White Beast Statue":26,"Mercury Hourglass":10,"Busted Crown":17,"Mummified Hand":48,"DollysMirror":53,"Bird Faced Urn":42,"Black Star":34,"Bag of Marbles":45,"Bottled Lightning":54,"Toy Ornithopter":9,"Red Skull":48,"Pocketwatch":0},{"Potion Belt":17,"Singing Bowl":5,"Eternal Feather":19,"Bag of Preparation":23,"Incense Burner":29,"Whetstone":9,"Odd Mushroom":10,"Orichalcum":16,"Ancient Tea Set":22,"Question Card":24,"Burning Blood":0,"Akabeko":17,"White Beast Statue":17,"Mercury Hourglass":7,"Busted Crown":11,"Mummified Hand":27,"DollysMirror":28,"Bird Faced Urn":23,"Black Star":20,"Bag of Marbles":24,"Bottled Lightning":29,"Toy Ornithopter":6,"Red Skull":27,"Pocketwatch":0},{"Potion Belt":54,"Singing Bowl":15,"Eternal Feather":59,"Bag of Preparation":73,"Incense Burner":92,"Whetstone":30,"Odd Mushroom":31,"Orichalcum":49,"Ancient Tea Set":70,"Question Card":76,"Burning Blood":0,"Akabeko":54,"White Beast Statue":54,"Mercury Hourglass":25,"Busted Crown":38,"Mummified Hand":87,"DollysMirror":90,"Bird Faced Urn":73,"Black Star":67,"Bag of Marbles":76,"Bottled Lightning":92,"Toy Ornithopter":19,"Red Skull":87,"Pocketwatch":0}],"Toy Ornithopter":72,"Pocketwatch":[96]},"card_choices":[{"not_picked":["Cleave","Entrench"],"picked":"Thunderclap","floor":1.0},{"not_picked":["Evolve","Body Slam"],"picked":"Carnage","floor":2.0},{"not_picked":["Heavy Blade","Sword Boomerang"],"picked":"Battle Trance","floor":3.0},{"not_picked":["Burning Pact","Wild Strike"],"picked":"Warcry","floor":5.0},{"not_picked":["Shockwave","Iron Wave"],"picked":"Corruption","floor":6.0},{"not_picked":["Pommel Strike","Thunderclap","Iron Wave"],"picked":"Singing Bowl","floor":8.0},{"not_picked":["Thunderclap","Flex","Wild Strike"],"picked":"Singing Bowl","floor":10.0},{"not_picked":["Body Slam","Metallicize"],"picked":"Immolate","floor":11.0},{"not_picked":["Heavy Blade","Dropkick"],"picked":"Uppercut","floor":13.0},{"not_picked":["Sword Boomerang","Clothesline","Pommel Strike"],"picked":"Singing Bowl","floor":14.0},{"not_picked":["Demon Form","Reaper"],"picked":"Offering","floor":16.0},{"not_picked":["Wild Strike"],"picked":"Singing Bowl","floor":18.0},{"not_picked":["Anger"],"picked":"Singing Bowl","floor":19.0},{"not_picked":["Blood for Blood"],"picked":"Singing Bowl","floor":20.0},{"not_picked":["Reckless Charge+1"],"picked":"Singing Bowl","floor":22.0},{"not_picked":["Clash"],"picked":"Singing Bowl","floor":23.0},{"not_picked":[],"picked":"Flame Barrier","floor":25.0},{"not_picked":[],"picked":"Dual Wield","floor":30.0},{"not_picked":[],"picked":"Spot Weakness+1","floor":31.0},{"not_picked":[],"picked":"Exhume","floor":33.0},{"not_picked":["Heavy Blade"],"picked":"Singing Bowl","floor":35.0},{"not_picked":[],"picked":"Havoc","floor":36.0},{"not_picked":["Forethought"],"picked":"Singing Bowl","floor":37.0},{"not_picked":[],"picked":"Purity","floor":37.0},{"not_picked":["Mind Blast"],"picked":"Singing Bowl","floor":37.0},{"not_picked":[],"picked":"Offering","floor":42.0},{"not_picked":[],"picked":"Whirlwind+1","floor":45.0},{"not_picked":["Iron Wave"],"picked":"True Grit+1","floor":46.0},{"not_picked":["Wild Strike"],"picked":"Thunderclap+1","floor":47.0},{"not_picked":["Flex","Clothesline"],"picked":"Singing Bowl","floor":48.0},{"not_picked":["Clothesline","Clash"],"picked":"Singing Bowl","floor":54.0}],"player_experience":452257,"relics_obtained":[{"floor":6.0,"key":"Singing Bowl"},{"floor":9.0,"key":"Toy Ornithopter"},{"floor":10.0,"key":"Mercury Hourglass"},{"floor":13.0,"key":"Whetstone"},{"floor":14.0,"key":"Odd Mushroom"},{"floor":23.0,"key":"Orichalcum"},{"floor":25.0,"key":"Akabeko"},{"floor":26.0,"key":"White Beast Statue"},{"floor":31.0,"key":"Eternal Feather"},{"floor":42.0,"key":"Bird Faced Urn"},{"floor":42.0,"key":"Bag of Preparation"},{"floor":45.0,"key":"Bag of Marbles"},{"floor":45.0,"key":"Question Card"},{"floor":48.0,"key":"Mummified Hand"},{"floor":48.0,"key":"Red Skull"},{"floor":54.0,"key":"Incense Burner"},{"floor":54.0,"key":"Bottled Lightning"}],"event_choices":[{"damage_healed":0.0,"max_hp_gain":0.0,"max_hp_loss":0.0,"gold_gain":0.0,"event_name":"Mushrooms","player_choice":"Fought Mushrooms","floor":14.0,"gold_loss":0.0,"damage_taken":0.0},{"damage_healed":0.0,"max_hp_gain":0.0,"max_hp_loss":7.0,"gold_gain":0.0,"event_name":"betterThird:BetterWriting","player_choice":"Simplicity","floor":21.0,"gold_loss":0.0,"damage_taken":0.0},{"damage_healed":0.0,"max_hp_gain":0.0,"max_hp_loss":0.0,"gold_gain":0.0,"event_name":"betterThird:BetterNest","player_choice":"Dagger","floor":24.0,"gold_loss":0.0,"damage_taken":6.0,"cards_obtained":["RitualDagger"]},{"damage_healed":0.0,"max_hp_gain":0.0,"max_hp_loss":0.0,"gold_gain":0.0,"event_name":"Upgrade Shrine","player_choice":"Upgraded","floor":29.0,"gold_loss":0.0,"damage_taken":0.0,"cards_upgraded":["Double Tap"]},{"damage_healed":0.0,"max_hp_gain":0.0,"max_hp_loss":0.0,"gold_gain":0.0,"event_name":"SensoryStone","player_choice":"Memory 3","floor":37.0,"gold_loss":0.0,"damage_taken":10.0},{"damage_healed":0.0,"max_hp_gain":0.0,"max_hp_loss":0.0,"gold_gain":0.0,"event_name":"Tomb of Lord Red Mask","player_choice":"Ignored","floor":39.0,"gold_loss":0.0,"damage_taken":0.0},{"cards_removed":["Uppercut"],"damage_healed":0.0,"max_hp_gain":0.0,"max_hp_loss":0.0,"gold_gain":0.0,"event_name":"Falling","player_choice":"Removed Attack","floor":41.0,"gold_loss":0.0,"damage_taken":0.0}],"is_beta":false,"boss_relics":[{"not_picked":["SacredBark","Velvet Choker"],"picked":"Busted Crown"},{"not_picked":["Runic Dome","Pandora\u0027s Box"],"picked":"Black Star"}],"items_purged_floors":[],"is_endless":false,"potions_floor_spawned":[5,10,11,13,14,22,25,30,31,33,35,36,42,45,46,47,48,54],"ascension_level":5}}