{"host":"zekcc3vicrep0och","time":1607603601,"event":{"gold_per_floor":[113,128,203,214,225,225,259,259,259,270,305,305,335,345,345,416,416,397,322,322,18,38,38,63,63,63,11,23,76,76,201,201,280,280,315,360,1359,1371,940,940,956,956,983,1031,1043,1065,1077,1077],"floor_reached":47,"playtime":2796,"items_purged":["Strike_P"],"score":925,"play_id":"08c6de1f-b9d6-4b0c-ab1d-0d9caf3a3624","local_time":"20201210153321","is_ascension_mode":true,"campfire_choices":[{"data":"Eruption","floor":6.0,"key":"SMITH"},{"data":"TalkToTheHand","floor":8.0,"key":"SMITH"},{"data":"Vigilance","floor":12.0,"key":"SMITH"},{"data":"Protect","floor":15.0,"key":"SMITH"},{"data":"SashWhip","floor":23.0,"key":"SMITH"},{"data":"MasterReality","floor":25.0,"key":"SMITH"},{"data":"Ghostly","floor":32.0,"key":"SMITH"},{"floor":40.0,"key":"RECALL"}],"neow_cost":"NONE","seed_source_timestamp":11587672239400,"circlet_count":0,"master_deck":["AscendersBane","Strike_P","Defend_P","Defend_P","Eruption+1","Vigilance+1","TalkToTheHand+1","Protect+1","Meditate","Conclude","InnerPeace","CutThroughFate","Devotion","EmptyFist","Wish","CrushJoints+1","DeusExMachina+1","DeceiveReality+1","SashWhip+1","Ghostly","Ghostly","Ghostly+1","Ghostly","Ghostly","BattleHymn+1","MasterReality+1","Sanctity","WaveOfTheHand","DevaForm","EmptyBody+1","Crescendo","Normality","Normality","Parasite","FearNoEvil","Master of Strategy","Purity","Metamorphosis","Fasting2+1","Madness","Madness"],"special_seed":0,"relics":["PureWater","Toy Ornithopter","Pantograph","Eternal Feather","Astrolabe","Anchor","Bronze Scales","Singing Bowl","Blood Vial","Strawberry","Unceasing Top","Matryoshka","Fusion Hammer","CaptainsWheel","Bag of Marbles","MawBank"],"potions_floor_usage":[],"damage_taken":[{"damage":0.0,"enemies":"Cultist","floor":1.0,"turns":3.0},{"damage":0.0,"enemies":"Small Slimes","floor":2.0,"turns":3.0},{"damage":1.0,"enemies":"2 Louse","floor":4.0,"turns":5.0},{"damage":4.0,"enemies":"Large Slime","floor":5.0,"turns":5.0},{"damage":20.0,"enemies":"3 Sentries","floor":7.0,"turns":8.0},{"damage":1.0,"enemies":"Exordium Wildlife","floor":10.0,"turns":2.0},{"damage":0.0,"enemies":"Gremlin Nob","floor":11.0,"turns":2.0},{"damage":16.0,"enemies":"Exordium Thugs","floor":14.0,"turns":5.0},{"damage":18.0,"enemies":"The Guardian","floor":16.0,"turns":12.0},{"damage":12.0,"enemies":"2 Thieves","floor":18.0,"turns":4.0},{"damage":1.0,"enemies":"Spheric Guardian","floor":22.0,"turns":4.0},{"damage":5.0,"enemies":"Gremlin Leader","floor":24.0,"turns":5.0},{"damage":0.0,"enemies":"Centurion and Healer","floor":28.0,"turns":3.0},{"damage":1.0,"enemies":"Book of Stabbing","floor":29.0,"turns":4.0},{"damage":12.0,"enemies":"Colosseum Slavers","floor":31.0,"turns":4.0},{"damage":0.0,"enemies":"Colosseum Nobs","floor":31.0,"turns":5.0},{"damage":36.0,"enemies":"Collector","floor":33.0,"turns":10.0},{"damage":2.0,"enemies":"3 Shapes","floor":35.0,"turns":6.0},{"damage":0.0,"enemies":"3 Darklings","floor":36.0,"turns":6.0},{"damage":3.0,"enemies":"Writhing Mass","floor":38.0,"turns":8.0},{"damage":0.0,"enemies":"Spire Growth","floor":41.0,"turns":4.0},{"damage":3.0,"enemies":"Sphere and 2 Shapes","floor":44.0,"turns":5.0},{"damage":31,"enemies":"Transient","floor":46,"turns":5},{"damage":14,"enemies":"Writhing Mass","floor":47,"turns":6}],"seed_played":"4439208380856342962","potions_obtained":[{"floor":1.0,"key":"Swift Potion"},{"floor":7.0,"key":"Weak Potion"},{"floor":10.0,"key":"AttackPotion"},{"floor":14.0,"key":"Weak Potion"},{"floor":16.0,"key":"StancePotion"},{"floor":18.0,"key":"Energy Potion"},{"floor":24.0,"key":"Ancient Potion"},{"floor":31.0,"key":"SpeedPotion"},{"floor":35.0,"key":"Swift Potion"},{"floor":46,"key":"Dexterity Potion"}],"is_trial":false,"path_per_floor":["M","M","?","M","M","R","E","R","T","M","E","R","?","M","R","B",null,"M","?","?","$","M","R","E","R","T","$","M","E","?","?","R","B",null,"M","M","?","M","$","R","M","?","T","M","?","M","M"],"character_chosen":"WATCHER","items_purchased":["Anchor","Bronze Scales","Swift Potion","CaptainsWheel","Swift Potion"],"campfire_rested":0,"item_purchase_floors":[21,21,27,39,39],"current_hp_per_floor":[67,67,56,55,51,51,31,31,31,30,35,44,44,28,37,49,68,61,61,37,37,37,37,32,37,37,37,37,43,43,36,46,10,37,37,39,39,43,43,46,48,38,38,42,36,9,0,0],"gold":1077,"neow_bonus":"TEN_PERCENT_HP_BONUS","is_prod":false,"is_daily":false,"chose_seed":false,"campfire_upgraded":7,"win_rate":0,"timestamp":1607603601,"path_taken":["M","?","?","M","M","R","E","R","T","M","E","R","?","M","R","BOSS","M","?","?","?","?","R","E","R","T","$","M","E","?","?","R","BOSS","M","M","?","M","$","R","M","?","T","M","?","M","M"],"build_version":"2020-11-30","purchased_purges":1,"victory":false,"max_hp_per_floor":[74,74,74,74,74,74,74,74,74,74,74,74,74,74,74,74,74,74,74,37,37,37,37,37,37,37,37,37,44,44,46,46,46,46,46,46,46,46,46,46,48,48,48,48,48,50,50,50],"relic_stats":{"Blood Vial":15,"Singing Bowl":6,"counters":[24,124],"Pantograph":25,"Astrolabe":["CrushJoints","DeusExMachina","DeceiveReality"],"Bronze Scales":[239],"Eternal Feather":36,"MawBank":48,"obtain_stats":[{"Singing Bowl":24,"Astrolabe":17,"Eternal Feather":11,"MawBank":43,"Blood Vial":26,"Anchor":21,"CaptainsWheel":39,"Matryoshka":31,"Pantograph":9,"Bronze Scales":21,"Strawberry":29,"Fusion Hammer":34,"Bag of Marbles":43,"PureWater":0,"Toy Ornithopter":7,"Unceasing Top":31},{"Singing Bowl":12,"Astrolabe":9,"Eternal Feather":7,"MawBank":21,"Blood Vial":12,"Anchor":10,"CaptainsWheel":20,"Matryoshka":16,"Pantograph":5,"Bronze Scales":10,"Strawberry":14,"Fusion Hammer":17,"Bag of Marbles":21,"PureWater":0,"Toy Ornithopter":5,"Unceasing Top":16},{"Singing Bowl":58,"Astrolabe":45,"Eternal Feather":28,"MawBank":108,"Blood Vial":58,"Anchor":49,"CaptainsWheel":104,"Matryoshka":74,"Pantograph":24,"Bronze Scales":49,"Strawberry":65,"Fusion Hammer":84,"Bag of Marbles":108,"PureWater":0,"Toy Ornithopter":24,"Unceasing Top":74}],"Toy Ornithopter":26,"Unceasing Top":[0]},"card_choices":[{"not_picked":["Worship","LikeWater"],"picked":"TalkToTheHand","floor":1.0},{"not_picked":["EmptyBody","WindmillStrike"],"picked":"Protect","floor":2.0},{"not_picked":["JustLucky","EmptyBody"],"picked":"Meditate","floor":4.0},{"not_picked":["ClearTheMind","EmptyFist"],"picked":"Conclude","floor":5.0},{"not_picked":["WheelKick","FlurryOfBlows"],"picked":"InnerPeace","floor":7.0},{"not_picked":["Sanctity","PathToVictory"],"picked":"CutThroughFate","floor":10.0},{"not_picked":["BowlingBash","SandsOfTime"],"picked":"Devotion","floor":11.0},{"not_picked":["PathToVictory","ThirdEye"],"picked":"EmptyFist","floor":14.0},{"not_picked":["Ragnarok","ConjureBlade"],"picked":"Wish","floor":16.0},{"not_picked":["SandsOfTime","FollowUp"],"picked":"SashWhip","floor":18.0},{"not_picked":["Swivel","ThirdEye"],"picked":"BattleHymn+1","floor":22.0},{"not_picked":["Wireheading+1","InnerPeace"],"picked":"MasterReality","floor":24.0},{"not_picked":["ThirdEye","JustLucky+1"],"picked":"Sanctity","floor":28.0},{"not_picked":["Sanctity","PathToVictory"],"picked":"WaveOfTheHand","floor":29.0},{"not_picked":["FollowUp","CarveReality","Weave"],"picked":"Singing Bowl","floor":31.0},{"not_picked":["Wish","Establishment"],"picked":"DevaForm","floor":33.0},{"not_picked":["CutThroughFate","EmptyFist"],"picked":"EmptyBody+1","floor":35.0},{"not_picked":["JustLucky","Halt"],"picked":"Crescendo","floor":36.0},{"not_picked":["WaveOfTheHand","CrushJoints"],"picked":"FearNoEvil","floor":38.0},{"not_picked":["FollowUp","JustLucky+1","EmptyFist+1"],"picked":"Singing Bowl","floor":41.0},{"not_picked":["Flash of Steel","Sadistic Nature"],"picked":"Master of Strategy","floor":42.0},{"not_picked":["Discovery","Jack Of All Trades"],"picked":"Purity","floor":42.0},{"not_picked":["Bandage Up","Discovery"],"picked":"Metamorphosis","floor":42.0},{"not_picked":["EmptyFist","Protect"],"picked":"Fasting2+1","floor":44.0},{"not_picked":["Protect","Evaluate","WheelKick+1"],"picked":"Singing Bowl","floor":46}],"player_experience":393148,"relics_obtained":[{"floor":7.0,"key":"Toy Ornithopter"},{"floor":9.0,"key":"Pantograph"},{"floor":11.0,"key":"Eternal Feather"},{"floor":24.0,"key":"Singing Bowl"},{"floor":26.0,"key":"Blood Vial"},{"floor":29.0,"key":"Strawberry"},{"floor":31.0,"key":"Unceasing Top"},{"floor":31.0,"key":"Matryoshka"},{"floor":43.0,"key":"Bag of Marbles"},{"floor":43.0,"key":"MawBank"}],"event_choices":[{"damage_healed":0.0,"max_hp_gain":0.0,"max_hp_loss":0.0,"gold_gain":75.0,"event_name":"World of Goop","player_choice":"Gather Gold","floor":3.0,"gold_loss":0.0,"damage_taken":11.0},{"damage_healed":0.0,"max_hp_gain":0.0,"max_hp_loss":0.0,"gold_gain":30.0,"event_name":"Dead Adventurer","player_choice":"Searched \u00272\u0027 times","floor":13.0,"gold_loss":0.0,"damage_taken":0.0},{"cards_removed":["Strike_P"],"damage_healed":0.0,"max_hp_gain":0.0,"max_hp_loss":0.0,"gold_gain":0.0,"event_name":"Beggar","player_choice":"Gave Gold","floor":19.0,"gold_loss":75.0,"damage_taken":0.0},{"damage_healed":0.0,"max_hp_gain":0.0,"max_hp_loss":37.0,"gold_gain":0.0,"event_name":"Ghosts","player_choice":"Became a Ghost","floor":20.0,"gold_loss":0.0,"damage_taken":0.0,"cards_obtained":["Ghostly","Ghostly","Ghostly","Ghostly","Ghostly"]},{"damage_healed":0.0,"max_hp_gain":0.0,"max_hp_loss":0.0,"gold_gain":0.0,"event_name":"Colosseum","player_choice":"Fight","floor":31.0,"gold_loss":0.0,"damage_taken":0.0},{"damage_healed":0.0,"max_hp_gain":0.0,"max_hp_loss":0.0,"gold_gain":0.0,"event_name":"Colosseum","player_choice":"Fought Nobs","floor":31.0,"gold_loss":0.0,"damage_taken":0.0},{"damage_healed":0.0,"max_hp_gain":0.0,"max_hp_loss":0.0,"gold_gain":999.0,"event_name":"MindBloom","player_choice":"Gold","floor":37.0,"gold_loss":0.0,"damage_taken":0.0,"cards_obtained":["Normality","Normality"]},{"damage_healed":0.0,"max_hp_gain":0.0,"max_hp_loss":0.0,"gold_gain":0.0,"event_name":"SensoryStone","player_choice":"Memory 3","floor":42.0,"gold_loss":0.0,"damage_taken":10.0},{"damage_healed":0.0,"max_hp_gain":0.0,"max_hp_loss":0.0,"gold_gain":0.0,"event_name":"Winding Halls","player_choice":"Embrace Madness","floor":45.0,"gold_loss":0.0,"damage_taken":6.0,"cards_obtained":["Madness","Madness"]}],"is_beta":false,"boss_relics":[{"not_picked":["Calling Bell","Busted Crown"],"picked":"Astrolabe"},{"not_picked":["Pandora\u0027s Box","Cursed Key"],"picked":"Fusion Hammer"}],"items_purged_floors":[39],"is_endless":false,"potions_floor_spawned":[1,7,10,14,16,18,24,31,35,46],"killed_by":"Writhing Mass","ascension_level":14}}