{"host":"0jor5hi4rp0tpy7j","time":1607607896,"event":{"gold_per_floor":[110,185,201,26,26,58,58,75,75,75,0,0,20,52,52,150,150,160,172,142,159,175,175,175,175,175],"floor_reached":25,"playtime":688,"items_purged":["Armaments"],"score":391,"play_id":"3e5c027c-5a5d-46bc-831e-b9e99cb1f6d9","local_time":"20201210144456","is_ascension_mode":true,"campfire_choices":[{"floor":7,"key":"RECALL"},{"floor":12,"key":"REST"},{"floor":15,"key":"REST"},{"floor":23,"key":"REST"}],"neow_cost":"NONE","seed_source_timestamp":78702703578900,"circlet_count":0,"master_deck":["AscendersBane","Strike_R","Strike_R","Strike_R","Strike_R","Strike_R","Defend_R","Defend_R","Defend_R","Defend_R","Bash","Headbutt","Apotheosis+1","Metallicize","Brutality","Clash","Feed","Pommel Strike+1","Perfected Strike+1","Carnage+1"],"relics":["Burning Blood","NeowsBlessing","StrikeDummy","Bottled Lightning","Pear","Nunchaku","Velvet Choker","Enchiridion"],"potions_floor_usage":[16,16,22,25],"damage_taken":[{"damage":0,"enemies":"Jaw Worm","floor":1,"turns":1},{"damage":0,"enemies":"2 Louse","floor":3,"turns":1},{"damage":0,"enemies":"Lagavulin","floor":6,"turns":1},{"damage":1,"enemies":"Cultist","floor":8,"turns":4},{"damage":23,"enemies":"Exordium Wildlife","floor":13,"turns":3},{"damage":17,"enemies":"Gremlin Nob","floor":14,"turns":3},{"damage":25,"enemies":"The Guardian","floor":16,"turns":6},{"damage":23,"enemies":"2 Thieves","floor":18,"turns":4},{"damage":1,"enemies":"Spheric Guardian","floor":19,"turns":3},{"damage":47,"enemies":"Centurion and Healer","floor":21,"turns":6},{"damage":28,"enemies":"Shelled Parasite and Fungi","floor":22,"turns":5},{"damage":47,"enemies":"Book of Stabbing","floor":25,"turns":4}],"seed_played":"-4047350293740743470","potions_obtained":[{"floor":1,"key":"LiquidMemories"},{"floor":6,"key":"Fire Potion"},{"floor":14,"key":"Fire Potion"},{"floor":16,"key":"ElixirPotion"},{"floor":19,"key":"ElixirPotion"},{"floor":20,"key":"SmokeBomb"},{"floor":20,"key":"PowerPotion"},{"floor":21,"key":"HeartOfIron"}],"is_trial":false,"path_per_floor":["M","?","M","$","?","E","R","M","T","?","$","R","M","E","R","B",null,"M","M","?","M","M","R","?","E"],"character_chosen":"IRONCLAD","items_purchased":["Apotheosis"],"campfire_rested":3,"item_purchase_floors":[4],"current_hp_per_floor":[78,67,73,73,73,79,79,80,80,83,83,90,73,62,89,70,85,72,81,81,44,26,57,41,0,0],"gold":175,"neow_bonus":"THREE_ENEMY_KILL","is_prod":false,"is_daily":false,"chose_seed":false,"campfire_upgraded":0,"win_rate":0,"timestamp":1607607896,"path_taken":["M","?","M","$","?","E","R","M","T","?","?","R","M","E","R","BOSS","M","M","?","M","?","R","?","E"],"build_version":"2020-11-30","purchased_purges":1,"victory":false,"max_hp_per_floor":[80,80,80,80,80,80,80,80,80,90,90,90,90,90,90,90,90,94,98,98,102,106,106,106,106,106],"card_choices":[{"not_picked":["Hemokinesis","Havoc"],"picked":"Headbutt","floor":1},{"not_picked":["Sword Boomerang","Clothesline"],"picked":"Armaments","floor":3},{"not_picked":["Dropkick","Flame Barrier"],"picked":"Metallicize","floor":6},{"not_picked":["Havoc","Burning Pact"],"picked":"Brutality","floor":8},{"not_picked":["Entrench","Inflame","Iron Wave"],"picked":"SKIP","floor":13},{"not_picked":["Power Through","Thunderclap"],"picked":"Clash","floor":14},{"not_picked":["Limit Break","Reaper"],"picked":"Feed","floor":16},{"not_picked":["Headbutt+1","Intimidate"],"picked":"Pommel Strike+1","floor":18},{"not_picked":["Heavy Blade+1","Sever Soul","Havoc"],"picked":"SKIP","floor":19},{"not_picked":["Wild Strike","Double Tap"],"picked":"Perfected Strike+1","floor":21},{"not_picked":["Warcry","Headbutt"],"picked":"Carnage+1","floor":22}],"player_experience":345767,"relics_obtained":[{"floor":6,"key":"StrikeDummy"},{"floor":9,"key":"Bottled Lightning"},{"floor":14,"key":"Nunchaku"},{"floor":24,"key":"Enchiridion"}],"event_choices":[{"damage_healed":0,"gold_gain":75,"player_choice":"Gather Gold","damage_taken":11,"max_hp_gain":0,"max_hp_loss":0,"event_name":"World of Goop","floor":2,"gold_loss":0},{"damage_healed":0,"gold_gain":0,"player_choice":"Grow","damage_taken":0,"max_hp_gain":0,"max_hp_loss":0,"event_name":"Living Wall","floor":5,"gold_loss":0,"cards_upgraded":["Apotheosis"]},{"damage_healed":0,"gold_gain":0,"player_choice":"Success","damage_taken":7,"relics_obtained":["Pear"],"max_hp_gain":0,"max_hp_loss":0,"event_name":"Scrap Ooze","floor":10,"gold_loss":0},{"damage_healed":0,"gold_gain":0,"player_choice":"Bought 2 Potions","damage_taken":0,"max_hp_gain":0,"max_hp_loss":0,"event_name":"The Woman in Blue","floor":20,"gold_loss":0},{"damage_healed":0,"gold_gain":0,"player_choice":"Obtained Book","damage_taken":16,"max_hp_gain":0,"max_hp_loss":0,"event_name":"Cursed Tome","floor":24,"gold_loss":0}],"is_beta":false,"boss_relics":[{"not_picked":["Sozu","Philosopher\u0027s Stone"],"picked":"Velvet Choker"}],"items_purged_floors":[11],"is_endless":false,"potions_floor_spawned":[1,6,14,16,19,21],"killed_by":"Book of Stabbing","ascension_level":11}}