{"host":"jlz4is0nf6zo9oab","time":1607573380,"event":{"gold_per_floor":[112,124,46,46,61,74,74,74,374,394,394,420,190,190,190,291,291,310,52,66,79,79,79,79,95,95,295,94,105,105,125,125,222,222,241,241,241,257,257,257,257,257],"floor_reached":41,"playtime":1165,"items_purged":["Strike_G","Strike_G"],"score":651,"play_id":"9e3f40cd-14c5-4064-a421-c5c2612e40bf","local_time":"20201210050940","is_ascension_mode":true,"campfire_choices":[{"data":"Cloak And Dagger","floor":8,"key":"SMITH"},{"floor":15,"key":"REST"},{"floor":23,"key":"REST"},{"data":"Finisher","floor":24,"key":"SMITH"},{"floor":30,"key":"REST"},{"floor":32,"key":"REST"},{"floor":40,"key":"REST"}],"neow_cost":"NONE","seed_source_timestamp":0,"circlet_count":0,"master_deck":["AscendersBane","Strike_G","Defend_G+1","Defend_G","Defend_G","Defend_G","Defend_G","Survivor","Neutralize","Calculated Gamble","Cloak And Dagger+1","Finisher+1","Infinite Blades","Infinite Blades+1","Accuracy+1","Backstab+1","Accuracy","Bane","Die Die Die","Good Instincts"],"special_seed":0,"relics":["Ring of the Snake","Old Coin","WingedGreaves","WristBlade","Shuriken","Letter Opener","SacredBark"],"potions_floor_usage":[10,16,16,33,33,38],"damage_taken":[{"damage":0,"enemies":"2 Louse","floor":1,"turns":4},{"damage":0,"enemies":"Cultist","floor":2,"turns":5},{"damage":3,"enemies":"Small Slimes","floor":5,"turns":3},{"damage":0,"enemies":"Red Slaver","floor":6,"turns":4},{"damage":0,"enemies":"Exordium Wildlife","floor":10,"turns":6},{"damage":24,"enemies":"Gremlin Nob","floor":12,"turns":5},{"damage":1,"enemies":"Hexaghost","floor":16,"turns":7},{"damage":5,"enemies":"Shell Parasite","floor":18,"turns":4},{"damage":17,"enemies":"2 Thieves","floor":20,"turns":3},{"damage":0,"enemies":"Snecko","floor":21,"turns":3},{"damage":19,"enemies":"Snake Plant","floor":25,"turns":4},{"damage":9,"enemies":"Centurion and Healer","floor":29,"turns":4},{"damage":6,"enemies":"Chosen and Byrds","floor":31,"turns":4},{"damage":58,"enemies":"Automaton","floor":33,"turns":7},{"damage":49,"enemies":"3 Darklings","floor":35,"turns":5},{"damage":0,"enemies":"Orb Walker","floor":38,"turns":2},{"damage":35,"enemies":"Nemesis","floor":41,"turns":4}],"seed_played":"-8434892473110264642","potions_obtained":[{"floor":1,"key":"Block Potion"},{"floor":5,"key":"BlessingOfTheForge"},{"floor":6,"key":"GhostInAJar"},{"floor":20,"key":"FearPotion"},{"floor":25,"key":"ColorlessPotion"},{"floor":29,"key":"Energy Potion"},{"floor":31,"key":"AttackPotion"},{"floor":35,"key":"LiquidMemories"}],"is_trial":false,"path_per_floor":["M","M","$","?","M","M","?","R","T","M","?","E","$","?","R","B",null,"M","$","M","M","?","R","R","M","T","?","$","M","R","M","R","B",null,"M","?","?","M","?","R","E"],"character_chosen":"THE_SILENT","items_purchased":["Infinite Blades","Accuracy","CunningPotion","Shuriken","Accuracy","Bane"],"campfire_rested":5,"item_purchase_floors":[3,13,13,19,28,28],"current_hp_per_floor":[63,63,63,56,53,53,58,58,58,58,43,19,19,19,41,40,66,61,61,44,44,44,66,66,47,47,47,47,38,60,54,75,17,61,12,12,12,12,12,33,0,0],"gold":257,"neow_bonus":"TRANSFORM_CARD","is_prod":false,"is_daily":false,"chose_seed":false,"campfire_upgraded":2,"win_rate":0,"timestamp":1607573380,"path_taken":["M","M","$","?","M","M","?","R","T","M","?","E","?","?","R","BOSS","M","$","M","M","?","R","R","M","T","?","$","M","R","?","R","BOSS","M","?","?","M","?","R","E"],"build_version":"2020-11-30","purchased_purges":2,"victory":false,"max_hp_per_floor":[70,70,70,70,70,70,75,75,75,75,75,75,75,75,75,75,75,75,75,75,75,75,75,75,75,75,75,75,75,75,75,75,75,75,75,75,75,75,71,71,71,71],"card_choices":[{"not_picked":["Acrobatics","Slice"],"picked":"Cloak And Dagger","floor":1},{"not_picked":["Bane","Poisoned Stab"],"picked":"Finisher","floor":2},{"not_picked":["PiercingWail","Bouncing Flask"],"picked":"Infinite Blades","floor":5},{"not_picked":["Sucker Punch","Masterful Stab","Dagger Throw"],"picked":"SKIP","floor":6},{"not_picked":["Sucker Punch","Skewer","Prepared"],"picked":"SKIP","floor":10},{"not_picked":["Eviscerate","Tactician","Prepared"],"picked":"SKIP","floor":12},{"not_picked":["Riddle With Holes","Caltrops","Deflect"],"picked":"SKIP","floor":18},{"not_picked":["Poisoned Stab+1","Heel Hook","Deadly Poison"],"picked":"SKIP","floor":20},{"not_picked":["Sucker Punch","Acrobatics"],"picked":"Backstab+1","floor":21},{"not_picked":["Dagger Throw","Backstab","Deflect"],"picked":"SKIP","floor":25},{"not_picked":["Burst","Acrobatics","Eviscerate"],"picked":"SKIP","floor":29},{"not_picked":["Bouncing Flask","Acrobatics","Prepared"],"picked":"SKIP","floor":31},{"not_picked":["Tools of the Trade","Glass Knife"],"picked":"Die Die Die","floor":33},{"not_picked":["Slice","Heel Hook","Outmaneuver"],"picked":"SKIP","floor":35},{"not_picked":["Flash of Steel","Finesse"],"picked":"Good Instincts","floor":36},{"not_picked":["Flying Knee","Choke+1","PiercingWail"],"picked":"SKIP","floor":38}],"player_experience":929381,"relics_obtained":[{"floor":9,"key":"Old Coin"},{"floor":12,"key":"WingedGreaves"},{"floor":26,"key":"Letter Opener"}],"event_choices":[{"cards_removed":["Strike_G"],"damage_healed":0,"gold_gain":0,"player_choice":"Card Removal","damage_taken":7,"max_hp_gain":0,"max_hp_loss":0,"event_name":"Golden Wing","floor":4,"gold_loss":0},{"damage_healed":0,"gold_gain":0,"player_choice":"Donut","damage_taken":0,"max_hp_gain":5,"max_hp_loss":0,"event_name":"Big Fish","floor":7,"gold_loss":0},{"damage_healed":0,"gold_gain":0,"player_choice":"Entered Light","damage_taken":15,"max_hp_gain":0,"max_hp_loss":0,"event_name":"Shining Light","floor":11,"gold_loss":0,"cards_upgraded":["Defend_G","Infinite Blades"]},{"damage_healed":0,"gold_gain":0,"player_choice":"Forge","damage_taken":0,"max_hp_gain":0,"max_hp_loss":0,"event_name":"Accursed Blacksmith","floor":14,"gold_loss":0,"cards_upgraded":["Accuracy"]},{"damage_healed":0,"gold_gain":0,"player_choice":"Ignored","damage_taken":0,"max_hp_gain":0,"max_hp_loss":0,"event_name":"Vampires","floor":22,"gold_loss":0},{"damage_healed":0,"gold_gain":250,"player_choice":"Bet on Owner","damage_taken":0,"max_hp_gain":0,"max_hp_loss":0,"event_name":"The Joust","floor":27,"gold_loss":50},{"damage_healed":0,"gold_gain":0,"player_choice":"Memory 1","damage_taken":0,"max_hp_gain":0,"max_hp_loss":0,"event_name":"SensoryStone","floor":36,"gold_loss":0},{"damage_healed":0,"gold_gain":0,"player_choice":"Ignored","damage_taken":0,"max_hp_gain":0,"max_hp_loss":0,"event_name":"Mysterious Sphere","floor":37,"gold_loss":0},{"damage_healed":0,"gold_gain":0,"player_choice":"Max HP","damage_taken":0,"max_hp_gain":0,"max_hp_loss":4,"event_name":"Winding Halls","floor":39,"gold_loss":0}],"is_beta":false,"boss_relics":[{"not_picked":["Runic Pyramid","Calling Bell"],"picked":"WristBlade"},{"not_picked":["Coffee Dripper","Fusion Hammer"],"picked":"SacredBark"}],"items_purged_floors":[13,28],"is_endless":false,"potions_floor_spawned":[1,5,6,20,25,29,31,35],"killed_by":"Nemesis","ascension_level":12}}