{"host":"63rwe7p34ct1i0qu","time":1607578221,"event":{"gold_per_floor":[123,198,219,219,80,104,104,123,123,123,140,140,140,160,160,271,271,290,290,317,339,10,10,31,31,31],"floor_reached":25,"playtime":655,"items_purged":[],"score":254,"play_id":"c5c8ca93-d66d-49a7-bd97-f5d41edef196","local_time":"20201210143021","is_ascension_mode":true,"campfire_choices":[{"floor":7,"key":"REST"},{"data":"Darkness","floor":12,"key":"SMITH"},{"floor":15,"key":"REST"},{"floor":23,"key":"REST"}],"neow_cost":"NONE","seed_source_timestamp":22682223346200,"circlet_count":0,"master_deck":["Strike_B","Strike_B+1","Strike_B","Strike_B","Defend_B","Defend_B","Defend_B","Defend_B+1","Zap","Dualcast","CurseOfTheBell","Hologram","Defragment","Self Repair","Darkness+1","Sunder+1","Streamline","Buffer","Ball Lightning","Genetic Algorithm","Defragment","Apotheosis","Double Energy"],"relics":["Calling Bell","CeramicFish","Symbiotic Virus","Dead Branch","Lantern","Snecko Eye","Runic Capacitor"],"potions_floor_usage":[16,24],"damage_taken":[{"damage":18,"enemies":"Jaw Worm","floor":1,"turns":4},{"damage":0,"enemies":"Small Slimes","floor":3,"turns":2},{"damage":0,"enemies":"2 Louse","floor":6,"turns":3},{"damage":3,"enemies":"Blue Slaver","floor":8,"turns":3},{"damage":7,"enemies":"3 Louse","floor":11,"turns":3},{"damage":17,"enemies":"Lots of Slimes","floor":14,"turns":5},{"damage":34,"enemies":"Hexaghost","floor":16,"turns":7},{"damage":0,"enemies":"Spheric Guardian","floor":18,"turns":3},{"damage":37,"enemies":"3 Byrds","floor":20,"turns":6},{"damage":0,"enemies":"Snecko","floor":21,"turns":3},{"damage":43,"enemies":"Centurion and Healer","floor":24,"turns":6},{"damage":0,"enemies":"Shelled Parasite and Fungi","floor":25,"turns":1}],"seed_played":"-4732806414697530513","potions_obtained":[{"floor":6,"key":"LiquidBronze"},{"floor":8,"key":"FocusPotion"},{"floor":18,"key":"CultistPotion"},{"floor":21,"key":"EssenceOfDarkness"}],"is_trial":false,"path_per_floor":["M","?","M","?","$","M","R","M","T","?","M","R","$","M","R","B",null,"M","?","M","M","$","R","M","M"],"character_chosen":"DEFECT","items_purchased":["Self Repair","Darkness","Apotheosis","Runic Capacitor"],"campfire_rested":3,"item_purchase_floors":[5,5,22,22],"current_hp_per_floor":[50,39,39,24,24,31,53,50,50,50,50,50,50,40,62,35,65,72,65,35,42,42,64,21,21,21],"gold":31,"neow_bonus":"BOSS_RELIC","is_prod":false,"is_daily":false,"chose_seed":false,"campfire_upgraded":1,"win_rate":0,"timestamp":1607578221,"path_taken":["M","?","M","?","$","M","R","M","T","?","M","R","?","M","R","BOSS","M","?","?","M","$","R","M","M"],"build_version":"2020-11-30","purchased_purges":0,"victory":false,"max_hp_per_floor":[75,75,75,75,75,75,75,75,75,75,75,75,75,75,75,75,75,75,75,75,75,75,75,75,75,75],"card_choices":[{"not_picked":["Gash","Coolheaded"],"picked":"Hologram","floor":1},{"not_picked":["Beam Cell","BootSequence"],"picked":"Defragment","floor":3},{"not_picked":["Hello World","BootSequence"],"picked":"Sunder","floor":6},{"not_picked":["Go for the Eyes","Fusion","Steam Power"],"picked":"SKIP","floor":8},{"not_picked":["Go for the Eyes","Blizzard","Gash"],"picked":"SKIP","floor":11},{"not_picked":["Ball Lightning","FTL"],"picked":"Streamline","floor":14},{"not_picked":["Machine Learning","Fission"],"picked":"Buffer","floor":16},{"not_picked":["Static Discharge","Sweeping Beam"],"picked":"Ball Lightning","floor":18},{"not_picked":["Rebound","Cold Snap+1"],"picked":"Genetic Algorithm","floor":20},{"not_picked":["Hello World+1","Chaos+1"],"picked":"Defragment","floor":21},{"not_picked":["Sweeping Beam","Gash"],"picked":"Double Energy","floor":24}],"player_experience":1263405,"relics_obtained":[{"floor":0,"key":"CeramicFish"},{"floor":0,"key":"Symbiotic Virus"},{"floor":0,"key":"Dead Branch"},{"floor":9,"key":"Lantern"}],"event_choices":[{"damage_healed":0,"gold_gain":75,"player_choice":"Gather Gold","damage_taken":11,"max_hp_gain":0,"max_hp_loss":0,"event_name":"World of Goop","floor":2,"gold_loss":0},{"damage_healed":0,"gold_gain":0,"player_choice":"Entered Light","damage_taken":15,"max_hp_gain":0,"max_hp_loss":0,"event_name":"Shining Light","floor":4,"gold_loss":0,"cards_upgraded":["Strike_B","Defend_B"]},{"damage_healed":0,"gold_gain":0,"player_choice":"Grow","damage_taken":0,"max_hp_gain":0,"max_hp_loss":0,"event_name":"Living Wall","floor":10,"gold_loss":0,"cards_upgraded":["Sunder"]},{"damage_healed":0,"gold_gain":0,"player_choice":"Damaged","damage_taken":7,"max_hp_gain":0,"max_hp_loss":0,"event_name":"Wheel of Change","floor":19,"gold_loss":0}],"is_beta":false,"boss_relics":[{"not_picked":["Tiny House","Velvet Choker"],"picked":"Snecko Eye"}],"items_purged_floors":[],"is_endless":false,"potions_floor_spawned":[6,8,18,21],"killed_by":"Shelled Parasite and Fungi","ascension_level":6}}