{"host":"sav7uxregyirlf69","time":1607604537,"event":{"gold_per_floor":[114,114,129,29,29,29,59,59,59,74,89,39,39,69,69,169,169,184,199,214,229,244,274,289,304,329,329,238,268,218,233,233,342,342,357,291,1308,1308,1323,1335,1347,1359,1446,1458,1470,1509,521,560,560,560],"floor_reached":51,"playtime":1115,"items_purged":["Strike_R","Strike_R","Strike_R","Blood for Blood+1","Bash","Defend_R"],"score":1023,"play_id":"bc400efb-7546-47bd-9ea6-94ab8a015aa8","local_time":"20201210214857","daily_mods":["Allstar","Vintage","Night Terrors"],"is_ascension_mode":false,"campfire_choices":[{"data":"Apotheosis","floor":6.0,"key":"SMITH"},{"data":"Blood for Blood","floor":8.0,"key":"SMITH"},{"data":"Master of Strategy","floor":13.0,"key":"SMITH"},{"floor":15.0,"key":"DIG"},{"data":"Strike_R","floor":27.0,"key":"PURGE"},{"data":"Twin Strike","floor":32.0,"key":"PURGE"},{"data":"Normality","floor":40.0,"key":"PURGE"},{"data":"Normality","floor":42.0,"key":"PURGE"},{"floor":49,"key":"DIG"}],"neow_cost":"","seed_source_timestamp":0,"circlet_count":0,"master_deck":["Defend_R","Defend_R","Defend_R","Master of Strategy+1","The Bomb","Bandage Up","Apotheosis+1","Secret Technique","Flame Barrier","Barricade+1","True Grit","Offering","Shrug It Off","Exhume"],"special_seed":18606,"relics":["Burning Blood","Boot","Bronze Scales","Thread and Needle","Darkstone Periapt","Smiling Mask","Eternal Feather","Shovel","Frozen Egg 2","Runic Pyramid","Ornamental Fan","CaptainsWheel","Potion Belt","Juzu Bracelet","Pantograph","Peace Pipe","Meat on the Bone","CeramicFish","Pen Nib","Red Skull","Coffee Dripper","Bag of Marbles","MawBank","Gremlin Horn","Magic Flower","TheAbacus","Ice Cream","Mercury Hourglass","StrikeDummy","Art of War"],"potions_floor_usage":[47,50,50,50,50],"damage_taken":[{"damage":0.0,"enemies":"Cultist","floor":1.0,"turns":4.0},{"damage":11.0,"enemies":"2 Louse","floor":3.0,"turns":3.0},{"damage":10.0,"enemies":"Lagavulin","floor":7.0,"turns":4.0},{"damage":0.0,"enemies":"Jaw Worm","floor":10.0,"turns":3.0},{"damage":0.0,"enemies":"Blue Slaver","floor":11.0,"turns":4.0},{"damage":12.0,"enemies":"Gremlin Nob","floor":14.0,"turns":3.0},{"damage":5.0,"enemies":"The Guardian","floor":16.0,"turns":12.0},{"damage":0.0,"enemies":"Chosen","floor":18.0,"turns":6.0},{"damage":0.0,"enemies":"Shell Parasite","floor":19.0,"turns":5.0},{"damage":0.0,"enemies":"Shelled Parasite and Fungi","floor":20.0,"turns":7.0},{"damage":12.0,"enemies":"Snake Plant","floor":21.0,"turns":3.0},{"damage":0.0,"enemies":"Snecko","floor":22.0,"turns":6.0},{"damage":37.0,"enemies":"Slavers","floor":23.0,"turns":8.0},{"damage":2.0,"enemies":"Cultist and Chosen","floor":24.0,"turns":6.0},{"damage":0.0,"enemies":"Chosen and Byrds","floor":25.0,"turns":5.0},{"damage":0.0,"enemies":"Book of Stabbing","floor":29.0,"turns":4.0},{"damage":0.0,"enemies":"Centurion and Healer","floor":31.0,"turns":4.0},{"damage":5.0,"enemies":"Automaton","floor":33.0,"turns":6.0},{"damage":6.0,"enemies":"Orb Walker","floor":35.0,"turns":3.0},{"damage":20.0,"enemies":"3 Darklings","floor":39.0,"turns":3.0},{"damage":25,"enemies":"2 Orb Walkers","floor":46,"turns":5},{"damage":6,"enemies":"Giant Head","floor":48,"turns":12},{"damage":12,"enemies":"Time Eater","floor":50,"turns":10}],"seed_played":"8996604888150855735","potions_obtained":[{"floor":1.0,"key":"EssenceOfSteel"},{"floor":3.0,"key":"ElixirPotion"},{"floor":7.0,"key":"FearPotion"},{"floor":22.0,"key":"PowerPotion"},{"floor":23.0,"key":"Block Potion"},{"floor":25.0,"key":"Fire Potion"},{"floor":29.0,"key":"Swift Potion"},{"floor":31.0,"key":"LiquidBronze"},{"floor":33.0,"key":"GamblersBrew"},{"floor":39.0,"key":"CultistPotion"},{"floor":48,"key":"LiquidBronze"}],"is_trial":false,"path_per_floor":["M","?","M","$","?","R","E","R","T","M","M","$","R","E","R","B",null,"M","M","M","M","M","E","M","M","T","R","$","E","$","M","R","B",null,"M","$","?","?","M","R","?","R","T","?","?","?","$","E","R","B",null],"character_chosen":"IRONCLAD","items_purchased":["Twin Strike","True Grit","Shrug It Off","TheAbacus","Ice Cream","Mercury Hourglass","Fruit Juice","LiquidBronze","LiquidMemories"],"campfire_rested":0,"item_purchase_floors":[4,28,36,47,47,47,47,47,47],"current_hp_per_floor":[80,73,72,72,72,72,74,74,74,80,80,80,80,74,80,80,80,80,80,80,78,80,49,57,69,69,78,78,80,80,80,80,80,80,80,80,92,92,78,87,87,87,87,87,87,74,79,91,92,92],"gold":560,"neow_bonus":"","is_prod":false,"is_daily":true,"chose_seed":false,"campfire_upgraded":3,"win_rate":0,"timestamp":1607604537,"path_taken":["M","?","M","$","?","R","E","R","T","M","M","$","R","E","R","BOSS","M","M","M","M","M","E","M","M","T","R","$","E","$","M","R","BOSS","M","$","?","?","M","R","?","R","T","?","?","?","?","E","R","BOSS"],"build_version":"2020-11-30","purchased_purges":6,"victory":true,"max_hp_per_floor":[80,80,80,80,80,80,80,80,80,80,80,80,80,80,80,80,80,80,80,80,80,80,80,80,80,80,80,80,80,80,80,80,80,80,80,80,92,92,92,92,87,87,87,87,87,87,92,92,92,92],"card_choices":[{"not_picked":["Infernal Blade","Wild Strike"],"picked":"Blood for Blood","floor":7.0},{"not_picked":["Clothesline","Pummel"],"picked":"Flame Barrier","floor":14.0},{"not_picked":["Impervious","Brutality+1"],"picked":"Barricade+1","floor":16.0},{"not_picked":["Evolve+1","Infernal Blade"],"picked":"Body Slam","floor":23.0},{"not_picked":["Rampage","Anger","Combust+1"],"picked":"SKIP","floor":29.0},{"not_picked":["Corruption+1","Juggernaut+1"],"picked":"Offering","floor":33.0},{"not_picked":["Power Through+1","Carnage+1"],"picked":"Exhume","floor":48}],"player_experience":911478,"relics_obtained":[{"floor":1.0,"key":"Boot"},{"floor":3.0,"key":"Bronze Scales"},{"floor":7.0,"key":"Thread and Needle"},{"floor":9.0,"key":"Darkstone Periapt"},{"floor":10.0,"key":"Smiling Mask"},{"floor":11.0,"key":"Eternal Feather"},{"floor":14.0,"key":"Shovel"},{"floor":15.0,"key":"Frozen Egg 2"},{"floor":18.0,"key":"Ornamental Fan"},{"floor":19.0,"key":"CaptainsWheel"},{"floor":20.0,"key":"Potion Belt"},{"floor":21.0,"key":"Juzu Bracelet"},{"floor":22.0,"key":"Pantograph"},{"floor":23.0,"key":"Peace Pipe"},{"floor":24.0,"key":"Meat on the Bone"},{"floor":25.0,"key":"CeramicFish"},{"floor":26.0,"key":"Pen Nib"},{"floor":29.0,"key":"Red Skull"},{"floor":35.0,"key":"Bag of Marbles"},{"floor":39.0,"key":"MawBank"},{"floor":43.0,"key":"Gremlin Horn"},{"floor":46,"key":"Magic Flower"},{"floor":48,"key":"StrikeDummy"},{"floor":49,"key":"Art of War"}],"event_choices":[{"cards_removed":["Strike_R"],"damage_healed":0.0,"max_hp_gain":0.0,"max_hp_loss":0.0,"gold_gain":0.0,"event_name":"Golden Wing","player_choice":"Card Removal","floor":2.0,"gold_loss":0.0,"damage_taken":7.0},{"damage_healed":0.0,"max_hp_gain":0.0,"max_hp_loss":0.0,"gold_gain":0.0,"event_name":"Liars Game","player_choice":"Ignored","floor":5.0,"gold_loss":0.0,"damage_taken":0.0},{"damage_healed":0.0,"max_hp_gain":0.0,"max_hp_loss":0.0,"gold_gain":999.0,"event_name":"MindBloom","player_choice":"Gold","floor":37.0,"gold_loss":0.0,"damage_taken":0.0,"cards_obtained":["Normality","Normality"]},{"cards_removed":["Body Slam"],"damage_healed":0.0,"max_hp_gain":0.0,"max_hp_loss":0.0,"gold_gain":0.0,"event_name":"Falling","player_choice":"Removed Attack","floor":38.0,"gold_loss":0.0,"damage_taken":0.0},{"damage_healed":0.0,"max_hp_gain":0.0,"max_hp_loss":5.0,"gold_gain":0.0,"event_name":"Winding Halls","player_choice":"Max HP","floor":41.0,"gold_loss":0.0,"damage_taken":0.0},{"damage_healed":0,"gold_gain":0,"player_choice":"Ignored","damage_taken":0,"max_hp_gain":0,"max_hp_loss":0,"event_name":"Tomb of Lord Red Mask","floor":44,"gold_loss":0},{"damage_healed":0,"gold_gain":0,"player_choice":"Memory 1","damage_taken":0,"max_hp_gain":0,"max_hp_loss":0,"event_name":"SensoryStone","floor":45,"gold_loss":0},{"damage_healed":0,"gold_gain":0,"player_choice":"Fight","damage_taken":0,"max_hp_gain":0,"max_hp_loss":0,"event_name":"Mysterious Sphere","floor":46,"gold_loss":0}],"is_beta":false,"boss_relics":[{"not_picked":["Snecko Eye","Black Blood"],"picked":"Runic Pyramid"},{"not_picked":["Mark of Pain","Runic Cube"],"picked":"Coffee Dripper"}],"items_purged_floors":[4,12,28,30,36,47],"is_endless":false,"potions_floor_spawned":[1,3,7,22,23,25,29,31,33,39,48],"ascension_level":0}}