{"host":"rih3m63woujmecfd","time":1607592824,"event":{"gold_per_floor":[112,131,141,151,165,165,237,251,278,278,22,38,38,48,48,162,162,177,177,37,48,62,62,82,82,106,143,179,215,240,275,275,389,389,389],"floor_reached":34,"playtime":2618,"items_purged":["RedMoon+1"],"score":669,"play_id":"da769334-1bf8-41c0-a867-0b581d46f060","local_time":"20201210173344","daily_mods":["Vintage","Heirloom","Time Dilation","Flight","DeadlyEvents","Elite Swarm","Lethality"],"is_ascension_mode":false,"campfire_choices":[{"data":"RedMoon","floor":6.0,"key":"SMITH"},{"data":"BloodHunter","floor":10.0,"key":"SMITH"},{"data":"StarOfDavid","floor":15.0,"key":"SMITH"},{"data":"BloodySeventeenLaser","floor":23.0,"key":"SMITH"},{"data":"MillenniumVampire","floor":25.0,"key":"SMITH"},{"data":"TricksterDevil","floor":32,"key":"SMITH"}],"neow_cost":"","seed_source_timestamp":0,"circlet_count":0,"master_deck":["Strike_RM+1","Strike_RM+1","Strike_RM+1","Strike_RM+1","Defend_RM+1","Defend_RM+1","Defend_RM+1","Defend_RM+1","ScarletShoot","BloodHunter+1","StarOfDavid+1","BloodySeventeenLaser+1","MillenniumVampire+1","TricksterDevil+1","EquivalentExchange","TransientEternity","ChaoticDestiny+1","ForecastOfChange+1"],"special_seed":0,"relics":["ScarletHat","FossilizedHelix","Ornamental Fan","Nunchaku","CeramicFish","Replay:Wax Seal","Replay:Mystery Machine","Pocketwatch","Potion Belt","Vajra","MerchantsRug","Regal Pillow","Ancient Tea Set","Ring of Panic","Ring of Peace","Boot","APieceOfRedMist","Tiny Chest","Toy Ornithopter","Art of War","Onion Ring","Strawberry","Lantern","Gremlin Horn","ReplayTheSpireMod:TigerMarble","Golden Egg","Omamori","Coffee Dripper"],"potions_floor_usage":[],"damage_taken":[{"damage":0.0,"enemies":"Cultist","floor":1.0,"turns":3.0},{"damage":0.0,"enemies":"2 Louse","floor":2.0,"turns":2.0},{"damage":0.0,"enemies":"Jaw Worm","floor":3.0,"turns":4.0},{"damage":0.0,"enemies":"3 Louse","floor":4.0,"turns":3.0},{"damage":0.0,"enemies":"Lots of Slimes","floor":5.0,"turns":3.0},{"damage":22.0,"enemies":"Lagavulin Event","floor":7.0,"turns":6.0},{"damage":0.0,"enemies":"Looter","floor":8.0,"turns":2.0},{"damage":0.0,"enemies":"2 Fungi Beasts","floor":12.0,"turns":2.0},{"damage":0.0,"enemies":"Blue Slaver","floor":14.0,"turns":4.0},{"damage":20.0,"enemies":"The Guardian","floor":16.0,"turns":8.0},{"damage":0.0,"enemies":"Spheric Guardian","floor":18.0,"turns":3.0},{"damage":0.0,"enemies":"2 Thieves","floor":21.0,"turns":2.0},{"damage":0.0,"enemies":"Cultist and Chosen","floor":22.0,"turns":4.0},{"damage":0.0,"enemies":"Shelled Parasite and Fungi","floor":24.0,"turns":2.0},{"damage":0.0,"enemies":"Slavers","floor":27.0,"turns":5.0},{"damage":0.0,"enemies":"Gremlin Leader","floor":28.0,"turns":2.0},{"damage":0.0,"enemies":"Slavers","floor":29.0,"turns":4.0},{"damage":0,"enemies":"Book of Stabbing","floor":30,"turns":1},{"damage":0,"enemies":"Slavers","floor":31,"turns":4},{"damage":0,"enemies":"Collector","floor":33,"turns":6}],"seed_played":"-5531880190063589577","potions_obtained":[{"floor":1.0,"key":"Fruit Juice"},{"floor":3.0,"key":"DistilledChaos"},{"floor":4.0,"key":"AttackPotion"},{"floor":8.0,"key":"DestinyDice"},{"floor":21.0,"key":"Weak Potion"},{"floor":24.0,"key":"Adrenaline Potion"},{"floor":28.0,"key":"Adrenaline Potion"},{"floor":31,"key":"Explosive Potion"}],"is_trial":true,"path_per_floor":["M","M","M","M","M","R","?","M","T","R","$","M","?","M","R","B",null,"M","?","$","M","M","R","M","R","T","E","E","E","E","E","R","B",null],"character_chosen":"REMILIA","items_purchased":["MerchantsRug","StarOfDavid","Regal Pillow","MillenniumVampire"],"campfire_rested":0,"item_purchase_floors":[11,11,11,20],"current_hp_per_floor":[80,80,80,80,80,80,58,58,58,58,58,59,59,63,63,63,80,80,80,80,80,80,80,80,80,87,87,87,87,87,87,87,87,87,87],"gold":389,"neow_bonus":"","is_prod":false,"is_daily":false,"chose_seed":false,"campfire_upgraded":6,"win_rate":0.0,"timestamp":1607592824,"path_taken":["M","M","M","M","M","R","?","M","T","R","$","M","?","M","R","BOSS","M","?","$","M","M","R","M","R","T","E","E","E","E","E","R","BOSS"],"build_version":"2020-11-30","purchased_purges":1,"victory":false,"max_hp_per_floor":[80,80,80,80,80,80,80,80,80,80,80,80,80,80,80,80,80,80,80,80,80,80,80,80,80,87,87,87,87,87,87,87,87,87,87],"card_choices":[{"not_picked":["RedMagic","ScarletImprint"],"picked":"BloodHunter","floor":7.0},{"not_picked":["BatForm","QueenOfMidnight"],"picked":"BloodySeventeenLaser","floor":16.0},{"not_picked":["BloodRain","DemonKingCradle"],"picked":"TricksterDevil","floor":27.0},{"not_picked":["CeilingFear","HeartBreak"],"picked":"EquivalentExchange","floor":28.0},{"not_picked":["HeartBreak","BloodRain"],"picked":"TransientEternity","floor":29},{"not_picked":["CeilingFear","BloodySeventeenLaser","KillingBlow"],"picked":"SKIP","floor":30},{"not_picked":["BloodyCatastrophe","CurseOfVladTepes"],"picked":"ChaoticDestiny","floor":31},{"not_picked":["HeartBreak","ChaoticDestiny"],"picked":"ForecastOfChange","floor":33}],"player_experience":107071,"relics_obtained":[{"floor":1.0,"key":"Ornamental Fan"},{"floor":2.0,"key":"Nunchaku"},{"floor":3.0,"key":"CeramicFish"},{"floor":4.0,"key":"Replay:Wax Seal"},{"floor":5.0,"key":"Replay:Mystery Machine"},{"floor":7.0,"key":"Pocketwatch"},{"floor":8.0,"key":"Potion Belt"},{"floor":9.0,"key":"Vajra"},{"floor":12.0,"key":"Ancient Tea Set"},{"floor":13.0,"key":"Ring of Panic"},{"floor":13.0,"key":"Ring of Peace"},{"floor":14.0,"key":"Boot"},{"floor":18.0,"key":"Tiny Chest"},{"floor":21.0,"key":"Toy Ornithopter"},{"floor":22.0,"key":"Art of War"},{"floor":24.0,"key":"Onion Ring"},{"floor":26.0,"key":"Strawberry"},{"floor":27.0,"key":"Lantern"},{"floor":28.0,"key":"Gremlin Horn"},{"floor":29,"key":"ReplayTheSpireMod:TigerMarble"},{"floor":30,"key":"Golden Egg"},{"floor":31,"key":"Omamori"}],"event_choices":[{"damage_healed":0.0,"max_hp_gain":0.0,"max_hp_loss":0.0,"gold_gain":0.0,"event_name":"Dead Adventurer","player_choice":"Searched \u00272\u0027 times","floor":7.0,"gold_loss":0.0,"damage_taken":0.0},{"damage_healed":0.0,"max_hp_gain":0.0,"max_hp_loss":0.0,"gold_gain":0.0,"event_name":"Back to Basics","player_choice":"Simplicity","floor":19.0,"gold_loss":0.0,"damage_taken":0.0,"cards_upgraded":["Strike_RM","Strike_RM","Strike_RM","Strike_RM","Defend_RM","Defend_RM","Defend_RM","Defend_RM"]}],"is_beta":false,"boss_relics":[{"not_picked":["Honey Jar","Replay:Bronze Core"],"picked":"APieceOfRedMist"},{"not_picked":["Calling Bell","Replay:Drink Me"],"picked":"Coffee Dripper"}],"items_purged_floors":[20],"is_endless":true,"potions_floor_spawned":[1,3,4,8,21,24,28,31],"ascension_level":0}}