{"host":"fq1bpa5mgr3rtgnr","time":1607581645,"event":{"gold_per_floor":[109,59,69,69,90,90,131,131,181,257,257,297,297,333,333,453,453,483,509,144,243,259,259,298,298,348,366,366,386,181,200,200,321,321,345,363,382,402,425,458,458,496,576,597,62,125,125,125,125,125],"floor_reached":51,"playtime":3937,"items_purged":["Strike_G","Strike_G","Defend_G"],"score":1072,"play_id":"3a77c28d-ffde-44bf-94b1-50c3731e7dc9","local_time":"20201210012725","is_ascension_mode":true,"campfire_choices":[{"data":"Neutralize","floor":6.0,"key":"SMITH"},{"data":"Venomology","floor":8.0,"key":"SMITH"},{"floor":11.0,"key":"REST"},{"data":"Survivor","floor":13.0,"key":"SMITH"},{"floor":15.0,"key":"REST"},{"data":"Storm of Steel","floor":23.0,"key":"SMITH"},{"data":"Concentrate","floor":28.0,"key":"SMITH"},{"data":"Blade Dance","floor":32,"key":"SMITH"},{"data":"Footwork","floor":47,"key":"SMITH"},{"data":"Flechettes","floor":49,"key":"SMITH"}],"neow_cost":"TEN_PERCENT_HP_LOSS","seed_source_timestamp":249954311027800,"circlet_count":0,"master_deck":["Strike_G+1","Strike_G+1","Defend_G+1","Defend_G","Defend_G","Survivor+1","Neutralize+1","Venomology+1","Dagger Spray","Accuracy","Terror","Burst","Dagger Throw","Concentrate+1","Eviscerate","After Image","CurseOfTheBell","Dagger Throw","Crippling Poison","Blade Dance+1","Acrobatics","Caltrops","Storm of Steel+1","PiercingWail","Accuracy","Expertise+1","Expertise+1","Unload","Well Laid Plans+1","Infinite Blades","Expertise+1","Skewer+1","Footwork+1","Flechettes+1","Acrobatics","Thinking Ahead"],"special_seed":0,"relics":["Ring of the Snake","Golden Idol","War Paint","Whetstone","Tingsha","Tough Bandages","Darkstone Periapt","Calling Bell","MawBank","HornCleat","CaptainsWheel","Membership Card","Gremlin Horn","Bottled Flame","CultistMask","Anchor","Incense Burner","Busted Crown","White Beast Statue","Centennial Puzzle","Ornamental Fan","Vajra","Ancient Tea Set","Strange Spoon","Dead Branch"],"potions_floor_usage":[31,33,33,33,33,36,37,38,38,38,39,40,42,44,46,50,50,50],"damage_taken":[{"damage":0.0,"enemies":"Small Slimes","floor":1.0,"turns":3.0},{"damage":4.0,"enemies":"2 Louse","floor":3.0,"turns":4.0},{"damage":0.0,"enemies":"Cultist","floor":5.0,"turns":2.0},{"damage":21.0,"enemies":"Lagavulin","floor":7.0,"turns":7.0},{"damage":12.0,"enemies":"Gremlin Nob","floor":10.0,"turns":5.0},{"damage":7.0,"enemies":"3 Sentries","floor":12.0,"turns":9.0},{"damage":15.0,"enemies":"Gremlin Nob","floor":14.0,"turns":4.0},{"damage":7.0,"enemies":"The Guardian","floor":16.0,"turns":12.0},{"damage":9.0,"enemies":"Chosen","floor":18.0,"turns":5.0},{"damage":11.0,"enemies":"2 Thieves","floor":19.0,"turns":4.0},{"damage":0.0,"enemies":"Snake Plant","floor":22.0,"turns":4.0},{"damage":4.0,"enemies":"Slavers","floor":24.0,"turns":4.0},{"damage":0.0,"enemies":"Centurion and Healer","floor":27.0,"turns":6.0},{"damage":0.0,"enemies":"Cultist and Chosen","floor":29.0,"turns":4.0},{"damage":0,"enemies":"Snecko","floor":31,"turns":4},{"damage":12,"enemies":"Champ","floor":33,"turns":7},{"damage":0,"enemies":"3 Darklings","floor":35,"turns":2},{"damage":0,"enemies":"Orb Walker","floor":36,"turns":3},{"damage":0,"enemies":"Sphere and 2 Shapes","floor":37,"turns":4},{"damage":0,"enemies":"Maw","floor":38,"turns":6},{"damage":0,"enemies":"4 Shapes","floor":39,"turns":6},{"damage":0,"enemies":"Nemesis","floor":40,"turns":5},{"damage":3,"enemies":"Giant Head","floor":42,"turns":6},{"damage":6,"enemies":"3 Darklings","floor":44,"turns":3},{"damage":2,"enemies":"Mind Bloom Boss Battle","floor":46,"turns":5},{"damage":77,"enemies":"Time Eater","floor":50,"turns":9}],"seed_played":"-939155917382577324","potions_obtained":[{"floor":3.0,"key":"SteroidPotion"},{"floor":5.0,"key":"Fruit Juice"},{"floor":7.0,"key":"AttackPotion"},{"floor":12.0,"key":"Energy Potion"},{"floor":14.0,"key":"Fire Potion"},{"floor":18.0,"key":"PowerPotion"},{"floor":31,"key":"DuplicationPotion"},{"floor":33,"key":"Explosive Potion"},{"floor":35,"key":"SpeedPotion"},{"floor":39,"key":"Regen Potion"},{"floor":42,"key":"Strength Potion"},{"floor":46,"key":"Poison Potion"}],"is_trial":false,"path_per_floor":["M","?","M","?","M","R","E","R","T","?","R","E","R","E","R","B",null,"M","M","$","?","M","R","E","?","T","M","R","M","$","M","R","B",null,"M","M","M","M","M","E","?","E","T","M","$","?","R","?","R","B",null],"character_chosen":"THE_SILENT","items_purchased":["Membership Card","Blade Dance","Acrobatics","Gremlin Horn","Caltrops","Incense Burner","Vajra","Ancient Tea Set","Strange Spoon","Footwork","Flechettes","Acrobatics","Thinking Ahead","FairyPotion"],"campfire_rested":2,"item_purchase_floors":[20,20,20,20,20,30,45,45,45,45,45,45,45,45],"current_hp_per_floor":[63,63,59,44,44,44,28,28,28,16,36,29,29,14,34,27,64,67,56,56,56,56,56,52,52,52,52,52,52,52,52,52,40,66,66,66,66,66,66,66,66,72,72,66,66,72,72,72,72,22],"gold":125,"neow_bonus":"THREE_RARE_CARDS","is_prod":false,"is_daily":false,"chose_seed":false,"campfire_upgraded":8,"win_rate":0,"timestamp":1607581645,"path_taken":["M","?","M","?","M","R","E","R","T","?","R","E","R","E","R","BOSS","M","M","$","?","M","R","E","?","T","?","R","M","$","M","R","BOSS","M","M","M","M","M","E","?","E","T","M","$","?","R","?","R","BOSS"],"build_version":"2020-11-30","purchased_purges":3,"victory":true,"max_hp_per_floor":[63,63,63,63,63,63,68,68,68,68,68,68,68,68,68,68,74,74,74,74,74,74,74,74,74,74,74,74,74,74,74,74,74,74,74,74,74,74,74,74,74,74,74,74,74,74,74,74,74,74],"relic_stats":{"Darkstone Periapt":6,"Gremlin Horn":[12,12],"counters":[26,133],"Golden Idol":211,"Dead Branch":[12],"Tingsha":[571],"Whetstone":["Strike_G","Strike_G"],"War Paint":["Defend_G","Defend_G"],"MawBank":36,"Strange Spoon":[19],"Tough Bandages":[642],"Centennial Puzzle":[9],"Busted Crown":18,"Ornamental Fan":[52],"obtain_stats":[{"Darkstone Periapt":14,"Gremlin Horn":20,"Vajra":45,"Incense Burner":30,"Whetstone":9,"Ancient Tea Set":45,"Tough Bandages":12,"Centennial Puzzle":42,"HornCleat":17,"Ring of the Snake":0,"Golden Idol":4,"Dead Branch":46,"Tingsha":10,"War Paint":7,"MawBank":17,"White Beast Statue":40,"Calling Bell":17,"Strange Spoon":45,"CaptainsWheel":17,"Bottled Flame":24,"Anchor":26,"Busted Crown":34,"Ornamental Fan":43,"CultistMask":25,"Membership Card":20},{"Darkstone Periapt":7,"Gremlin Horn":10,"Vajra":24,"Incense Burner":14,"Whetstone":4,"Ancient Tea Set":24,"Tough Bandages":6,"Centennial Puzzle":23,"HornCleat":8,"Ring of the Snake":0,"Golden Idol":2,"Dead Branch":25,"Tingsha":5,"War Paint":4,"MawBank":8,"White Beast Statue":22,"Calling Bell":8,"Strange Spoon":24,"CaptainsWheel":8,"Bottled Flame":12,"Anchor":12,"Busted Crown":16,"Ornamental Fan":23,"CultistMask":12,"Membership Card":10},{"Darkstone Periapt":34,"Gremlin Horn":55,"Vajra":119,"Incense Burner":73,"Whetstone":16,"Ancient Tea Set":119,"Tough Bandages":30,"Centennial Puzzle":116,"HornCleat":46,"Ring of the Snake":0,"Golden Idol":7,"Dead Branch":124,"Tingsha":21,"War Paint":16,"MawBank":46,"White Beast Statue":110,"Calling Bell":46,"Strange Spoon":119,"CaptainsWheel":46,"Bottled Flame":63,"Anchor":63,"Busted Crown":84,"Ornamental Fan":116,"CultistMask":63,"Membership Card":55}],"Ring of the Snake":[52]},"card_choices":[{"not_picked":["Die Die Die","Adrenaline"],"picked":"Venomology","floor":0.0},{"not_picked":["Quick Slash","Cloak And Dagger"],"picked":"Dagger Spray","floor":1.0},{"not_picked":["Outmaneuver","Prepared"],"picked":"Accuracy","floor":3.0},{"not_picked":["Reflex","Acrobatics"],"picked":"Terror","floor":5.0},{"not_picked":["Backstab","Cloak And Dagger"],"picked":"Burst","floor":7.0},{"not_picked":["Poisoned Stab","Underhanded Strike"],"picked":"Dagger Throw","floor":10.0},{"not_picked":["Escape Plan","Flying Knee"],"picked":"Concentrate","floor":12.0},{"not_picked":["Poisoned Stab","Glass Knife"],"picked":"Eviscerate","floor":14.0},{"not_picked":["Corpse Explosion","Burst"],"picked":"After Image","floor":16.0},{"not_picked":["Deadly Poison","Outmaneuver"],"picked":"Dagger Throw","floor":18.0},{"not_picked":["Setup","Bane+1"],"picked":"Crippling Poison","floor":19.0},{"not_picked":["Outmaneuver","Dash"],"picked":"Storm of Steel","floor":22.0},{"not_picked":["Outmaneuver","PiercingWail","Heel Hook+1"],"picked":"SKIP","floor":24.0},{"not_picked":["Outmaneuver","Heel Hook+1"],"picked":"PiercingWail","floor":24.0},{"not_picked":["Catalyst+1","Deflect"],"picked":"Accuracy","floor":27.0},{"not_picked":["Flying Knee+1","Underhanded Strike"],"picked":"Expertise+1","floor":29.0},{"not_picked":["Backflip+1","Predator+1"],"picked":"Expertise+1","floor":31},{"not_picked":["Burst","Bullet Time"],"picked":"Unload","floor":33},{"not_picked":[],"picked":"Well Laid Plans+1","floor":35},{"not_picked":["Bane"],"picked":"SKIP","floor":36},{"not_picked":[],"picked":"Infinite Blades","floor":37},{"not_picked":["Outmaneuver+1"],"picked":"SKIP","floor":38},{"not_picked":[],"picked":"Expertise+1","floor":39},{"not_picked":["Dodge and Roll"],"picked":"SKIP","floor":40},{"not_picked":["A Thousand Cuts"],"picked":"SKIP","floor":42},{"not_picked":[],"picked":"Skewer+1","floor":44}],"player_experience":330083,"relics_obtained":[{"floor":7.0,"key":"War Paint"},{"floor":9.0,"key":"Whetstone"},{"floor":10.0,"key":"Tingsha"},{"floor":12.0,"key":"Tough Bandages"},{"floor":14.0,"key":"Darkstone Periapt"},{"floor":17.0,"key":"MawBank"},{"floor":17.0,"key":"HornCleat"},{"floor":17.0,"key":"CaptainsWheel"},{"floor":24.0,"key":"Bottled Flame"},{"floor":26.0,"key":"Anchor"},{"floor":40,"key":"White Beast Statue"},{"floor":42,"key":"Centennial Puzzle"},{"floor":43,"key":"Ornamental Fan"},{"floor":46,"key":"Dead Branch"}],"event_choices":[{"cards_removed":["Strike_G"],"damage_healed":0.0,"max_hp_gain":0.0,"max_hp_loss":0.0,"gold_gain":0.0,"event_name":"The Cleric","player_choice":"Card Removal","floor":2.0,"gold_loss":50.0,"damage_taken":0.0},{"damage_healed":0.0,"max_hp_gain":0.0,"max_hp_loss":0.0,"gold_gain":0.0,"event_name":"Golden Idol","player_choice":"Take Damage","floor":4.0,"gold_loss":0.0,"damage_taken":15.0,"relics_obtained":["Golden Idol"]},{"damage_healed":0.0,"max_hp_gain":0.0,"max_hp_loss":0.0,"gold_gain":0.0,"event_name":"Dead Adventurer","player_choice":"Searched \u00272\u0027 times","floor":10.0,"gold_loss":0.0,"damage_taken":0.0},{"damage_healed":0.0,"max_hp_gain":0.0,"max_hp_loss":0.0,"gold_gain":99.0,"event_name":"Nest","player_choice":"Stole From Cult","floor":21.0,"gold_loss":0.0,"damage_taken":0.0},{"damage_healed":0.0,"max_hp_gain":0.0,"max_hp_loss":0.0,"gold_gain":0.0,"event_name":"FaceTrader","player_choice":"Trade","floor":25.0,"gold_loss":0.0,"damage_taken":0.0,"relics_obtained":["CultistMask"]},{"damage_healed":0,"gold_gain":0,"player_choice":"Ignored","damage_taken":0,"max_hp_gain":0,"max_hp_loss":0,"event_name":"Tomb of Lord Red Mask","floor":41,"gold_loss":0},{"damage_healed":0,"gold_gain":0,"player_choice":"Fight","damage_taken":0,"max_hp_gain":0,"max_hp_loss":0,"event_name":"MindBloom","floor":46,"gold_loss":0},{"cards_removed":["Defend_G"],"damage_healed":0,"gold_gain":0,"player_choice":"Removed Skill","damage_taken":0,"max_hp_gain":0,"max_hp_loss":0,"event_name":"Falling","floor":48,"gold_loss":0}],"is_beta":false,"boss_relics":[{"not_picked":["Runic Dome","Tiny House"],"picked":"Calling Bell"},{"not_picked":["Ring of the Serpent","Fusion Hammer"],"picked":"Busted Crown"}],"items_purged_floors":[20,30,45],"is_endless":false,"potions_floor_spawned":[3,5,7,12,14,18,31,33,35,39,42,44,46],"ascension_level":7}}