{"host":"tq11g1xvjhf4r9h6","time":1607588341,"event":{"gold_per_floor":[114,130,146,162,162,162,162,162],"floor_reached":7,"playtime":226,"items_purged":[],"score":86,"play_id":"4d077d47-d37a-44ab-9bd2-1e25f2d56b11","local_time":"20201210171901","is_ascension_mode":true,"campfire_choices":[{"data":"Cloak And Dagger","floor":6,"key":"SMITH"}],"neow_cost":"NONE","seed_source_timestamp":51405397282500,"circlet_count":0,"master_deck":["AscendersBane","Strike_G","Strike_G","Strike_G","Strike_G","Strike_G","Defend_G","Defend_G","Defend_G","Defend_G","Defend_G","Survivor","Neutralize","CurseOfTheBell","Calculated Gamble","Cloak And Dagger+1","Dagger Spray","Cloak And Dagger"],"special_seed":0,"relics":["Calling Bell","Art of War","HornCleat","CaptainsWheel"],"potions_floor_usage":[4],"damage_taken":[{"damage":0.0,"enemies":"Jaw Worm","floor":1.0,"turns":5.0},{"damage":6.0,"enemies":"Cultist","floor":2.0,"turns":5.0},{"damage":0.0,"enemies":"2 Louse","floor":3.0,"turns":3.0},{"damage":0,"enemies":"Lots of Slimes","floor":4,"turns":1},{"damage":1,"enemies":"Gremlin Nob","floor":7,"turns":4}],"seed_played":"-2888312863312882491","potions_obtained":[{"floor":2.0,"key":"AttackPotion"},{"floor":3.0,"key":"GamblersBrew"}],"is_trial":false,"path_per_floor":["M","M","M","M","?","R","E"],"character_chosen":"THE_SILENT","items_purchased":[],"campfire_rested":0,"item_purchase_floors":[],"current_hp_per_floor":[59,53,53,53,53,53,52,52],"gold":162,"neow_bonus":"BOSS_RELIC","is_prod":false,"is_daily":false,"chose_seed":false,"campfire_upgraded":1,"win_rate":0,"timestamp":1607588341,"path_taken":["M","M","M","M","?","R","E"],"build_version":"2020-11-30","purchased_purges":0,"victory":false,"max_hp_per_floor":[66,66,66,66,66,66,66,66],"relic_stats":{"counters":[5,18],"Art of War":[0],"obtain_stats":[{"Calling Bell":0,"CaptainsWheel":0,"HornCleat":0,"Art of War":0,"Ring of the Snake":0},{"Calling Bell":0,"CaptainsWheel":0,"HornCleat":0,"Art of War":0,"Ring of the Snake":0},{"Calling Bell":0,"CaptainsWheel":0,"HornCleat":0,"Art of War":0,"Ring of the Snake":0}]},"card_choices":[{"not_picked":["Dagger Spray","Prepared"],"picked":"Calculated Gamble","floor":1.0},{"not_picked":["Catalyst","Dagger Spray"],"picked":"Cloak And Dagger","floor":2.0},{"not_picked":["Choke","Reflex"],"picked":"Dagger Spray","floor":3.0},{"not_picked":["Sucker Punch","Outmaneuver","Underhanded Strike"],"picked":"SKIP","floor":4}],"player_experience":348646,"relics_obtained":[{"floor":0.0,"key":"Art of War"},{"floor":0.0,"key":"HornCleat"},{"floor":0.0,"key":"CaptainsWheel"}],"event_choices":[{"damage_healed":0,"gold_gain":0,"player_choice":"1 cards matched","damage_taken":0,"max_hp_gain":0,"max_hp_loss":0,"event_name":"Match and Keep!","floor":5,"gold_loss":0,"cards_obtained":["Cloak And Dagger"]}],"is_beta":false,"boss_relics":[],"items_purged_floors":[],"is_endless":false,"potions_floor_spawned":[2,3],"killed_by":"Gremlin Nob","ascension_level":20}}