{"host":"cqf28nc1l0ybgp9y","time":1607608550,"event":{"mods":["BaseMod","StSLib","Minty Spire (QoL Compilation)","Marisa????????"],"gold_per_floor":[109,109,34,34,34,73,85,132,171,183,239,251,263,291,303,438,450,477,509,521,543,189,189,189],"floor_reached":23,"playtime":1295,"items_purged":["Strike_MRS","Pain"],"score":255,"play_id":"ee94abc8-4771-440b-ae51-b622b78c1ff9","local_time":"20201210145550","is_ascension_mode":false,"campfire_choices":[{"data":"OrrerysSun","floor":7,"key":"SMITH"},{"data":"TreasureHunter","floor":15,"key":"SMITH"}],"circlet_count":0,"master_deck":["Strike_MRS","Strike_MRS","Strike_MRS","Defend_MRS","Defend_MRS","Defend_MRS","Defend_MRS","MasterSpark","UpSweep","ChargingUp","Regret","OrrerysSun+1","TreasureHunter+1","Parasite","Parasite","NonDirectionalLaser+1","UltimateShortwave","EnergyFlow","OortCloud","MysteriousBeam+1","GalacticHalo"],"relics":["MiniHakkero","NeowsBlessing","Bloody Idol","Unceasing Top","Shuriken","MawBank","Singing Bowl","ShroomBag","Gremlin Horn","Molten Egg 2","WarpedTongs","Pocketwatch","Black Star","Kunai"],"acts_visited":["Exordium","TheCity"],"potions_floor_usage":[11,16,18,19,21,23],"damage_taken":[{"damage":0,"enemies":"Jaw Worm","floor":1,"turns":1},{"damage":0,"enemies":"Gremlin Nob","floor":6,"turns":1},{"damage":0,"enemies":"Lagavulin","floor":8,"turns":1},{"damage":13,"enemies":"3 Sentries","floor":11,"turns":6},{"damage":2,"enemies":"2 Louse","floor":14,"turns":3},{"damage":24,"enemies":"Hexaghost","floor":16,"turns":9},{"damage":19,"enemies":"2 Thieves","floor":18,"turns":3},{"damage":13,"enemies":"3 Byrds","floor":19,"turns":4},{"damage":44,"enemies":"Centurion and Healer","floor":21,"turns":6},{"damage":46,"enemies":"Slavers","floor":23,"turns":6}],"seed_played":"-8117999177427331342","potions_obtained":[{"floor":6,"key":"Explosive Potion"},{"floor":11,"key":"SkillPotion"},{"floor":14,"key":"LiquidBronze"},{"floor":16,"key":"Explosive Potion"},{"floor":19,"key":"Regen Potion"},{"floor":21,"key":"DuplicationPotion"}],"is_trial":false,"path_per_floor":["M","?","$","?","?","E","R","E","T","$","E","T","?","M","R","B",null,"M","M","?","M","$","E"],"character_chosen":"MARISA","items_purchased":["Kunai","GalacticHalo"],"campfire_rested":0,"item_purchase_floors":[22,22],"current_hp_per_floor":[75,57,57,57,39,39,39,39,39,39,30,30,30,34,34,14,77,60,51,51,36,41,0,0],"gold":189,"neow_bonus":"THREE_ENEMY_KILL","is_daily":false,"chose_seed":false,"campfire_upgraded":2,"win_rate":0.0,"timestamp":1607608550,"path_taken":["M","?","$","?","?","E","R","E","T","$","E","?","?","M","R","BOSS","M","M","?","M","$","E"],"build_version":"2020-11-30","purchased_purges":2,"victory":false,"max_hp_per_floor":[75,75,75,75,75,75,75,75,75,75,75,75,75,77,77,77,77,77,77,77,77,77,77,77],"card_choices":[{"not_picked":["IllusionStar","DC"],"picked":"ChargingUp","floor":1},{"not_picked":["StarlightTyphoon","ShootingEcho"],"picked":"OrrerysSun","floor":6},{"not_picked":["PowerUp","SuperNova"],"picked":"TreasureHunter","floor":8},{"not_picked":["Robbery+1","GasGiant"],"picked":"NonDirectionalLaser+1","floor":11},{"not_picked":["Acceleration","MagicChant","ManaConvection"],"picked":"Singing Bowl","floor":14},{"not_picked":["TreasureHunter+1","MillisecondPulsars"],"picked":"UltimateShortwave","floor":16},{"not_picked":["Acceleration+1","MilkyWay+1"],"picked":"EnergyFlow","floor":18},{"not_picked":["WitchOfGreed","StarBarrage+1"],"picked":"OortCloud","floor":19},{"not_picked":["DC+1","GravityBeat+1"],"picked":"MysteriousBeam+1","floor":21}],"player_experience":130182,"relics_obtained":[{"floor":6,"key":"MawBank"},{"floor":8,"key":"Singing Bowl"},{"floor":9,"key":"ShroomBag"},{"floor":11,"key":"Gremlin Horn"},{"floor":11,"key":"Molten Egg 2"},{"floor":16,"key":"Pocketwatch"}],"event_choices":[{"damage_healed":0,"gold_gain":0,"player_choice":"Take Damage","damage_taken":18,"relics_obtained":["Golden Idol"],"max_hp_gain":0,"max_hp_loss":0,"event_name":"Golden Idol","floor":2,"gold_loss":0},{"damage_healed":0,"gold_gain":0,"player_choice":"Box","damage_taken":0,"relics_obtained":["Unceasing Top"],"max_hp_gain":0,"max_hp_loss":0,"event_name":"Big Fish","floor":4,"gold_loss":0,"cards_obtained":["Regret"]},{"damage_healed":0,"gold_gain":0,"player_choice":"Success","damage_taken":18,"relics_obtained":["Shuriken"],"max_hp_gain":0,"max_hp_loss":0,"event_name":"Scrap Ooze","floor":5,"gold_loss":0},{"damage_healed":0,"gold_gain":0,"player_choice":"Rummage","damage_taken":0,"relics_obtained":["WarpedTongs"],"max_hp_gain":0,"max_hp_loss":0,"event_name":"Accursed Blacksmith","floor":13,"gold_loss":0,"cards_obtained":["Pain"]},{"damage_healed":0,"gold_gain":0,"player_choice":"Gave Idol","damage_taken":0,"relics_obtained":["Bloody Idol"],"max_hp_gain":0,"max_hp_loss":0,"event_name":"Forgotten Altar","floor":20,"relics_lost":["Golden Idol"],"gold_loss":0}],"is_beta":false,"boss_relics":[{"not_picked":["Busted Crown","Velvet Choker"],"picked":"Black Star"}],"items_purged_floors":[3,22],"is_endless":false,"potions_floor_spawned":[6,11,14,16,19,21],"killed_by":"Slavers","ascension_level":0}}