{"host":"jm9833yuloeli2yd","time":1607564299,"event":{"gold_per_floor":[116,116,133,153,171,201,201,227,227,227,244,258,31,48,48,125,125,142,162,87,114,33,33,33,33],"floor_reached":24,"playtime":2705,"items_purged":["Strike_B"],"score":466,"play_id":"0141f04c-dde3-4831-b806-1ed2a3a9432c","local_time":"20201209203819","is_ascension_mode":true,"campfire_choices":[{"data":"Doom and Gloom","floor":7.0,"key":"SMITH"},{"data":"Zap","floor":10.0,"key":"SMITH"},{"floor":15.0,"key":"REST"},{"floor":23,"key":"REST"}],"neow_cost":"NONE","seed_source_timestamp":788024842109000,"circlet_count":0,"master_deck":["AscendersBane","Strike_B","Strike_B","Defend_B","Defend_B","Defend_B","Defend_B","Zap+1","Dualcast","Static Discharge","Trip","Sweeping Beam","Consume","Doom and Gloom+1","Turbo","Conserve Battery","Hologram","Electrodynamics+1","Streamline","Biased Cognition+1","Steam+1","BootSequence","Steam","Loop+1"],"special_seed":0,"relics":["Cracked Core","DataDisk","White Beast Statue","Oddly Smooth Stone","Frozen Egg 2","Nuclear Battery","Red Mask"],"potions_floor_usage":[21,24,24],"damage_taken":[{"damage":1.0,"enemies":"Cultist","floor":1.0,"turns":3.0},{"damage":3.0,"enemies":"2 Louse","floor":3.0,"turns":3.0},{"damage":0.0,"enemies":"Small Slimes","floor":4.0,"turns":3.0},{"damage":9.0,"enemies":"3 Louse","floor":5.0,"turns":4.0},{"damage":25.0,"enemies":"Lagavulin","floor":6.0,"turns":6.0},{"damage":0.0,"enemies":"Gremlin Nob","floor":8.0,"turns":2.0},{"damage":8.0,"enemies":"Blue Slaver","floor":11.0,"turns":3.0},{"damage":3.0,"enemies":"Looter","floor":12.0,"turns":2.0},{"damage":0.0,"enemies":"2 Fungi Beasts","floor":14.0,"turns":2.0},{"damage":34.0,"enemies":"The Guardian","floor":16.0,"turns":9.0},{"damage":27.0,"enemies":"Shell Parasite","floor":18.0,"turns":4.0},{"damage":24.0,"enemies":"3 Byrds","floor":19.0,"turns":3.0},{"damage":0,"enemies":"Masked Bandits","floor":21,"turns":2},{"damage":24,"enemies":"Snecko","floor":24,"turns":3}],"seed_played":"5919571860732037284","potions_obtained":[{"floor":1.0,"key":"Energy Potion"},{"floor":4.0,"key":"LiquidMemories"},{"floor":8.0,"key":"FearPotion"},{"floor":12.0,"key":"Dexterity Potion"},{"floor":16.0,"key":"Weak Potion"},{"floor":21,"key":"Swift Potion"}],"is_trial":false,"path_per_floor":["M","?","M","M","M","E","R","E","T","R","M","M","$","M","R","B",null,"M","M","?","?","$","R","M"],"character_chosen":"DEFECT","items_purchased":["Electrodynamics+1","Loop+1"],"campfire_rested":2,"item_purchase_floors":[13,22],"current_hp_per_floor":[63,63,60,60,51,26,26,26,26,26,18,15,15,15,36,2,54,27,3,3,3,3,24,0,0],"gold":33,"neow_bonus":"RANDOM_COMMON_RELIC","is_prod":false,"is_daily":false,"chose_seed":false,"campfire_upgraded":2,"win_rate":0,"timestamp":1607564299,"path_taken":["M","?","M","M","?","E","R","E","T","R","M","?","?","M","R","BOSS","M","M","?","?","?","R","M"],"build_version":"2020-11-30","purchased_purges":1,"victory":false,"max_hp_per_floor":[71,71,71,71,71,71,71,71,71,71,71,71,71,71,71,71,71,71,71,71,71,71,71,71,71],"card_choices":[{"not_picked":["Chaos","Leap"],"picked":"Static Discharge","floor":1.0},{"not_picked":["Enlightenment","Secret Weapon"],"picked":"Trip","floor":2.0},{"not_picked":["Go for the Eyes","Undo"],"picked":"Sweeping Beam","floor":3.0},{"not_picked":["Steam","Tempest","Barrage"],"picked":"SKIP","floor":4.0},{"not_picked":["Barrage","Beam Cell"],"picked":"Consume","floor":5.0},{"not_picked":["Streamline","Steam"],"picked":"Doom and Gloom","floor":6.0},{"not_picked":["Chaos","Creative AI"],"picked":"Turbo","floor":8.0},{"not_picked":["Stack","Beam Cell"],"picked":"Conserve Battery","floor":11.0},{"not_picked":["Coolheaded","BootSequence"],"picked":"Hologram","floor":12.0},{"not_picked":["BootSequence","Steam"],"picked":"Streamline","floor":14.0},{"not_picked":["Electrodynamics+1","Buffer+1"],"picked":"Biased Cognition+1","floor":16.0},{"not_picked":["Cold Snap","Leap+1"],"picked":"Steam+1","floor":18.0},{"not_picked":["White Noise","Rip and Tear"],"picked":"BootSequence","floor":19.0},{"not_picked":["Stack","Sweeping Beam"],"picked":"Steam","floor":21}],"player_experience":1006164,"relics_obtained":[{"floor":6.0,"key":"White Beast Statue"},{"floor":8.0,"key":"Oddly Smooth Stone"},{"floor":9.0,"key":"Frozen Egg 2"},{"floor":21,"key":"Red Mask"}],"event_choices":[{"damage_healed":0.0,"max_hp_gain":0.0,"max_hp_loss":0.0,"gold_gain":1.0,"event_name":"betterStone:BetterStone","player_choice":"1","floor":2.0,"gold_loss":0.0,"damage_taken":0.0},{"cards_removed":["Strike_B"],"damage_healed":0.0,"max_hp_gain":0.0,"max_hp_loss":0.0,"gold_gain":0.0,"event_name":"Beggar","player_choice":"Gave Gold","floor":20.0,"gold_loss":75.0,"damage_taken":0.0},{"damage_healed":0,"gold_gain":0,"player_choice":"Fought Bandits","damage_taken":0,"max_hp_gain":0,"max_hp_loss":0,"event_name":"Masked Bandits","floor":21,"gold_loss":0}],"is_beta":false,"boss_relics":[{"not_picked":["Fusion Hammer","Runic Dome"],"picked":"Nuclear Battery"}],"items_purged_floors":[13],"is_endless":false,"potions_floor_spawned":[1,4,8,11,12,14,16,18,19,21],"killed_by":"Snecko","ascension_level":20}}