{"host":"Chintan","time":1607571358,"event":{"gold_per_floor":[116,130,130,142,159,194,194,194,194,206,206,226,226,241,241,318,318,330,380,37,54,29,29,29],"floor_reached":23,"playtime":743,"items_purged":["Strike_B"],"score":367,"play_id":"bef78034-d97b-4e25-8a3c-c354dad45c98","local_time":"20201209213558","is_ascension_mode":true,"campfire_choices":[{"data":"Echo Form","floor":8,"key":"SMITH"},{"floor":11,"key":"REST"},{"data":"Defragment","floor":13,"key":"SMITH"},{"data":"Redo","floor":15,"key":"SMITH"}],"neow_cost":"NONE","seed_source_timestamp":2200234902848200,"circlet_count":0,"master_deck":["AscendersBane","Strike_B","Strike_B","Strike_B","Defend_B","Defend_B","Defend_B","Defend_B","Zap","Dualcast","Echo Form+1","Cold Snap","Conserve Battery","Sweeping Beam+1","Cold Snap+1","Defragment+1","Redo+1","Echo Form","Turbo","Conserve Battery","Cold Snap+1","Ball Lightning+1"],"relics":["Cracked Core","Molten Egg 2","DataDisk","Kunai","Runic Dome","Oddly Smooth Stone"],"potions_floor_usage":[6,6,16,23],"damage_taken":[{"damage":4,"enemies":"2 Louse","floor":1,"turns":3},{"damage":8,"enemies":"Small Slimes","floor":2,"turns":3},{"damage":5,"enemies":"Jaw Worm","floor":4,"turns":4},{"damage":6,"enemies":"Exordium Thugs","floor":5,"turns":4},{"damage":7,"enemies":"3 Sentries","floor":6,"turns":5},{"damage":2,"enemies":"Blue Slaver","floor":10,"turns":4},{"damage":0,"enemies":"Looter","floor":12,"turns":3},{"damage":0,"enemies":"Large Slime","floor":14,"turns":5},{"damage":28,"enemies":"Hexaghost","floor":16,"turns":10},{"damage":18,"enemies":"Shell Parasite","floor":18,"turns":6},{"damage":5,"enemies":"Spheric Guardian","floor":21,"turns":6},{"damage":47,"enemies":"Slavers","floor":23,"turns":3}],"seed_played":"7272626711656289360","potions_obtained":[{"floor":2,"key":"DuplicationPotion"},{"floor":4,"key":"AttackPotion"},{"floor":14,"key":"PowerPotion"},{"floor":16,"key":"LiquidBronze"},{"floor":18,"key":"BlessingOfTheForge"}],"is_trial":false,"path_per_floor":["M","M","?","M","M","E","?","R","T","M","R","M","R","M","R","B",null,"M","?","$","M","$","E"],"character_chosen":"DEFECT","items_purchased":["Oddly Smooth Stone","Turbo","Conserve Battery","Ball Lightning+1"],"campfire_rested":1,"item_purchase_floors":[20,20,20,22],"current_hp_per_floor":[60,52,47,42,36,29,29,29,29,27,48,48,48,48,48,20,58,40,40,40,35,35,0,0],"gold":29,"neow_bonus":"ONE_RANDOM_RARE_CARD","is_prod":false,"is_daily":false,"chose_seed":false,"campfire_upgraded":3,"win_rate":0,"timestamp":1607571358,"path_taken":["M","M","?","M","M","E","?","R","T","M","R","M","R","M","R","BOSS","M","?","?","M","$","E"],"build_version":"2020-12-07","purchased_purges":1,"victory":false,"max_hp_per_floor":[71,71,71,71,71,71,71,71,71,71,71,71,71,71,71,71,71,71,71,71,71,71,71,71],"card_choices":[{"not_picked":["Hologram","Stack"],"picked":"Cold Snap","floor":1},{"not_picked":["Auto Shields","Storm"],"picked":"Conserve Battery","floor":2},{"not_picked":["Fusion","Turbo"],"picked":"Sweeping Beam+1","floor":4},{"not_picked":["Chaos","Rip and Tear+1","Stack"],"picked":"SKIP","floor":5},{"not_picked":["Redo","Leap"],"picked":"Cold Snap+1","floor":6},{"not_picked":["Thunder Strike+1","Streamline+1","Go for the Eyes+1"],"picked":"SKIP","floor":10},{"not_picked":["Streamline+1","Turbo"],"picked":"Defragment","floor":12},{"not_picked":["Gash+1","BootSequence"],"picked":"Redo","floor":14},{"not_picked":["Core Surge+1","Electrodynamics"],"picked":"Echo Form","floor":16},{"not_picked":["Sweeping Beam+1","Reprogram","Go for the Eyes+1"],"picked":"SKIP","floor":18},{"not_picked":["Streamline+1","Heatsinks+1"],"picked":"Cold Snap+1","floor":21}],"player_experience":743686,"relics_obtained":[{"floor":6,"key":"DataDisk"},{"floor":9,"key":"Kunai"}],"event_choices":[{"damage_healed":0,"gold_gain":0,"player_choice":"Success","damage_taken":5,"relics_obtained":["Molten Egg 2"],"max_hp_gain":0,"max_hp_loss":0,"event_name":"Scrap Ooze","floor":3,"gold_loss":0},{"damage_healed":0,"gold_gain":0,"player_choice":"Searched \u00270\u0027 times","damage_taken":0,"max_hp_gain":0,"max_hp_loss":0,"event_name":"Dead Adventurer","floor":7,"gold_loss":0},{"damage_healed":0,"gold_gain":50,"player_choice":"Pray","damage_taken":0,"max_hp_gain":0,"max_hp_loss":0,"event_name":"Golden Shrine","floor":19,"gold_loss":0}],"is_beta":true,"boss_relics":[{"not_picked":["SacredBark","Inserter"],"picked":"Runic Dome"}],"items_purged_floors":[20],"is_endless":false,"potions_floor_spawned":[2,4,14,16,18],"killed_by":"Slavers","ascension_level":18}}