{"host":"Chintan","time":1607570604,"event":{"gold_per_floor":[118,118,137,137,32,32,65,65,110,25,36,36,61,4,4,78,78,96,111,111,111],"floor_reached":20,"playtime":618,"items_purged":[],"score":342,"play_id":"fb410d43-ea59-4fb6-b887-a07c57320550","local_time":"20201209212324","is_ascension_mode":true,"campfire_choices":[{"data":"Barrage","floor":6,"key":"SMITH"},{"floor":8,"key":"REST"},{"data":"Chill","floor":12,"key":"SMITH"},{"floor":15,"key":"REST"}],"neow_cost":"NONE","seed_source_timestamp":2199604556927400,"circlet_count":0,"master_deck":["AscendersBane","Strike_B","Defend_B+1","Defend_B+1","Defend_B","Defend_B","Zap","Dualcast","Coolheaded","Ball Lightning","Barrage+1","Chill+1","Doom and Gloom+1","Seek","Melter+1","Ball Lightning+1","Go for the Eyes+1","Redo"],"relics":["Philosopher\u0027s Stone","Mercury Hourglass","Orichalcum","Molten Egg 2","Astrolabe"],"potions_floor_usage":[7,13,16,20],"damage_taken":[{"damage":6,"enemies":"Jaw Worm","floor":1,"turns":4},{"damage":0,"enemies":"Cultist","floor":3,"turns":4},{"damage":33,"enemies":"Gremlin Nob","floor":7,"turns":4},{"damage":0,"enemies":"2 Louse","floor":11,"turns":2},{"damage":4,"enemies":"Lagavulin","floor":13,"turns":6},{"damage":35,"enemies":"Hexaghost","floor":16,"turns":8},{"damage":36,"enemies":"3 Byrds","floor":18,"turns":3},{"damage":17,"enemies":"Chosen","floor":19,"turns":4},{"damage":5,"enemies":"Shelled Parasite and Fungi","floor":20,"turns":2}],"seed_played":"-4997180510945589551","potions_obtained":[{"floor":1,"key":"Dexterity Potion"},{"floor":3,"key":"EssenceOfSteel"},{"floor":18,"key":"LiquidMemories"},{"floor":19,"key":"Block Potion"}],"is_trial":false,"path_per_floor":["M","?","M","?","$","R","E","R","T","$","M","R","E","$","R","B",null,"M","M","M"],"character_chosen":"DEFECT","items_purchased":["Ball Lightning","Barrage","Chill","FocusPotion"],"campfire_rested":2,"item_purchase_floors":[5,5,10,14],"current_hp_per_floor":[58,58,58,37,37,37,4,25,25,25,25,25,21,21,42,7,55,19,2,0,0],"gold":111,"neow_bonus":"BOSS_RELIC","is_prod":false,"is_daily":false,"chose_seed":false,"campfire_upgraded":2,"win_rate":0,"timestamp":1607570604,"path_taken":["M","?","M","?","?","R","E","R","T","$","?","R","E","?","R","BOSS","M","?","?"],"build_version":"2020-12-07","purchased_purges":0,"victory":false,"max_hp_per_floor":[71,71,71,71,71,71,71,71,71,71,71,71,71,71,71,71,71,71,71,71,71],"card_choices":[{"not_picked":["Heatsinks","Skim","Reprogram"],"picked":"SKIP","floor":1},{"not_picked":["Steam","Static Discharge"],"picked":"Coolheaded","floor":3},{"not_picked":["Gash","Skim","Scrape"],"picked":"SKIP","floor":7},{"not_picked":["FTL","Undo","Steam"],"picked":"SKIP","floor":11},{"not_picked":["Compile Driver+1","Steam"],"picked":"Doom and Gloom+1","floor":13},{"not_picked":["Thunder Strike+1","All For One+1"],"picked":"Seek","floor":16},{"not_picked":["Go for the Eyes+1","White Noise","Stack"],"picked":"SKIP","floor":18},{"not_picked":["Hologram","Gash+1"],"picked":"Redo","floor":19}],"player_experience":743068,"relics_obtained":[{"floor":7,"key":"Mercury Hourglass"},{"floor":9,"key":"Orichalcum"},{"floor":13,"key":"Molten Egg 2"}],"event_choices":[{"damage_healed":0,"gold_gain":0,"player_choice":"Ignored","damage_taken":0,"max_hp_gain":0,"max_hp_loss":0,"event_name":"Golden Wing","floor":2,"gold_loss":0},{"damage_healed":0,"gold_gain":0,"player_choice":"Entered Light","damage_taken":21,"max_hp_gain":0,"max_hp_loss":0,"event_name":"Shining Light","floor":4,"gold_loss":0,"cards_upgraded":["Defend_B","Defend_B"]}],"is_beta":true,"boss_relics":[{"not_picked":["Ectoplasm","Snecko Eye"],"picked":"Astrolabe"}],"items_purged_floors":[],"is_endless":false,"potions_floor_spawned":[1,3,18,19],"killed_by":"Shelled Parasite and Fungi","ascension_level":18}}