{"host":"2brg86hfzr3u5cix","time":1607575640,"event":{"gold_per_floor":[117,117,136,150,62,62,62],"floor_reached":6,"playtime":269,"items_purged":[],"score":72,"play_id":"3f80db59-9167-408f-bdb6-920a4e109c19","local_time":"20201210134720","is_ascension_mode":true,"campfire_choices":[],"neow_cost":"NONE","seed_source_timestamp":45033285296700,"circlet_count":0,"master_deck":["AscendersBane","hermit:Strike_Hermit","hermit:Strike_Hermit","hermit:Strike_Hermit","hermit:Strike_Hermit","hermit:Defend_Hermit","hermit:Defend_Hermit","hermit:Defend_Hermit","hermit:Snapshot","hermit:Covet","hermit:Virtue","Regret","hermit:GoldenBullet","hermit:Combo","hermit:Determination"],"relics":["hermit:Momento","Juzu Bracelet"],"potions_floor_usage":[],"damage_taken":[{"damage":4,"enemies":"Jaw Worm","floor":1,"turns":4},{"damage":7,"enemies":"Small Slimes","floor":3,"turns":3},{"damage":1,"enemies":"2 Louse","floor":4,"turns":3},{"damage":60,"enemies":"3 Sentries","floor":6,"turns":8}],"seed_played":"9126920799163772731","potions_obtained":[{"floor":3,"key":"Weak Potion"}],"is_trial":false,"path_per_floor":["M","?","M","M","$","E"],"character_chosen":"HERMIT","items_purchased":["hermit:Determination"],"campfire_rested":0,"item_purchase_floors":[5],"current_hp_per_floor":[60,60,53,52,52,0,0],"gold":62,"neow_bonus":"TRANSFORM_CARD","is_prod":false,"is_daily":false,"chose_seed":false,"campfire_upgraded":0,"win_rate":0,"timestamp":1607575640,"path_taken":["M","?","M","M","$","E"],"build_version":"2020-11-30","purchased_purges":0,"victory":false,"max_hp_per_floor":[71,71,71,71,71,71,71],"relic_stats":{"counters":[4,18],"Juzu Bracelet":0,"obtain_stats":[{"Juzu Bracelet":2,"hermit:Momento":0},{"Juzu Bracelet":1,"hermit:Momento":0},{"Juzu Bracelet":4,"hermit:Momento":0}]},"card_choices":[{"not_picked":["hermit:Snipe","hermit:ItchyTrigger","hermit:CalledShot"],"picked":"SKIP","floor":1},{"not_picked":["hermit:Vantage","hermit:Headshot"],"picked":"hermit:GoldenBullet","floor":3},{"not_picked":["hermit:CalledShot","hermit:Roulette"],"picked":"hermit:Combo","floor":4}],"player_experience":332747,"relics_obtained":[],"event_choices":[{"damage_healed":0,"gold_gain":0,"player_choice":"Box","damage_taken":0,"relics_obtained":["Juzu Bracelet"],"max_hp_gain":0,"max_hp_loss":0,"event_name":"Big Fish","floor":2,"gold_loss":0,"cards_obtained":["Regret"]}],"is_beta":false,"boss_relics":[],"items_purged_floors":[],"is_endless":false,"potions_floor_spawned":[3],"killed_by":"3 Sentries","ascension_level":20}}