{"host":"8lmh833d5smh9tgq","time":1607598413,"event":{"gold_per_floor":[118,118,44,58,58,389,403,429,429,123,134,34,34,51,51,152,152,165,83,83,94,634,654,654,244,244,244,244,244,72,98,98,193,193,206,223,2,2,13,13,46,46,92,92,119,131,166,166,166,166],"floor_reached":51,"playtime":5207,"items_purged":["Strike_G","Defend_G","Strike_G","Defend_G","Strike_G"],"score":1025,"play_id":"65850f58-9e11-4f2f-ac81-8dc9c9550fa0","local_time":"20201210213653","is_ascension_mode":true,"campfire_choices":[{"data":"Footwork","floor":13.0,"key":"SMITH"},{"data":"Tactician","floor":15.0,"key":"SMITH"},{"data":"Backflip","floor":24.0,"key":"SMITH"},{"data":"Caltrops","floor":27.0,"key":"SMITH"},{"data":"Caltrops","floor":29.0,"key":"SMITH"},{"data":"Neutralize","floor":32.0,"key":"SMITH"},{"data":"Corpse Explosion","floor":40.0,"key":"SMITH"},{"data":"Caltrops","floor":42.0,"key":"SMITH"},{"data":"Prepared","floor":44.0,"key":"SMITH"},{"data":"Secret Technique","floor":49.0,"key":"SMITH"}],"neow_cost":"NONE","seed_source_timestamp":0,"circlet_count":0,"master_deck":["Defend_G","Defend_G","Defend_G","Survivor","Neutralize+1","Well Laid Plans","Footwork+1","Escape Plan+1","Quick Slash","Flying Knee","Backflip+1","Tactician+1","Prepared+1","Caltrops+1","Caltrops+1","PiercingWail","Backflip+1","PiercingWail+1","Corpse Explosion+1","Flying Knee+1","Expertise+1","Acrobatics","Purity","Dark Shackles","Secret Technique+1","Caltrops+1","Concentrate","Backstab"],"special_seed":0,"relics":["Ring of the Snake","NeowsBlessing","Old Coin","Bird Faced Urn","Ice Cream","Oddly Smooth Stone","Coffee Dripper","Unceasing Top","Juzu Bracelet","Nunchaku","WristBlade","War Paint","Bronze Scales"],"potions_floor_usage":[50,50],"damage_taken":[{"damage":0.0,"enemies":"Small Slimes","floor":1.0,"turns":1.0},{"damage":0.0,"enemies":"Cultist","floor":4.0,"turns":1.0},{"damage":0.0,"enemies":"Lagavulin","floor":6.0,"turns":1.0},{"damage":1.0,"enemies":"Jaw Worm","floor":7.0,"turns":7.0},{"damage":16.0,"enemies":"Gremlin Nob","floor":8.0,"turns":5.0},{"damage":2.0,"enemies":"Gremlin Gang","floor":11.0,"turns":11.0},{"damage":1.0,"enemies":"Exordium Wildlife","floor":14.0,"turns":7.0},{"damage":4.0,"enemies":"Slime Boss","floor":16.0,"turns":14.0},{"damage":0.0,"enemies":"Spheric Guardian","floor":18.0,"turns":6.0},{"damage":0.0,"enemies":"Chosen","floor":21.0,"turns":6.0},{"damage":8.0,"enemies":"Snecko","floor":23.0,"turns":9.0},{"damage":0.0,"enemies":"Book of Stabbing","floor":31.0,"turns":5.0},{"damage":1.0,"enemies":"Champ","floor":33.0,"turns":20.0},{"damage":0.0,"enemies":"3 Darklings","floor":35.0,"turns":4.0},{"damage":4.0,"enemies":"Orb Walker","floor":36.0,"turns":4.0},{"damage":13.0,"enemies":"Jaw Worm Horde","floor":39.0,"turns":3.0},{"damage":0.0,"enemies":"Reptomancer","floor":41.0,"turns":7.0},{"damage":0.0,"enemies":"Giant Head","floor":45.0,"turns":8.0},{"damage":9.0,"enemies":"Sphere and 2 Shapes","floor":46.0,"turns":4.0},{"damage":0.0,"enemies":"Reptomancer","floor":47.0,"turns":5.0},{"damage":0,"enemies":"Awakened One","floor":50,"turns":5}],"seed_played":"2026574364975132494","potions_obtained":[{"floor":7.0,"key":"SkillPotion"},{"floor":16.0,"key":"LiquidBronze"},{"floor":18.0,"key":"Fire Potion"},{"floor":23.0,"key":"SkillPotion"},{"floor":36.0,"key":"DistilledChaos"},{"floor":47.0,"key":"LiquidBronze"}],"is_trial":false,"path_per_floor":["M","?","$","M","$","E","M","E","T","$","M","$","R","M","R","B",null,"M","$","?","M","?","M","R","$","T","R","?","R","$","E","R","B",null,"M","M","$","?","M","R","E","R","T","R","E","M","E","?","R","B",null],"character_chosen":"THE_SILENT","items_purchased":["Footwork","Oddly Smooth Stone","Tactician","Caltrops","Unceasing Top","PiercingWail","Acrobatics"],"campfire_rested":0,"item_purchase_floors":[3,10,10,19,25,30,37],"current_hp_per_floor":[70,70,70,70,70,70,69,53,53,53,55,55,55,58,58,58,70,70,70,70,70,13,13,13,13,13,13,13,13,13,21,21,28,70,70,66,66,56,43,43,51,51,51,51,61,58,68,66,66,66],"gold":166,"neow_bonus":"THREE_ENEMY_KILL","is_prod":false,"is_daily":false,"chose_seed":false,"campfire_upgraded":10,"win_rate":0,"timestamp":1607598413,"path_taken":["M","?","$","?","$","E","M","E","T","$","M","?","R","M","R","BOSS","M","$","?","M","?","?","R","$","T","R","?","R","$","E","R","BOSS","M","M","$","?","M","R","E","R","T","R","E","M","E","?","R","BOSS"],"build_version":"2020-11-30","purchased_purges":5,"victory":true,"max_hp_per_floor":[70,70,70,70,70,70,70,70,70,70,70,70,70,70,70,70,70,70,70,70,70,70,70,70,70,70,70,70,70,70,70,70,70,70,70,70,70,70,70,70,70,70,70,70,70,70,70,66,66,66],"card_choices":[{"not_picked":["Blade Dance","Bouncing Flask"],"picked":"Well Laid Plans","floor":1.0},{"not_picked":["Acrobatics","Leg Sweep"],"picked":"Escape Plan","floor":4.0},{"not_picked":["Deflect","Dodge and Roll"],"picked":"Quick Slash","floor":6.0},{"not_picked":["Prepared","Phantasmal Killer"],"picked":"Flying Knee","floor":7.0},{"not_picked":["Underhanded Strike","Cloak And Dagger"],"picked":"Backflip","floor":8.0},{"not_picked":["Cloak And Dagger","Setup"],"picked":"Prepared","floor":11.0},{"not_picked":["Quick Slash","Heel Hook","Sucker Punch"],"picked":"SKIP","floor":14.0},{"not_picked":["Bane","Deflect"],"picked":"Caltrops","floor":18.0},{"not_picked":["Noxious Fumes","Outmaneuver"],"picked":"PiercingWail","floor":21.0},{"not_picked":["Dagger Spray","Flying Knee+1"],"picked":"Backflip+1","floor":23.0},{"not_picked":["Dodge and Roll+1","Night Terror","Slice"],"picked":"SKIP","floor":31.0},{"not_picked":["Grand Finale","Wraith Form v2"],"picked":"Corpse Explosion","floor":33.0},{"not_picked":["Deadly Poison+1","Slice"],"picked":"Flying Knee+1","floor":35.0},{"not_picked":["Skewer","Dodge and Roll+1"],"picked":"Expertise+1","floor":36.0},{"not_picked":["Bandage Up","PanicButton"],"picked":"Purity","floor":38.0},{"not_picked":["Panacea","Finesse"],"picked":"Dark Shackles","floor":38.0},{"not_picked":["Madness","Jack Of All Trades"],"picked":"Secret Technique","floor":38.0},{"not_picked":["Poisoned Stab+1","Sucker Punch","Leg Sweep+1"],"picked":"SKIP","floor":39.0},{"not_picked":["Underhanded Strike+1","Deflect"],"picked":"Caltrops","floor":41.0},{"not_picked":["Endless Agony","Crippling Poison"],"picked":"Concentrate","floor":45.0},{"not_picked":["Catalyst","Poisoned Stab+1"],"picked":"Backstab","floor":46.0},{"not_picked":["Deflect","Dagger Spray","Sucker Punch"],"picked":"SKIP","floor":47.0}],"player_experience":109799,"relics_obtained":[{"floor":6.0,"key":"Old Coin"},{"floor":8.0,"key":"Bird Faced Urn"},{"floor":9.0,"key":"Ice Cream"},{"floor":26.0,"key":"Juzu Bracelet"},{"floor":31.0,"key":"Nunchaku"},{"floor":41.0,"key":"War Paint"},{"floor":47.0,"key":"Bronze Scales"}],"event_choices":[{"cards_removed":["Strike_G"],"damage_healed":0.0,"max_hp_gain":0.0,"max_hp_loss":0.0,"gold_gain":0.0,"event_name":"Purifier","player_choice":"Purged","floor":2.0,"gold_loss":0.0,"damage_taken":0.0},{"damage_healed":0.0,"max_hp_gain":0.0,"max_hp_loss":0.0,"gold_gain":540.0,"event_name":"Knowing Skull","player_choice":"GOLD GOLD GOLD GOLD GOLD GOLD ","floor":22.0,"potions_obtained":[],"gold_loss":0.0,"damage_taken":57.0,"cards_obtained":[]},{"cards_removed":["Strike_G"],"damage_healed":0.0,"max_hp_gain":0.0,"max_hp_loss":0.0,"gold_gain":0.0,"event_name":"Back to Basics","player_choice":"Elegance","floor":28.0,"gold_loss":0.0,"damage_taken":0.0},{"damage_healed":0.0,"max_hp_gain":0.0,"max_hp_loss":0.0,"gold_gain":0.0,"event_name":"SensoryStone","player_choice":"Memory 3","floor":38.0,"gold_loss":0.0,"damage_taken":10.0},{"damage_healed":0.0,"max_hp_gain":0.0,"max_hp_loss":4.0,"gold_gain":0.0,"event_name":"Winding Halls","player_choice":"Max HP","floor":48.0,"gold_loss":0.0,"damage_taken":0.0}],"is_beta":false,"boss_relics":[{"not_picked":["Philosopher\u0027s Stone","Ring of the Serpent"],"picked":"Coffee Dripper"},{"not_picked":["Velvet Choker","Snecko Eye"],"picked":"WristBlade"}],"items_purged_floors":[10,12,25,30,37],"is_endless":false,"potions_floor_spawned":[7,16,18,23,36,39,47],"ascension_level":2}}