{"host":"wonp23fsqqcu31ie","time":1607602742,"event":{"gold_per_floor":[110,152,102,102,124,169,183,196,221,221,234,334,334,349,349,463,463,487,487,36,47,60,93,93,131,131,131,167,185,185,185,185,298,298,317,317,417,439,486,486,511,551,551,551,580,594,131,131,131,131,131,183,35,82,103,103],"floor_reached":55,"playtime":2032,"items_purged":[],"score":1187,"play_id":"ee6a71e2-c537-4940-851e-0d0596dd4f35","local_time":"20201210231902","is_ascension_mode":true,"campfire_choices":[{"floor":10.0,"key":"REST"},{"floor":24.0,"key":"RECALL"},{"floor":32,"key":"REST"},{"floor":40,"key":"DIG"},{"data":"TheCursedMod:NeowsMight","floor":49,"key":"SMITH"}],"neow_cost":"","seed_source_timestamp":46046211148300,"circlet_count":0,"master_deck":["TheCursedMod:Strike_TheCursed","TheCursedMod:Strike_TheCursed","TheCursedMod:Strike_TheCursed","TheCursedMod:Strike_TheCursed","TheCursedMod:Defend_TheCursed","TheCursedMod:Defend_TheCursed","TheCursedMod:Defend_TheCursed","TheCursedMod:Defend_TheCursed","TheCursedMod:CursedWand","TheCursedMod:CleanUpWorkshop","TheCursedMod:Dregs","TheCursedMod:CursedShiv+1","TheCursedMod:VitalStrike+1","TheCursedMod:ReleasedStrength","TheCursedMod:Wield","conspire:SpireCoStock","TheCursedMod:EmpowerCircles","TheCursedMod:CircleOfCorruption","TheCursedMod:CursedShiv","TheCursedMod:SurpriseAttack","TheCursedMod:CircleOfCorruption+1","TheCursedMod:Stigma","Injury","TheCursedMod:NeowsMight+1","TheCursedMod:RavingStaff","TheCursedMod:CursedBlade","TheCursedMod:SpitefulStrike","TheCursedMod:Hemoplague+1","TheCursedMod:FleshFromBone","TheCursedMod:SoulReap+1","TheCursedMod:FleshFromBone","TheCursedMod:SaltUponWound+1","TheCursedMod:WearCloak+1","TheCursedMod:SaltUponWound+1","TheCursedMod:CircleOfFlame+1","TheCursedMod:Grudge"],"special_seed":0,"relics":["TheCursedMod:BlackMagic101","Replay:Multitool","conspire:InfiniteJournal","HornCleat","Bottled Lightning","MealTicket","Busted Crown","Ring of Misfortune","Ring of Searing","MerchantsRug","Replay:Baseball","aspiration:FrozenJewel","Durian","hubris:Spice","TheCursedMod:OminousMark","TheCursedMod:MagicCandle","Omamori","Runesmith:Nanobots","aspiration:FetidBarrel","Boot","hubris:GlazedTorus"],"potions_floor_usage":[13033,33,45,45,50,50,55],"damage_taken":[{"damage":0.0,"enemies":"2 Louse","floor":1.0,"turns":2.0},{"damage":18.0,"enemies":"conspire:MimicChest","floor":2.0,"turns":5.0},{"damage":1.0,"enemies":"conspire:RoseBush","floor":5.0,"turns":2.0},{"damage":15.0,"enemies":"Gremlin Nob","floor":6.0,"turns":4.0},{"damage":11.0,"enemies":"Jaw Worm","floor":7.0,"turns":2.0},{"damage":5.0,"enemies":"Looter","floor":8.0,"turns":3.0},{"damage":13.0,"enemies":"Red Slaver","floor":11.0,"turns":4.0},{"damage":2.0,"enemies":"Blue Slaver","floor":14.0,"turns":3.0},{"damage":59.0,"enemies":"Fading Forest","floor":16.0,"turns":11.0},{"damage":18.0,"enemies":"conspire:FuzzyDice","floor":18.0,"turns":5.0},{"damage":22.0,"enemies":"2 Thieves","floor":21.0,"turns":2.0},{"damage":9.0,"enemies":"Shelled Parasite and Fungi","floor":22.0,"turns":2.0},{"damage":0.0,"enemies":"conspire:Head Lice","floor":23.0,"turns":5.0},{"damage":19.0,"enemies":"Slavers","floor":25.0,"turns":4.0},{"damage":1,"enemies":"conspire:Head Lice","floor":28,"turns":3},{"damage":0,"enemies":"Centurion and Healer","floor":29,"turns":3},{"damage":18,"enemies":"Automaton","floor":33,"turns":6},{"damage":17,"enemies":"3 Shapes","floor":35,"turns":3},{"damage":0,"enemies":"3 Darklings","floor":38,"turns":5},{"damage":5,"enemies":"2 Orb Walkers","floor":39,"turns":4},{"damage":0,"enemies":"Transient","floor":41,"turns":5},{"damage":0,"enemies":"Giant Head","floor":42,"turns":5},{"damage":7,"enemies":"Reptomancer","floor":45,"turns":4},{"damage":9,"enemies":"Sphere and 2 Shapes","floor":46,"turns":3},{"damage":6,"enemies":"hubris:GrandSnecko","floor":50,"turns":6},{"damage":26,"enemies":"Shield and Spear","floor":54,"turns":4},{"damage":90,"enemies":"The Heart","floor":55,"turns":5}],"seed_played":"-4544720895254351201","potions_obtained":[{"floor":5.0,"key":"DuplicationPotion"},{"floor":6.0,"key":"Elixir"},{"floor":7.0,"key":"Regen Potion"},{"floor":18.0,"key":"Elixir"},{"floor":21.0,"key":"ColorlessPotion"},{"floor":35,"key":"Flashbang"},{"floor":41,"key":"PowerPotion"},{"floor":45,"key":"LiquidMemories"},{"floor":54,"key":"SpeedPotion"}],"is_trial":false,"path_per_floor":["M","?","?","?","M","E","M","M","T","R","M","?","R","M","R","B",null,"M","?","$","M","M","E","R","E","T","T","E","M","?","?","R","B",null,"M","?","?","M","?","R","M","E","T","R","E","M","$","?","R","B",null,"R","$","E","B"],"character_chosen":"THE_CURSED","items_purchased":["TheCursedMod:CursedShiv","TheCursedMod:VitalStrike+1","MerchantsRug","Lee\u0027s Waffle","Replay:Baseball","hubris:Spice","aspiration:FetidBarrel","Boot"],"campfire_rested":2,"item_purchase_floors":[0,0,20,20,20,47,47,53],"current_hp_per_floor":[46,28,28,53,52,37,26,21,21,43,30,30,52,50,50,16,75,57,57,82,60,51,51,51,32,37,45,44,44,54,31,59,70,95,78,78,40,50,45,53,63,74,74,95,95,86,87,87,87,83,87,87,87,61,0,0],"gold":103,"neow_bonus":"","is_prod":false,"is_daily":false,"chose_seed":false,"campfire_upgraded":1,"win_rate":0,"timestamp":1607602742,"path_taken":["M","?","?","?","M","E","?","M","T","R","M","?","R","?","R","BOSS","M","?","$","M","M","E","R","E","T","?","E","M","?","?","R","BOSS","M","?","?","M","?","R","M","E","T","R","E","M","$","?","R","BOSS","R","$","E","BOSS"],"build_version":"2020-11-30","purchased_purges":0,"victory":false,"max_hp_per_floor":[75,75,75,75,75,75,75,75,75,75,75,75,75,75,75,75,75,75,75,82,82,82,82,82,82,87,95,95,95,95,95,95,95,95,95,95,95,95,95,103,95,95,95,95,95,95,87,87,87,87,87,87,87,87,87,87],"relic_stats":{"Busted Crown":78,"counters":[53,228],"MealTicket":24,"Boot":[0],"obtain_stats":[{"Ice Cream":12,"Calipers":0,"Singing Bowl":26,"Replay:Multitool":0,"Boot":53,"Old Coin":40,"conspire:InfiniteJournal":0,"Ring of Searing":19,"Dream Catcher":28,"HornCleat":11,"Philosopher\u0027s Stone":34,"MealTicket":9,"Red Mask":30,"hubris:GlazedTorus":54,"TheCursedMod:BlackMagic101":0,"MerchantsRug":20,"Lee\u0027s Waffle":20,"Runesmith:Nanobots":45,"construct:RocketBooster":45,"aspiration:FetidBarrel":47,"Omamori":42,"Letter Opener":14,"TheCursedMod:MagicCandle":39,"aspiration:HiddenCompartment":23,"aspiration:FrozenJewel":25,"Mercury Hourglass":2,"OrangePellets":13,"sneckomod:BabySnecko":21,"Replay:Baseball":20,"Busted Crown":17,"TheCursedMod:OminousMark":34,"Ornamental Fan":43,"Shuriken":44,"hubris:Spice":27,"Ring of Misfortune":19,"Molten Egg 2":9,"Bag of Marbles":48,"Durian":26,"Bottled Lightning":6,"StrikeDummy":20,"Meat on the Bone":28,"TheCursedMod:SoulVessel":44},{"Ice Cream":6,"Calipers":0,"Singing Bowl":11,"Replay:Multitool":26,"Boot":51,"Old Coin":21,"conspire:InfiniteJournal":26,"Ring of Searing":36,"Dream Catcher":41,"HornCleat":5,"Philosopher\u0027s Stone":17,"MealTicket":32,"Red Mask":15,"hubris:GlazedTorus":52,"TheCursedMod:BlackMagic101":0,"MerchantsRug":36,"Lee\u0027s Waffle":36,"Runesmith:Nanobots":49,"construct:RocketBooster":23,"aspiration:FetidBarrel":50,"Omamori":48,"Letter Opener":7,"TheCursedMod:MagicCandle":46,"aspiration:HiddenCompartment":39,"aspiration:FrozenJewel":40,"Mercury Hourglass":1,"OrangePellets":6,"sneckomod:BabySnecko":10,"Replay:Baseball":36,"Busted Crown":8,"TheCursedMod:OminousMark":43,"Ornamental Fan":22,"Shuriken":22,"hubris:Spice":40,"Ring of Misfortune":36,"Molten Egg 2":4,"Bag of Marbles":25,"Durian":40,"Bottled Lightning":30,"StrikeDummy":10,"Meat on the Bone":13,"TheCursedMod:SoulVessel":22},{"Ice Cream":22,"Calipers":0,"Singing Bowl":47,"Replay:Multitool":118,"Boot":219,"Old Coin":89,"conspire:InfiniteJournal":118,"Ring of Searing":159,"Dream Catcher":175,"HornCleat":17,"Philosopher\u0027s Stone":70,"MealTicket":136,"Red Mask":61,"hubris:GlazedTorus":223,"TheCursedMod:BlackMagic101":0,"MerchantsRug":159,"Lee\u0027s Waffle":159,"Runesmith:Nanobots":210,"construct:RocketBooster":97,"aspiration:FetidBarrel":213,"Omamori":206,"Letter Opener":27,"TheCursedMod:MagicCandle":196,"aspiration:HiddenCompartment":168,"aspiration:FrozenJewel":172,"Mercury Hourglass":3,"OrangePellets":22,"sneckomod:BabySnecko":45,"Replay:Baseball":159,"Busted Crown":37,"TheCursedMod:OminousMark":184,"Ornamental Fan":92,"Shuriken":92,"hubris:Spice":172,"Ring of Misfortune":159,"Molten Egg 2":14,"Bag of Marbles":107,"Durian":172,"Bottled Lightning":131,"StrikeDummy":45,"Meat on the Bone":55,"TheCursedMod:SoulVessel":92}]},"card_choices":[{"not_picked":["TheCursedMod:AshesToAshes","TheCursedMod:SpitefulPlan"],"picked":"TheCursedMod:ReleasedStrength","floor":1.0},{"not_picked":["TheCursedMod:Mangle","TheCursedMod:Stretching"],"picked":"TheCursedMod:Wield","floor":2.0},{"not_picked":["TheCursedMod:WearCloak","TheCursedMod:AshesToAshes"],"picked":"TheCursedMod:EmpowerCircles","floor":5.0},{"not_picked":["TheCursedMod:Hemoplague","TheCursedMod:Mangle"],"picked":"TheCursedMod:CircleOfCorruption","floor":6.0},{"not_picked":["TheCursedMod:CircleOfAmplification","TheCursedMod:SpitefulPlan"],"picked":"TheCursedMod:CursedShiv","floor":7.0},{"not_picked":["TheCursedMod:VitalStrike","TheCursedMod:CursedAmulet"],"picked":"TheCursedMod:SurpriseAttack","floor":8.0},{"not_picked":["TheCursedMod:Obscuration","TheCursedMod:SaltUponWound"],"picked":"TheCursedMod:CircleOfCorruption","floor":11.0},{"not_picked":["TheCursedMod:ManaCirculation","TheCursedMod:CursedShiv"],"picked":"TheCursedMod:Stigma","floor":14.0},{"not_picked":["TheCursedMod:AntiAging","TheCursedMod:CollectTribute"],"picked":"TheCursedMod:NeowsMight","floor":16.0},{"not_picked":[],"picked":"TheCursedMod:RavingStaff","floor":18.0},{"not_picked":[],"picked":"TheCursedMod:CursedBlade","floor":21.0},{"not_picked":["TheCursedMod:HellsGateOpen"],"picked":"SKIP","floor":22.0},{"not_picked":[],"picked":"TheCursedMod:SpitefulStrike","floor":23.0},{"not_picked":["TheCursedMod:ReleasedStrength"],"picked":"SKIP","floor":25.0},{"not_picked":[],"picked":"TheCursedMod:Hemoplague+1","floor":28},{"not_picked":["TheCursedMod:Obscuration"],"picked":"SKIP","floor":29},{"not_picked":[],"picked":"TheCursedMod:FleshFromBone","floor":32},{"not_picked":[],"picked":"TheCursedMod:SoulReap+1","floor":35},{"not_picked":[],"picked":"TheCursedMod:FleshFromBone","floor":37},{"not_picked":[],"picked":"TheCursedMod:SaltUponWound+1","floor":38},{"not_picked":[],"picked":"TheCursedMod:WearCloak+1","floor":39},{"not_picked":[],"picked":"hubris:SpiceAddiction","floor":41},{"not_picked":[],"picked":"TheCursedMod:SaltUponWound+1","floor":42},{"not_picked":[],"picked":"TheCursedMod:CircleOfFlame+1","floor":44},{"not_picked":[],"picked":"TheCursedMod:Grudge","floor":45},{"not_picked":["TheCursedMod:PrepareRite+1"],"picked":"SKIP","floor":46},{"not_picked":["TheCursedMod:RapidMovement+1"],"picked":"SKIP","floor":54}],"player_experience":590920,"relics_obtained":[{"floor":2.0,"key":"HornCleat"},{"floor":6.0,"key":"Bottled Lightning"},{"floor":9.0,"key":"MealTicket"},{"floor":19.0,"key":"Ring of Misfortune"},{"floor":19.0,"key":"Ring of Searing"},{"floor":23.0,"key":"aspiration:HiddenCompartment"},{"floor":25.0,"key":"aspiration:FrozenJewel"},{"floor":26.0,"key":"Durian"},{"floor":27.0,"key":"hubris:Spice"},{"floor":28,"key":"Dream Catcher"},{"floor":39,"key":"TheCursedMod:MagicCandle"},{"floor":40,"key":"hubris:Spice"},{"floor":42,"key":"Omamori"},{"floor":45,"key":"Runesmith:Nanobots"},{"floor":54,"key":"hubris:GlazedTorus"}],"event_choices":[{"damage_healed":0.0,"max_hp_gain":0.0,"max_hp_loss":0.0,"gold_gain":0.0,"event_name":"conspire:Investor","player_choice":"Invest 1","floor":3.0,"gold_loss":0.0,"damage_taken":0.0},{"damage_healed":25.0,"max_hp_gain":0.0,"max_hp_loss":0.0,"gold_gain":0.0,"event_name":"Big Fish","player_choice":"Banana","floor":4.0,"gold_loss":0.0,"damage_taken":0.0},{"damage_healed":0.0,"max_hp_gain":0.0,"max_hp_loss":0.0,"gold_gain":100.0,"event_name":"Wheel of Change","player_choice":"Gold","floor":12.0,"gold_loss":0.0,"damage_taken":0.0},{"damage_healed":0,"gold_gain":0,"player_choice":" Potion ","damage_taken":23,"relics_obtained":[],"max_hp_gain":54,"max_hp_loss":31,"event_name":"betterAltar:BetterAltar","floor":31,"potions_obtained":["betterAltar:AltarPotion"],"relics_lost":[],"gold_loss":0},{"damage_healed":0,"gold_gain":0,"player_choice":"Ignored","damage_taken":0,"max_hp_gain":0,"max_hp_loss":0,"event_name":"Tomb of Lord Red Mask","floor":36,"gold_loss":0},{"damage_healed":0,"gold_gain":0,"player_choice":"Fight","damage_taken":0,"max_hp_gain":0,"max_hp_loss":0,"event_name":"Mysterious Sphere","floor":39,"gold_loss":0}],"is_beta":false,"boss_relics":[{"not_picked":["conspire:RunicOctahedron","Painkiller Herb"],"picked":"Busted Crown"},{"not_picked":["Pandora\u0027s Box","hubris:CrackedHourglass"],"picked":"TheCursedMod:OminousMark"}],"items_purged_floors":[],"is_endless":false,"potions_floor_spawned":[5,6,7,11,18,21,22,35,41,45,54],"killed_by":"The Heart","ascension_level":1}}