{"host":"v1zz5dqrlq7zjvm7","time":1607615058,"event":{"mods":["BaseMod","StSLib","Colored Map","Colored Powertips","Friendly Minions","UnlockEverythingMod","Act Like it!","HololiveMod","Minty Spire (QoL Compilation)","Prisma Mod","The Servant 0.9.4","Waifu the Spire","Gensokyo"],"gold_per_floor":[77,77,93,23,23,23,37,72,72,72,72,106,106,121,121,200,200,219,236,251,251,263,292,307,307,307,307,0,20,51,51,51,51,51],"floor_reached":33,"playtime":1488,"items_purged":[],"score":753,"play_id":"d7f9c614-92e3-48b8-8e40-641609c4b3b5","local_time":"20201211021418","is_ascension_mode":true,"campfire_choices":[{"data":"Hololive_CallDoris","floor":6,"key":"SMITH"},{"data":"Hololive_CallShiroganeNoel","floor":11,"key":"SMITH"},{"data":"Hololive_CallHimemoriLuna","floor":15,"key":"SMITH"},{"data":"Hololive_CallOzoraSubaru","floor":25,"key":"SMITH"},{"data":"Hololive_CallNekomataOkayu","floor":32,"key":"SMITH"}],"circlet_count":0,"master_deck":["AscendersBane","Hololive_Strike","Hololive_Strike","Hololive_Defend+1","Hololive_Defend+1","Hololive_CocoNews+1","Hololive_CallRosalyn","Hololive_CallHimemoriLuna+1","Hololive_CallOkamiMio+1","Hololive_CallYozoraMel","Hololive_CallDoris+1","Hololive_CallAkaiHaato+1","Hololive_CallTsunomakiWatame","Hololive_CallOzoraSubaru","Injury","Hololive_CallShiroganeNoel+1","Hololive_CallOzoraSubaru+1","Hololive_CallAkiRosenthal","Hololive_Thief","Hololive_CallHoshimachiSuisei","Hololive_CallTokoyamiTowa","Hololive_CallNekomataOkayu+1","Hololive_CallNatsuiroMatsuri+1","Hololive_AWSL","Hololive_CallInugamiKorone","Hololive_CallRoboco+1","Hololive_Thief","Hololive_DurableLive"],"relics":["Hololive_TheStar","Gensokyo:CelestialsFlawlessClothing","Kunai","Dream Catcher","Juzu Bracelet","Happy Flower","Gensokyo:Justice","Hololive_ChaosS","Gensokyo:ConquerorOfFear","Potion Belt","Bronze Scales","Vajra","Shuriken"],"acts_visited":["Gensokyo:Gensokyo","Gensokyo:Gensokyoer"],"potions_floor_usage":[16,16,24,24,33],"damage_taken":[{"damage":0,"enemies":"Gensokyo:Gryphon","floor":1,"turns":3},{"damage":0,"enemies":"Gensokyo:2_Kodama","floor":3,"turns":3},{"damage":0,"enemies":"Gensokyo:3_Fairies","floor":7,"turns":4},{"damage":0,"enemies":"Gensokyo:Aya","floor":8,"turns":6},{"damage":0,"enemies":"Gensokyo:Cirno","floor":12,"turns":5},{"damage":2,"enemies":"Gensokyo:3_Kodama","floor":14,"turns":4},{"damage":0,"enemies":"Gensokyo:Kokoro","floor":16,"turns":5},{"damage":0,"enemies":"Gensokyo:AngelMirror","floor":18,"turns":2},{"damage":0,"enemies":"Gensokyo:2_Gloops","floor":19,"turns":3},{"damage":0,"enemies":"Gensokyo:Wraith","floor":20,"turns":3},{"damage":0,"enemies":"Gensokyo:Chomper_and_Gloop","floor":22,"turns":2},{"damage":0,"enemies":"Gensokyo:Koishi","floor":23,"turns":5},{"damage":0,"enemies":"Gensokyo:Swordslinger","floor":24,"turns":2},{"damage":0,"enemies":"Gensokyo:3_Gloops","floor":29,"turns":6},{"damage":0,"enemies":"Gensokyo:Tenshi","floor":30,"turns":4},{"damage":155,"enemies":"Gensokyo:Eternal_Rivals","floor":33,"turns":13}],"seed_played":"2077418421384076133","potions_obtained":[{"floor":7,"key":"Ancient Potion"},{"floor":8,"key":"Energy Potion"},{"floor":16,"key":"SpeedPotion"},{"floor":23,"key":"DistilledChaos"},{"floor":24,"key":"DuplicationPotion"}],"is_trial":false,"path_per_floor":["M","?","M","?","?","R","M","E","T","$","R","E","?","M","R","B",null,"M","M","M","?","M","E","M","R","T","?","?","M","E","?","R","B"],"character_chosen":"Hololive_HololiveCharacter","items_purchased":[],"campfire_rested":0,"item_purchase_floors":[],"current_hp_per_floor":[27,18,18,18,18,18,18,18,18,18,18,18,18,16,16,16,27,27,27,27,27,27,27,28,28,28,28,28,29,30,30,30,0,0],"gold":51,"neow_bonus":"THREE_CARDS","is_daily":false,"chose_seed":false,"campfire_upgraded":5,"win_rate":0,"timestamp":1607615058,"path_taken":["M","?","M","?","?","R","M","E","T","?","R","E","?","M","R","BOSS","M","M","M","?","M","E","M","R","T","?","?","M","E","?","R","BOSS"],"build_version":"2020-11-30","purchased_purges":0,"victory":false,"max_hp_per_floor":[30,30,30,30,30,30,30,30,30,30,30,30,30,30,30,30,30,30,30,30,30,30,30,31,31,31,31,31,32,33,30,30,31,31],"card_choices":[{"not_picked":["Hololive_CocoNews","Hololive_OvertimeWork"],"picked":"Hololive_CallAkaiHaato","floor":0},{"not_picked":["Hololive_StrengthChampion","Hololive_Watashimo","Hololive_CocoNews"],"picked":"Hololive_CallTsunomakiWatame","floor":1},{"not_picked":["Hololive_Psychosis","Hololive_SoulCatcher","Hololive_Rebound"],"picked":"Hololive_CallOzoraSubaru","floor":3},{"not_picked":["Hololive_Sequa","Hololive_Psychosis","Hololive_Trident"],"picked":"Hololive_CallShiroganeNoel","floor":7},{"not_picked":["Hololive_Trident","Hololive_RevenueBasedLive","Hololive_WolfAndLamb"],"picked":"Hololive_FlyingPonyTail","floor":8},{"not_picked":["Hololive_CocoNews","Hololive_Trident","Hololive_HuntDinosaur"],"picked":"Hololive_CallOzoraSubaru","floor":12},{"not_picked":["Hololive_Sequa","Hololive_FlyingPonyTail","Hololive_Drill"],"picked":"Hololive_CallAkiRosenthal","floor":14},{"not_picked":["Hololive_WolfAndLamb","Hololive_FlareMind","Hololive_IdolExercise"],"picked":"Hololive_Thief","floor":16},{"not_picked":["Hololive_LuckPotion","Hololive_Psychosis","Hololive_OvertimeWork"],"picked":"Hololive_CallHoshimachiSuisei","floor":18},{"not_picked":["Hololive_CallOzoraSubaru","Hololive_ILoveYou","Hololive_CallAkiRosenthal"],"picked":"Hololive_CallTokoyamiTowa","floor":19},{"not_picked":["Hololive_BringToTrial","Hololive_LuckPotion","Hololive_CocoNews"],"picked":"Hololive_CallNekomataOkayu","floor":20},{"not_picked":["Hololive_CallRosalyn","Hololive_Trident","Hololive_CallHimemoriLuna"],"picked":"Hololive_CallNatsuiroMatsuri+1","floor":22},{"not_picked":["Hololive_RevenueBasedLive+1","Hololive_Sequa+1","Hololive_Breathe"],"picked":"Hololive_AWSL","floor":23},{"not_picked":["Hololive_CallYukihanaLamy","Hololive_StrengthChampion+1","Hololive_Breathe"],"picked":"Hololive_CallInugamiKorone","floor":24},{"not_picked":["Hololive_HuntDinosaur","Hololive_FlyingPonyTail","Hololive_OvertimeWork"],"picked":"Hololive_Thief","floor":29},{"not_picked":["Hololive_HuntDinosaur","Hololive_CallYogiri","Hololive_Breathe"],"picked":"Hololive_DurableLive","floor":30}],"player_experience":148434,"relics_obtained":[{"floor":8,"key":"Dream Catcher"},{"floor":9,"key":"Juzu Bracelet"},{"floor":12,"key":"Happy Flower"},{"floor":22,"key":"Gensokyo:ConquerorOfFear"},{"floor":23,"key":"Potion Belt"},{"floor":26,"key":"Bronze Scales"},{"floor":30,"key":"Vajra"}],"event_choices":[],"is_beta":false,"boss_relics":[{"not_picked":["SacredBark","Empty Cage"],"picked":"Hololive_ChaosS"}],"items_purged_floors":[],"is_endless":false,"potions_floor_spawned":[7,8,14,16,23,24],"killed_by":"Gensokyo:Eternal_Rivals","ascension_level":16}}