{"host":"38abhf7uonnoqlzr","time":1607599108,"event":{"gold_per_floor":[117,136,147,147,162,190,190,210,234,268,281,295,310,310,340,340,340],"floor_reached":16,"playtime":2223,"items_purged":[],"score":166,"play_id":"64761914-0354-4bf7-89ee-6336102de52e","local_time":"20201210121828","is_ascension_mode":false,"metric_token":1619,"campfire_choices":[{"floor":7.0,"key":"REST"}],"neow_cost":"NONE","dtmod_dragon_data":[0,50,-1,-1,0,0],"seed_source_timestamp":0,"circlet_count":0,"master_deck":["DTMod:Strike","DTMod:Strike","DTMod:Strike","DTMod:Strike+1","DTMod:DoubleHit","DTMod:TargetDefense","DTMod:TargetDefense","DTMod:TargetDefense","DTMod:TargetDefense","DTMod:SwitchingTactic","DTMod:CrossStep","DTMod:DragonDance","DTMod:Cover","DTMod:ShieldDrain","DTMod:InvisibleFlame","DTMod:ComboAttack","DTMod:DarkBreath","DTMod:BlazingStrike","DTMod:BlazingStrike+1","DTMod:CalculatedDefense","DTMod:Astonish"],"special_seed":0,"relics":["DTMod:PactStone","Hallownest:DreamNailRelic","ReplayTheSpireMod:Lightbulb","Dream Catcher","Replay:Baseball","Omamori"],"potions_floor_usage":[13,15,16,16],"damage_taken":[{"damage":0.0,"enemies":"2_ Uuma","floor":1.0,"turns":5.0},{"damage":1.0,"enemies":"Hallownest:monsterHuskGuard","floor":2.0,"turns":4.0},{"damage":0.0,"enemies":"Hallownest:2_Baldur","floor":3.0,"turns":5.0},{"damage":17.0,"enemies":"Hallownest:MossCreep_and_Mosskin","floor":5.0,"turns":7.0},{"damage":0.0,"enemies":"Hallownest:eliteMossKnight","floor":6.0,"turns":7.0},{"damage":0.0,"enemies":"Hallownest:Guard_and_Warrior","floor":8.0,"turns":5.0},{"damage":0.0,"enemies":"Hallownest:eliteVengeflyKing","floor":10.0,"turns":7.0},{"damage":5.0,"enemies":"Hallownest:Wandering_and_Horned","floor":11.0,"turns":4.0},{"damage":0.0,"enemies":"Hallownest:MossCreep_and_Mosskin","floor":12.0,"turns":5.0},{"damage":7,"enemies":"Hallownest:Guard_and_Warrior","floor":13,"turns":5},{"damage":0,"enemies":"conspire:MimicChest","floor":15,"turns":6},{"damage":37,"enemies":"Hallownest:BossHornet","floor":16,"turns":12}],"seed_played":"-6481253485189015895","potions_obtained":[{"floor":3.0,"key":"Fire Potion"},{"floor":6.0,"key":"ColorlessPotion"},{"floor":11.0,"key":"Weak Potion"},{"floor":12,"key":"sneckomod:MuddlingPotion"},{"floor":15,"key":"Explosive Potion"}],"is_trial":false,"path_per_floor":["M","M","M","?","M","E","R","M","T","E","M","M","M","?","R_BF","B"],"character_chosen":"THE_DT","items_purchased":[],"campfire_rested":1,"item_purchase_floors":[],"current_hp_per_floor":[49,48,48,48,31,31,45,45,45,45,40,40,33,33,33,0,0,0],"gold":340,"neow_bonus":"TEN_PERCENT_HP_BONUS","is_prod":false,"is_daily":false,"chose_seed":false,"campfire_upgraded":0,"win_rate":0.0,"timestamp":1607599108,"path_taken":["M","M","M","?","M","E","R","M","T","E","?","M","M","?","R_BF","BOSS"],"build_version":"2020-11-30","purchased_purges":0,"victory":false,"max_hp_per_floor":[49,49,49,49,49,49,49,49,49,49,49,49,49,49,49,49,49,49],"relic_stats":{"Dream Catcher":0,"counters":[12,72],"obtain_stats":[{"Dream Catcher":9,"Replay:Baseball":10,"DTMod:PactStone":0,"Hallownest:DreamNailRelic":4,"Omamori":15,"ReplayTheSpireMod:Lightbulb":6},{"Dream Catcher":6,"Replay:Baseball":7,"DTMod:PactStone":0,"Hallownest:DreamNailRelic":3,"Omamori":11,"ReplayTheSpireMod:Lightbulb":5},{"Dream Catcher":33,"Replay:Baseball":40,"DTMod:PactStone":0,"Hallownest:DreamNailRelic":14,"Omamori":60,"ReplayTheSpireMod:Lightbulb":28}]},"card_choices":[{"not_picked":["DTMod:Training","DTMod:ComboAttack"],"picked":"DTMod:CrossStep","floor":1.0},{"not_picked":["DTMod:Threaten","DTMod:Cover"],"picked":"DTMod:DragonDance","floor":2.0},{"not_picked":["DTMod:QuickFly","DTMod:ForkedFire"],"picked":"DTMod:Cover","floor":3.0},{"not_picked":["DTMod:BlazingStrike","DTMod:Cover"],"picked":"DTMod:ShieldDrain","floor":5.0},{"not_picked":["DTMod:BizarreTactic","DTMod:SealedStrike"],"picked":"DTMod:InvisibleFlame","floor":6.0},{"not_picked":["DTMod:MasterPlan","DTMod:FlameSlash"],"picked":"DTMod:ComboAttack","floor":8.0},{"not_picked":["DTMod:Hide","DTMod:MagicField"],"picked":"DTMod:DarkBreath","floor":10.0},{"not_picked":["DTMod:BreakAttack","DTMod:BuildUp"],"picked":"DTMod:BlazingStrike","floor":11.0},{"not_picked":["DTMod:BizarreTactic","DTMod:Hide"],"picked":"DTMod:BlazingStrike","floor":12},{"not_picked":["DTMod:SneakAttack","DTMod:StunTrap"],"picked":"DTMod:CalculatedDefense","floor":13},{"not_picked":["DTMod:CleansingStrike","DTMod:BreakAttack"],"picked":"DTMod:Astonish","floor":15}],"player_experience":304890,"relics_obtained":[{"floor":6.0,"key":"ReplayTheSpireMod:Lightbulb"},{"floor":9.0,"key":"Dream Catcher"},{"floor":10.0,"key":"Replay:Baseball"},{"floor":15,"key":"Omamori"}],"event_choices":[],"is_beta":false,"boss_relics":[],"items_purged_floors":[],"is_endless":false,"potions_floor_spawned":[3,6,11,12,15],"killed_by":"Hallownest:BossHornet","ascension_level":0}}