{"host":"3a1ypf1irl30q4k8","time":1607633771,"event":{"mods":["BaseMod","Bestiary","AchievementEnabler","Relic Stats","Colored Map","Minty Spire (QoL Compilation)"],"gold_per_floor":[114,124,191,202,222,222,372,402,456,456,467,467,477,504,504,504,504],"floor_reached":16,"playtime":630,"items_purged":[],"score":196,"play_id":"f2f430cd-dddf-4119-8aa2-c6db636b521a","local_time":"20201210205611","is_ascension_mode":true,"campfire_choices":[{"data":"Dark Embrace","floor":6,"key":"SMITH"},{"floor":10,"key":"REST"},{"data":"Fiend Fire","floor":15,"key":"SMITH"}],"circlet_count":0,"master_deck":["AscendersBane","Strike_R","Strike_R","Strike_R","Strike_R","Strike_R","Defend_R","Defend_R","Defend_R","Defend_R","Bash","Fiend Fire+1","Wild Strike","Sword Boomerang","Uppercut","Dark Embrace+1","Wild Strike","Seeing Red","Havoc"],"relics":["Burning Blood","White Beast Statue","Orichalcum","Akabeko"],"acts_visited":["Exordium"],"potions_floor_usage":[5,5,8,14,16,16],"damage_taken":[{"damage":16,"enemies":"2 Louse","floor":1,"turns":2},{"damage":12,"enemies":"Small Slimes","floor":2,"turns":3},{"damage":0,"enemies":"Cultist","floor":4,"turns":3},{"damage":7,"enemies":"Looter","floor":5,"turns":3},{"damage":30,"enemies":"3 Sentries","floor":8,"turns":8},{"damage":10,"enemies":"2 Fungi Beasts","floor":11,"turns":3},{"damage":6,"enemies":"Exordium Wildlife","floor":13,"turns":4},{"damage":23,"enemies":"Lagavulin","floor":14,"turns":4},{"damage":34,"enemies":"Hexaghost","floor":16,"turns":9}],"seed_played":"1758184219951690349","potions_obtained":[{"floor":1,"key":"EntropicBrew"},{"floor":5,"key":"AttackPotion"},{"floor":11,"key":"Explosive Potion"},{"floor":14,"key":"FearPotion"}],"is_trial":false,"path_per_floor":["M","M","?","M","M","R","?","E","T","R","M","?","M","E","R","B"],"character_chosen":"IRONCLAD","items_purchased":[],"campfire_rested":1,"item_purchase_floors":[],"current_hp_per_floor":[58,52,52,58,57,57,57,33,33,55,51,51,51,34,34,0,0],"gold":504,"neow_bonus":"ONE_RANDOM_RARE_CARD","is_daily":false,"chose_seed":false,"campfire_upgraded":2,"win_rate":0,"timestamp":1607633771,"path_taken":["M","M","?","M","M","R","?","E","T","R","M","?","M","E","R","BOSS"],"build_version":"2020-11-30","purchased_purges":0,"victory":false,"max_hp_per_floor":[75,75,75,75,75,75,75,75,75,75,75,75,75,75,75,75,75],"relic_stats":{"counters":[9,39],"Orichalcum":[78],"obtain_stats":[{"Orichalcum":9,"Burning Blood":0,"White Beast Statue":8,"Akabeko":14},{"Orichalcum":5,"Burning Blood":0,"White Beast Statue":5,"Akabeko":8},{"Orichalcum":19,"Burning Blood":0,"White Beast Statue":19,"Akabeko":30}],"Burning Blood":48},"card_choices":[{"not_picked":["Intimidate","Headbutt"],"picked":"Wild Strike","floor":1},{"not_picked":["Evolve","Anger"],"picked":"Sword Boomerang","floor":2},{"not_picked":["Armaments","Warcry"],"picked":"Uppercut","floor":4},{"not_picked":["Pommel Strike","Blood for Blood"],"picked":"Dark Embrace","floor":5},{"not_picked":["Heavy Blade","Twin Strike"],"picked":"Wild Strike","floor":8},{"not_picked":["Sentinel","Limit Break"],"picked":"Seeing Red","floor":11},{"not_picked":["Perfected Strike","Wild Strike"],"picked":"Havoc","floor":13},{"not_picked":["Armaments","Entrench","Perfected Strike"],"picked":"SKIP","floor":14}],"player_experience":809500,"relics_obtained":[{"floor":8,"key":"White Beast Statue"},{"floor":9,"key":"Orichalcum"},{"floor":14,"key":"Akabeko"}],"event_choices":[{"damage_healed":0,"gold_gain":67,"player_choice":"Gained Gold","damage_taken":0,"max_hp_gain":0,"max_hp_loss":0,"event_name":"Golden Wing","floor":3,"gold_loss":0},{"damage_healed":0,"gold_gain":150,"player_choice":"AGREE","damage_taken":0,"max_hp_gain":0,"max_hp_loss":0,"event_name":"Liars Game","floor":7,"gold_loss":0,"cards_obtained":["Doubt"]},{"cards_removed":["Doubt"],"damage_healed":0,"gold_gain":0,"player_choice":"Forget","damage_taken":0,"max_hp_gain":0,"max_hp_loss":0,"event_name":"Living Wall","floor":12,"gold_loss":0}],"is_beta":false,"boss_relics":[],"items_purged_floors":[],"is_endless":false,"potions_floor_spawned":[1,5,11,13,14],"killed_by":"Hexaghost","ascension_level":15}}