{"host":"2ixd8xwebcm7gar8","time":1607639253,"event":{"mods":["BaseMod","Act Like it!","Conspire","StSLib","Defuse TimeMaze Blight","Beaked The Cultist","Downfall","Hubris","Replay The Spire","Minty Spire (QoL Compilation)","Googly Eyes","Hallownest","Hermit","Mad Scientist","Robot Space Explorer","Shop Mod","The Blackbeard","The Bug Knight","The Cursed","Waifu the Spire","The Disciple","The Necromancer","Infinite Spire"],"gold_per_floor":[113,38,105,105,52,52,52,78,105,105,105,105,133,133,133,147,147,251,301,367,381,381,381,442,442,442,477,530,565,590,674,750,770,770,917,917,935,619,734,766,785,835,835,869,869,919,626,626,657,688,688,790,840,831,831,763,757,483,483,483,466,466,466,466,466,0,13,13,103,103,69,69,109,451,475,475,475,475,475,196,196,198,198,7,7,98,148,131,131,141,141],"floor_reached":90,"playtime":8276,"items_purged":["Doubt"],"score":2152,"play_id":"d234cdaa-4d75-4fe4-a5b7-0b52e1ead444","local_time":"20201210142733","daily_mods":["Draft","Heirloom","Time Dilation","Flight","Elite Swarm"],"is_ascension_mode":true,"campfire_choices":[{"data":"Guardian:PiercingHide","floor":6.0,"key":"SMITH"},{"data":"Guardian:ArmoredProtocol","floor":7.0,"key":"SMITH"},{"data":"Guardian:ArmoredProtocol","floor":12.0,"key":"SMITH"},{"floor":17.0,"key":"REST"},{"data":"Guardian:ChargeUp","floor":25.0,"key":"SMITH"},{"data":"Guardian:ChargeUp","floor":26.0,"key":"SMITH"},{"data":"Guardian:StasisStrike","floor":34.0,"key":"SMITH"},{"data":"Guardian:TimeCapacitor","floor":42.0,"key":"SMITH"},{"data":"Guardian:TimeCapacitor","floor":43.0,"key":"SMITH"},{"data":"Guardian:EvasiveProtocol","floor":48.0,"key":"SMITH"},{"data":"Guardian:StasisField","floor":51.0,"key":"SMITH"},{"data":"Guardian:AncientConstruct","floor":59,"key":"SMITH"},{"data":"Guardian:GemFinder","floor":60,"key":"SMITH"},{"data":"Guardian:ArmoredProtocol","floor":64,"key":"SMITH"},{"data":"Guardian:SpikerProtocol","floor":65,"key":"SMITH"},{"floor":68,"key":"REST"},{"data":"Guardian:ArmoredProtocol","floor":76,"key":"SMITH"},{"data":"Guardian:TemporalShield","floor":77,"key":"SMITH"},{"data":"Guardian:Recover","floor":78,"key":"SMITH"},{"data":"Guardian:SpikerProtocol","floor":85,"key":"SMITH"}],"circlet_count":0,"master_deck":["Guardian:TemporalShield+1","Guardian:Gem_Fragmented","Guardian:ShieldCharger+1","Guardian:ArmoredProtocol+1","Guardian:Recover+1","Guardian:Suspension","Guardian:PiercingHide+1","Guardian:ChargeUp+1","Guardian:ChargeUp+1","Guardian:PiercingHide","Guardian:ChargeCore","Guardian:ArmoredProtocol+1","Guardian:ArmoredProtocol+1","Guardian:Incinerate","Guardian:StasisStrike+1","Guardian:StasisField+1","Guardian:AncientConstruct+1","Guardian:ChargeCore","Guardian:TimeCapacitor+1","Guardian:BronzeArmor","Guardian:AncientConstruct+1","Guardian:CompilePackage","Guardian:Incinerate+1","Guardian:TimeCapacitor+1","Guardian:TemporalStrike+1","Guardian:Gem_Crimson","Guardian:Gem_Fragmented","Guardian:StasisStrike","Guardian:AncientConstruct+1","Guardian:AncientConstruct+1","Guardian:EvasiveProtocol+1","Guardian:StasisField+1","Guardian:GemFinder+1","Guardian:SpikerProtocol+1","Guardian:TimeCapacitor","Guardian:ArmoredProtocol+1","Guardian:ShieldSpikes","Guardian:ShieldSpikes","Guardian:TimeSifter","Guardian:SpikerProtocol+1","Guardian:ExploitGems","Guardian:DonusPower+1","Guardian:Gem_Red"],"special_seed":0,"relics":["Guardian:ModeShifterPlus","Replay:Towering Pillar of Hats","hubris:MobiusCoin","hubris:TenFootPole","hubris:Icosahedron","Pondfish Scales","Tiny House","HollowMod:QueensCombRelic","Runic Dome","sneckomod:BlankCard","Replay:Accelerometer","ReplayFunnel","Garlic","conspire:GlowingRock","Darkstone Periapt","Guardian:PickAxe","Guide Book","Guardian:SackOfGems","HollowMod:LifeEnderRelic","Chameleon Ring","hubris:SphereOfDissonance","Guardian:StasisCodex","Guardian:StasisUpgradeRelic","Bag of Preparation","Juzu Bracelet","infinitespire:Golems Mask","hubris:SlimyHat","Hallownest:DreamNailRelic","Hallownest:BankAccountRelic","Gremlin Food","Replay:Bottled Eggs","infinitespire:Midas Blood","Hallownest:WatcherSealRelic","Replay:Ringing Soul","Bronze Scales"],"acts_visited":["Hallownest:CityofTears","Hallownest:KingdomsEdge"],"potions_floor_usage":[69,86,86],"damage_taken":[{"damage":0.0,"enemies":"Small Slimes","floor":1.0,"turns":8.0},{"damage":22.0,"enemies":"Gremlin Nob","floor":8.0,"turns":6.0},{"damage":0.0,"enemies":"Lagavulin","floor":13.0,"turns":6.0},{"damage":0.0,"enemies":"Jaw Worm","floor":16.0,"turns":2.0},{"damage":0.0,"enemies":"Hexaghost","floor":18.0,"turns":9.0},{"damage":8.0,"enemies":"Hallownest:2_Mistakes","floor":20.0,"turns":9.0},{"damage":0.0,"enemies":"Hallownest:3_Youths","floor":21.0,"turns":6.0},{"damage":0.0,"enemies":"Hallownest:eliteSoulWarrior","floor":27.0,"turns":7.0},{"damage":9.0,"enemies":"Hallownest:eliteWatcherKnight","floor":29.0,"turns":11.0},{"damage":0.0,"enemies":"Hallownest:Nosk","floor":30.0,"turns":9.0},{"damage":0.0,"enemies":"Hallownest:eliteWatcherKnight","floor":31.0,"turns":14.0},{"damage":0.0,"enemies":"Nightmare","floor":32.0,"turns":9.0},{"damage":0.0,"enemies":"Hallownest:2_Husk_Sentries","floor":33.0,"turns":6.0},{"damage":0.0,"enemies":"Hallownest:BossMantisLord","floor":35.0,"turns":9.0},{"damage":0.0,"enemies":"Hallownest:Shield_Heavy","floor":37.0,"turns":6.0},{"damage":0.0,"enemies":"Hallownest:2_Primals","floor":39.0,"turns":6.0},{"damage":0.0,"enemies":"conspire:MimicChest","floor":40.0,"turns":7.0},{"damage":0.0,"enemies":"Hallownest:2_Littles","floor":41.0,"turns":5.0},{"damage":0.0,"enemies":"Hallownest:StalkingDevout","floor":44.0,"turns":7.0},{"damage":0.0,"enemies":"Hallownest:eliteHiveKnight","floor":49.0,"turns":6.0},{"damage":0.0,"enemies":"Hallownest:StalkingDevout","floor":50.0,"turns":9.0},{"damage":0.0,"enemies":"Hallownest:BossHollowKnight","floor":52.0,"turns":7.0},{"damage":0,"enemies":"Hallownest:2_MossCreeps","floor":54,"turns":3},{"damage":0,"enemies":"Hallownest:2_Baldur","floor":57,"turns":3},{"damage":0,"enemies":"Hallownest:eliteCrystalGuardian","floor":61,"turns":5},{"damage":11,"enemies":"Hallownest:2_Tiktiks_and_1_Crawlid","floor":67,"turns":2},{"damage":52,"enemies":"Hallownest:BossBrokenVessel","floor":69,"turns":7},{"damage":0,"enemies":"Hallownest:2_Mistakes","floor":71,"turns":7},{"damage":51,"enemies":"Hallownest:BossMantisLord","floor":86,"turns":8},{"damage":28,"enemies":"Hallownest:Shield_Heavy","floor":88,"turns":5},{"damage":101,"enemies":"Hallownest:3_Siblings","floor":90,"turns":6}],"seed_played":"7744821152300020903","potions_obtained":[{"floor":16.0,"key":"ColorlessPotion"},{"floor":18.0,"key":"DuplicationPotion"},{"floor":19.0,"key":"LiquidBronze"},{"floor":21.0,"key":"Weak Potion"},{"floor":24.0,"key":"EssenceOfSteel"},{"floor":24.0,"key":"Fruit Juice"},{"floor":27.0,"key":"Adrenaline Potion"},{"floor":31.0,"key":"LifebloodPotion"},{"floor":33.0,"key":"Elixir"},{"floor":35.0,"key":"AttackPotion"},{"floor":49.0,"key":"Energy Potion"},{"floor":52.0,"key":"Energy Potion"},{"floor":71,"key":"Toxic Potion"},{"floor":88,"key":"LiquidMemories"}],"is_trial":true,"path_per_floor":["M","$","?","?","$","R","R","E","T","?","T","R","E","PTL","PTL","M","R","B",null,"M","M","AVR","?","?","R","R","E","T","E","E","E","NM","M","R","B",null,"M","$","?","?","M","R","R","E","T","?","$","R","E","E","R","B",null,"M","?","$","M","$","R","R","E","T","?","R","R","?","M","R","B",null,"M","AVR","$","?","T","R","R","R","T","$","?","?","?","$","R","B",null,"M","?","M"],"character_chosen":"GUARDIAN","items_purchased":["Guardian:ArmoredProtocol","Guardian:Incinerate","Guardian:TimeCapacitor","Guide Book","FairyPotion","Guardian:EvasiveProtocol","Guardian:StasisCodex","Guardian:TimeCapacitor","Juzu Bracelet","Guardian:ArmoredProtocol","Guardian:ShieldSpikes","Guardian:SpikerProtocol","infinitespire:Midas Blood","Bronze Scales"],"campfire_rested":2,"item_purchase_floors":[2,5,38,38,38,47,47,56,58,58,58,80,80,84],"current_hp_per_floor":[80,80,80,80,80,80,80,58,58,58,58,58,58,58,58,58,80,80,85,77,77,56,56,61,61,61,61,61,52,61,61,61,61,61,61,61,61,61,61,61,61,61,61,61,61,61,61,61,61,61,61,61,61,61,61,61,61,61,61,61,61,61,61,61,61,61,50,61,9,61,61,61,61,61,61,61,61,61,61,61,61,59,70,70,70,22,73,48,54,0,0],"gold":141,"neow_bonus":"","is_daily":false,"chose_seed":false,"campfire_upgraded":18,"win_rate":0.0,"timestamp":1607639253,"path_taken":["M","$","?","?","?","R","R","E","T","?","?","R","E","PTL","PTL","M","R","BOSS","M","M","AVR","?","?","R","R","E","T","E","E","E","NM","?","R","BOSS","M","?","?","?","?","R","R","E","T","?","$","R","E","E","R","BOSS","M","?","$","M","$","R","R","E","T","?","R","R","?","M","R","BOSS","M","AVR","$","?","?","R","R","R","T","$","?","?","?","?","R","BOSS","M","?","M"],"build_version":"2020-11-30","purchased_purges":1,"victory":false,"max_hp_per_floor":[80,80,80,80,80,80,80,80,80,80,80,80,80,80,80,80,80,80,85,85,85,56,56,61,61,61,61,61,61,61,61,61,61,61,61,61,61,61,61,61,61,61,61,61,61,61,61,61,61,61,61,61,61,61,61,61,61,61,61,61,61,61,61,61,61,61,61,61,61,61,61,61,61,61,61,61,61,61,61,61,61,61,70,70,70,73,73,76,79,79,79],"card_choices":[{"not_picked":["Guardian:Planning","Guardian:Gem_Yellow"],"picked":"Guardian:Gem_Blue","floor":0.0},{"not_picked":["Guardian:Emergency","Guardian:PrismaticBarrier"],"picked":"Guardian:Gem_Cyan","floor":0.0},{"not_picked":["Guardian:Clone","Guardian:VentSteam"],"picked":"Guardian:TemporalShield","floor":0.0},{"not_picked":["Guardian:Recover","Guardian:Gem_Red"],"picked":"Guardian:Gem_Fragmented","floor":0.0},{"not_picked":["Guardian:RefractedBeam","Guardian:TemporalStrike"],"picked":"Guardian:ShieldCharger","floor":0.0},{"not_picked":["Guardian:VentSteam","Guardian:TemporalStrike"],"picked":"Guardian:ArmoredProtocol","floor":0.0},{"not_picked":["Guardian:CrystalBeam","Guardian:ChargeCore"],"picked":"Guardian:Recover","floor":0.0},{"not_picked":["Guardian:Gem_Red","Guardian:Gem_Fragmented"],"picked":"Guardian:Suspension","floor":0.0},{"not_picked":["Guardian:ChargeCore","Guardian:TemporalShield"],"picked":"Guardian:Gem_Yellow","floor":0.0},{"not_picked":["Guardian:RollAttack","Guardian:Harden"],"picked":"Guardian:Gem_Blue","floor":0.0},{"not_picked":["Guardian:Repulse","Guardian:WalkerClaw"],"picked":"Guardian:PiercingHide","floor":0.0},{"not_picked":["Guardian:Gem_Crimson","Guardian:Recover"],"picked":"Guardian:ChargeUp","floor":0.0},{"not_picked":["Guardian:Gem_Cyan","Guardian:Gem_White"],"picked":"Guardian:ChargeUp","floor":0.0},{"not_picked":["Guardian:CrystalBeam","Guardian:DonusPower"],"picked":"Guardian:PiercingHide","floor":0.0},{"not_picked":["Guardian:Recover","Guardian:Planning"],"picked":"Guardian:ChargeCore","floor":0.0},{"not_picked":["Guardian:GuardianWhirl","Guardian:Gem_Purple"],"picked":"Guardian:ArmoredProtocol","floor":1.0},{"not_picked":["Guardian:HyperBeam_Guardian","Guardian:WeakpointTargeting"],"picked":"Guardian:StasisStrike","floor":8.0},{"not_picked":["Guardian:SphericShield","Guardian:ConstructionForm"],"picked":"Guardian:StasisField","floor":13.0},{"not_picked":["Guardian:CrystalBeam","Guardian:TimeBomb","Guardian:Recover"],"picked":"SKIP","floor":16.0},{"not_picked":["Guardian:FastForward","Guardian:SphericShield"],"picked":"Guardian:AncientConstruct","floor":18.0},{"not_picked":["Guardian:Planning","Guardian:Reroute"],"picked":"Guardian:ChargeCore","floor":19.0},{"not_picked":["Guardian:FloatingOrbs","Guardian:Gem_Red"],"picked":"Guardian:TimeCapacitor","floor":20.0},{"not_picked":["Guardian:WalkerClaw","Guardian:Suspension+1","Guardian:Gem_Purple"],"picked":"SKIP","floor":21.0},{"not_picked":["Guardian:TemporalStrike","Guardian:Suspension"],"picked":"Guardian:BronzeArmor","floor":24.0},{"not_picked":["Guardian:GemFire","Guardian:SphericShield"],"picked":"Guardian:AncientConstruct","floor":27.0},{"not_picked":["Guardian:Gem_Synthetic","Guardian:GemFire"],"picked":"Guardian:Gem_Orange","floor":29.0},{"not_picked":["Guardian:RevengeProtocol","Guardian:GemFire","Guardian:WeakpointTargeting"],"picked":"SKIP","floor":30.0},{"not_picked":["Guardian:BaubleBeam","Guardian:GemFire"],"picked":"Guardian:Gem_Orange","floor":31.0},{"not_picked":["Guardian:HyperBeam_Guardian","Guardian:SphericShield","Guardian:GemFire"],"picked":"SKIP","floor":32.0},{"not_picked":["Guardian:Gem_Cyan","Guardian:PolyBeam","Guardian:Recover+1"],"picked":"SKIP","floor":33.0},{"not_picked":["Guardian:HyperBeam_Guardian","Guardian:FierceBash"],"picked":"Guardian:CompilePackage","floor":35.0},{"not_picked":["Guardian:Suspension","Guardian:Recover"],"picked":"Guardian:Incinerate+1","floor":37.0},{"not_picked":["Guardian:RollAttack+1","Guardian:TemporalShield+1"],"picked":"Guardian:TemporalStrike+1","floor":39.0},{"not_picked":["Guardian:PrismaticBarrier","Guardian:ShieldCharger"],"picked":"Guardian:Gem_Yellow","floor":40.0},{"not_picked":["Guardian:Gem_Cyan","Guardian:Gem_Green"],"picked":"Guardian:MultiBeam+1","floor":41.0},{"not_picked":["Guardian:SphericShield","Guardian:StasisField"],"picked":"Guardian:StasisStrike","floor":44.0},{"not_picked":["Guardian:CompilePackage","Guardian:HyperBeam_Guardian"],"picked":"Guardian:StasisField","floor":49.0},{"not_picked":["Guardian:BaubleBeam","Guardian:StasisStrike"],"picked":"Guardian:Gem_Orange","floor":50.0},{"not_picked":["Guardian:FastForward","Guardian:FierceBash"],"picked":"Guardian:GemFinder","floor":52.0},{"not_picked":["Guardian:Recover","Guardian:Reroute"],"picked":"Guardian:SpikerProtocol","floor":54},{"not_picked":["Guardian:Harden","Guardian:Suspension","Guardian:Gem_Red"],"picked":"SKIP","floor":57},{"not_picked":["Guardian:GemFire","Guardian:FastForward"],"picked":"Guardian:TimeSifter","floor":61},{"not_picked":["Guardian:ShieldCharger","Guardian:Suspension","Guardian:Gem_Blue"],"picked":"SKIP","floor":67},{"not_picked":["Guardian:WeakpointTargeting","Guardian:BaubleBeam"],"picked":"Guardian:GemFinder","floor":69},{"not_picked":["Guardian:DonusPower","Guardian:Incinerate","Guardian:ShieldCharger"],"picked":"SKIP","floor":71},{"not_picked":["Guardian:RevengeProtocol","Guardian:BaubleBeam"],"picked":"Guardian:ExploitGems","floor":86},{"not_picked":["Guardian:PolyBeam+1","Guardian:Gem_Red"],"picked":"Guardian:DonusPower+1","floor":88}],"player_experience":631676,"relics_obtained":[{"floor":8.0,"key":"hubris:MobiusCoin"},{"floor":9.0,"key":"hubris:TenFootPole"},{"floor":11.0,"key":"Pondfish Scales"},{"floor":13.0,"key":"hubris:ToyBattleship"},{"floor":24.0,"key":"sneckomod:BlankCard"},{"floor":27.0,"key":"Replay:Accelerometer"},{"floor":28.0,"key":"ReplayFunnel"},{"floor":29.0,"key":"Garlic"},{"floor":30.0,"key":"conspire:GlowingRock"},{"floor":31.0,"key":"Darkstone Periapt"},{"floor":32.0,"key":"Guardian:PickAxe"},{"floor":39.0,"key":"Guardian:SackOfGems"},{"floor":40.0,"key":"HollowMod:LifeEnderRelic"},{"floor":44.0,"key":"Chameleon Ring"},{"floor":45.0,"key":"hubris:SphereOfDissonance"},{"floor":49.0,"key":"Guardian:StasisUpgradeRelic"},{"floor":50.0,"key":"Bag of Preparation"},{"floor":61,"key":"infinitespire:Golems Mask"},{"floor":62,"key":"hubris:SlimyHat"},{"floor":75,"key":"Gremlin Food"},{"floor":79,"key":"Replay:Bottled Eggs"}],"event_choices":[{"damage_healed":0.0,"max_hp_gain":0.0,"max_hp_loss":0.0,"gold_gain":67.0,"event_name":"Golden Wing","player_choice":"Gained Gold","floor":3.0,"gold_loss":0.0,"damage_taken":0.0},{"damage_healed":0.0,"max_hp_gain":0.0,"max_hp_loss":0.0,"gold_gain":0.0,"event_name":"conspire:Investor","player_choice":"Leave","floor":4.0,"gold_loss":0.0,"damage_taken":0.0}],"is_beta":false,"boss_relics":[{"not_picked":["Calling Bell","Ectoplasm"],"picked":"Tiny House"},{"not_picked":["Runic Pyramid","Replay:Grab Bag"],"picked":"Guardian:ModeShifterPlus"},{"not_picked":["Replay:Drink Me","Astrolabe","conspire:RoyalGoblet"]},{"not_picked":["Kintsugi","Painkiller Herb","Velvet Choker"]},{"not_picked":["conspire:RunicOctahedron","hubris:GrandSneckoEye","Coffee Dripper"]}],"items_purged_floors":[84],"is_endless":true,"potions_floor_spawned":[16,18,21,27,31,33,35,49,50,52,57,71,88],"killed_by":"Hallownest:3_Siblings","ascension_level":1}}