{"host":"46hhpd9tbruz5rpt","time":1607611258,"event":{"mods":["BaseMod","StSLib","Replay The Spire","Minty Spire (QoL Compilation)","Quick Restart","UnlockEverythingMod"],"gold_per_floor":[133,133,171,121,121,121,153,24,49,114,126,168,26,57,57,57,57],"floor_reached":16,"playtime":774,"items_purged":["Strike_P"],"score":140,"play_id":"0a987237-6858-4036-8417-88fc37617523","local_time":"20201210224058","is_ascension_mode":true,"campfire_choices":[{"data":"Vigilance","floor":6,"key":"SMITH"},{"data":"Eruption","floor":11,"key":"SMITH"},{"data":"HandOfGreed","floor":15,"key":"SMITH"}],"circlet_count":0,"master_deck":["Strike_P","Strike_P","Strike_P","Defend_P","Defend_P","Defend_P","Defend_P","Eruption+1","Vigilance+1","HandOfGreed+1","Pot Of Greed","Pot Of Greed","FollowUp","ThirdEye","Adaptation+1","Adaptation+1","Pray"],"relics":["PureWater","Grinning Jar","Golden Egg","MawBank","MealTicket","Membership Card"],"acts_visited":["Exordium"],"potions_floor_usage":[14,16],"damage_taken":[{"damage":6,"enemies":"2 Louse","floor":1,"turns":3},{"damage":7,"enemies":"Jaw Worm","floor":3,"turns":4},{"damage":0,"enemies":"Cultist","floor":7,"turns":3},{"damage":20,"enemies":"Replay:BlueRogue","floor":10,"turns":4},{"damage":2,"enemies":"2 Fungi Beasts","floor":12,"turns":3},{"damage":8,"enemies":"Blue Slaver","floor":14,"turns":2},{"damage":76,"enemies":"Fading Forest","floor":16,"turns":9}],"seed_played":"-2828599675288054152","potions_obtained":[{"floor":1,"key":"BottledMiracle"},{"floor":14,"key":"Fruit Juice"}],"is_trial":false,"path_per_floor":["M","?","M","?","T","R","M","$","T","E","R","M","$","M","R","B"],"character_chosen":"WATCHER","items_purchased":["Adaptation","Membership Card"],"campfire_rested":0,"item_purchase_floors":[8,13],"current_hp_per_floor":[59,59,52,52,52,52,52,52,52,32,32,30,45,42,42,0,0],"gold":57,"neow_bonus":"RANDOM_COLORLESS_2","is_daily":false,"chose_seed":false,"campfire_upgraded":3,"win_rate":0,"timestamp":1607611258,"path_taken":["M","?","M","?","?","R","?","$","T","E","R","M","$","M","R","BOSS"],"build_version":"2020-11-30","purchased_purges":1,"victory":false,"max_hp_per_floor":[65,65,65,65,65,65,65,65,65,65,65,65,65,70,70,70,70],"card_choices":[{"not_picked":["Chrysalis","ReplayTheSpireMod:Brewmster"],"picked":"HandOfGreed","floor":0},{"not_picked":["Halt","MentalFortress","Replay:BluntJabs"],"picked":"SKIP","floor":1},{"not_picked":["Worship","ForeignInfluence"],"picked":"FollowUp","floor":3},{"not_picked":["Replay:BluntJabs","PathToVictory"],"picked":"ThirdEye","floor":7},{"not_picked":["Crescendo","Omniscience"],"picked":"Pray","floor":10},{"not_picked":["Consecrate","Weave","Protect"],"picked":"SKIP","floor":12},{"not_picked":["ClearTheMind","FlyingSleeves","Halt"],"picked":"SKIP","floor":14}],"player_experience":59467,"relics_obtained":[{"floor":5,"key":"Golden Egg"},{"floor":9,"key":"MawBank"},{"floor":10,"key":"MealTicket"}],"event_choices":[{"damage_healed":0,"gold_gain":0,"player_choice":"Box","damage_taken":0,"relics_obtained":["Grinning Jar"],"max_hp_gain":0,"max_hp_loss":0,"event_name":"Big Fish","floor":2,"gold_loss":0,"cards_obtained":["Regret"]},{"cards_removed":["Regret"],"damage_healed":0,"gold_gain":0,"player_choice":"Card Removal","damage_taken":0,"max_hp_gain":0,"max_hp_loss":0,"event_name":"The Cleric","floor":4,"gold_loss":50}],"is_beta":false,"boss_relics":[],"items_purged_floors":[8],"is_endless":false,"potions_floor_spawned":[1,14],"killed_by":"Fading Forest","ascension_level":8}}