{"host":"cxlfijb3ipw68228","time":1607572049,"event":{"gold_per_floor":[99,126,126,126,126,51,51,83,93,18,33,18,193,210,223,326,326,326,326,344,344,329,354,424,442,292,292,307,637,637,637,653,757,757,757,806,806,731,745,745,772,783,797,797,817,817,827,841,852,852,852,884,884,884,884],"floor_reached":56,"playtime":7229,"items_purged":[],"score":1490,"play_id":"a52fd445-550d-49a2-8fc4-b4bbf742a894","local_time":"20201209224729","is_ascension_mode":false,"campfire_choices":[{"floor":1,"key":"RECALL"},{"data":"hexamod:GhostOfSpirePast","floor":4,"key":"SMITH"},{"data":"hexamod:Float","floor":6,"key":"SMITH"},{"data":"hexamod:WildfireWeapon","floor":10,"key":"SMITH"},{"data":"hexamod:Sear","floor":18,"key":"SMITH"},{"data":"hexamod:BacktrackSmack","floor":21,"key":"SMITH"},{"data":"hexamod:Firestarter","floor":27,"key":"SMITH"},{"data":"hexamod:RainOfEmbers","floor":35,"key":"SMITH"},{"data":"hexamod:StepThrough","floor":38,"key":"SMITH"},{"data":"hexamod:RadiantFlame","floor":40,"key":"SMITH"},{"data":"hexamod:GhostShield","floor":44,"key":"SMITH"},{"data":"hexamod:SkipABeat","floor":54,"key":"SMITH"}],"neow_cost":"NONE","seed_source_timestamp":702835429270300,"circlet_count":0,"master_deck":["hexamod:Strike","hexamod:Strike","hexamod:Strike+1","hexamod:Strike","hexamod:Defend","hexamod:Defend","hexamod:Defend","hexamod:Defend","hexamod:Sear+1","hexamod:Float+1","hexamod:GhostOfSpirePast+1","hexamod:WildfireWeapon+1","hexamod:BacktrackSmack+1","hexamod:ShieldOfDarkness","hexamod:StepThrough+1","hexamod:Firestarter","hexamod:WildfireWeapon","hexamod:HeatShield+1","hexamod:Firestarter+1","hexamod:GhostShield+1","hexamod:RainOfEmbers+1","hexamod:GhostLash+1","hexamod:WildfireWeapon","hexamod:RadiantFlame+1","hexamod:GhostShield+1","hexamod:BacktrackSmack+1","hexamod:SwordOfDarkness+1","AscendersBane","Madness","hexamod:SkipABeat+1","hexamod:ShieldOfDarkness+1","hexamod:EmpoweredFlame+1","hexamod:GhostLash+1"],"relics":["hexamod:SpiritBrand","Regal Pillow","ReplayTheSpireMod:Ring of Addiction","Ring of Searing","White Beast Statue","SacredBark","downfall:HeartBlessingRed","hubris:OldNail","halation:SwordOfLegend","downfall:HeartBlessingGreen","Busted Crown","hubris:TenFootPole","Strawberry","Replay:Rubber Ducky","CCEMRelics:SpiritsEdge","Ancient Tea Set","CCEMRelics:TinyMinotavrHorn","Painkiller Herb","hubris:Towel","downfall:HeartBlessingBlue","Bronze Scales","hubris:Zylophone"],"potions_floor_usage":[8,8,11,15,16,16,22,28,32,33,33,39,47,49,50,50,55],"damage_taken":[{"damage":10,"enemies":"conspire:MimicChest","floor":2,"turns":5},{"damage":25,"enemies":"Gremlin Nob","floor":8,"turns":4},{"damage":0,"enemies":"Cultist","floor":9,"turns":3},{"damage":11,"enemies":"Jaw Worm","floor":11,"turns":2},{"damage":0,"enemies":"downfall:FleeingMerchant","floor":12,"turns":4},{"damage":1,"enemies":"2 Louse","floor":14,"turns":3},{"damage":7,"enemies":"Blue Slaver","floor":15,"turns":3},{"damage":0,"enemies":"downfall:CharBossIronclad","floor":16,"turns":6},{"damage":0,"enemies":"Spheric Guardian","floor":20,"turns":4},{"damage":0,"enemies":"downfall:FleeingMerchant","floor":22,"turns":4},{"damage":4,"enemies":"Replay:Snechameleon","floor":23,"turns":3},{"damage":0,"enemies":"Snake Plant","floor":25,"turns":3},{"damage":5,"enemies":"Sentry and Sphere","floor":28,"turns":2},{"damage":15,"enemies":"downfall:FleeingMerchant","floor":29,"turns":3},{"damage":5,"enemies":"Centurion and Healer","floor":32,"turns":3},{"damage":3,"enemies":"downfall:CharBossWatcher","floor":33,"turns":4},{"damage":5,"enemies":"3 Shapes","floor":39,"turns":2},{"damage":29,"enemies":"3 Darklings","floor":42,"turns":3},{"damage":0,"enemies":"Sphere and 2 Shapes","floor":43,"turns":4},{"damage":8,"enemies":"Writhing Mass","floor":45,"turns":3},{"damage":0,"enemies":"Maw","floor":47,"turns":5},{"damage":32,"enemies":"Jaw Worm Horde","floor":48,"turns":4},{"damage":0,"enemies":"Spire Growth","floor":49,"turns":3},{"damage":2,"enemies":"downfall:CharBossDefect","floor":50,"turns":6},{"damage":29,"enemies":"downfall:CharBossMerchant","floor":52,"turns":6},{"damage":65,"enemies":"downfall:NeowBoss","floor":55,"turns":24}],"seed_played":"8549489296818299602","potions_obtained":[{"floor":2,"key":"PowerPotion"},{"floor":3,"key":"LiquidMemories"},{"floor":3,"key":"hexamod:EctoCoolerPotion"},{"floor":8,"key":"Energy Potion"},{"floor":9,"key":"Fruit Juice"},{"floor":11,"key":"Swift Potion"},{"floor":14,"key":"DuplicationPotion"},{"floor":15,"key":"Venom Potion"},{"floor":16,"key":"Elixir"},{"floor":20,"key":"Fire Potion"},{"floor":23,"key":"Fire Potion"},{"floor":25,"key":"Strength Potion"},{"floor":28,"key":"Fire Potion"},{"floor":32,"key":"LiquidBronze"},{"floor":33,"key":"SneckoOil"},{"floor":39,"key":"EssenceOfSteel"},{"floor":42,"key":"Swift Potion"},{"floor":43,"key":"SteroidPotion"},{"floor":47,"key":"Elixir"},{"floor":48,"key":"LiquidMemories"},{"floor":49,"key":"DistilledChaos"},{"floor":52,"key":"DistilledChaos"}],"is_trial":false,"path_per_floor":["R_BF","?","?","R","?","R","T","E","M","R","M","$","?","M","M","B",null,"R","?","M","R","$","E","T","M","?","R","M","$","?","?","M","B",null,"T","?","?","T","?","T","T","?","?","T","?","?","?","?","?","B",null,"E","T","T","B",null],"character_chosen":"THE_SPIRIT","items_purchased":[],"campfire_rested":0,"item_purchase_floors":[],"current_hp_per_floor":[77,67,67,67,72,72,72,47,47,50,49,49,49,48,41,41,88,88,49,49,52,52,48,48,48,101,101,96,81,77,77,72,69,99,99,99,97,107,102,105,105,76,76,82,74,74,74,42,42,40,103,74,74,92,27],"gold":884,"neow_bonus":"TEN_PERCENT_HP_BONUS","is_prod":false,"is_daily":false,"chose_seed":false,"campfire_upgraded":11,"win_rate":0.0,"timestamp":1607572049,"path_taken":["R_BF","?","?","R","?","R","T","E","M","R","M","$","?","?","M","BOSS","R","?","M","R","$","E","T","M","?","R","?","?","?","?","M","BOSS","T","?","?","T","?","T","T","?","?","T","?","?","?","?","?","BOSS","E","T","T","BOSS"],"build_version":"2020-11-30","purchased_purges":0,"victory":true,"max_hp_per_floor":[77,77,77,77,82,82,80,80,80,80,90,90,90,90,88,88,88,88,95,93,93,93,93,93,93,101,101,101,101,101,101,99,99,99,99,99,97,107,107,107,107,107,105,105,105,103,103,103,103,103,103,103,103,101,101],"card_choices":[{"not_picked":["hexamod:Hexaguard","hexamod:NightmareStrike"],"picked":"hexamod:GhostOfSpirePast","floor":2},{"not_picked":["hexamod:GhostOfSpireFuture","hexamod:AdvancingGuard"],"picked":"hexamod:WildfireWeapon","floor":8},{"not_picked":["hexamod:NightmareGuise","hexamod:AdvancingGuard"],"picked":"hexamod:BacktrackSmack","floor":9},{"not_picked":["hexamod:BacktrackSmack","hexamod:Incineration"],"picked":"hexamod:ShieldOfDarkness","floor":11},{"not_picked":["hexamod:GhostLash","hexamod:RainOfEmbers"],"picked":"hexamod:StepThrough","floor":14},{"not_picked":["hexamod:Haunt","hexamod:RecurringNightmare"],"picked":"hexamod:Firestarter","floor":15},{"not_picked":["hexamod:SixthSeal","hexamod:UnleashSpirits"],"picked":"hexamod:WildfireWeapon","floor":16},{"not_picked":[],"picked":"hexamod:HeatShield+1","floor":20},{"not_picked":[],"picked":"hexamod:Firestarter","floor":23},{"not_picked":[],"picked":"hexamod:GhostShield","floor":25},{"not_picked":[],"picked":"hexamod:RainOfEmbers","floor":28},{"not_picked":[],"picked":"hexamod:GhostLash+1","floor":32},{"not_picked":[],"picked":"hexamod:WildfireWeapon","floor":33},{"not_picked":[],"picked":"hexamod:RadiantFlame","floor":39},{"not_picked":[],"picked":"hexamod:GhostShield+1","floor":42},{"not_picked":[],"picked":"hexamod:BacktrackSmack+1","floor":43},{"not_picked":[],"picked":"hexamod:SwordOfDarkness+1","floor":45},{"not_picked":[],"picked":"hexamod:SkipABeat","floor":47},{"not_picked":[],"picked":"hexamod:ShieldOfDarkness+1","floor":48},{"not_picked":[],"picked":"hexamod:EmpoweredFlame+1","floor":49},{"not_picked":[],"picked":"hexamod:GhostLash+1","floor":52}],"player_experience":507526,"relics_obtained":[{"floor":2,"key":"Regal Pillow"},{"floor":3,"key":"ReplayTheSpireMod:Ring of Addiction"},{"floor":3,"key":"Ring of Searing"},{"floor":3,"key":"White Beast Statue"},{"floor":3,"key":"SacredBark"},{"floor":7,"key":"hubris:OldNail"},{"floor":8,"key":"halation:SwordOfLegend"},{"floor":23,"key":"Ancient Tea Set"},{"floor":24,"key":"CCEMRelics:TinyMinotavrHorn"},{"floor":41,"key":"Bronze Scales"},{"floor":52,"key":"hubris:Zylophone"}],"event_choices":[{"damage_healed":0,"gold_gain":0,"player_choice":"Donut","damage_taken":0,"max_hp_gain":5,"max_hp_loss":0,"event_name":"Big Fish","floor":5,"gold_loss":0},{"damage_healed":0,"gold_gain":0,"player_choice":"RE RE RE RE ","damage_taken":85,"relics_obtained":["hubris:TenFootPole","Strawberry","Replay:Rubber Ducky","CCEMRelics:SpiritsEdge"],"max_hp_gain":0,"max_hp_loss":0,"event_name":"betterSkull:BetterSkull","floor":19,"gold_loss":0,"cards_upgraded":[]},{"damage_healed":0,"gold_gain":3,"player_choice":"3","damage_taken":0,"max_hp_gain":0,"max_hp_loss":0,"event_name":"betterStone:BetterStone","floor":46,"gold_loss":0,"cards_obtained":["Madness"]}],"is_beta":false,"boss_relics":[{"not_picked":["ReplayTheSpireMod:DimensionalGlitch","Ring of Chaos"],"picked":"Busted Crown"},{"not_picked":["halation:PlatinumPhoenix","halation:HeavySnake"],"picked":"Painkiller Herb"}],"items_purged_floors":[],"is_endless":false,"potions_floor_spawned":[2,8,9,11,14,15,16,20,23,25,28,32,33,39,42,43,45,47,48,49,52],"ascension_level":0}}