{"host":"zyn2zcp8fez1ptuq","time":1607610968,"event":{"mods":["BaseMod","StSLib","Downfall","BetterRewards","Hermit","Hubris","Minty Spire (QoL Compilation)","Replay The Spire","Robot Space Explorer","Shade Mod","Shop Mod","The Animator","The Cursed","The Jungle","The Necromancer","Infinite Spire"],"gold_per_floor":[18,36,0,23,23,52,52,85,85,111,129,163,174,191,191,191,191],"floor_reached":16,"playtime":2023,"items_purged":[],"score":130,"play_id":"3b367c21-55c0-491f-b4da-d484aefd421a","local_time":"20201210093608","is_ascension_mode":false,"campfire_choices":[{"data":"TheCursedMod:HellfireBreathing","floor":7,"key":"SMITH"},{"data":"TheCursedMod:CursedWand","floor":15,"key":"SMITH"}],"circlet_count":0,"master_deck":["TheCursedMod:Strike_TheCursed","TheCursedMod:Strike_TheCursed","TheCursedMod:Strike_TheCursed","TheCursedMod:Strike_TheCursed","TheCursedMod:Defend_TheCursed","TheCursedMod:Defend_TheCursed","TheCursedMod:Defend_TheCursed","TheCursedMod:Defend_TheCursed","TheCursedMod:CursedWand+1","TheCursedMod:CleanUpWorkshop","TheCursedMod:Dregs","TheCursedMod:FleshFromBone","TheCursedMod:LuckyCharm","TheCursedMod:HellfireBreathing+1","TheCursedMod:CircleOfBlood","TheCursedMod:CircleOfFlame","TheCursedMod:SpitefulStrike","TheCursedMod:ManaCirculation","TheCursedMod:CursedBlade","TheCursedMod:Obscuration"],"relics":["TheCursedMod:BlackMagic101","Replay:Rubber Ducky","hubris:ToyBattleship","TheCursedMod:DemonicMark","The Courier","Omamori","Ornamental Fan"],"acts_visited":["Exordium"],"potions_floor_usage":[8,10,14,16],"damage_taken":[{"damage":1,"enemies":"Cultist","floor":1,"turns":4},{"damage":0,"enemies":"Jaw Worm","floor":2,"turns":5},{"damage":11,"enemies":"3 Sentries","floor":6,"turns":13},{"damage":2,"enemies":"Replay:BlueRogue","floor":8,"turns":8},{"damage":13,"enemies":"Lagavulin","floor":10,"turns":9},{"damage":1,"enemies":"2 Louse","floor":11,"turns":3},{"damage":40,"enemies":"Gremlin Nob","floor":12,"turns":6},{"damage":3,"enemies":"Red Slaver","floor":13,"turns":5},{"damage":0,"enemies":"Blue Slaver","floor":14,"turns":4},{"damage":57,"enemies":"Slime Boss","floor":16,"turns":10}],"seed_played":"-6302064839464073746","potions_obtained":[{"floor":1,"key":"Venom Potion"},{"floor":6,"key":"ColorlessPotion"},{"floor":8,"key":"ColorlessPotion"},{"floor":12,"key":"DistilledChaos"},{"floor":14,"key":"Elixir"}],"is_trial":false,"path_per_floor":["M","M","?","T","$","E","R","E","T","E","M","E","M","M","R","B"],"character_chosen":"THE_CURSED","items_purchased":[],"campfire_rested":0,"item_purchase_floors":[],"current_hp_per_floor":[88,88,88,88,88,77,77,83,83,76,81,47,46,54,54,0,0],"gold":191,"neow_bonus":"TWENTY_PERCENT_HP_BONUS","is_daily":false,"chose_seed":false,"campfire_upgraded":2,"win_rate":0.0,"timestamp":1607610968,"path_taken":["M","M","?","?","?","E","R","E","T","E","M","E","M","?","R","BOSS"],"build_version":"2020-11-30","purchased_purges":0,"victory":false,"max_hp_per_floor":[89,89,89,89,89,89,89,89,89,89,89,89,89,89,89,89,89],"card_choices":[{"not_picked":["TheCursedMod:Torture","TheCursedMod:SmokeScreen"],"picked":"TheCursedMod:FleshFromBone","floor":1},{"not_picked":["TheCursedMod:SurpriseAttack","TheCursedMod:Stretching"],"picked":"TheCursedMod:LuckyCharm","floor":2},{"not_picked":["TheCursedMod:VoidForm","TheCursedMod:SaltUponWound"],"picked":"TheCursedMod:HellfireBreathing","floor":6},{"not_picked":["TheCursedMod:FleshFromBone","TheCursedMod:SurpriseAttack"],"picked":"TheCursedMod:CircleOfBlood","floor":8},{"not_picked":["TheCursedMod:RavingStaff","TheCursedMod:Mangle"],"picked":"TheCursedMod:CircleOfFlame","floor":10},{"not_picked":["TheCursedMod:DoubleShield","TheCursedMod:CircleOfFlame"],"picked":"TheCursedMod:SpitefulStrike","floor":11},{"not_picked":["TheCursedMod:CursedBlade","TheCursedMod:CircleOfFlame"],"picked":"TheCursedMod:ManaCirculation","floor":12},{"not_picked":["TheCursedMod:Stretching","TheCursedMod:AshesToAshes"],"picked":"TheCursedMod:CursedBlade","floor":13},{"not_picked":["TheCursedMod:Torture","TheCursedMod:SpitefulStrike"],"picked":"TheCursedMod:Obscuration","floor":14}],"player_experience":453094,"relics_obtained":[{"floor":4,"key":"Replay:Rubber Ducky"},{"floor":6,"key":"hubris:ToyBattleship"},{"floor":8,"key":"TheCursedMod:DemonicMark"},{"floor":9,"key":"The Courier"},{"floor":10,"key":"Omamori"},{"floor":12,"key":"Ornamental Fan"}],"event_choices":[{"damage_healed":0,"gold_gain":0,"player_choice":"Left Gold","damage_taken":0,"max_hp_gain":0,"max_hp_loss":0,"event_name":"World of Goop","floor":3,"gold_loss":36}],"is_beta":false,"boss_relics":[],"items_purged_floors":[],"is_endless":false,"potions_floor_spawned":[1,6,8,12,14],"killed_by":"Slime Boss","ascension_level":0}}