{"host":"j0a1jfichhxu8b8p","time":1607616879,"event":{"mods":["BaseMod","Colored Map","DeckTracker","Keyboard Shortcuts","Minty Spire (QoL Compilation)","everything is the same but u backflip on backflip","Permanent Neow"],"gold_per_floor":[111,111,186,186,204,204,230,230,230,255,255,273,233,248,248,346,346,357,368,283,299,198,225,225,260,260,272,272,283,294,48,48,153,153,167,167,180,195,546,578,578,613,637,637,650,650,650,660,660,660],"floor_reached":51,"playtime":3001,"items_purged":["Strike_G","Strike_G"],"score":1154,"play_id":"d7be6a7c-3f21-42e1-b06f-502ef37670dd","local_time":"20201211011439","is_ascension_mode":true,"campfire_choices":[{"data":"Storm of Steel","floor":6.0,"key":"SMITH"},{"floor":8.0,"key":"REST"},{"data":"Good Instincts","floor":11.0,"key":"SMITH"},{"data":"Cloak And Dagger","floor":15.0,"key":"SMITH"},{"data":"Backflip","floor":24.0,"key":"SMITH"},{"data":"Panache","floor":28.0,"key":"SMITH"},{"data":"Neutralize","floor":32.0,"key":"SMITH"},{"data":"A Thousand Cuts","floor":41,"key":"SMITH"},{"data":"Tools of the Trade","floor":46,"key":"SMITH"},{"data":"Calculated Gamble","floor":49,"key":"SMITH"}],"circlet_count":0,"master_deck":["Strike_G","Strike_G","Defend_G","Defend_G","Defend_G","Defend_G","Defend_G","Survivor","Neutralize+1","Panache+1","Calculated Gamble","Wraith Form v2","Good Instincts+1","Storm of Steel+1","Terror","Neutralize+1","Acrobatics","Calculated Gamble+1","PiercingWail","Cloak And Dagger+1","Adrenaline","CurseOfTheBell","Blade Dance+1","Escape Plan+1","Noxious Fumes","Backflip+1","Flechettes+1","Malaise","A Thousand Cuts+1","Cloak And Dagger","Finesse","Flash of Steel+1","Secret Technique","Tactician+1","Backflip+1","Blade Dance+1","Backflip+1","Tools of the Trade+1","Finisher+1","Prepared+1"],"special_seed":0,"relics":["Ring of the Snake","Kunai","InkBottle","Ice Cream","Calling Bell","Happy Flower","Molten Egg 2","Bird Faced Urn","Regal Pillow","Ancient Tea Set","Blood Vial","StrikeDummy","Pen Nib","Sozu","Old Coin","Bag of Marbles","Singing Bowl","Vajra"],"acts_visited":["Exordium","TheCity","TheBeyond"],"potions_floor_usage":[],"damage_taken":[{"damage":0.0,"enemies":"Cultist","floor":1.0,"turns":4.0},{"damage":2.0,"enemies":"2 Louse","floor":5.0,"turns":4.0},{"damage":18.0,"enemies":"Gremlin Nob","floor":7.0,"turns":5.0},{"damage":10.0,"enemies":"3 Sentries","floor":10.0,"turns":4.0},{"damage":0.0,"enemies":"Small Slimes","floor":12.0,"turns":2.0},{"damage":0.0,"enemies":"Red Slaver","floor":14.0,"turns":4.0},{"damage":11.0,"enemies":"Hexaghost","floor":16.0,"turns":12.0},{"damage":15.0,"enemies":"Spheric Guardian","floor":18.0,"turns":4.0},{"damage":2.0,"enemies":"Chosen","floor":19.0,"turns":5.0},{"damage":2.0,"enemies":"Sentry and Sphere","floor":21.0,"turns":4.0},{"damage":0.0,"enemies":"Book of Stabbing","floor":23.0,"turns":7.0},{"damage":0.0,"enemies":"Gremlin Leader","floor":25.0,"turns":3.0},{"damage":1.0,"enemies":"Centurion and Healer","floor":27.0,"turns":4.0},{"damage":0.0,"enemies":"3 Cultists","floor":29.0,"turns":5.0},{"damage":0.0,"enemies":"Cultist and Chosen","floor":30.0,"turns":6.0},{"damage":15.0,"enemies":"Collector","floor":33.0,"turns":8.0},{"damage":7.0,"enemies":"Orb Walker","floor":35.0,"turns":3.0},{"damage":0,"enemies":"3 Shapes","floor":37,"turns":2},{"damage":12,"enemies":"Writhing Mass","floor":38,"turns":6},{"damage":17,"enemies":"2 Orb Walkers","floor":39,"turns":3},{"damage":0,"enemies":"Giant Head","floor":40,"turns":6},{"damage":0,"enemies":"Nemesis","floor":42,"turns":3},{"damage":5,"enemies":"Jaw Worm Horde","floor":45,"turns":4},{"damage":5,"enemies":"Sphere and 2 Shapes","floor":48,"turns":3},{"damage":9,"enemies":"Awakened One","floor":50,"turns":10}],"seed_played":"5626082033820404948","potions_obtained":[{"floor":1.0,"key":"CunningPotion"},{"floor":13.0,"key":"ColorlessPotion"},{"floor":13.0,"key":"SkillPotion"},{"floor":18.0,"key":"Explosive Potion"}],"is_trial":false,"path_per_floor":["M","?","?","?","M","R","E","R","T","E","R","M","?","M","R","B",null,"M","M","?","M","$","E","R","E","T","M","R","M","M","$","R","B",null,"M","?","M","M","?","E","R","E","T","?","M","R","?","M","R","B",null],"character_chosen":"THE_SILENT","items_purchased":["Backflip","Pen Nib"],"campfire_rested":1,"item_purchase_floors":[22,31],"current_hp_per_floor":[45,45,34,34,32,32,14,35,35,25,25,25,25,25,25,14,56,43,45,45,45,45,51,51,55,55,62,62,70,70,70,70,59,67,63,53,59,55,42,52,52,58,58,58,59,59,59,62,62,63],"gold":660,"neow_bonus":"RANDOM_COLORLESS_2","is_daily":false,"chose_seed":false,"campfire_upgraded":9,"win_rate":0,"timestamp":1607616879,"path_taken":["M","?","?","?","?","R","E","R","T","E","R","M","?","M","R","BOSS","M","M","?","M","$","E","R","E","T","M","R","M","M","$","R","BOSS","M","?","M","M","?","E","R","E","T","?","M","R","?","?","R","BOSS"],"build_version":"2020-11-30","purchased_purges":2,"victory":true,"max_hp_per_floor":[70,70,70,70,70,70,70,70,70,70,70,70,70,70,70,70,70,70,70,70,70,70,70,70,70,70,70,70,70,70,70,70,70,70,70,70,70,70,70,70,70,70,70,70,70,70,70,70,70,70],"card_choices":[{"not_picked":["Metamorphosis","Magnetism"],"picked":"Panache","floor":0.0},{"not_picked":["Masterful Stab","Dodge and Roll"],"picked":"Calculated Gamble","floor":1.0},{"not_picked":["Calculated Gamble","Concentrate"],"picked":"Acrobatics","floor":5.0},{"not_picked":["Sucker Punch","Unload"],"picked":"Calculated Gamble","floor":7.0},{"not_picked":["Underhanded Strike","Predator","Poisoned Stab"],"picked":"SKIP","floor":10.0},{"not_picked":["Acrobatics","Catalyst"],"picked":"PiercingWail","floor":12.0},{"not_picked":["Prepared","Blade Dance"],"picked":"Cloak And Dagger","floor":14.0},{"not_picked":["Tools of the Trade","Corpse Explosion"],"picked":"Adrenaline","floor":16.0},{"not_picked":["Eviscerate+1","Flying Knee+1"],"picked":"Blade Dance+1","floor":18.0},{"not_picked":["Backflip+1","Bane+1"],"picked":"Escape Plan+1","floor":19.0},{"not_picked":["Leg Sweep","Deadly Poison"],"picked":"Noxious Fumes","floor":21.0},{"not_picked":["Underhanded Strike+1","Flying Knee+1"],"picked":"Flechettes+1","floor":23.0},{"not_picked":["Quick Slash+1","Deadly Poison","Masterful Stab+1"],"picked":"SKIP","floor":25.0},{"not_picked":["Acrobatics","Caltrops"],"picked":"Malaise","floor":27.0},{"not_picked":["Distraction","Leg Sweep","Calculated Gamble"],"picked":"SKIP","floor":29.0},{"not_picked":["Sucker Punch+1","Skewer+1","Quick Slash+1"],"picked":"SKIP","floor":30.0},{"not_picked":["Storm of Steel","Doppelganger"],"picked":"A Thousand Cuts","floor":33.0},{"not_picked":["Acrobatics+1","Outmaneuver"],"picked":"Cloak And Dagger","floor":35.0},{"not_picked":["Madness","Forethought"],"picked":"Finesse","floor":36},{"not_picked":["Forethought","Jack Of All Trades"],"picked":"Flash of Steel+1","floor":36},{"not_picked":["Bandage Up","Dramatic Entrance+1"],"picked":"Secret Technique","floor":36},{"not_picked":["Dagger Throw+1","PiercingWail+1"],"picked":"Tactician+1","floor":37},{"not_picked":["Sucker Punch+1","Flechettes+1"],"picked":"Backflip+1","floor":38},{"not_picked":["Bane+1","Escape Plan+1"],"picked":"Blade Dance+1","floor":39},{"not_picked":["Terror","Quick Slash+1"],"picked":"Backflip+1","floor":40},{"not_picked":["Expertise","Calculated Gamble"],"picked":"Tools of the Trade","floor":42},{"not_picked":["Underhanded Strike+1","Outmaneuver+1"],"picked":"Finisher+1","floor":45},{"not_picked":["Concentrate","Slice+1"],"picked":"Prepared+1","floor":48}],"player_experience":274491,"relics_obtained":[{"floor":7.0,"key":"Kunai"},{"floor":9.0,"key":"InkBottle"},{"floor":10.0,"key":"Ice Cream"},{"floor":17.0,"key":"Happy Flower"},{"floor":17.0,"key":"Molten Egg 2"},{"floor":17.0,"key":"Bird Faced Urn"},{"floor":23.0,"key":"Ancient Tea Set"},{"floor":25.0,"key":"Blood Vial"},{"floor":26.0,"key":"StrikeDummy"},{"floor":39,"key":"Old Coin"},{"floor":40,"key":"Bag of Marbles"},{"floor":42,"key":"Singing Bowl"},{"floor":43,"key":"Vajra"}],"event_choices":[{"damage_healed":0.0,"max_hp_gain":0.0,"max_hp_loss":0.0,"gold_gain":0.0,"cards_transformed":["Strike_G"],"event_name":"Living Wall","player_choice":"Change","floor":2.0,"gold_loss":0.0,"damage_taken":0.0,"cards_obtained":["Wraith Form v2"]},{"damage_healed":0.0,"max_hp_gain":0.0,"max_hp_loss":0.0,"gold_gain":75.0,"event_name":"World of Goop","player_choice":"Gather Gold","floor":3.0,"gold_loss":0.0,"damage_taken":11.0},{"damage_healed":0.0,"max_hp_gain":0.0,"max_hp_loss":0.0,"gold_gain":0.0,"event_name":"Match and Keep!","player_choice":"4 cards matched","floor":4.0,"gold_loss":0.0,"damage_taken":0.0,"cards_obtained":["Good Instincts","Storm of Steel","Terror","Neutralize"]},{"damage_healed":0.0,"max_hp_gain":0.0,"max_hp_loss":0.0,"gold_gain":0.0,"event_name":"The Woman in Blue","player_choice":"Bought 3 Potions","floor":13.0,"gold_loss":0.0,"damage_taken":0.0},{"damage_healed":0.0,"max_hp_gain":0.0,"max_hp_loss":0.0,"gold_gain":0.0,"event_name":"Addict","player_choice":"Obtained Relic","floor":20.0,"gold_loss":85.0,"damage_taken":0.0,"relics_obtained":["Regal Pillow"]},{"damage_healed":0,"gold_gain":0,"player_choice":"Memory 3","damage_taken":10,"max_hp_gain":0,"max_hp_loss":0,"event_name":"SensoryStone","floor":36,"gold_loss":0},{"damage_healed":0,"gold_gain":0,"player_choice":"Fight","damage_taken":0,"max_hp_gain":0,"max_hp_loss":0,"event_name":"Mysterious Sphere","floor":39,"gold_loss":0},{"damage_healed":0,"gold_gain":0,"player_choice":"Ignored","damage_taken":0,"max_hp_gain":0,"max_hp_loss":0,"event_name":"Tomb of Lord Red Mask","floor":44,"gold_loss":0},{"damage_healed":0,"gold_gain":0,"player_choice":"Upgraded","damage_taken":0,"max_hp_gain":0,"max_hp_loss":0,"event_name":"Upgrade Shrine","floor":47,"gold_loss":0,"cards_upgraded":["Neutralize"]}],"is_beta":false,"boss_relics":[{"not_picked":["Cursed Key","Runic Dome"],"picked":"Calling Bell"},{"not_picked":["Tiny House","Empty Cage"],"picked":"Sozu"}],"items_purged_floors":[22,31],"is_endless":false,"potions_floor_spawned":[1,14,18,21,27,30,33,39,40,42],"ascension_level":6}}