{"host":"5gc11emcm5chfr5t","time":1607641036,"event":{"mods":["BaseMod","StSLib","Better Note","Colored Map","Colored Powertips","Googly Eyes","Minty Spire (QoL Compilation)","2.2 Compatiblity","AchievementEnabler","Rare Cards Sparkle","Bestiary"],"gold_per_floor":[10,28,42,60,60,60,87,87,87,87,102,102,102,102,102,221,221,240,260,260,276,33,33,33],"floor_reached":23,"playtime":781,"items_purged":[],"score":220,"play_id":"7bcf6891-8a06-4b57-a0e4-76b5c129b965","local_time":"20201210175716","is_ascension_mode":true,"campfire_choices":[{"data":"Mayhem","floor":6,"key":"SMITH"},{"floor":12,"key":"REST"},{"data":"Limit Break","floor":15,"key":"SMITH"}],"circlet_count":0,"master_deck":["Strike_R+1","Strike_R+1","Strike_R+1","Strike_R+1","Strike_R+1","Defend_R+1","Defend_R+1","Defend_R+1","Bash","Mayhem+1","Cleave","Headbutt","Flame Barrier","Disarm","True Grit","Limit Break+1","Infernal Blade","Bludgeon","CurseOfTheBell","Havoc","Flex+1","Panacea"],"relics":["Burning Blood","Ornamental Fan","Kunai","Paper Frog","Golden Idol","Calling Bell","Tiny Chest","Blue Candle","Dead Branch","ClockworkSouvenir"],"acts_visited":["Exordium","TheCity"],"potions_floor_usage":[4,18,19,19,23],"damage_taken":[{"damage":0,"enemies":"Cultist","floor":1,"turns":5},{"damage":6,"enemies":"Small Slimes","floor":2,"turns":4},{"damage":13,"enemies":"Jaw Worm","floor":3,"turns":4},{"damage":12,"enemies":"Looter","floor":4,"turns":4},{"damage":57,"enemies":"Gremlin Nob","floor":7,"turns":6},{"damage":6,"enemies":"3 Louse","floor":11,"turns":4},{"damage":45,"enemies":"Slime Boss","floor":16,"turns":10},{"damage":27,"enemies":"Shell Parasite","floor":18,"turns":8},{"damage":41,"enemies":"Spheric Guardian","floor":19,"turns":7},{"damage":17,"enemies":"Cultist and Chosen","floor":21,"turns":7},{"damage":12,"enemies":"Gremlin Leader","floor":23,"turns":1}],"seed_played":"-3353734822359782965","potions_obtained":[{"floor":2,"key":"SkillPotion"},{"floor":11,"key":"SpeedPotion"},{"floor":16,"key":"Block Potion"},{"floor":18,"key":"ColorlessPotion"},{"floor":21,"key":"BlessingOfTheForge"}],"is_trial":false,"path_per_floor":["M","M","M","M","?","R","E","T","T","?","M","R","?","?","R","B",null,"M","M","?","M","$","E"],"character_chosen":"IRONCLAD","items_purchased":["ClockworkSouvenir","Panacea"],"campfire_rested":1,"item_purchase_floors":[22,22],"current_hp_per_floor":[80,80,73,67,67,67,16,16,16,16,16,38,38,62,62,23,74,53,18,18,7,7,0,0],"gold":33,"neow_bonus":"RANDOM_COLORLESS_2","is_daily":false,"chose_seed":false,"campfire_upgraded":2,"win_rate":0,"timestamp":1607641036,"path_taken":["M","?","M","M","?","R","E","?","T","?","M","R","?","?","R","BOSS","M","M","?","M","$","E"],"build_version":"2020-11-30","purchased_purges":0,"victory":false,"max_hp_per_floor":[80,80,80,80,80,80,80,80,80,74,74,74,74,74,74,74,74,74,74,74,74,74,74,74],"card_choices":[{"not_picked":["Magnetism","Chrysalis"],"picked":"Mayhem","floor":0},{"not_picked":["Sword Boomerang","Heavy Blade"],"picked":"Cleave","floor":1},{"not_picked":["Rage","Wild Strike"],"picked":"Headbutt","floor":2},{"not_picked":["Dropkick","Hemokinesis"],"picked":"Flame Barrier","floor":3},{"not_picked":["Cleave","Combust"],"picked":"Disarm","floor":4},{"not_picked":["Combust","Twin Strike"],"picked":"Limit Break","floor":7},{"not_picked":["Pommel Strike","Blood for Blood"],"picked":"Infernal Blade","floor":11},{"not_picked":["Berserk","Fiend Fire"],"picked":"Bludgeon","floor":16},{"not_picked":["Power Through+1","Disarm"],"picked":"Havoc","floor":18},{"not_picked":["Flex","Combust","Fire Breathing"],"picked":"SKIP","floor":19},{"not_picked":["Perfected Strike","Headbutt"],"picked":"Flex+1","floor":21}],"player_experience":308581,"relics_obtained":[{"floor":7,"key":"Ornamental Fan"},{"floor":8,"key":"Kunai"},{"floor":9,"key":"Paper Frog"},{"floor":17,"key":"Tiny Chest"},{"floor":17,"key":"Blue Candle"},{"floor":17,"key":"Dead Branch"}],"event_choices":[{"damage_healed":0,"gold_gain":0,"cards_transformed":["Defend_R"],"player_choice":"Change","damage_taken":0,"max_hp_gain":0,"max_hp_loss":0,"event_name":"Living Wall","floor":5,"gold_loss":0,"cards_obtained":["True Grit"]},{"damage_healed":0,"gold_gain":0,"player_choice":"Lose Max HP","damage_taken":0,"relics_obtained":["Golden Idol"],"max_hp_gain":0,"max_hp_loss":6,"event_name":"Golden Idol","floor":10,"gold_loss":0},{"damage_healed":0,"gold_gain":0,"player_choice":"Ignored","damage_taken":0,"max_hp_gain":0,"max_hp_loss":0,"event_name":"Golden Wing","floor":13,"gold_loss":0},{"damage_healed":24,"gold_gain":0,"player_choice":"Banana","damage_taken":0,"max_hp_gain":0,"max_hp_loss":0,"event_name":"Big Fish","floor":14,"gold_loss":0},{"damage_healed":0,"gold_gain":0,"player_choice":"Simplicity","damage_taken":0,"max_hp_gain":0,"max_hp_loss":0,"event_name":"Back to Basics","floor":20,"gold_loss":0,"cards_upgraded":["Strike_R","Strike_R","Strike_R","Strike_R","Strike_R","Defend_R","Defend_R","Defend_R"]}],"is_beta":false,"boss_relics":[{"not_picked":["Busted Crown","Empty Cage"],"picked":"Calling Bell"}],"items_purged_floors":[],"is_endless":false,"potions_floor_spawned":[2,11,16,18,21],"killed_by":"Gremlin Leader","ascension_level":3}}