{"host":"BK","time":1607561532,"event":{"gold_per_floor":[114,127,127,146,16,16,16,50,126,157,18,39,62,86,86,86,86],"floor_reached":16,"playtime":681,"items_purged":["Strike_G","Strike_G"],"score":224,"play_id":"1795c47a-e3da-4cf2-8720-a5fae18940db","local_time":"20201209175212","is_ascension_mode":true,"campfire_choices":[{"data":"Dagger Throw","floor":6,"key":"SMITH"},{"floor":15,"key":"REST"}],"neow_cost":"NONE","seed_source_timestamp":4281073777900,"circlet_count":0,"master_deck":["AscendersBane","Strike_G","Strike_G","Strike_G","Defend_G","Defend_G","Defend_G","Defend_G","Defend_G","Survivor","Neutralize","Crippling Poison","Masterful Stab","Wraith Form v2","Flying Knee","Dagger Throw+1","Glass Knife","Backflip","Noxious Fumes","PiercingWail","PiercingWail","Leg Sweep"],"relics":["HoveringKite","CeramicFish","The Courier","Happy Flower"],"potions_floor_usage":[8,10,13],"damage_taken":[{"damage":2,"enemies":"2 Louse","floor":1,"turns":3},{"damage":8,"enemies":"Cultist","floor":2,"turns":6},{"damage":3,"enemies":"Small Slimes","floor":4,"turns":4},{"damage":29,"enemies":"Gremlin Nob","floor":8,"turns":4},{"damage":13,"enemies":"Lagavulin","floor":10,"turns":8},{"damage":3,"enemies":"Blue Slaver","floor":12,"turns":3},{"damage":0,"enemies":"Lots of Slimes","floor":13,"turns":2},{"damage":0,"enemies":"Looter","floor":14,"turns":2},{"damage":21,"enemies":"Hexaghost","floor":16,"turns":11}],"seed_played":"3708964673043948047","potions_obtained":[{"floor":4,"key":"CunningPotion"},{"floor":8,"key":"AttackPotion"},{"floor":12,"key":"Poison Potion"}],"is_trial":false,"path_per_floor":["M","M","?","M","$","R","$","E","T","E","$","M","M","M","R","B"],"character_chosen":"THE_SILENT","items_purchased":["Dagger Throw","Backflip","Noxious Fumes"],"campfire_rested":1,"item_purchase_floors":[5,11,11],"current_hp_per_floor":[57,49,49,46,46,46,46,17,17,4,4,1,1,1,20,0,0],"gold":86,"neow_bonus":"BOSS_RELIC","is_prod":false,"is_daily":false,"chose_seed":false,"campfire_upgraded":1,"win_rate":0,"timestamp":1607561532,"path_taken":["M","M","?","M","$","R","?","E","T","E","$","M","M","M","R","BOSS"],"build_version":"2020-12-07","purchased_purges":2,"victory":false,"max_hp_per_floor":[66,66,66,66,66,66,66,66,66,66,66,66,66,66,66,66,66],"card_choices":[{"not_picked":["Bane","Poisoned Stab"],"picked":"Crippling Poison","floor":1},{"not_picked":["Choke","Escape Plan"],"picked":"Masterful Stab","floor":2},{"not_picked":["Backflip","Dodge and Roll"],"picked":"Flying Knee","floor":4},{"not_picked":["PiercingWail","Slice"],"picked":"Glass Knife","floor":8},{"not_picked":["Dodge and Roll","Riddle With Holes","Storm of Steel"],"picked":"SKIP","floor":10},{"not_picked":["Dagger Throw","Quick Slash"],"picked":"PiercingWail","floor":12},{"not_picked":["Prepared","Flechettes"],"picked":"PiercingWail","floor":13},{"not_picked":["Blade Dance","Infinite Blades"],"picked":"Leg Sweep","floor":14}],"player_experience":2337445,"relics_obtained":[{"floor":8,"key":"CeramicFish"},{"floor":9,"key":"The Courier"},{"floor":10,"key":"Happy Flower"}],"event_choices":[{"damage_healed":0,"gold_gain":0,"player_choice":"1 cards matched","damage_taken":0,"max_hp_gain":0,"max_hp_loss":0,"event_name":"Match and Keep!","floor":3,"gold_loss":0,"cards_obtained":["Wraith Form v2"]}],"is_beta":true,"boss_relics":[],"items_purged_floors":[5,11],"is_endless":false,"potions_floor_spawned":[4,8,12],"killed_by":"Hexaghost","ascension_level":20}}