{"host":"gk5m6v7zec9neb0j","time":1607592825,"event":{"gold_per_floor":[116,130,144,160,16,16,30,64,87,102,102,102,102,102,102,200,200,212,212,228,228,244,244,262,291,291,325,325,340,188,198,198,293,293,309,21,39,314,43,56,87,87,87,87,107,122,122,140,140,140,140,140,65,97,97,97],"floor_reached":55,"playtime":2991,"items_purged":["Strike_R","Strike_R","Regret"],"score":921,"play_id":"ed3de950-32ee-4786-bde2-74ab30229ee7","local_time":"20201210043345","is_ascension_mode":false,"campfire_choices":[{"data":"Bash","floor":6.0,"key":"SMITH"},{"data":"Entrench","floor":11.0,"key":"SMITH"},{"data":"Anger","floor":13.0,"key":"SMITH"},{"data":"Strike_R","floor":15.0,"key":"SMITH"},{"data":"Feed","floor":23.0,"key":"SMITH"},{"data":"Whirlwind","floor":32.0,"key":"SMITH"},{"data":"Barricade","floor":42.0,"key":"SMITH"},{"data":"Entrench","floor":47.0,"key":"SMITH"},{"data":"Seeing Red","floor":49.0,"key":"SMITH"},{"data":"Shrug It Off","floor":52.0,"key":"SMITH"}],"neow_cost":"","seed_source_timestamp":470683748966900,"circlet_count":0,"master_deck":["Strike_R+1","Strike_R","Defend_R","Defend_R","Defend_R","Defend_R","Bash+1","Anger+1","Entrench+1","Feed+1","Shrug It Off+1","Whirlwind+1","Battle Trance+1","Barricade+1","Entrench+1","Seeing Red+1","Headbutt+1","Spot Weakness"],"special_seed":0,"relics":["Black Blood","Kunai","Thread and Needle","Ancient Tea Set","ClockworkSouvenir","Juzu Bracelet","Toy Ornithopter","Singing Bowl","Pen Nib","Red Skull","Red Mask","SlaversCollar","TungstenRod","Bag of Preparation","Letter Opener","Vajra"],"potions_floor_usage":[54,55],"damage_taken":[{"damage":0.0,"enemies":"Jaw Worm","floor":1.0,"turns":3.0},{"damage":0.0,"enemies":"Cultist","floor":2.0,"turns":2.0},{"damage":6.0,"enemies":"Small Slimes","floor":3.0,"turns":4.0},{"damage":0.0,"enemies":"3 Louse","floor":4.0,"turns":4.0},{"damage":0.0,"enemies":"2 Fungi Beasts","floor":7.0,"turns":3.0},{"damage":14.0,"enemies":"Lagavulin","floor":8.0,"turns":6.0},{"damage":0.0,"enemies":"Gremlin Gang","floor":10.0,"turns":5.0},{"damage":40.0,"enemies":"Hexaghost","floor":16.0,"turns":9.0},{"damage":6.0,"enemies":"2 Thieves","floor":18.0,"turns":3.0},{"damage":8.0,"enemies":"3 Byrds","floor":20.0,"turns":5.0},{"damage":12.0,"enemies":"Snecko","floor":22.0,"turns":6.0},{"damage":18.0,"enemies":"3 Cultists","floor":24.0,"turns":5.0},{"damage":69.0,"enemies":"Book of Stabbing","floor":25.0,"turns":8.0},{"damage":0.0,"enemies":"Masked Bandits","floor":27.0,"turns":5.0},{"damage":4.0,"enemies":"Centurion and Healer","floor":29.0,"turns":14.0},{"damage":2.0,"enemies":"Chosen and Byrds","floor":31.0,"turns":7.0},{"damage":68.0,"enemies":"Automaton","floor":33.0,"turns":11.0},{"damage":19.0,"enemies":"3 Shapes","floor":35.0,"turns":19.0},{"damage":7.0,"enemies":"3 Darklings","floor":37.0,"turns":3.0},{"damage":28.0,"enemies":"Jaw Worm Horde","floor":40.0,"turns":6.0},{"damage":24.0,"enemies":"Reptomancer","floor":41.0,"turns":13.0},{"damage":0.0,"enemies":"4 Shapes","floor":45.0,"turns":9.0},{"damage":14.0,"enemies":"3 Darklings","floor":46.0,"turns":4.0},{"damage":0.0,"enemies":"Writhing Mass","floor":48.0,"turns":17.0},{"damage":51.0,"enemies":"Awakened One","floor":50.0,"turns":46.0},{"damage":132,"enemies":"Shield and Spear","floor":54,"turns":9},{"damage":71,"enemies":"The Heart","floor":55,"turns":12}],"seed_played":"8779723350156588602","potions_obtained":[{"floor":1.0,"key":"Energy Potion"},{"floor":4.0,"key":"Explosive Potion"},{"floor":10.0,"key":"Explosive Potion"},{"floor":16.0,"key":"AttackPotion"},{"floor":20.0,"key":"BlessingOfTheForge"},{"floor":22.0,"key":"Swift Potion"},{"floor":25.0,"key":"Dexterity Potion"},{"floor":37.0,"key":"BlessingOfTheForge"},{"floor":45.0,"key":"PowerPotion"},{"floor":54,"key":"Ancient Potion"}],"is_trial":false,"path_per_floor":["M","M","M","M","$","R","M","E","T","M","R","?","R","T","R","B",null,"M","?","M","?","M","R","M","E","T","?","$","M","$","M","R","B",null,"M","$","M","?","$","M","E","R","T","?","M","M","R","M","R","B",null,"R","$","E","B"],"character_chosen":"IRONCLAD","items_purchased":["Kunai","Anger","ClockworkSouvenir","BloodPotion","TungstenRod","Entrench","Seeing Red","Spot Weakness"],"campfire_rested":0,"item_purchase_floors":[0,0,5,30,36,39,39,53],"current_hp_per_floor":[53,59,59,65,65,65,71,63,63,69,69,62,62,62,62,33,80,83,83,88,88,93,93,91,41,41,64,64,78,78,94,94,43,117,116,116,123,123,123,111,106,106,106,106,124,129,129,145,145,110,149,149,149,65,0,0],"gold":97,"neow_bonus":"","is_prod":false,"is_daily":false,"chose_seed":false,"campfire_upgraded":10,"win_rate":0,"timestamp":1607592825,"path_taken":["M","M","M","M","$","R","M","E","T","M","R","?","R","?","R","BOSS","M","?","M","?","M","R","M","E","T","?","$","M","$","M","R","BOSS","M","$","M","?","$","M","E","R","T","?","M","M","R","M","R","BOSS","R","$","E","BOSS"],"build_version":"2020-11-30","purchased_purges":3,"victory":false,"max_hp_per_floor":[80,80,80,80,80,80,80,80,80,80,80,80,80,80,80,80,80,83,83,88,88,93,93,97,99,99,105,105,111,111,117,117,117,117,123,123,125,125,125,129,131,131,131,131,137,139,139,145,145,149,149,149,149,151,151,151],"relic_stats":{"Singing Bowl":26,"counters":[202,973],"Black Blood":1231,"Pen Nib":[27],"Juzu Bracelet":2,"Bag of Preparation":[12],"Kunai":[72],"Letter Opener":[127],"obtain_stats":[{"Ice Cream":0,"Calipers":0,"Gremlin Horn":24,"CeramicFish":11,"Vajra":19,"Whetstone":45,"Ginger":48,"Bottled Tornado":12,"Boot":40,"Old Coin":9,"Blood Vial":54,"Lizard Tail":25,"Centennial Puzzle":26,"HornCleat":54,"Sundial":43,"Strawberry":43,"Fusion Hammer":34,"Kunai":3,"Toxic Egg 2":25,"Girya":0,"Pear":6,"Happy Flower":0,"Dead Branch":13,"Blue Candle":9,"Eternal Feather":6,"Charon\u0027s Ashes":0,"Pen Nib":9,"Letter Opener":26,"War Paint":55,"Question Card":9,"Du-Vu Doll":43,"OrangePellets":0,"SlaversCollar":17,"Runic Dome":17,"Bottled Flame":54,"Shuriken":0,"Bronze Scales":0,"Bird Faced Urn":0,"Molten Egg 2":26,"Mark of Pain":34,"Nloth\u0027s Gift":20,"StrikeDummy":47,"Unceasing Top":0,"Pocketwatch":47,"Darkstone Periapt":26,"Regal Pillow":9,"Singing Bowl":42,"Black Blood":17,"StoneCalendar":0,"Mango":26,"Juzu Bracelet":3,"Incense Burner":0,"Bag of Preparation":41,"Ancient Tea Set":6,"Empty Cage":17,"Burning Blood":0,"ClockworkSouvenir":0,"Nunchaku":36,"Dream Catcher":25,"TheAbacus":37,"Matryoshka":27,"Mummified Hand":0,"Gambling Chip":13,"Tiny Chest":24,"WingedGreaves":11,"Red Mask":41,"Chemical X":0,"Red Skull":4,"Paper Frog":9,"Runic Pyramid":34,"Potion Belt":43,"Golden Idol":4,"Thread and Needle":0,"The Courier":13,"Omamori":13,"Orichalcum":20,"Frozen Egg 2":8,"Odd Mushroom":14,"MawBank":9,"White Beast Statue":2,"Mercury Hourglass":30,"Peace Pipe":0,"Anchor":12,"Orrery":0,"Turnip":13,"Bag of Marbles":0,"Art of War":26,"Membership Card":0,"Champion Belt":23,"FossilizedHelix":0,"Toy Ornithopter":9,"TungstenRod":36},{"Ice Cream":80,"Calipers":80,"Gremlin Horn":39,"CeramicFish":33,"Vajra":140,"Whetstone":46,"Ginger":104,"Bottled Tornado":137,"Boot":102,"Old Coin":4,"Blood Vial":49,"Lizard Tail":39,"Centennial Puzzle":39,"HornCleat":174,"Sundial":149,"Strawberry":124,"Fusion Hammer":98,"Kunai":2,"Toxic Egg 2":117,"Girya":50,"Pear":111,"Happy Flower":80,"Dead Branch":88,"Blue Candle":112,"Eternal Feather":25,"Charon\u0027s Ashes":50,"Pen Nib":56,"Letter Opener":67,"War Paint":79,"Question Card":135,"Du-Vu Doll":149,"OrangePellets":19,"SlaversCollar":36,"Runic Dome":61,"Bottled Flame":106,"Shuriken":0,"Bronze Scales":29,"Bird Faced Urn":129,"Molten Egg 2":165,"Mark of Pain":70,"Nloth\u0027s Gift":115,"StrikeDummy":47,"Unceasing Top":0,"Pocketwatch":172,"Darkstone Periapt":93,"Regal Pillow":157,"Singing Bowl":102,"Black Blood":16,"StoneCalendar":80,"Mango":141,"Juzu Bracelet":10,"Incense Burner":107,"Bag of Preparation":196,"Ancient Tea Set":84,"Empty Cage":160,"Burning Blood":0,"ClockworkSouvenir":0,"Nunchaku":42,"Dream Catcher":141,"TheAbacus":99,"Matryoshka":118,"Mummified Hand":50,"Gambling Chip":34,"Tiny Chest":92,"WingedGreaves":26,"Red Mask":148,"Chemical X":50,"Red Skull":32,"Paper Frog":33,"Runic Pyramid":41,"Potion Belt":102,"Golden Idol":2,"Thread and Needle":154,"The Courier":15,"Omamori":27,"Orichalcum":17,"Frozen Egg 2":25,"Odd Mushroom":28,"MawBank":13,"White Beast Statue":10,"Mercury Hourglass":69,"Peace Pipe":0,"Anchor":59,"Orrery":9,"Turnip":59,"Bag of Marbles":50,"Art of War":117,"Membership Card":0,"Champion Belt":66,"FossilizedHelix":129,"Toy Ornithopter":181,"TungstenRod":193},{"Ice Cream":388,"Calipers":388,"Gremlin Horn":203,"CeramicFish":177,"Vajra":586,"Whetstone":235,"Ginger":445,"Bottled Tornado":578,"Boot":443,"Old Coin":20,"Blood Vial":254,"Lizard Tail":203,"Centennial Puzzle":203,"HornCleat":729,"Sundial":607,"Strawberry":538,"Fusion Hammer":434,"Kunai":11,"Toxic Egg 2":496,"Girya":262,"Pear":468,"Happy Flower":388,"Dead Branch":406,"Blue Candle":470,"Eternal Feather":132,"Charon\u0027s Ashes":262,"Pen Nib":288,"Letter Opener":332,"War Paint":381,"Question Card":574,"Du-Vu Doll":607,"OrangePellets":106,"SlaversCollar":194,"Runic Dome":314,"Bottled Flame":448,"Shuriken":0,"Bronze Scales":164,"Bird Faced Urn":552,"Molten Egg 2":671,"Mark of Pain":351,"Nloth\u0027s Gift":488,"StrikeDummy":240,"Unceasing Top":0,"Pocketwatch":718,"Darkstone Periapt":419,"Regal Pillow":630,"Singing Bowl":443,"Black Blood":80,"StoneCalendar":388,"Mango":587,"Juzu Bracelet":50,"Incense Burner":454,"Bag of Preparation":876,"Ancient Tea Set":396,"Empty Cage":646,"Burning Blood":0,"ClockworkSouvenir":0,"Nunchaku":221,"Dream Catcher":587,"TheAbacus":436,"Matryoshka":499,"Mummified Hand":262,"Gambling Chip":183,"Tiny Chest":417,"WingedGreaves":139,"Red Mask":605,"Chemical X":262,"Red Skull":173,"Paper Frog":177,"Runic Pyramid":217,"Potion Belt":443,"Golden Idol":11,"Thread and Needle":621,"The Courier":70,"Omamori":150,"Orichalcum":95,"Frozen Egg 2":132,"Odd Mushroom":152,"MawBank":57,"White Beast Statue":50,"Mercury Hourglass":341,"Peace Pipe":0,"Anchor":301,"Orrery":48,"Turnip":301,"Bag of Marbles":262,"Art of War":496,"Membership Card":0,"Champion Belt":329,"FossilizedHelix":552,"Toy Ornithopter":757,"TungstenRod":854}],"Toy Ornithopter":40,"TungstenRod":50},"card_choices":[{"not_picked":["Sword Boomerang","Flex","Uppercut"],"picked":"SKIP","floor":1.0},{"not_picked":["Havoc","Perfected Strike","Headbutt"],"picked":"SKIP","floor":2.0},{"not_picked":["Power Through","Sword Boomerang","Heavy Blade"],"picked":"SKIP","floor":3.0},{"not_picked":["Armaments","Flame Barrier","Flex"],"picked":"SKIP","floor":4.0},{"not_picked":["Metallicize","Dropkick"],"picked":"Entrench","floor":7.0},{"not_picked":["Exhume","Juggernaut","Sword Boomerang"],"picked":"SKIP","floor":8.0},{"not_picked":["Clash","Power Through","Pommel Strike"],"picked":"SKIP","floor":10.0},{"not_picked":["Reaper","Impervious"],"picked":"Feed","floor":16.0},{"not_picked":["Entrench","Intimidate+1"],"picked":"Shrug It Off","floor":18.0},{"not_picked":["Ghostly Armor","Intimidate","Iron Wave"],"picked":"Singing Bowl","floor":20.0},{"not_picked":["Iron Wave","Clothesline","Pommel Strike"],"picked":"Singing Bowl","floor":22.0},{"not_picked":["Body Slam+1","Flame Barrier"],"picked":"Battle Trance+1","floor":24.0},{"not_picked":["Headbutt","Fiend Fire","Clash+1"],"picked":"Singing Bowl","floor":25.0},{"not_picked":["Rupture","Flame Barrier+1","Shockwave"],"picked":"Singing Bowl","floor":27.0},{"not_picked":["Thunderclap","Headbutt","Cleave"],"picked":"Singing Bowl","floor":29.0},{"not_picked":["Evolve","Sword Boomerang+1","Perfected Strike"],"picked":"Singing Bowl","floor":31.0},{"not_picked":["Bludgeon","Reaper"],"picked":"Barricade","floor":33.0},{"not_picked":["Power Through","Thunderclap+1","Clash+1"],"picked":"Singing Bowl","floor":35.0},{"not_picked":["Hemokinesis+1","Infernal Blade","True Grit"],"picked":"Singing Bowl","floor":37.0},{"not_picked":["Uppercut","Warcry+1"],"picked":"Headbutt+1","floor":40.0},{"not_picked":["Feel No Pain+1","Perfected Strike","Infernal Blade"],"picked":"Singing Bowl","floor":41.0},{"not_picked":["Sentinel","Rampage","Armaments"],"picked":"Singing Bowl","floor":45.0},{"not_picked":["True Grit","Sword Boomerang","Burning Pact+1"],"picked":"Singing Bowl","floor":46.0},{"not_picked":["Power Through","Iron Wave","Cleave"],"picked":"Singing Bowl","floor":48.0},{"not_picked":["Clothesline+1","Carnage","Blood for Blood"],"picked":"Singing Bowl","floor":54}],"player_experience":658335,"relics_obtained":[{"floor":8.0,"key":"Juzu Bracelet"},{"floor":9.0,"key":"Toy Ornithopter"},{"floor":14.0,"key":"Singing Bowl"},{"floor":25.0,"key":"Pen Nib"},{"floor":26.0,"key":"Red Skull"},{"floor":27.0,"key":"Red Mask"},{"floor":41.0,"key":"Bag of Preparation"},{"floor":43.0,"key":"Letter Opener"},{"floor":54,"key":"Vajra"}],"event_choices":[{"cards_removed":["Strike_R"],"damage_healed":0.0,"max_hp_gain":0.0,"max_hp_loss":0.0,"gold_gain":0.0,"event_name":"Golden Wing","player_choice":"Card Removal","floor":12.0,"gold_loss":0.0,"damage_taken":7.0},{"damage_healed":0.0,"max_hp_gain":0.0,"max_hp_loss":0.0,"gold_gain":0.0,"event_name":"The Library","player_choice":"Read","floor":19.0,"gold_loss":0.0,"damage_taken":0.0,"cards_obtained":["Whirlwind"]},{"damage_healed":0.0,"max_hp_gain":0.0,"max_hp_loss":0.0,"gold_gain":0.0,"event_name":"The Mausoleum","player_choice":"Ignored","floor":21.0,"gold_loss":0.0,"damage_taken":0.0},{"damage_healed":0.0,"max_hp_gain":0.0,"max_hp_loss":0.0,"gold_gain":0.0,"event_name":"Masked Bandits","player_choice":"Fought Bandits","floor":27.0,"gold_loss":0.0,"damage_taken":0.0},{"damage_healed":0.0,"max_hp_gain":0.0,"max_hp_loss":0.0,"gold_gain":275.0,"event_name":"Golden Shrine","player_choice":"Desecrate","floor":38.0,"gold_loss":0.0,"damage_taken":0.0,"cards_obtained":["Regret"]},{"damage_healed":0.0,"max_hp_gain":0.0,"max_hp_loss":0.0,"gold_gain":0.0,"event_name":"Mysterious Sphere","player_choice":"Ignored","floor":44.0,"gold_loss":0.0,"damage_taken":0.0}],"is_beta":false,"boss_relics":[{"not_picked":["Black Star","Runic Dome"],"picked":"Black Blood"},{"not_picked":["Runic Cube","Philosopher\u0027s Stone"],"picked":"SlaversCollar"}],"items_purged_floors":[0,30,39],"is_endless":false,"potions_floor_spawned":[1,4,10,16,20,22,25,31,37,40,45,54],"killed_by":"The Heart","ascension_level":0}}