{"host":"72u2l81w7bxoihz9","time":1607610866,"event":{"mods":["BaseMod","Friendly Minions","StSLib","【功能Mod】聪明的最终Boss","Marisa（F雨　魔理沙）","Replay The Spire","Shop Mod","UnlockEverythingMod","Minty Spire (QoL Compilation)","Remilia（蕾米莉亚）","Td1madao Mod","TestMod","The Construct","[IsaacMod]以撒尖塔","Aspiration","GifTheSpireLib","KinomotoSakuraMod(木之本樱)","vexMod","Prisma Mod","篝火指南","Downfall","Yuyuko","MostiFishMod","Spicy Shops","The Bug Knight","noobMod","Act Like it!","Hallownest","Hermit","Luminous","BetterRewards","Dota2Spire","Gensokyo","The Cursed","The Gatherer","TheWitcher","【东方二次创作】八云紫mod"],"gold_per_floor":[119,119,155,170,170,352,372,372,372,392,221,238,253,253,253,328,328,339,357,357,144,163,163,163,198,224,184,205,230,247,274,203,280,280,297,212,3,15,15,44,67,100,100,119,102,102,102,114,114,206,288],"floor_reached":52,"playtime":4663,"items_purged":["Doubt","Shrug It Off"],"score":3029,"play_id":"239c3506-eb37-4836-81ae-85db8f6f8e18","local_time":"20201210223426","is_ascension_mode":true,"campfire_choices":[{"data":"Heavy Blade","floor":15.0,"key":"SMITH"},{"data":"Limit Break","floor":23,"key":"SMITH"},{"data":"expansioncontent:StudyTheSpire","floor":49,"key":"SMITH"},{"data":"Metallicize","floor":49,"key":"SMITH"}],"circlet_count":1,"master_deck":["AscendersBane","Strike_R","Strike_R","Strike_R","Strike_R","Strike_R","Defend_R","Defend_R","Defend_R","Bash","testmod-BackupPower","Fiend Fire","Iron Wave","Heavy Blade+1","Perfected Strike+1","Body Slam","Limit Break+1","Shrug It Off+1","Flex+1","Replay:Undeath\u0027s Touch+1","Twin Strike","Cleave","Flame Barrier+1","Juggernaut","Hallownest:skillKingdomsEdgeMap","Replay:Undeath\u0027s Touch+1","Metallicize+1","expansioncontent:StudyTheSpire+1","Burn","Burn","Exhume","Demon Form"],"special_seed":0,"relics":["Burning Blood","testmod-TestBox","HushsDoor","ice","testmod-Fortitude","SteamSale","BionicSphere","testmod-Acrobat","MerchantsRug","Darkstone Periapt","Brimstone","Bottled Flame","testmod-Justice","vexMod:RockOfEvil","Potion Belt","TungstenRod","ForgetMeNow","NineLifeCat","Question Card","Hallownest:DreamNailRelic","Circlet","Old Coin","Letter Opener","aspiration:Lifesprig","ImportantClient","OneHitWonderSystem","Ring of Peace","Ring of Searing","testmod-OneHitWonder","testmod-Antiphasic","Tiny Chest","Unceasing Top","Dota2Spire:PowerTreads","SnafuTest:BearRelic","Blue Doll","Hallownest:BeastSealRelic","Pet Ghost","Garlic","Replay:Arrowhead"],"acts_visited":["Hallownest:Greenpath","Gensokyo:Gensokyoer"],"potions_floor_usage":[16,16,33,50,50,50,50],"damage_taken":[{"damage":0.0,"enemies":"Hallownest:monsterHuskWarrior","floor":1.0,"turns":2.0},{"damage":0.0,"enemies":"2_ Uuma","floor":4.0,"turns":2.0},{"damage":0.0,"enemies":"Hallownest:2_Baldur","floor":7.0,"turns":1.0},{"damage":0.0,"enemies":"Hallownest:monsterMossCharger","floor":10.0,"turns":2.0},{"damage":0.0,"enemies":"Hallownest:Guard_and_Warrior","floor":12.0,"turns":4.0},{"damage":0.0,"enemies":"Hallownest:monsterFoolEater","floor":13.0,"turns":2.0},{"damage":72,"enemies":"Hallownest:BossHornet","floor":16,"turns":11},{"damage":0,"enemies":"Gensokyo:CosmicMonolith","floor":18,"turns":2},{"damage":0,"enemies":"Gensokyo:Chomper","floor":19,"turns":2},{"damage":0,"enemies":"Gensokyo:Wraith","floor":22,"turns":1},{"damage":0,"enemies":"Gensokyo:Reisen","floor":25,"turns":1},{"damage":0,"enemies":"Gensokyo:Slime_Group","floor":28,"turns":1},{"damage":0,"enemies":"Gensokyo:Tenshi","floor":29,"turns":1},{"damage":0,"enemies":"Gensokyo:3_Gloops","floor":30,"turns":2},{"damage":0,"enemies":"Gensokyo:Koishi","floor":31,"turns":1},{"damage":0,"enemies":"Gensokyo:Eternal_Rivals","floor":33,"turns":6},{"damage":0,"enemies":"Hallownest:3_Siblings","floor":35,"turns":2},{"damage":0,"enemies":"Hallownest:2_Littles","floor":38,"turns":2},{"damage":0,"enemies":"Hallownest:StalkingDevout","floor":40,"turns":1},{"damage":0,"enemies":"Hallownest:2_Great","floor":41,"turns":2},{"damage":0,"enemies":"Hallownest:eliteHiveKnight","floor":42,"turns":1},{"damage":0,"enemies":"Hallownest:2_Wing_and_1_Kings","floor":44,"turns":2},{"damage":0,"enemies":"Hallownest:Shield_Sturdy","floor":48,"turns":1},{"damage":0,"enemies":"Hallownest:BossHollowKnight","floor":50,"turns":5},{"damage":0,"enemies":"Hallownest:Radiance","floor":51,"turns":3}],"seed_played":"1713172208081950535","potions_obtained":[{"floor":1.0,"key":"ColorlessPotion"},{"floor":4.0,"key":"construct:ShiftPotion"},{"floor":12.0,"key":"Fire Potion"},{"floor":16,"key":"Fire Potion"},{"floor":19,"key":"AttackPotion"},{"floor":22,"key":"Block Potion"},{"floor":30,"key":"SkillPotion"},{"floor":38,"key":"LifebloodPotion"},{"floor":41,"key":"Dexterity Potion"},{"floor":42,"key":"Block Potion"},{"floor":48,"key":"testmod-TestPotion"},{"floor":51,"key":"Elixir"}],"is_trial":false,"path_per_floor":["M","?","?","M","?","R","M","?","T","M","$","M","M","?","R","B",null,"M","M","?","$","M","R","?","E","T","?","M","E","M","E","R","B",null,"M","?","$","M","?","E","M","E","T","M","R","T","?","M","R","B","B",null],"character_chosen":"IRONCLAD","items_purchased":["testmod-Acrobat","MerchantsRug","testmod-BackupPower","Darkstone Periapt","Brimstone","Ying","Dota2Spire:UrnOfShadows","Doom Potion","Bottled Flame","Potion Belt","TungstenRod","Old Coin","MostiFishMod:NeverNightCountry+1","aspiration:Lifesprig","MostiFishMod:NeverNightCountry","testmod-OneHitWonder","Dota2Spire:PowerTreads","aspiration:Nostalgia","SnafuTest:BearRelic","Blue Doll","DollysMirror","Red Skull","expansioncontent:StudyTheSpire"],"campfire_rested":0,"item_purchase_floors":[0,0,0,0,0,0,0,0,0,0,0,6,6,11,11,21,32,32,37,37,37,37,45],"current_hp_per_floor":[10,10,10,10,10,10,32,37,37,37,37,56,56,56,56,34,1,2,1,7,1,1,1,1,1,1,1,1,1,1,1,1,5,1,1,1,1,3,1,1,2,1,1,1,1,1,1,1,1,7,3],"gold":288,"neow_bonus":"","is_daily":false,"chose_seed":false,"campfire_upgraded":4,"win_rate":0,"timestamp":1607610866,"path_taken":["M","?","?","M","?","R","M","?","T","M","$","?","M","?","R","BOSS","M","?","?","$","M","R","?","E","T","?","M","E","M","E","R","BOSS","M","?","$","?","?","E","M","E","T","M","R","?","?","M","R","BOSS","BOSS"],"build_version":"2020-11-30","purchased_purges":2,"victory":true,"max_hp_per_floor":[10,10,10,10,10,10,32,37,37,37,37,56,56,56,56,58,1,2,1,7,1,1,1,1,1,1,1,1,1,1,1,1,5,1,1,1,1,3,1,1,2,1,1,1,1,1,1,1,1,34,3],"card_choices":[{"not_picked":[],"picked":"ChaosCard","floor":0.0},{"not_picked":["Wild Strike","Shockwave"],"picked":"Iron Wave","floor":1.0},{"not_picked":["Underhanded Strike","Sweet of Phantom","hexamod:ShieldOfDarkness","Guardian:Reroute"],"picked":"SKIP","floor":4.0},{"not_picked":["Cleave","Armaments","Disarm"],"picked":"Shrug It Off","floor":7.0},{"not_picked":["Replay:Undeath\u0027s Touch","Sword Boomerang","Flame Barrier"],"picked":"Heavy Blade","floor":10.0},{"not_picked":["Flex","Clothesline","Armaments"],"picked":"Perfected Strike","floor":12.0},{"not_picked":["Fiend Fire","Pummel","Pommel Strike"],"picked":"Body Slam","floor":13.0},{"not_picked":["Reaper","Exhume","MostiFishMod:RacingGame"],"picked":"Limit Break","floor":16},{"not_picked":["ReplayTheSpireMod:Strike From Hell","Massacre","Feel No Pain","Reckless Charge"],"picked":"SKIP","floor":18},{"not_picked":["Cleave","Body Slam","Searing Blow"],"picked":"Shrug It Off+1","floor":19},{"not_picked":["Body Slam","Sentinel","Dark Embrace"],"picked":"Flex+1","floor":22},{"not_picked":["MostiFishMod:404NotFound","Perfected Strike","Havoc"],"picked":"Replay:Undeath\u0027s Touch+1","floor":25},{"not_picked":["Armaments","Headbutt","Clash"],"picked":"Twin Strike","floor":28},{"not_picked":["Seeing Red","Sever Soul","Body Slam"],"picked":"Cleave","floor":29},{"not_picked":["Clash","Pummel","Thunderclap","True Grit"],"picked":"SKIP","floor":30},{"not_picked":["Dark Embrace","Clothesline","Anger"],"picked":"Flame Barrier+1","floor":31},{"not_picked":["Reaper","Seek","All For One"],"picked":"Juggernaut","floor":33},{"not_picked":["Rage","Life Link","Havoc","Flex"],"picked":"SKIP","floor":35},{"not_picked":["Bloodletting","Rage","Dual Wield"],"picked":"Metallicize","floor":38},{"not_picked":["Run Through","MostiFishMod:UltimateDefense","Twin Strike","ReplayReversal"],"picked":"SKIP","floor":40},{"not_picked":["Defy Death","Abandon","ReplayTheSpireMod:Strike From Hell","Clothesline+1"],"picked":"SKIP","floor":41},{"not_picked":["Anger+1","True Grit","Iron Wave","Heavy Blade"],"picked":"SKIP","floor":42},{"not_picked":["Fire Breathing+1","ReplayTheSpireMod:Strike From Hell+1","Warcry","Bloodletting"],"picked":"SKIP","floor":44},{"not_picked":["Clothesline","Armaments","ReplayTheSpireMod:Strike From Hell","Pummel"],"picked":"SKIP","floor":48},{"not_picked":["MostiFishMod:PerfectStrikeMKII","MostiFishMod:HellRitual","Hemogenesis"],"picked":"Exhume","floor":50},{"not_picked":["Replay:Many Hands","Exhume","MostiFishMod:FlyOverUtopia"],"picked":"Demon Form","floor":51}],"player_experience":97382,"relics_obtained":[{"floor":1.0,"key":"Question Card"},{"floor":1.0,"key":"PrismaticShard"},{"floor":9.0,"key":"Letter Opener"},{"floor":16,"key":"ImportantClient"},{"floor":20,"key":"Ring of Peace"},{"floor":20,"key":"Ring of Searing"},{"floor":25,"key":"TheBible"},{"floor":26,"key":"testmod-Antiphasic"},{"floor":29,"key":"Tiny Chest"},{"floor":31,"key":"Unceasing Top"},{"floor":40,"key":"HowToJump"},{"floor":42,"key":"Pet Ghost"},{"floor":43,"key":"Garlic"},{"floor":46,"key":"Replay:Arrowhead"}],"event_choices":[],"is_beta":false,"boss_relics":[{"not_picked":["RhineFirstAidKit","TakeMeEscape"],"picked":"OneHitWonderSystem"},{"not_picked":[]},{"not_picked":["ReplayTheSpireMod:DimensionalGlitch","aspiration:RunicSpoon","Kintsugi"]}],"items_purged_floors":[21,21],"is_endless":false,"potions_floor_spawned":[1,4,12,16,19,22,30,31,38,41,42,48,51],"ascension_level":20}}