{"host":"59ckh7bj2z84pzgo","time":1607586376,"event":{"gold_per_floor":[110,129,144,144,154,172,172,187,211,123,138,167,185,215,215,338,338,350,360,279,298,298,298,327,347,347,347,388,441,524,610,610,780,780,804,1803,652,700,700,771,771,818,842,122,0,16,16,55,55,82,109],"floor_reached":52,"playtime":3590,"items_purged":["Pain"],"score":3163,"play_id":"7a1d8563-22f1-4fce-a08d-2fcb9ec63fc7","local_time":"20201210154616","is_ascension_mode":true,"campfire_choices":[{"data":"ReplayTheSpireMod:From All Sides","floor":7.0,"key":"SMITH"},{"data":"Replay:Bag of Tricks","floor":15.0,"key":"SMITH"},{"data":"Tools of the Trade","floor":23,"key":"SMITH"},{"data":"Night Terror","floor":27,"key":"SMITH"},{"data":"Malaise","floor":32,"key":"SMITH"},{"data":"Dramatic Entrance","floor":41,"key":"SMITH"},{"data":"Atom Bomb","floor":47,"key":"SMITH"},{"data":"Well Laid Plans","floor":49,"key":"SMITH"}],"neow_cost":"NONE","seed_source_timestamp":1918221773339,"circlet_count":0,"master_deck":["AscendersBane","Survivor+1","Dagger Throw","Tactician+1","REME_ShadowForm+1","Well Laid Plans+1","Prepared+1","Blade Dance+1","Replay:Bag of Tricks+1","Escape Plan","Atom Bomb+1","Tools of the Trade+1","ReplayTheSpireMod:The Works","Madness+1","Acrobatics","Night Terror+1","Backflip+1","Underhanded Strike","Malaise+1","Dramatic Entrance+1","Storm of Steel+1","Burst","Backflip+1","Wraith Form v2+1"],"special_seed":0,"relics":["Ring of the Snake","REME_ComplimentaryCards","testmod-TestBox","testmod-AscensionHeart","WarpedTongs","Lizard Tail","War Paint","testmod-KeyOfTheVoid","Blue Doll","REME_ArchaeologicalTools","REME_PuzzleBoxRelic","Omamori","TwistedFunnel","Vajra","Pear","Ancient Tea Set","Lantern","OrangePellets","testmod-ObsoleteBoomerang","Divine Protection","Juzu Bracelet","BargainBundle","Bottled Lightning","ReplayTheSpireMod:Ninjato","ReplayTheSpireMod:CursedCoin","Bag of Marbles","Red Mask","Pen Nib"],"potions_floor_usage":[24,25,33,48],"damage_taken":[{"damage":6.0,"enemies":"Jaw Worm","floor":1.0,"turns":5.0},{"damage":0.0,"enemies":"Cultist","floor":2.0,"turns":4.0},{"damage":9.0,"enemies":"Small Slimes","floor":3.0,"turns":3.0},{"damage":13.0,"enemies":"3 Louse","floor":5.0,"turns":3.0},{"damage":13.0,"enemies":"Exordium Thugs","floor":6.0,"turns":5.0},{"damage":4.0,"enemies":"Gremlin Gang","floor":8.0,"turns":4.0},{"damage":0.0,"enemies":"3 Louse","floor":11.0,"turns":3.0},{"damage":24.0,"enemies":"Replay:BlueRogue","floor":12.0,"turns":5.0},{"damage":0.0,"enemies":"2 Fungi Beasts","floor":13.0,"turns":2.0},{"damage":3.0,"enemies":"3 Sentries","floor":14.0,"turns":6.0},{"damage":4.0,"enemies":"Slime Boss","floor":16.0,"turns":5.0},{"damage":0.0,"enemies":"2 Thieves","floor":18.0,"turns":2.0},{"damage":0.0,"enemies":"Spheric Guardian","floor":19.0,"turns":2.0},{"damage":29,"enemies":"3 Cultists","floor":21,"turns":5},{"damage":4,"enemies":"Gremlin Leader","floor":24,"turns":4},{"damage":5,"enemies":"Snake Plant","floor":25,"turns":2},{"damage":0,"enemies":"Shelled Parasite and Fungi","floor":28,"turns":1},{"damage":4,"enemies":"Cultist and Chosen","floor":30,"turns":2},{"damage":11,"enemies":"Slavers","floor":31,"turns":5},{"damage":22,"enemies":"Pondfish","floor":33,"turns":7},{"damage":0,"enemies":"Orb Walker","floor":35,"turns":2},{"damage":17,"enemies":"3 Darklings","floor":38,"turns":4},{"damage":2,"enemies":"Nemesis","floor":40,"turns":5},{"damage":4,"enemies":"Giant Head","floor":42,"turns":3},{"damage":0,"enemies":"Sphere and 2 Shapes","floor":46,"turns":1},{"damage":0,"enemies":"Reptomancer","floor":48,"turns":1},{"damage":0,"enemies":"Time Eater","floor":50,"turns":3},{"damage":0,"enemies":"Donu and Deca","floor":51,"turns":4}],"seed_played":"4803596021371514749","potions_obtained":[{"floor":1.0,"key":"FairyPotion"},{"floor":2.0,"key":"Fire Potion"},{"floor":6.0,"key":"Venom Potion"},{"floor":14.0,"key":"PowerPotion"},{"floor":16.0,"key":"Elixir"},{"floor":21,"key":"Energy Potion"},{"floor":24,"key":"FearPotion"},{"floor":30,"key":"Elixir"},{"floor":38,"key":"ColorlessPotion"},{"floor":39,"key":"DistilledChaos"},{"floor":46,"key":"Fruit Juice"}],"is_trial":false,"path_per_floor":["M","M","M","?","M","M","R","M","T","$","M","E","M","E","R","B",null,"M","M","$","M","?","R","E","M","T","R","M","T","M","E","R","B",null,"M","?","$","M","?","E","R","E","T","$","?","M","R","E","R","B","B",null],"character_chosen":"THE_SILENT","items_purchased":["Blade Dance","Madness","TwistedFunnel","Vajra","Pear","Ancient Tea Set","Lantern","OrangePellets","Dramatic Entrance","ReplayTheSpireMod:Speed Training","BargainBundle","Bottled Lightning","ReplayTheSpireMod:Ninjato","ReplayTheSpireMod:CursedCoin","Backflip+1","Bag of Marbles"],"campfire_rested":0,"item_purchase_floors":[10,20,37,37,37,37,37,37,37,37,44,44,44,44,44,44],"current_hp_per_floor":[54,55,47,47,35,26,26,26,26,26,27,5,6,5,5,10,57,58,59,59,31,23,23,24,23,23,23,24,24,21,12,12,39,74,75,75,85,69,69,69,69,67,67,67,67,68,68,78,78,84,90],"gold":109,"neow_bonus":"REMOVE_CARD","is_prod":false,"is_daily":false,"chose_seed":false,"campfire_upgraded":8,"win_rate":0,"timestamp":1607586376,"path_taken":["M","M","M","?","M","?","R","M","T","$","M","E","M","E","R","BOSS","M","M","$","?","?","R","E","M","T","R","M","?","M","E","R","BOSS","M","?","$","M","?","E","R","E","T","$","?","M","R","E","R","BOSS","BOSS"],"build_version":"2020-11-30","purchased_purges":1,"victory":true,"max_hp_per_floor":[66,66,66,66,66,66,66,66,66,66,66,67,67,68,68,73,73,73,73,73,73,78,78,79,79,79,79,79,79,79,80,80,85,85,85,85,95,95,95,96,96,97,97,97,97,97,97,103,103,108,113],"card_choices":[{"not_picked":["Outmaneuver","Endless Agony"],"picked":"Dagger Throw","floor":1.0},{"not_picked":["Blade Dance","Slice"],"picked":"Tactician","floor":2.0},{"not_picked":["Bane","Deadly Poison"],"picked":"REME_ShadowForm","floor":3.0},{"not_picked":["Hidden Blade","Skewer"],"picked":"Well Laid Plans","floor":5.0},{"not_picked":["Acrobatics","Fluid Movement"],"picked":"Backstab","floor":6.0},{"not_picked":["Masterful Stab","Acrobatics"],"picked":"Prepared","floor":8.0},{"not_picked":["Cloak And Dagger","ReplayTheSpireMod:Exploit Weakness","Footwork"],"picked":"SKIP","floor":11.0},{"not_picked":["Poison Darts","Envenom"],"picked":"Replay:Bag of Tricks","floor":12.0},{"not_picked":["Outmaneuver","Underhanded Strike"],"picked":"Escape Plan","floor":13.0},{"not_picked":["REME_SpectralBlade","Night Terror"],"picked":"Atom Bomb","floor":14.0},{"not_picked":["ReplayTheSpireMod:From All Sides","Unload"],"picked":"Tools of the Trade","floor":16.0},{"not_picked":["Acrobatics","Draining Mist"],"picked":"ReplayTheSpireMod:The Works","floor":18.0},{"not_picked":["Slice","Dagger Throw","Footwork"],"picked":"SKIP","floor":19.0},{"not_picked":["Dagger Throw","REME_GrazeFinale"],"picked":"Acrobatics","floor":21},{"not_picked":["Grand Finale","REME_CopyPotion"],"picked":"Night Terror","floor":24},{"not_picked":["Slice","Deflect+1"],"picked":"Backflip+1","floor":25},{"not_picked":["Slice","Draining Mist"],"picked":"Masterful Stab+1","floor":28},{"not_picked":["Hidden Blade","Blur"],"picked":"Underhanded Strike","floor":30},{"not_picked":["ReplayTheSpireMod:From All Sides","Bullet Time"],"picked":"Malaise","floor":31},{"not_picked":["Dagger Throw","Underhanded Strike+1","Blade Dance"],"picked":"Shame","floor":35},{"not_picked":["REME_GreenPollution","Fluid Movement"],"picked":"Dash","floor":38},{"not_picked":["Envenom","Bullet Time"],"picked":"Storm of Steel","floor":40},{"not_picked":["Phantasmal Killer","REME_ShadowForm"],"picked":"Burst","floor":42},{"not_picked":["Blur","Caltrops"],"picked":"Sucker Punch","floor":46},{"not_picked":["Grand Finale","Die Die Die"],"picked":"Wraith Form v2","floor":48}],"player_experience":107883,"relics_obtained":[{"floor":12.0,"key":"Lizard Tail"},{"floor":14.0,"key":"War Paint"},{"floor":24,"key":"Blue Doll"},{"floor":26,"key":"REME_ArchaeologicalTools"},{"floor":29,"key":"REME_PuzzleBoxRelic"},{"floor":31,"key":"Omamori"},{"floor":40,"key":"testmod-ObsoleteBoomerang"},{"floor":42,"key":"Divine Protection"},{"floor":43,"key":"Juzu Bracelet"},{"floor":48,"key":"Pen Nib"}],"event_choices":[{"damage_healed":0.0,"max_hp_gain":0.0,"max_hp_loss":0.0,"gold_gain":0.0,"event_name":"Accursed Blacksmith","player_choice":"Rummage","floor":4.0,"gold_loss":0.0,"damage_taken":0.0,"relics_obtained":["WarpedTongs"],"cards_obtained":["Pain"]},{"damage_healed":0,"gold_gain":0,"player_choice":"Shed Blood","damage_taken":26,"max_hp_gain":5,"max_hp_loss":0,"event_name":"Forgotten Altar","floor":22,"gold_loss":0},{"damage_healed":0,"gold_gain":999,"player_choice":"Sell","damage_taken":0,"max_hp_gain":0,"max_hp_loss":0,"event_name":"¶÷ÂåË¹µÄÅÌ×Ó","floor":36,"relics_lost":["REME_DemonsWealth"],"gold_loss":0},{"damage_healed":0,"gold_gain":0,"player_choice":"Got Potions","damage_taken":0,"max_hp_gain":0,"max_hp_loss":0,"event_name":"Lab","floor":39,"gold_loss":0},{"damage_healed":0,"gold_gain":0,"player_choice":"Paid","damage_taken":0,"relics_obtained":["Red Mask"],"max_hp_gain":0,"max_hp_loss":0,"event_name":"Tomb of Lord Red Mask","floor":45,"gold_loss":122}],"is_beta":false,"boss_relics":[{"not_picked":["HoveringKite","testmod-Fanaticism"],"picked":"testmod-KeyOfTheVoid"},{"not_picked":["Cursed Key","Snecko Scales"],"picked":"REME_DemonsWealth"}],"items_purged_floors":[10],"is_endless":false,"potions_floor_spawned":[1,2,6,14,16,19,21,24,30,31,38,46],"ascension_level":20}}