{"host":"xodzlm10r37577ou","time":1607574693,"event":{"gold_per_floor":[110,201,201,218,234,234,249,260,305,305,62,62,94,114,114,114,114],"floor_reached":16,"playtime":567,"items_purged":["Defend_R"],"score":189,"play_id":"85d9c1a8-1f6b-42d8-8727-052f8b27c76e","local_time":"20201210123133","is_ascension_mode":true,"campfire_choices":[{"data":"Cleave","floor":6.0,"key":"SMITH"},{"data":"Replay:Undeath\u0027s Touch","floor":12.0,"key":"SMITH"},{"data":"Shrug It Off","floor":15,"key":"SMITH"},{"data":"Bash","floor":15,"key":"SMITH"}],"neow_cost":"NONE","seed_source_timestamp":420165050818400,"circlet_count":0,"master_deck":["AscendersBane","Strike_R","Strike_R","Strike_R","Strike_R","Defend_R","Defend_R","Defend_R","Bash+1","Shrug It Off+1","Cleave+1","Double Tap+1","Ghostly Armor","Replay:Undeath\u0027s Touch+1","Limit Break+1"],"special_seed":0,"relics":["Burning Blood","NeowsBlessing","PreservedInsect","Golden Egg","Ancient Tea Set","Strange Spoon","Replay:Arrowhead"],"potions_floor_usage":[13],"damage_taken":[{"damage":0.0,"enemies":"2 Louse","floor":1.0,"turns":1.0},{"damage":0.0,"enemies":"Small Slimes","floor":4.0,"turns":1.0},{"damage":0.0,"enemies":"Cultist","floor":5.0,"turns":1.0},{"damage":16.0,"enemies":"Blue Slaver","floor":7.0,"turns":5.0},{"damage":2.0,"enemies":"Large Slime","floor":8.0,"turns":7.0},{"damage":26,"enemies":"Lagavulin","floor":13,"turns":7},{"damage":16,"enemies":"Gremlin Gang","floor":14,"turns":6},{"damage":0,"enemies":"Fading Forest","floor":16,"turns":1}],"seed_played":"-6162764712890666380","potions_obtained":[{"floor":4.0,"key":"HeartOfIron"},{"floor":7.0,"key":"Strength Potion"},{"floor":14,"key":"ColorlessPotion"}],"is_trial":false,"path_per_floor":["M","?","?","M","M","R","M","M","T","?","$","R","E","M","R","B"],"character_chosen":"IRONCLAD","items_purchased":["Strange Spoon"],"campfire_rested":0,"item_purchase_floors":[11],"current_hp_per_floor":[74,50,45,51,57,57,47,51,51,51,51,51,31,21,21,21,21],"gold":114,"neow_bonus":"THREE_ENEMY_KILL","is_prod":false,"is_daily":false,"chose_seed":false,"campfire_upgraded":4,"win_rate":0,"timestamp":1607574693,"path_taken":["M","?","?","M","M","R","M","M","T","?","$","R","E","?","R","BOSS"],"build_version":"2020-11-30","purchased_purges":1,"victory":false,"max_hp_per_floor":[75,75,75,75,75,75,75,75,75,75,75,75,75,75,75,75,75],"card_choices":[{"not_picked":["Clash","Clothesline"],"picked":"Shrug It Off","floor":1.0},{"not_picked":["Havoc","Ghostly Armor"],"picked":"Cleave","floor":2.0},{"not_picked":["Perfected Strike","Sever Soul"],"picked":"Double Tap","floor":4.0},{"not_picked":["Warcry","Clash","Heavy Blade"],"picked":"SKIP","floor":5.0},{"not_picked":["Headbutt","Twin Strike"],"picked":"Ghostly Armor","floor":7.0},{"not_picked":["Barricade","Armaments"],"picked":"Replay:Undeath\u0027s Touch","floor":8.0},{"not_picked":["True Grit","Warcry"],"picked":"Limit Break","floor":13},{"not_picked":["Anger","Clothesline","Headbutt"],"picked":"SKIP","floor":14}],"player_experience":412828,"relics_obtained":[{"floor":2.0,"key":"PreservedInsect"},{"floor":9.0,"key":"Ancient Tea Set"},{"floor":13,"key":"Replay:Arrowhead"}],"event_choices":[{"damage_healed":0.0,"max_hp_gain":0.0,"max_hp_loss":0.0,"gold_gain":0.0,"event_name":"Scrap Ooze","player_choice":"Success","floor":3.0,"gold_loss":0.0,"damage_taken":5.0,"relics_obtained":["Golden Egg"]},{"cards_removed":["Strike_R"],"damage_healed":0.0,"max_hp_gain":0.0,"max_hp_loss":0.0,"gold_gain":0.0,"event_name":"Bonfire Elementals","player_choice":"Offered Basic","floor":10.0,"gold_loss":0.0,"damage_taken":0.0}],"is_beta":false,"boss_relics":[],"items_purged_floors":[11],"is_endless":false,"potions_floor_spawned":[4,7,14],"killed_by":"Fading Forest","ascension_level":17}}