{"host":"3l94tha3a4jgu0q4","time":1607581408,"event":{"gold_per_floor":[113,113,130,145,23,23,34,64,64,96,110,110,110],"floor_reached":12,"playtime":222,"items_purged":["Defend_P"],"score":135,"play_id":"a894d189-a13a-4770-a0d2-29fa817c80ee","local_time":"20201209222328","is_ascension_mode":true,"campfire_choices":[{"data":"Eruption","floor":6,"key":"SMITH"}],"neow_cost":"NONE","seed_source_timestamp":620391113383800,"circlet_count":0,"master_deck":["AscendersBane","Strike_P","Strike_P","Strike_P+1","Defend_P","Defend_P","Defend_P","Eruption+1","Vigilance","Meditate","Ragnarok+1","EmptyMind","Evaluate","EmptyBody","EmptyFist","Crescendo","LessonLearned"],"relics":["Coffee Dripper","Whetstone","Lantern","Bottled Lightning"],"potions_floor_usage":[10,10],"damage_taken":[{"damage":4,"enemies":"2 Louse","floor":1,"turns":4},{"damage":0,"enemies":"Cultist","floor":3,"turns":4},{"damage":2,"enemies":"Small Slimes","floor":4,"turns":3},{"damage":2,"enemies":"Blue Slaver","floor":7,"turns":3},{"damage":16,"enemies":"Lagavulin","floor":8,"turns":5},{"damage":4,"enemies":"3 Sentries","floor":10,"turns":3},{"damage":23,"enemies":"Exordium Thugs","floor":11,"turns":5},{"damage":14,"enemies":"Lagavulin","floor":12,"turns":3}],"seed_played":"-8165478554343466964","potions_obtained":[{"floor":1,"key":"AttackPotion"},{"floor":8,"key":"DuplicationPotion"},{"floor":10,"key":"StancePotion"},{"floor":11,"key":"SpeedPotion"}],"is_trial":false,"path_per_floor":["M","?","M","M","$","R","M","E","T","E","M","E"],"character_chosen":"WATCHER","items_purchased":["Evaluate"],"campfire_rested":0,"item_purchase_floors":[5],"current_hp_per_floor":[61,61,61,59,59,59,57,41,41,37,14,0,0],"gold":110,"neow_bonus":"BOSS_RELIC","is_prod":false,"is_daily":false,"chose_seed":false,"campfire_upgraded":1,"win_rate":0,"timestamp":1607581408,"path_taken":["M","?","M","?","$","R","M","E","T","E","M","E"],"build_version":"2020-11-30","purchased_purges":1,"victory":false,"max_hp_per_floor":[72,72,72,72,72,72,72,72,72,72,72,72,72],"card_choices":[{"not_picked":["DeceiveReality","FlyingSleeves"],"picked":"Meditate","floor":1},{"not_picked":["Prostrate","CrushJoints"],"picked":"Ragnarok","floor":3},{"not_picked":["CrushJoints","SashWhip"],"picked":"EmptyMind","floor":4},{"not_picked":["EmptyMind","Conclude"],"picked":"EmptyBody","floor":7},{"not_picked":["Swivel","FollowUp"],"picked":"EmptyFist","floor":8},{"not_picked":["SashWhip","Wireheading"],"picked":"Crescendo","floor":10},{"not_picked":["Crescendo","Meditate"],"picked":"LessonLearned","floor":11}],"player_experience":1858781,"relics_obtained":[{"floor":8,"key":"Whetstone"},{"floor":9,"key":"Lantern"},{"floor":10,"key":"Bottled Lightning"}],"event_choices":[{"cards_removed":["Strike_P"],"damage_healed":0,"gold_gain":0,"player_choice":"Purged","damage_taken":0,"max_hp_gain":0,"max_hp_loss":0,"event_name":"Purifier","floor":2,"gold_loss":0}],"is_beta":false,"boss_relics":[],"items_purged_floors":[5],"is_endless":false,"potions_floor_spawned":[1,8,10,11],"killed_by":"Lagavulin","ascension_level":10}}