{"host":"d9m9v0h6vo0edadb","time":1607601903,"event":{"gold_per_floor":[110,130,55,67,80,80,113,133,186,201,33,49,79,79,79,172,172,191,29,29,50,50,50,50,50],"floor_reached":24,"playtime":323,"items_purged":["Strike_R"],"score":416,"play_id":"ec90d75c-4a0e-49e7-b6e9-9e822a58299d","local_time":"20201210210503","is_ascension_mode":true,"campfire_choices":[{"data":"Carnage","floor":6.0,"key":"SMITH"},{"data":"Strike_R","floor":15.0,"key":"PURGE"},{"data":"Limit Break","floor":23,"key":"SMITH"}],"neow_cost":"NONE","seed_source_timestamp":91148136191000,"circlet_count":0,"master_deck":["AscendersBane","Strike_R","Strike_R","Strike_R","Defend_R","Defend_R","Defend_R","Defend_R","Bash","Carnage+1","Headbutt","Inflame","Wild Strike","Second Wind","Wild Strike","Double Tap","Spot Weakness","Limit Break+1","Disarm","Evolve"],"special_seed":0,"relics":["Burning Blood","NeowsBlessing","Peace Pipe","Centennial Puzzle","Orrery","Matryoshka","Golden Idol","Runic Cube","Red Skull"],"potions_floor_usage":[21,24],"damage_taken":[{"damage":0.0,"enemies":"Cultist","floor":1.0,"turns":1.0},{"damage":0.0,"enemies":"Jaw Worm","floor":2.0,"turns":1.0},{"damage":0.0,"enemies":"2 Louse","floor":4.0,"turns":1.0},{"damage":7.0,"enemies":"Looter","floor":5.0,"turns":3.0},{"damage":27.0,"enemies":"3 Sentries","floor":7.0,"turns":7.0},{"damage":16.0,"enemies":"Blue Slaver","floor":8.0,"turns":3.0},{"damage":5.0,"enemies":"3 Louse","floor":10.0,"turns":3.0},{"damage":7.0,"enemies":"Gremlin Gang","floor":12.0,"turns":6.0},{"damage":11.0,"enemies":"Gremlin Nob","floor":13.0,"turns":3.0},{"damage":27.0,"enemies":"Hexaghost","floor":16.0,"turns":8.0},{"damage":20.0,"enemies":"Spheric Guardian","floor":18.0,"turns":4.0},{"damage":36,"enemies":"2 Thieves","floor":21,"turns":5},{"damage":17,"enemies":"Slavers","floor":24,"turns":1}],"seed_played":"-2346462077405424150","potions_obtained":[{"floor":2.0,"key":"SneckoOil"},{"floor":4.0,"key":"BlessingOfTheForge"},{"floor":12.0,"key":"AttackPotion"},{"floor":13.0,"key":"SkillPotion"},{"floor":16.0,"key":"Fire Potion"}],"is_trial":false,"path_per_floor":["M","M","$","M","M","R","E","M","T","M","$","M","E","?","R","B",null,"M","$","?","M","?","R","E"],"character_chosen":"IRONCLAD","items_purchased":["Orrery","Red Skull"],"campfire_rested":0,"item_purchase_floors":[11,19],"current_hp_per_floor":[74,75,75,75,74,74,53,43,43,44,44,43,38,38,38,17,55,41,41,41,11,11,11,0,0],"gold":50,"neow_bonus":"THREE_ENEMY_KILL","is_prod":false,"is_daily":false,"chose_seed":false,"campfire_upgraded":2,"win_rate":0,"timestamp":1607601903,"path_taken":["M","?","$","M","M","R","E","M","T","M","$","M","E","?","R","BOSS","M","$","?","M","?","R","E"],"build_version":"2020-11-30","purchased_purges":1,"victory":false,"max_hp_per_floor":[75,75,75,75,75,75,75,75,75,75,75,75,75,68,68,68,68,68,68,68,68,68,68,68,68],"card_choices":[{"not_picked":["Iron Wave","Havoc","Body Slam"],"picked":"SKIP","floor":1.0},{"not_picked":["Warcry","Thunderclap"],"picked":"Carnage","floor":2.0},{"not_picked":["Flex","Anger","Bloodletting"],"picked":"SKIP","floor":4.0},{"not_picked":["Metallicize","Intimidate"],"picked":"Headbutt","floor":5.0},{"not_picked":["Entrench","Perfected Strike"],"picked":"Inflame","floor":7.0},{"not_picked":["Headbutt","Bloodletting","Perfected Strike"],"picked":"SKIP","floor":8.0},{"not_picked":["Iron Wave","Blood for Blood"],"picked":"Wild Strike","floor":10.0},{"not_picked":["Clash","Bludgeon"],"picked":"Second Wind","floor":11.0},{"not_picked":["Flex","Warcry"],"picked":"Wild Strike","floor":11.0},{"not_picked":["Iron Wave","Sword Boomerang"],"picked":"Double Tap","floor":11.0},{"not_picked":["Sword Boomerang","Wild Strike"],"picked":"Spot Weakness","floor":12.0},{"not_picked":["True Grit","Exhume"],"picked":"Limit Break","floor":13.0},{"not_picked":["True Grit","Intimidate+1"],"picked":"Disarm","floor":18.0},{"not_picked":["Pommel Strike","Evolve","Wild Strike"],"picked":"SKIP","floor":21}],"player_experience":930724,"relics_obtained":[{"floor":7.0,"key":"Peace Pipe"},{"floor":9.0,"key":"Centennial Puzzle"},{"floor":13.0,"key":"Matryoshka"}],"event_choices":[{"damage_healed":0.0,"max_hp_gain":0.0,"max_hp_loss":7.0,"gold_gain":0.0,"event_name":"Golden Idol","player_choice":"Lose Max HP","floor":14.0,"gold_loss":0.0,"damage_taken":0.0,"relics_obtained":["Golden Idol"]},{"damage_healed":0.0,"max_hp_gain":0.0,"max_hp_loss":0.0,"gold_gain":0.0,"event_name":"The Library","player_choice":"Read","floor":20.0,"gold_loss":0.0,"damage_taken":0.0,"cards_obtained":["Evolve"]},{"damage_healed":0,"gold_gain":0,"player_choice":"Ignored","damage_taken":0,"max_hp_gain":0,"max_hp_loss":0,"event_name":"Cursed Tome","floor":22,"gold_loss":0}],"is_beta":false,"boss_relics":[{"not_picked":["Ectoplasm","Velvet Choker"],"picked":"Runic Cube"}],"items_purged_floors":[3],"is_endless":false,"potions_floor_spawned":[2,4,12,13,16],"killed_by":"Slavers","ascension_level":20}}