{"host":"nvwxkcurnqq848ao","time":1607578023,"event":{"gold_per_floor":[115,115,115,128,128,157,8,20,20,20,32,52,77,91,91,186,186,205,205,205,228,228,228,6,36,86,86,103,113,128,142,142,249,249,283,333,369,112,165,201,201,228,228,253,280,280,380,380,380,380,380,380,47,84,84],"floor_reached":56,"playtime":3830,"items_purged":["Grand Finale"],"score":1570,"play_id":"36aa145f-76c1-4745-bf38-c71f3818aa56","local_time":"20201209232703","is_ascension_mode":true,"campfire_choices":[{"data":"Envenom","floor":15.0,"key":"SMITH"},{"floor":23.0,"key":"REST"},{"data":"infinitespire:TheBestDefense","floor":27,"key":"SMITH"},{"floor":32,"key":"REST"},{"floor":41,"key":"REST"},{"floor":46,"key":"RECALL"},{"data":"infinitespire:SevenWalls","floor":49,"key":"SMITH"},{"data":"A Thousand Cuts","floor":52,"key":"SMITH"}],"neow_cost":"NONE","seed_source_timestamp":2495170825631900,"circlet_count":0,"master_deck":["Survivor","Neutralize","Backstab","ReplayTheSpireMod:Tripwire","Escape Plan","Noxious Fumes","Accuracy","Envenom+1","Blade Dance","A Thousand Cuts+1","Replay:Poison Smokescreen","Poisoned Stab","PiercingWail","Sneak Up","Backstab","Concentrate","Guardian:WeakpointTargeting","Fluid Movement","Bane","infinitespire:TheBestDefense+1","infinitespire:SevenWalls+1","ReplayTheSpireMod:Tripwire","ReplayTheSpireMod:Speed Training","Dagger Spray","PiercingWail","Catalyst+1","All Out Attack+1","Reaper","Escape Plan","Well Laid Plans+1","ReplayTheSpireMod:Splinters","Distraction+1","Blade Dance","Backstab+1","Prepared","ReplayTheSpireMod:Scrap Shanks+1","All Out Attack+1","infinitespire:Collect","Cloak And Dagger","Hidden Blade","A Thousand Cuts"],"special_seed":0,"relics":["m_GuardianBlood","NeowsBlessing","infinitespire:Cubic Diamond","The Specimen","Happy Flower","OrangePellets","Mercury Hourglass","Potion Belt","Pandora\u0027s Box","Simple Rune","Medical Kit","Dream Catcher","Replay:Baseball","infinitespire:EvilPickle","WristBlade","Vampiric Spirits","ReplayTheSpireMod:Ninjato","Meat on the Bone","Pen Nib","Gremlin Horn","Shuriken","Lantern"],"potions_floor_usage":[30,42,45,50,50,54,55,55],"damage_taken":[{"damage":0.0,"enemies":"Small Slimes","floor":1.0,"turns":1.0},{"damage":0.0,"enemies":"Jaw Worm","floor":4.0,"turns":1.0},{"damage":0.0,"enemies":"Lagavulin","floor":6.0,"turns":1.0},{"damage":0.0,"enemies":"Cultist","floor":8.0,"turns":5.0},{"damage":0.0,"enemies":"Looter","floor":11.0,"turns":3.0},{"damage":2.0,"enemies":"Exordium Thugs","floor":12.0,"turns":4.0},{"damage":32.0,"enemies":"Gremlin Nob","floor":13.0,"turns":6.0},{"damage":5.0,"enemies":"Exordium Wildlife","floor":14.0,"turns":3.0},{"damage":35.0,"enemies":"Hexaghost","floor":16.0,"turns":9.0},{"damage":24.0,"enemies":"2 Thieves","floor":18.0,"turns":5.0},{"damage":20,"enemies":"Slavers","floor":25,"turns":6},{"damage":2,"enemies":"Chosen","floor":28,"turns":5},{"damage":13,"enemies":"Shelled Parasite and Fungi","floor":29,"turns":6},{"damage":13,"enemies":"Sentry and Sphere","floor":30,"turns":4},{"damage":3,"enemies":"Snake Plant","floor":31,"turns":5},{"damage":38,"enemies":"Pondfish","floor":33,"turns":8},{"damage":0,"enemies":"Orb Walker","floor":35,"turns":3},{"damage":79,"enemies":"2 Orb Walkers","floor":36,"turns":7},{"damage":7,"enemies":"3 Shapes","floor":37,"turns":4},{"damage":51,"enemies":"R_Hoarder","floor":40,"turns":8},{"damage":9,"enemies":"Spire Growth","floor":42,"turns":5},{"damage":0,"enemies":"4 Shapes","floor":44,"turns":4},{"damage":0,"enemies":"Jaw Worm Horde","floor":45,"turns":4},{"damage":40,"enemies":"Donu and Deca","floor":50,"turns":8},{"damage":88,"enemies":"Shield and Spear","floor":54,"turns":7},{"damage":95,"enemies":"The Heart","floor":55,"turns":9}],"seed_played":"-3900744097572551024","potions_obtained":[{"floor":4.0,"key":"Weak Potion"},{"floor":8.0,"key":"BlessingOfTheForge"},{"floor":13.0,"key":"Ancient Potion"},{"floor":14.0,"key":"SpeedPotion"},{"floor":18.0,"key":"FairyPotion"},{"floor":29,"key":"SkillPotion"},{"floor":31,"key":"Elixir"},{"floor":33,"key":"FairyPotion"},{"floor":35,"key":"Energy Potion"},{"floor":40,"key":"Explosive Potion"},{"floor":44,"key":"ColorlessPotion"},{"floor":45,"key":"Guardian:BlockOnCardUsePotion"},{"floor":54,"key":"Swift Potion"}],"is_trial":false,"path_per_floor":["M","?","?","M","?","E","$","M","T","$","M","M","E","M","R","B",null,"M","?","?","T","AVR","R","$","E","T","R","M","M","M","M","R","B",null,"M","?","M","$","?","E","R","M","T","M","M","R","?","AVR","R","B",null,"R","$","E","B",null],"character_chosen":"THE_SILENT","items_purchased":["OrangePellets","ReplayTheSpireMod:Tripwire","Medical Kit","ReplayTheSpireMod:Ninjato","Shuriken","Cloak And Dagger","Hidden Blade"],"campfire_rested":3,"item_purchase_floors":[7,24,24,38,53,53,53],"current_hp_per_floor":[63,63,63,69,69,70,70,70,70,70,70,70,44,45,45,16,57,39,26,26,26,26,48,48,34,34,34,38,31,24,27,49,17,61,67,28,43,43,43,23,45,64,64,75,75,75,75,75,75,53,70,70,70,47,38],"gold":84,"neow_bonus":"THREE_ENEMY_KILL","is_prod":false,"is_daily":false,"chose_seed":false,"campfire_upgraded":4,"win_rate":0,"timestamp":1607578023,"path_taken":["M","?","?","?","?","E","?","M","T","?","M","M","E","M","R","BOSS","M","?","?","?","AVR","R","$","E","T","R","M","M","M","M","R","BOSS","M","?","M","$","?","E","R","M","T","M","M","R","?","AVR","R","BOSS","R","$","E","BOSS"],"build_version":"2020-11-30","purchased_purges":1,"victory":true,"max_hp_per_floor":[70,70,70,70,70,70,70,70,70,70,70,70,70,70,70,70,70,70,75,75,75,75,75,75,75,75,75,75,75,75,75,75,75,75,75,75,75,75,75,75,75,75,75,75,75,75,75,75,75,75,75,75,75,75,75],"card_choices":[{"not_picked":["PiercingWail","Deadly Poison"],"picked":"Draining Mist","floor":1.0},{"not_picked":["Flex","Heavy Blade"],"picked":"Backstab","floor":4.0},{"not_picked":["Guardian:RefractedBeam","Blur"],"picked":"ReplayTheSpireMod:Tripwire","floor":6.0},{"not_picked":["Outmaneuver","Endless Agony"],"picked":"Escape Plan","floor":8.0},{"not_picked":["Deflect","Hidden Blade"],"picked":"Noxious Fumes","floor":11.0},{"not_picked":["Endless Agony","Dodge and Roll"],"picked":"Accuracy","floor":12.0},{"not_picked":["Endless Agony","Skewer"],"picked":"Envenom","floor":13.0},{"not_picked":["Backflip","Bouncing Flask"],"picked":"Blade Dance","floor":14.0},{"not_picked":["Unload","Adrenaline"],"picked":"A Thousand Cuts","floor":16.0},{"not_picked":["Deadly Poison","Dagger Throw"],"picked":"Bane","floor":18.0},{"not_picked":["Dodge and Roll","Dagger Throw"],"picked":"ReplayTheSpireMod:Speed Training","floor":25},{"not_picked":["Twin Strike","Phantasmal Killer"],"picked":"Dagger Spray","floor":28},{"not_picked":["Outmaneuver+1","Guardian:Gem_Red"],"picked":"PiercingWail","floor":29},{"not_picked":["Guardian:Gem_Red","Pummel"],"picked":"Catalyst+1","floor":30},{"not_picked":["Predator","Quick Slash","Sucker Punch"],"picked":"SKIP","floor":31},{"not_picked":["Flex","Dash"],"picked":"All Out Attack+1","floor":32},{"not_picked":["Die Die Die","Demon Form"],"picked":"Reaper","floor":33},{"not_picked":["Dagger Throw+1","Dash+1"],"picked":"Escape Plan","floor":35},{"not_picked":["Predator+1","Finisher"],"picked":"Well Laid Plans+1","floor":37},{"not_picked":["Blur","Dagger Spray"],"picked":"Distraction+1","floor":39},{"not_picked":["All Out Attack","Dodge and Roll"],"picked":"Blade Dance","floor":39},{"not_picked":["Poisoned Stab+1","Sucker Punch"],"picked":"Backstab+1","floor":40},{"not_picked":["Flechettes+1","Sucker Punch+1"],"picked":"Prepared","floor":41},{"not_picked":["Terror","Deadly Poison"],"picked":"ReplayTheSpireMod:Scrap Shanks+1","floor":42},{"not_picked":["Toxin Wave","Sucker Punch","Poisoned Stab+1"],"picked":"SKIP","floor":44},{"not_picked":["Underhanded Strike+1","Outmaneuver"],"picked":"All Out Attack+1","floor":45},{"not_picked":["PiercingWail+1","Expertise"],"picked":"A Thousand Cuts","floor":54}],"player_experience":501417,"relics_obtained":[{"floor":6.0,"key":"Happy Flower"},{"floor":9.0,"key":"Mercury Hourglass"},{"floor":13.0,"key":"Potion Belt"},{"floor":25,"key":"Dream Catcher"},{"floor":26,"key":"Replay:Baseball"},{"floor":36,"key":"Vampiric Spirits"},{"floor":39,"key":"Meat on the Bone"},{"floor":40,"key":"Pen Nib"},{"floor":43,"key":"Gremlin Horn"},{"floor":54,"key":"Lantern"}],"event_choices":[{"cards_removed":["Draining Mist"],"damage_healed":0.0,"max_hp_gain":0.0,"max_hp_loss":0.0,"gold_gain":0.0,"event_name":"WeMeetAgain","player_choice":"Gave Card","floor":3.0,"gold_loss":0.0,"damage_taken":0.0,"relics_obtained":["The Specimen"]},{"damage_healed":0.0,"max_hp_gain":5.0,"max_hp_loss":0.0,"gold_gain":0.0,"event_name":"Forgotten Altar","player_choice":"Shed Blood","floor":19.0,"gold_loss":0.0,"damage_taken":18.0},{"cards_removed":["Guardian:GuardianWhirl"],"damage_healed":0.0,"max_hp_gain":0.0,"max_hp_loss":0.0,"gold_gain":0.0,"event_name":"Back to Basics","player_choice":"Elegance","floor":20.0,"gold_loss":0.0,"damage_taken":0.0},{"damage_healed":0,"gold_gain":0,"player_choice":"Fight","damage_taken":0,"max_hp_gain":0,"max_hp_loss":0,"event_name":"Mysterious Sphere","floor":36,"gold_loss":0},{"damage_healed":0,"gold_gain":100,"player_choice":"Pray","damage_taken":0,"max_hp_gain":0,"max_hp_loss":0,"event_name":"Golden Shrine","floor":47,"gold_loss":0}],"is_beta":false,"boss_relics":[{"not_picked":["Kintsugi","Ring of Chaos"],"picked":"Pandora\u0027s Box"},{"not_picked":["SlaversCollar","Velvet Choker"],"picked":"WristBlade"}],"items_purged_floors":[22],"is_endless":false,"potions_floor_spawned":[4,8,13,14,18,29,31,33,35,40,44,45,54],"ascension_level":8}}