{"host":"27hat5v0dffgaxzm","time":1607624012,"event":{"mods":["BaseMod","Highlight Path","Minty Spire (QoL Compilation)","Quick Restart","Permanent Neow","Colored Map","Colored Powertips"],"gold_per_floor":[17,17,17,40,55,55,79,79,79,79,79,79],"floor_reached":11,"playtime":343,"items_purged":[],"score":126,"play_id":"a070df77-9295-4998-b6b5-3d66a57859a7","local_time":"20201211031332","is_ascension_mode":true,"campfire_choices":[{"data":"Concentrate","floor":6,"key":"SMITH"},{"data":"Calculated Gamble","floor":8,"key":"SMITH"},{"data":"Tools of the Trade","floor":10,"key":"SMITH"}],"circlet_count":0,"master_deck":["AscendersBane","Strike_G","Strike_G","Strike_G","Strike_G","Strike_G","Defend_G","Defend_G","Defend_G","Defend_G","Survivor","Neutralize","Tools of the Trade+1","Backflip","Calculated Gamble+1","Concentrate+1","Underhanded Strike"],"relics":["Ring of the Snake","Golden Idol","Pantograph"],"acts_visited":["Exordium"],"potions_floor_usage":[5,7],"damage_taken":[{"damage":0,"enemies":"Jaw Worm","floor":1,"turns":6},{"damage":2,"enemies":"2 Louse","floor":4,"turns":3},{"damage":2,"enemies":"Small Slimes","floor":5,"turns":4},{"damage":8,"enemies":"Looter","floor":7,"turns":4},{"damage":17,"enemies":"Gremlin Nob","floor":11,"turns":3}],"seed_played":"-1092134752041204759","potions_obtained":[{"floor":1,"key":"SkillPotion"},{"floor":4,"key":"SneckoOil"}],"is_trial":false,"path_per_floor":["M","?","?","M","M","R","M","R","T","R","E"],"character_chosen":"THE_SILENT","items_purchased":[],"campfire_rested":0,"item_purchase_floors":[],"current_hp_per_floor":[59,36,29,27,25,25,17,17,17,17,0,0],"gold":79,"neow_bonus":"THREE_RARE_CARDS","is_daily":false,"chose_seed":false,"campfire_upgraded":3,"win_rate":0,"timestamp":1607624012,"path_taken":["M","?","?","M","M","R","M","R","T","R","E"],"build_version":"2020-11-30","purchased_purges":0,"victory":false,"max_hp_per_floor":[66,66,66,66,66,66,66,66,66,66,66,66],"card_choices":[{"not_picked":["Venomology","Unload"],"picked":"Tools of the Trade","floor":0},{"not_picked":["Distraction","Endless Agony"],"picked":"Backflip","floor":1},{"not_picked":["Blade Dance","Blur"],"picked":"Calculated Gamble","floor":4},{"not_picked":["Dagger Throw","Backflip"],"picked":"Concentrate","floor":5},{"not_picked":["Flechettes","Terror"],"picked":"Underhanded Strike","floor":7}],"player_experience":295803,"relics_obtained":[{"floor":9,"key":"Pantograph"}],"event_choices":[{"damage_healed":0,"gold_gain":0,"player_choice":"Take Damage","damage_taken":23,"relics_obtained":["Golden Idol"],"max_hp_gain":0,"max_hp_loss":0,"event_name":"Golden Idol","floor":2,"gold_loss":0},{"cards_removed":["Defend_G"],"damage_healed":0,"gold_gain":0,"player_choice":"Card Removal","damage_taken":7,"max_hp_gain":0,"max_hp_loss":0,"event_name":"Golden Wing","floor":3,"gold_loss":0}],"is_beta":false,"boss_relics":[],"items_purged_floors":[],"is_endless":false,"potions_floor_spawned":[1,4],"killed_by":"Gremlin Nob","ascension_level":20}}