{"host":"ocllwaoi18j60ltd","time":1607611522,"event":{"mods":["BaseMod","Quick Restart","StSLib","SuperFastMode","DeckTracker","Permanent Neow","Minty Spire (QoL Compilation)"],"gold_per_floor":[15,32,47,64,6,6,34,54,105,124,124,124],"floor_reached":11,"playtime":285,"items_purged":[],"score":154,"play_id":"15df50d8-2edb-4f19-b354-74190ff08868","local_time":"20201210234522","is_ascension_mode":true,"campfire_choices":[{"data":"Beam Cell","floor":6,"key":"SMITH"}],"circlet_count":0,"master_deck":["AscendersBane","Strike_B","Strike_B","Strike_B","Defend_B","Defend_B","Defend_B","Zap","Dualcast","Undo","Self Repair","Tempest","Sweeping Beam","Beam Cell+1","Streamline","Ball Lightning","Hologram"],"relics":["Cracked Core","Blood Vial"],"acts_visited":["Exordium"],"potions_floor_usage":[7,8,11],"damage_taken":[{"damage":6,"enemies":"Cultist","floor":1,"turns":4},{"damage":1,"enemies":"Small Slimes","floor":2,"turns":3},{"damage":7,"enemies":"Jaw Worm","floor":3,"turns":4},{"damage":8,"enemies":"Blue Slaver","floor":4,"turns":4},{"damage":22,"enemies":"Lagavulin","floor":7,"turns":6},{"damage":1,"enemies":"Exordium Wildlife","floor":8,"turns":3},{"damage":15,"enemies":"3 Louse","floor":10,"turns":2},{"damage":32,"enemies":"Gremlin Nob","floor":11,"turns":3}],"seed_played":"2642352539538904281","potions_obtained":[{"floor":3,"key":"CultistPotion"},{"floor":4,"key":"Strength Potion"},{"floor":7,"key":"SkillPotion"}],"is_trial":false,"path_per_floor":["M","M","M","M","$","R","E","M","T","M","E"],"character_chosen":"DEFECT","items_purchased":["Beam Cell"],"campfire_rested":0,"item_purchase_floors":[5],"current_hp_per_floor":[58,57,57,56,56,56,41,42,42,29,0,0],"gold":124,"neow_bonus":"REMOVE_TWO","is_daily":false,"chose_seed":false,"campfire_upgraded":1,"win_rate":0,"timestamp":1607611522,"path_taken":["M","M","M","M","$","R","E","M","T","M","E"],"build_version":"2020-11-30","purchased_purges":0,"victory":false,"max_hp_per_floor":[71,71,71,71,71,71,71,71,71,71,71,71],"card_choices":[{"not_picked":["Hologram","Go for the Eyes"],"picked":"Undo","floor":1},{"not_picked":["Gash","Conserve Battery"],"picked":"Self Repair","floor":2},{"not_picked":["Hologram","Turbo"],"picked":"Tempest","floor":3},{"not_picked":["Beam Cell","Gash"],"picked":"Sweeping Beam","floor":4},{"not_picked":["Rainbow","Beam Cell"],"picked":"Streamline","floor":7},{"not_picked":["Coolheaded","Melter"],"picked":"Ball Lightning","floor":8},{"not_picked":["Redo","Loop"],"picked":"Hologram","floor":10}],"player_experience":816148,"relics_obtained":[{"floor":7,"key":"Blood Vial"}],"event_choices":[],"is_beta":false,"boss_relics":[],"items_purged_floors":[],"is_endless":false,"potions_floor_spawned":[3,4,7],"killed_by":"Gremlin Nob","ascension_level":20}}