{"host":"rl3s470f8onwqc1s","time":1607610459,"event":{"mods":["BaseMod","StSLib","TestMod","Gold Saver","Act Like it!","óô»ðÖ¸ÄÏ","Minty Spire (QoL Compilation)","MostiFishMod","Shop Mod","Dota2Spire"],"gold_per_floor":[116,116,116,133,133,164,239,271,271,304,69,100,118,179,179,250,250,265,277,202,217,217,247,257,285,285,285,317,342,342,8,8,87,87,99,99,24,35,35,63,63,92,92,106,125,154,4,16,16,16,16,16,16,16,49,49],"floor_reached":57,"playtime":1690,"items_purged":["Regret"],"score":3748,"play_id":"015dde18-ffb0-455f-b003-f50cd28325a8","local_time":"20201210222739","is_ascension_mode":true,"campfire_choices":[{"floor":15,"key":"DIG"},{"floor":27,"key":"DIG"},{"floor":30,"key":"RECALL"},{"floor":32,"key":"DIG"},{"floor":41,"key":"DIG"},{"floor":49,"key":"DIG"},{"floor":53,"key":"DIG"}],"circlet_count":0,"master_deck":["AscendersBane","Defend_G","Defend_G","Defend_G","Defend_G","Defend_G","Survivor","Neutralize","MostiFishMod:Neptune","MostiFishMod:TheEndOfMoonlight","MostiFishMod:SparklingWater","MostiFishMod:FantasySummer","MostiFishMod:NightSea","MostiFishMod:UniGreen","Backflip","Violence","Power Through","MostiFishMod:UniPurple","JustLucky+1","MostiFishMod:LegendTransform","MostiFishMod:CullingBlade+1","Slice+1","testmod-FightingIntention","Backstab+1","Flying Knee+1","MostiFishMod:FrostNova+1","Core Surge+1","MostiFishMod:Moonprays","Aggregate","testmod-TemporaryDeletion"],"relics":["Ring of the Snake","testmod-TestBox","DaveBox","testmod-EqualTreatment","MoonlightInvasionPlan","NeowsBlessing","Question Card","PrismaticShard","testmod-BalancedPeriapt","StrikeDummy","Dota2Spire:MonkeyKingBar","Dota2Spire:DivineRapier","Dota2Spire:Dagon","Turnip","Medical Kit","Shovel","Letter Opener","Darkstone Periapt","ImportantClient","Coffee Dripper","Molten Egg 2","Eternal Feather","Bottled Lightning","Dota2Spire:EchoSabre","Red Mask","StoneCalendar","SynthV","Dota2Spire:PhaseBoots","ImprovedEquipment","Astrolabe","PreservedInsect","Paper Crane","testmod-BouquetWithThorns","testmod-Antiphasic","Dota2Spire:OrchidMalevolence","Blue Candle","SynthV:C4"],"acts_visited":["Exordium","TheCity","TheBeyond","TheEnding"],"potions_floor_usage":[33,40,41,50],"damage_taken":[{"damage":0,"enemies":"Jaw Worm","floor":1,"turns":1},{"damage":0,"enemies":"2 Louse","floor":4,"turns":1},{"damage":0,"enemies":"3 Sentries","floor":6,"turns":1},{"damage":0,"enemies":"Lagavulin","floor":8,"turns":1},{"damage":0,"enemies":"Gremlin Nob","floor":10,"turns":1},{"damage":0,"enemies":"3 Sentries","floor":12,"turns":1},{"damage":0,"enemies":"Small Slimes","floor":13,"turns":1},{"damage":0,"enemies":"Lagavulin Event","floor":14,"turns":1},{"damage":0,"enemies":"Slime Boss","floor":16,"turns":1},{"damage":0,"enemies":"2 Thieves","floor":18,"turns":1},{"damage":0,"enemies":"3 Byrds","floor":19,"turns":1},{"damage":0,"enemies":"Snecko","floor":21,"turns":1},{"damage":0,"enemies":"Gremlin Leader","floor":23,"turns":2},{"damage":5,"enemies":"Snake Plant","floor":24,"turns":3},{"damage":5,"enemies":"Book of Stabbing","floor":25,"turns":3},{"damage":0,"enemies":"Masked Bandits","floor":28,"turns":1},{"damage":5,"enemies":"Gremlin Leader","floor":29,"turns":5},{"damage":5,"enemies":"Champ","floor":33,"turns":4},{"damage":0,"enemies":"3 Shapes","floor":35,"turns":1},{"damage":0,"enemies":"3 Darklings","floor":38,"turns":1},{"damage":0,"enemies":"Reptomancer","floor":40,"turns":2},{"damage":5,"enemies":"Giant Head","floor":42,"turns":3},{"damage":0,"enemies":"Transient","floor":44,"turns":6},{"damage":0,"enemies":"Jaw Worm Horde","floor":45,"turns":2},{"damage":0,"enemies":"Reptomancer","floor":46,"turns":2},{"damage":0,"enemies":"Spire Growth","floor":48,"turns":1},{"damage":23,"enemies":"Time Eater","floor":50,"turns":4},{"damage":26,"enemies":"Donu and Deca","floor":51,"turns":6},{"damage":1,"enemies":"Shield and Spear","floor":55,"turns":5},{"damage":51,"enemies":"The Heart","floor":56,"turns":5}],"seed_played":"-5911174895548220480","potions_obtained":[{"floor":1,"key":"Explosive Potion"},{"floor":13,"key":"Fire Potion"},{"floor":14,"key":"testmod-TestPotion"},{"floor":24,"key":"LiquidMemories"},{"floor":35,"key":"LiquidMemories"},{"floor":39,"key":"Swift Potion"},{"floor":40,"key":"testmod-SpacePotion"},{"floor":48,"key":"FairyPotion"}],"is_trial":false,"path_per_floor":["M","?","?","M","?","E","?","E","T","E","$","E","M","?","R","B",null,"M","M","?","M","?","E","M","E","T","R","?","E","R","$","R","B",null,"M","?","$","M","?","E","R","E","T","M","M","E","$","M","R","B","B",null,"R","$","E","B",null],"character_chosen":"THE_SILENT","items_purchased":["Medical Kit","SynthV","Dota2Spire:PhaseBoots"],"campfire_rested":0,"item_purchase_floors":[11,31,31],"current_hp_per_floor":[59,59,48,48,48,48,37,37,37,37,37,37,37,37,37,37,59,59,59,59,59,59,59,54,49,49,61,61,56,66,66,66,61,65,65,61,61,61,61,61,66,61,61,61,61,61,61,61,66,43,44,61,66,66,66,23],"gold":49,"neow_bonus":"THREE_ENEMY_KILL","is_daily":false,"chose_seed":false,"campfire_upgraded":0,"win_rate":0,"timestamp":1607610459,"path_taken":["M","?","?","M","?","E","?","E","T","E","$","E","M","?","R","BOSS","M","M","?","M","?","E","M","E","T","R","?","E","R","?","R","BOSS","M","?","$","?","?","E","R","E","T","M","M","E","$","?","R","BOSS","BOSS","R","$","E","BOSS"],"build_version":"2020-11-30","purchased_purges":1,"victory":true,"max_hp_per_floor":[66,66,66,66,66,66,66,66,66,66,66,66,66,66,66,66,66,66,66,66,66,66,66,66,66,66,66,66,66,66,66,66,66,66,66,66,66,66,66,66,66,66,66,66,66,66,66,66,66,66,66,66,66,66,66,66],"card_choices":[{"not_picked":["Dagger Throw","PiercingWail","Quick Slash"],"picked":"SKIP","floor":1},{"not_picked":["Deflect","Crippling Poison","Endless Agony"],"picked":"Backflip","floor":4},{"not_picked":["Tactician","Protect","MostiFishMod:PerfectParry"],"picked":"Violence","floor":6},{"not_picked":["Reflex","Pray","Anger"],"picked":"Power Through","floor":8},{"not_picked":["WreathOfFlame","Storm","Flame Barrier","Heavy Blade"],"picked":"SKIP","floor":10},{"not_picked":["Dodge and Roll","Nirvana","Twin Strike","Sweeping Beam"],"picked":"SKIP","floor":12},{"not_picked":["Doppelganger","ThirdEye","Blood for Blood","Force Field"],"picked":"SKIP","floor":13},{"not_picked":["Omniscience","MostiFishMod:Awakening","testmod-Collector"],"picked":"MostiFishMod:UniPurple","floor":16},{"not_picked":["Outmaneuver","Protect","Deadly Poison","Stack"],"picked":"SKIP","floor":18},{"not_picked":["Deadly Poison","Clash","Melter"],"picked":"JustLucky+1","floor":19},{"not_picked":["Hologram","PiercingWail","Warcry"],"picked":"MostiFishMod:LegendTransform","floor":21},{"not_picked":["Disarm","Steam Power+1","BowlingBash+1","Endless Agony+1"],"picked":"SKIP","floor":23},{"not_picked":["CrushJoints+1","Whirlwind+1","Endless Agony+1","Compile Driver+1"],"picked":"SKIP","floor":24},{"not_picked":["CrushJoints+1","Whirlwind+1","Endless Agony+1","Compile Driver+1"],"picked":"SKIP","floor":24},{"not_picked":["testmod-DeathImprint+1","Deadly Poison","Dagger Spray+1"],"picked":"MostiFishMod:CullingBlade+1","floor":25},{"not_picked":["Protect","Escape Plan","Accuracy+1"],"picked":"Slice+1","floor":29},{"not_picked":["Night Terror","MostiFishMod:UniGreen","Electrodynamics"],"picked":"testmod-FightingIntention","floor":33},{"not_picked":["MostiFishMod:PerfectParry","Wild Strike+1","Wireheading","Dagger Spray+1"],"picked":"SKIP","floor":35},{"not_picked":["Sanctity","Finesse","Backflip","Redo"],"picked":"SKIP","floor":38},{"not_picked":["Heavy Blade+1","Dark Shackles","Eviscerate+1","Barrage+1"],"picked":"SKIP","floor":40},{"not_picked":["Halt+1","Finesse","Searing Blow+1"],"picked":"Core Surge+1","floor":42},{"not_picked":["Quick Slash+1","Beam Cell+1","BattleHymn","Compile Driver+1"],"picked":"SKIP","floor":44},{"not_picked":["Carnage+1","FlurryOfBlows+1","Blizzard+1","Sentinel"],"picked":"SKIP","floor":45},{"not_picked":["JustLucky+1","Hologram","BowlingBash+1"],"picked":"MostiFishMod:Moonprays","floor":46},{"not_picked":["Discovery","ClearTheMind","testmod-PocketStoneCalender+1"],"picked":"Aggregate","floor":48},{"not_picked":["Quick Slash+1","Bludgeon+1","MasterReality"],"picked":"testmod-TemporaryDeletion","floor":55}],"player_experience":1275180,"relics_obtained":[{"floor":1,"key":"Question Card"},{"floor":1,"key":"PrismaticShard"},{"floor":6,"key":"Dota2Spire:MonkeyKingBar"},{"floor":8,"key":"Dota2Spire:DivineRapier"},{"floor":9,"key":"Dota2Spire:Dagon"},{"floor":10,"key":"Turnip"},{"floor":12,"key":"Shovel"},{"floor":14,"key":"Letter Opener"},{"floor":15,"key":"Darkstone Periapt"},{"floor":16,"key":"ImportantClient"},{"floor":23,"key":"Molten Egg 2"},{"floor":25,"key":"Eternal Feather"},{"floor":26,"key":"Bottled Lightning"},{"floor":27,"key":"Dota2Spire:EchoSabre"},{"floor":28,"key":"Red Mask"},{"floor":29,"key":"StoneCalendar"},{"floor":32,"key":"ImprovedEquipment"},{"floor":40,"key":"PreservedInsect"},{"floor":41,"key":"Paper Crane"},{"floor":42,"key":"testmod-BouquetWithThorns"},{"floor":46,"key":"testmod-Antiphasic"},{"floor":49,"key":"Dota2Spire:OrchidMalevolence"},{"floor":53,"key":"Blue Candle"},{"floor":55,"key":"SynthV:C4"}],"event_choices":[{"damage_healed":0,"gold_gain":0,"cards_transformed":["Strike_G"],"player_choice":"Change","damage_taken":0,"max_hp_gain":0,"max_hp_loss":0,"event_name":"Living Wall","floor":2,"gold_loss":0,"cards_obtained":["MostiFishMod:UniGreen"]},{"damage_healed":0,"gold_gain":0,"player_choice":"Success","damage_taken":11,"relics_obtained":["testmod-BalancedPeriapt"],"max_hp_gain":0,"max_hp_loss":0,"event_name":"Scrap Ooze","floor":3,"gold_loss":0},{"damage_healed":0,"gold_gain":0,"player_choice":"Box","damage_taken":0,"relics_obtained":["StrikeDummy"],"max_hp_gain":0,"max_hp_loss":0,"event_name":"Big Fish","floor":5,"gold_loss":0,"cards_obtained":["Regret"]},{"damage_healed":0,"gold_gain":75,"player_choice":"Gather Gold","damage_taken":11,"max_hp_gain":0,"max_hp_loss":0,"event_name":"World of Goop","floor":7,"gold_loss":0},{"damage_healed":0,"gold_gain":0,"player_choice":"Searched \u00271\u0027 times","damage_taken":0,"max_hp_gain":0,"max_hp_loss":0,"event_name":"Dead Adventurer","floor":14,"gold_loss":0},{"cards_removed":["Strike_G"],"damage_healed":0,"gold_gain":0,"player_choice":"Gave Gold","damage_taken":0,"max_hp_gain":0,"max_hp_loss":0,"event_name":"Beggar","floor":20,"gold_loss":75},{"damage_healed":0,"gold_gain":0,"player_choice":"Ignored","damage_taken":0,"max_hp_gain":0,"max_hp_loss":0,"event_name":"Vampires","floor":22,"gold_loss":0},{"damage_healed":0,"gold_gain":0,"player_choice":"Fought Bandits","damage_taken":0,"max_hp_gain":0,"max_hp_loss":0,"event_name":"Masked Bandits","floor":28,"gold_loss":0},{"damage_healed":0,"gold_gain":0,"player_choice":"Bought 0 Potions","damage_taken":0,"max_hp_gain":0,"max_hp_loss":0,"event_name":"The Woman in Blue","floor":36,"gold_loss":0},{"damage_healed":0,"gold_gain":0,"player_choice":"Got Potions","damage_taken":0,"max_hp_gain":0,"max_hp_loss":0,"event_name":"Lab","floor":39,"gold_loss":0}],"is_beta":false,"boss_relics":[{"not_picked":["testmod-Nine","EE1DDrone"],"picked":"Coffee Dripper"},{"not_picked":["SacredBark","xbg"],"picked":"Astrolabe"}],"items_purged_floors":[11],"is_endless":false,"potions_floor_spawned":[1,13,14,16,23,24,25,35,38,40,48],"ascension_level":20}}