{"host":"p7k06irs9cq031u7","time":1607623126,"event":{"mods":["BaseMod","StSLib","Better Third Choice","Colored Map","Spicy Shops","AchievementEnabler","Highlight Path","Minty Spire (QoL Compilation)","Quick Restart","Shop Mod","Unceasing Turn Reminder"],"gold_per_floor":[114,39,57,4,19,19,350,350,398,127,127,143,177,113,113,113,113],"floor_reached":16,"playtime":618,"items_purged":["Strike_G"],"score":140,"play_id":"e49e3c9e-e277-4cef-8ae6-de108e6192c5","local_time":"20201210195846","is_ascension_mode":true,"campfire_choices":[{"data":"Infinite Blades","floor":6.0,"key":"SMITH"},{"floor":8.0,"key":"REST"},{"floor":11.0,"key":"REST"},{"floor":15,"key":"REST"}],"circlet_count":0,"master_deck":["Strike_G","Strike_G","Strike_G","Strike_G","Defend_G","Defend_G","Defend_G","Defend_G","Defend_G","Survivor","Neutralize","Accuracy","Infinite Blades+1","Distraction","Panache","Accuracy"],"special_seed":0,"relics":["Ring of the Snake","Juzu Bracelet","Old Coin","The Courier"],"acts_visited":["Exordium"],"potions_floor_usage":[],"damage_taken":[{"damage":5.0,"enemies":"Cultist","floor":1.0,"turns":5.0},{"damage":0.0,"enemies":"Jaw Worm","floor":3.0,"turns":5.0},{"damage":5.0,"enemies":"2 Louse","floor":5.0,"turns":4.0},{"damage":47.0,"enemies":"3 Sentries","floor":7.0,"turns":10.0},{"damage":9.0,"enemies":"Blue Slaver","floor":12.0,"turns":4.0},{"damage":45,"enemies":"Gremlin Nob","floor":13,"turns":5},{"damage":43,"enemies":"Slime Boss","floor":16,"turns":6}],"seed_played":"-2770546085807917383","potions_obtained":[{"floor":3.0,"key":"Dexterity Potion"},{"floor":5.0,"key":"SkillPotion"},{"floor":7.0,"key":"Strength Potion"}],"is_trial":false,"path_per_floor":["M","$","M","?","M","R","E","R","T","$","R","M","E","$","R","B"],"character_chosen":"THE_SILENT","items_purchased":["Infinite Blades","Panache","Accuracy"],"campfire_rested":3,"item_purchase_floors":[2,10,14],"current_hp_per_floor":[65,65,65,65,60,60,13,36,36,36,59,50,5,5,28,0,0],"gold":113,"neow_bonus":"TEN_PERCENT_HP_BONUS","is_daily":false,"chose_seed":false,"campfire_upgraded":1,"win_rate":0,"timestamp":1607623126,"path_taken":["M","$","M","?","M","R","E","R","T","?","R","M","E","$","R","BOSS"],"build_version":"2020-11-30","purchased_purges":1,"victory":false,"max_hp_per_floor":[77,77,77,77,77,77,77,77,77,77,77,77,77,77,77,77,77],"card_choices":[{"not_picked":["Slice","PiercingWail"],"picked":"Accuracy","floor":1.0},{"not_picked":["Setup","Skewer","Deadly Poison"],"picked":"SKIP","floor":3.0},{"not_picked":["Dagger Throw","Sucker Punch","Backflip"],"picked":"SKIP","floor":5.0},{"not_picked":["Malaise","Quick Slash"],"picked":"Distraction","floor":7.0},{"not_picked":["Prepared","Deadly Poison","Outmaneuver"],"picked":"SKIP","floor":12.0},{"not_picked":["Poisoned Stab","Flying Knee","Eviscerate"],"picked":"SKIP","floor":13}],"player_experience":324976,"relics_obtained":[{"floor":7.0,"key":"Old Coin"},{"floor":13,"key":"The Courier"}],"event_choices":[{"damage_healed":0.0,"max_hp_gain":0.0,"max_hp_loss":0.0,"gold_gain":0.0,"event_name":"WeMeetAgain","player_choice":"Paid Gold","floor":4.0,"gold_loss":53.0,"damage_taken":0.0,"relics_obtained":["Juzu Bracelet"]}],"is_beta":false,"boss_relics":[],"items_purged_floors":[10],"is_endless":false,"potions_floor_spawned":[3,5,7],"killed_by":"Slime Boss","ascension_level":6}}