{"host":"51f0ad793vly1w6u","time":1607589788,"event":{"gold_per_floor":[117,136,150,175,186,201,234,246,258,304,335,347,132,145,145,242,242,258,258,269,24,42,42,70,70,70,81,81,81,180,192,192,293,293,311,112,129,129,139,170,170,186,186,186,236,264,275,303,303,303,303,303,75,105,105],"floor_reached":56,"playtime":1605,"items_purged":["Strike_B","Strike_B","Defend_B","Defend_B"],"score":1475,"play_id":"f2709e7c-ce51-4f9e-811f-d2174ec8c1e5","local_time":"20201210174308","is_ascension_mode":true,"campfire_choices":[{"data":"Loop","floor":8.0,"key":"SMITH"},{"data":"Loop","floor":12.0,"key":"SMITH"},{"data":"Zap","floor":15.0,"key":"SMITH"},{"data":"Loop","floor":23.0,"key":"SMITH"},{"floor":29.0,"key":"REST"},{"data":"Coolheaded","floor":32.0,"key":"SMITH"},{"data":"Defragment","floor":41,"key":"SMITH"},{"data":"Seek","floor":44,"key":"SMITH"},{"floor":49,"key":"RECALL"},{"data":"Hologram","floor":52,"key":"SMITH"}],"neow_cost":"NONE","seed_source_timestamp":1048578772360900,"circlet_count":0,"master_deck":["Defend_B","Zap+1","Dualcast","Loop+1","Ball Lightning","Echo Form","Cold Snap","Reinforced Body","Loop+1","BootSequence","Electrodynamics","Conserve Battery","Ball Lightning+1","Seek+1","Loop+1","Glacier","Coolheaded+1","Turbo","Reboot","Leap","Chill+1","Creative AI","Compile Driver+1","Defragment+1","Force Field+1","Hologram+1","Echo Form","Buffer","Echo Form"],"special_seed":0,"relics":["FrozenCore","Orichalcum","MawBank","Bottled Tornado","Vajra","Medical Kit","SacredBark","Tiny Chest","Happy Flower","Mummified Hand","Cables","Shuriken","Bird Faced Urn","Mercury Hourglass","Toy Ornithopter","StrikeDummy"],"potions_floor_usage":[40,55,55],"damage_taken":[{"damage":1.0,"enemies":"Cultist","floor":1.0,"turns":4.0},{"damage":1.0,"enemies":"Jaw Worm","floor":2.0,"turns":3.0},{"damage":0.0,"enemies":"2 Louse","floor":3.0,"turns":2.0},{"damage":19.0,"enemies":"Gremlin Gang","floor":5.0,"turns":4.0},{"damage":4.0,"enemies":"2 Fungi Beasts","floor":6.0,"turns":3.0},{"damage":6.0,"enemies":"Lagavulin","floor":7.0,"turns":7.0},{"damage":3.0,"enemies":"3 Sentries","floor":10.0,"turns":8.0},{"damage":15.0,"enemies":"Exordium Thugs","floor":11.0,"turns":3.0},{"damage":6.0,"enemies":"Blue Slaver","floor":14.0,"turns":3.0},{"damage":0.0,"enemies":"The Guardian","floor":16.0,"turns":5.0},{"damage":0.0,"enemies":"3 Byrds","floor":18.0,"turns":2.0},{"damage":24.0,"enemies":"2 Thieves","floor":20.0,"turns":3.0},{"damage":14.0,"enemies":"Shelled Parasite and Fungi","floor":22.0,"turns":5.0},{"damage":22.0,"enemies":"Slavers","floor":24.0,"turns":3.0},{"damage":0.0,"enemies":"Snecko","floor":27.0,"turns":5.0},{"damage":0.0,"enemies":"Cultist and Chosen","floor":31.0,"turns":4.0},{"damage":8.0,"enemies":"Automaton","floor":33.0,"turns":8.0},{"damage":5.0,"enemies":"3 Shapes","floor":35.0,"turns":3.0},{"damage":0.0,"enemies":"Orb Walker","floor":37.0,"turns":4.0},{"damage":0.0,"enemies":"Sphere and 2 Shapes","floor":39.0,"turns":6.0},{"damage":18,"enemies":"Reptomancer","floor":40,"turns":6},{"damage":0,"enemies":"Spire Growth","floor":42,"turns":8},{"damage":0,"enemies":"Mind Bloom Boss Battle","floor":45,"turns":5},{"damage":0,"enemies":"Giant Head","floor":46,"turns":6},{"damage":0,"enemies":"Jaw Worm Horde","floor":47,"turns":3},{"damage":0,"enemies":"Reptomancer","floor":48,"turns":5},{"damage":0,"enemies":"Donu and Deca","floor":50,"turns":7},{"damage":14,"enemies":"Shield and Spear","floor":54,"turns":5},{"damage":3,"enemies":"The Heart","floor":55,"turns":14}],"seed_played":"-1957360753163279116","potions_obtained":[{"floor":1.0,"key":"Weak Potion"},{"floor":2.0,"key":"FocusPotion"},{"floor":5.0,"key":"Fire Potion"},{"floor":11.0,"key":"EssenceOfDarkness"},{"floor":20.0,"key":"BlessingOfTheForge"},{"floor":33.0,"key":"FairyPotion"},{"floor":37.0,"key":"DistilledChaos"},{"floor":42,"key":"Energy Potion"},{"floor":45,"key":"DistilledChaos"},{"floor":48,"key":"CultistPotion"}],"is_trial":false,"path_per_floor":["M","M","M","T","M","M","E","R","T","E","M","R","$","M","R","B",null,"M","?","M","$","M","R","E","$","T","M","?","R","?","M","R","B",null,"M","$","M","T","M","E","R","M","T","R","?","E","M","E","R","B",null,"R","$","E","B",null],"character_chosen":"DEFECT","items_purchased":["Medical Kit","Seek","Loop","Defragment","PotionOfCapacity"],"campfire_rested":1,"item_purchase_floors":[13,21,21,36,53],"current_hp_per_floor":[74,73,73,73,54,50,44,44,44,41,26,26,26,20,20,20,75,75,75,51,51,37,37,15,15,15,15,15,37,37,37,37,29,75,70,70,70,70,70,52,52,52,52,52,52,75,75,75,75,75,75,75,75,72,75],"gold":105,"neow_bonus":"REMOVE_CARD","is_prod":false,"is_daily":false,"chose_seed":false,"campfire_upgraded":8,"win_rate":0,"timestamp":1607589788,"path_taken":["M","M","M","?","?","M","E","R","T","E","M","R","$","M","R","BOSS","M","?","?","$","M","R","E","$","T","M","?","R","?","M","R","BOSS","M","$","M","?","?","E","R","M","T","R","?","E","M","E","R","BOSS","R","$","E","BOSS"],"build_version":"2020-11-30","purchased_purges":4,"victory":true,"max_hp_per_floor":[75,75,75,75,75,75,75,75,75,75,75,75,75,75,75,75,75,75,75,75,75,75,75,75,75,75,75,75,75,75,75,75,75,75,75,75,75,75,75,75,75,75,75,75,75,75,75,75,75,75,75,75,75,75,75],"card_choices":[{"not_picked":["Double Energy","Turbo"],"picked":"Loop","floor":1.0},{"not_picked":["Hologram","Steam"],"picked":"Ball Lightning","floor":2.0},{"not_picked":["Barrage","Gash"],"picked":"Echo Form","floor":3.0},{"not_picked":["Rebound","Doom and Gloom"],"picked":"Cold Snap","floor":5.0},{"not_picked":["Compile Driver","Skim","Rebound"],"picked":"SKIP","floor":6.0},{"not_picked":["Steam","Meteor Strike"],"picked":"Reinforced Body","floor":7.0},{"not_picked":["Auto Shields","Beam Cell"],"picked":"Ball Lightning","floor":10.0},{"not_picked":["Chill","Scrape"],"picked":"Loop","floor":11.0},{"not_picked":["Sweeping Beam","Conserve Battery"],"picked":"BootSequence","floor":14.0},{"not_picked":["Buffer","Multi-Cast"],"picked":"Electrodynamics","floor":16.0},{"not_picked":["Ball Lightning","Streamline"],"picked":"Conserve Battery","floor":18.0},{"not_picked":["Streamline+1","Redo"],"picked":"Ball Lightning+1","floor":20.0},{"not_picked":["Coolheaded","Gash"],"picked":"Glacier","floor":22.0},{"not_picked":["Beam Cell","Redo"],"picked":"Coolheaded","floor":24.0},{"not_picked":["Steam+1","Gash"],"picked":"Turbo","floor":27.0},{"not_picked":["Hello World","Steam"],"picked":"Chill+1","floor":31.0},{"not_picked":["Machine Learning","Rainbow"],"picked":"Creative AI","floor":33.0},{"not_picked":["Leap","Turbo+1"],"picked":"Compile Driver+1","floor":35.0},{"not_picked":["BootSequence+1","Melter+1"],"picked":"Force Field+1","floor":37.0},{"not_picked":["Stack","Conserve Battery+1","Melter+1"],"picked":"SKIP","floor":39.0},{"not_picked":["Cold Snap","Chaos","Barrage+1"],"picked":"SKIP","floor":40},{"not_picked":["Sweeping Beam+1","Lockon+1"],"picked":"Hologram","floor":42},{"not_picked":["Cold Snap","Streamline+1","Stack"],"picked":"SKIP","floor":46},{"not_picked":["Rebound+1","Scrape"],"picked":"Echo Form","floor":47},{"not_picked":["Compile Driver+1","Conserve Battery+1"],"picked":"Buffer","floor":48},{"not_picked":["Cold Snap","Sweeping Beam"],"picked":"Echo Form","floor":54}],"player_experience":1359079,"relics_obtained":[{"floor":4.0,"key":"Orichalcum"},{"floor":7.0,"key":"MawBank"},{"floor":9.0,"key":"Bottled Tornado"},{"floor":10.0,"key":"Vajra"},{"floor":24.0,"key":"Happy Flower"},{"floor":26.0,"key":"Mummified Hand"},{"floor":38.0,"key":"Cables"},{"floor":40,"key":"Shuriken"},{"floor":45,"key":"Bird Faced Urn"},{"floor":46,"key":"Mercury Hourglass"},{"floor":48,"key":"Toy Ornithopter"},{"floor":54,"key":"StrikeDummy"}],"event_choices":[{"cards_removed":["Ball Lightning"],"damage_healed":0.0,"max_hp_gain":0.0,"max_hp_loss":0.0,"gold_gain":0.0,"event_name":"WeMeetAgain","player_choice":"Gave Card","floor":19.0,"gold_loss":0.0,"damage_taken":0.0,"relics_obtained":["Tiny Chest"]},{"damage_healed":0.0,"max_hp_gain":0.0,"max_hp_loss":0.0,"gold_gain":0.0,"cards_transformed":["Strike_B","Defend_B"],"event_name":"Drug Dealer","player_choice":"Became Test Subject","floor":28.0,"gold_loss":0.0,"damage_taken":0.0,"cards_obtained":["Reboot","Leap"]},{"damage_healed":0.0,"max_hp_gain":0.0,"max_hp_loss":0.0,"gold_gain":99.0,"event_name":"Nest","player_choice":"Stole From Cult","floor":30.0,"gold_loss":0.0,"damage_taken":0.0},{"damage_healed":0,"gold_gain":0,"player_choice":"Fight","damage_taken":0,"max_hp_gain":0,"max_hp_loss":0,"event_name":"MindBloom","floor":45,"gold_loss":0}],"is_beta":false,"boss_relics":[{"not_picked":["Empty Cage","Black Star"],"picked":"SacredBark"},{"not_picked":["Velvet Choker","Pandora\u0027s Box"],"picked":"FrozenCore"}],"items_purged_floors":[13,21,36,53],"is_endless":false,"potions_floor_spawned":[1,2,5,10,11,14,20,33,37,42,45,46,48,54],"ascension_level":1}}