{"host":"tfkz8stxzb1up54p","time":1607571183,"event":{"gold_per_floor":[1050,1050,1050,1110,511,511,561,561,561,561,585,613,634,666,666,773,773,798,516,566,715,731,761,761,797,797,375,425,475,502,530,530,642,642,661,711,727,501,560,590,590,634,634,415,437,469,469,486,486,486],"floor_reached":51,"playtime":2829,"items_purged":["Bash","Demon Form"],"score":1353,"play_id":"ee55de50-dc57-46cd-a780-e815338445d1","local_time":"20201210033303","is_ascension_mode":true,"campfire_choices":[{"data":"Demon Form","floor":6,"key":"SMITH"},{"data":"Body Slam","floor":8,"key":"SMITH"},{"data":"Flame Barrier","floor":10,"key":"SMITH"},{"data":"Rage","floor":15,"key":"SMITH"},{"data":"Anger","floor":24,"key":"SMITH"},{"data":"Limit Break","floor":32,"key":"SMITH"},{"data":"Apotheosis","floor":41,"key":"SMITH"},{"data":"Barricade","floor":47,"key":"SMITH"},{"floor":49,"key":"REST"}],"neow_cost":"NONE","seed_source_timestamp":235881098263100,"circlet_count":0,"master_deck":["Strike_R+1","Strike_R+1","Strike_R+1","Strike_R+1","Strike_R+1","Defend_R+1","Defend_R+1","Defend_R+1","Defend_R+1","Perfected Strike+1","Body Slam+1","Demon Form+1","Swift Strike+1","Flame Barrier+1","Anger+1","Rage+1","Twin Strike","Perfected Strike+1","Pommel Strike","Good Instincts","Pommel Strike","Good Instincts","Perfected Strike","Limit Break+1","Twin Strike+1","Barricade+1","Twin Strike+1","Rage+1","Trip","Apotheosis+1","Entrench","Good Instincts","Disarm","Perfected Strike"],"relics":["Burning Blood","SsserpentHead","Omamori","CeramicFish","PreservedInsect","Ornamental Fan","Smiling Mask","Shuriken","Cursed Key","Happy Flower","Whetstone","Pen Nib","Juzu Bracelet","Membership Card","Bag of Marbles","Strawberry","Centennial Puzzle","Runic Cube","Oddly Smooth Stone","DollysMirror","StrikeDummy","Regal Pillow","Darkstone Periapt","Bag of Preparation","Letter Opener","Toxic Egg 2"],"potions_floor_usage":[4,12,14,23,23,25,50,50,50],"damage_taken":[{"damage":9,"enemies":"Jaw Worm","floor":1,"turns":4},{"damage":0,"enemies":"2 Louse","floor":4,"turns":3},{"damage":2,"enemies":"Cultist","floor":11,"turns":3},{"damage":0,"enemies":"Gremlin Nob","floor":12,"turns":2},{"damage":9,"enemies":"Exordium Wildlife","floor":13,"turns":3},{"damage":8,"enemies":"Lagavulin","floor":14,"turns":5},{"damage":34,"enemies":"Slime Boss","floor":16,"turns":7},{"damage":10,"enemies":"Shell Parasite","floor":18,"turns":5},{"damage":0,"enemies":"2 Thieves","floor":22,"turns":3},{"damage":0,"enemies":"Gremlin Leader","floor":23,"turns":5},{"damage":6,"enemies":"Book of Stabbing","floor":25,"turns":3},{"damage":1,"enemies":"Slavers","floor":30,"turns":3},{"damage":4,"enemies":"Snecko","floor":31,"turns":3},{"damage":75,"enemies":"Champ","floor":33,"turns":6},{"damage":0,"enemies":"3 Shapes","floor":35,"turns":2},{"damage":16,"enemies":"3 Darklings","floor":37,"turns":4},{"damage":8,"enemies":"Nemesis","floor":40,"turns":3},{"damage":0,"enemies":"Reptomancer","floor":42,"turns":2},{"damage":5,"enemies":"Spire Growth","floor":45,"turns":3},{"damage":7,"enemies":"Nemesis","floor":46,"turns":5},{"damage":9,"enemies":"Writhing Mass","floor":48,"turns":2},{"damage":35,"enemies":"Donu and Deca","floor":50,"turns":8}],"seed_played":"-4687971566610808877","potions_obtained":[{"floor":1,"key":"ColorlessPotion"},{"floor":11,"key":"SkillPotion"},{"floor":13,"key":"BlessingOfTheForge"},{"floor":16,"key":"DuplicationPotion"},{"floor":22,"key":"SteroidPotion"},{"floor":23,"key":"Swift Potion"},{"floor":40,"key":"EssenceOfSteel"},{"floor":46,"key":"FearPotion"}],"is_trial":false,"path_per_floor":["M","?","?","M","$","R","?","R","T","R","M","E","M","E","R","B",null,"M","$","?","?","M","E","R","E","T","$","?","?","E","M","R","B",null,"M","?","M","$","?","E","R","E","T","$","M","E","R","M","R","B",null],"character_chosen":"IRONCLAD","items_purchased":["Demon Form","Omamori","CeramicFish","Swift Strike","Flame Barrier","Happy Flower","Perfected Strike","Pommel Strike","Good Instincts","Membership Card","Bag of Marbles","Strawberry","Good Instincts","Perfected Strike","Limit Break","Oddly Smooth Stone","DollysMirror","Trip","Bag of Preparation","Letter Opener","Good Instincts","Strength Potion","Disarm"],"campfire_rested":1,"item_purchase_floors":[5,5,5,5,5,19,19,19,19,27,27,27,27,27,27,38,38,38,44,44,44,44,44],"current_hp_per_floor":[69,69,69,75,75,75,72,72,72,72,76,80,77,75,75,47,72,68,68,68,68,74,80,80,80,80,87,87,87,87,87,87,18,70,76,76,66,66,66,64,64,70,70,70,71,70,70,67,87,58],"gold":486,"neow_bonus":"HUNDRED_GOLD","is_prod":false,"is_daily":false,"chose_seed":false,"campfire_upgraded":8,"win_rate":0,"timestamp":1607571183,"path_taken":["M","?","?","?","$","R","?","R","T","R","M","E","M","E","R","BOSS","M","$","?","?","M","E","R","E","T","$","?","?","E","M","R","BOSS","M","?","M","$","?","E","R","E","T","?","M","E","R","M","R","BOSS"],"build_version":"2020-11-30","purchased_purges":2,"victory":true,"max_hp_per_floor":[80,80,80,80,80,80,80,80,80,80,80,80,80,80,80,80,80,80,80,80,80,80,80,80,80,80,87,87,87,87,87,87,87,87,87,87,87,87,87,87,87,87,87,87,87,87,87,87,87,87],"card_choices":[{"not_picked":["Havoc","Wild Strike"],"picked":"Perfected Strike","floor":1},{"not_picked":["Whirlwind","Wild Strike"],"picked":"Body Slam","floor":4},{"not_picked":["Dual Wield","Feel No Pain"],"picked":"Anger","floor":11},{"not_picked":["Spot Weakness","Evolve","True Grit"],"picked":"SKIP","floor":12},{"not_picked":["Inflame","Shrug It Off"],"picked":"Rage","floor":13},{"not_picked":["Bloodletting","Cleave","Havoc"],"picked":"SKIP","floor":14},{"not_picked":["Corruption","Fiend Fire"],"picked":"Demon Form","floor":16},{"not_picked":["Metallicize+1","Rupture"],"picked":"Twin Strike","floor":18},{"not_picked":["Anger","Spot Weakness","Headbutt"],"picked":"SKIP","floor":22},{"not_picked":["Hemokinesis+1","True Grit+1","Sentinel"],"picked":"SKIP","floor":23},{"not_picked":["Infernal Blade","Wild Strike"],"picked":"Pommel Strike","floor":25},{"not_picked":["Metallicize","Body Slam","Pommel Strike"],"picked":"SKIP","floor":30},{"not_picked":["Anger","Body Slam"],"picked":"Twin Strike+1","floor":31},{"not_picked":["Bludgeon","Juggernaut"],"picked":"Barricade","floor":33},{"not_picked":["Sever Soul","Inflame+1"],"picked":"Twin Strike+1","floor":35},{"not_picked":["Havoc+1","Cleave","Seeing Red+1"],"picked":"SKIP","floor":37},{"not_picked":["Master of Strategy","Deep Breath"],"picked":"Apotheosis","floor":39},{"not_picked":["Sword Boomerang","Armaments","Clothesline"],"picked":"SKIP","floor":40},{"not_picked":["Reaper","Clash+1"],"picked":"Entrench","floor":42},{"not_picked":["Clash","Flex"],"picked":"Perfected Strike","floor":45},{"not_picked":["Whirlwind+1","Carnage+1","Dark Embrace+1"],"picked":"SKIP","floor":46},{"not_picked":["Fire Breathing","Thunderclap+1","Clothesline+1"],"picked":"SKIP","floor":48}],"player_experience":1207335,"relics_obtained":[{"floor":9,"key":"Ornamental Fan"},{"floor":12,"key":"Smiling Mask"},{"floor":14,"key":"Shuriken"},{"floor":23,"key":"Whetstone"},{"floor":25,"key":"Pen Nib"},{"floor":26,"key":"Juzu Bracelet"},{"floor":30,"key":"Centennial Puzzle"},{"floor":40,"key":"StrikeDummy"},{"floor":42,"key":"Regal Pillow"},{"floor":43,"key":"Darkstone Periapt"},{"floor":46,"key":"Toxic Egg 2"}],"event_choices":[{"damage_healed":0,"gold_gain":0,"player_choice":"Grow","damage_taken":0,"max_hp_gain":0,"max_hp_loss":0,"event_name":"Living Wall","floor":2,"gold_loss":0,"cards_upgraded":["Perfected Strike"]},{"damage_healed":0,"gold_gain":0,"player_choice":"Trade","damage_taken":0,"relics_obtained":["SsserpentHead"],"max_hp_gain":0,"max_hp_loss":0,"event_name":"FaceTrader","floor":3,"gold_loss":0},{"damage_healed":0,"gold_gain":0,"player_choice":"Success","damage_taken":3,"relics_obtained":["PreservedInsect"],"max_hp_gain":0,"max_hp_loss":0,"event_name":"Scrap Ooze","floor":7,"gold_loss":0},{"damage_healed":0,"gold_gain":0,"player_choice":"Simplicity","damage_taken":0,"max_hp_gain":0,"max_hp_loss":0,"event_name":"Back to Basics","floor":20,"gold_loss":0,"cards_upgraded":["Strike_R","Strike_R","Strike_R","Strike_R","Strike_R","Defend_R","Defend_R","Defend_R","Defend_R"]},{"damage_healed":0,"gold_gain":99,"player_choice":"Stole From Cult","damage_taken":0,"max_hp_gain":0,"max_hp_loss":0,"event_name":"Nest","floor":21,"gold_loss":0},{"damage_healed":0,"gold_gain":0,"player_choice":"Ignored","damage_taken":0,"max_hp_gain":0,"max_hp_loss":0,"event_name":"Ghosts","floor":28,"gold_loss":0},{"damage_healed":0,"gold_gain":0,"player_choice":"Ignored","damage_taken":0,"max_hp_gain":0,"max_hp_loss":0,"event_name":"Beggar","floor":29,"gold_loss":0},{"damage_healed":0,"gold_gain":0,"player_choice":"Ignored","damage_taken":0,"max_hp_gain":0,"max_hp_loss":0,"event_name":"Tomb of Lord Red Mask","floor":36,"gold_loss":0},{"damage_healed":0,"gold_gain":0,"player_choice":"Memory 1","damage_taken":0,"max_hp_gain":0,"max_hp_loss":0,"event_name":"SensoryStone","floor":39,"gold_loss":0}],"is_beta":false,"boss_relics":[{"not_picked":["SacredBark","Coffee Dripper"],"picked":"Cursed Key"},{"not_picked":["Mark of Pain","Philosopher\u0027s Stone"],"picked":"Runic Cube"}],"items_purged_floors":[5,38],"is_endless":false,"potions_floor_spawned":[1,11,13,16,22,23,40,46,48],"ascension_level":9}}