{"host":"dl5mjdlimopbuch5","time":1607565524,"event":{"gold_per_floor":[116,116,191,191,205,234,250,279,279,279,279,307,330,359,371,383,383],"floor_reached":16,"playtime":427,"items_purged":[],"score":158,"play_id":"f273d9b9-c46d-40b6-86ce-dec5b61244d0","local_time":"20201210015844","is_ascension_mode":true,"campfire_choices":[{"floor":10,"key":"REST"},{"floor":15,"key":"REST"}],"neow_cost":"NONE","seed_source_timestamp":106354984739600,"circlet_count":0,"master_deck":["Strike_R","Strike_R","Strike_R","Strike_R","Strike_R","Defend_R","Defend_R","Defend_R","Defend_R","Bash","Heavy Blade","Shockwave"],"relics":["Burning Blood","NeowsBlessing","Bag of Marbles","Blue Candle","Toy Ornithopter","Orichalcum","MawBank"],"potions_floor_usage":[],"damage_taken":[{"damage":0,"enemies":"Small Slimes","floor":1,"turns":1},{"damage":0,"enemies":"Jaw Worm","floor":5,"turns":1},{"damage":0,"enemies":"3 Sentries","floor":6,"turns":2},{"damage":11,"enemies":"Cultist","floor":7,"turns":4},{"damage":61,"enemies":"Lagavulin","floor":8,"turns":7},{"damage":19,"enemies":"Exordium Thugs","floor":12,"turns":5},{"damage":15,"enemies":"Exordium Wildlife","floor":13,"turns":5},{"damage":11,"enemies":"Gremlin Gang","floor":14,"turns":7},{"damage":28,"enemies":"The Guardian","floor":16,"turns":6}],"seed_played":"-4275000338366146681","potions_obtained":[{"floor":5,"key":"Strength Potion"},{"floor":12,"key":"CultistPotion"}],"is_trial":false,"path_per_floor":["M","$","?","?","M","E","M","E","T","R","?","M","M","M","R","B"],"character_chosen":"IRONCLAD","items_purchased":[],"campfire_rested":2,"item_purchase_floors":[],"current_hp_per_floor":[80,80,69,66,72,78,73,18,18,42,42,29,20,15,39,11,11],"gold":383,"neow_bonus":"THREE_ENEMY_KILL","is_prod":false,"is_daily":false,"chose_seed":false,"campfire_upgraded":0,"win_rate":0,"timestamp":1607565524,"path_taken":["M","$","?","?","M","E","M","E","T","R","?","M","?","M","R","BOSS"],"build_version":"2020-11-30","purchased_purges":0,"victory":false,"max_hp_per_floor":[80,80,80,80,80,80,80,80,80,80,80,80,80,80,80,80,80],"card_choices":[{"not_picked":["Hemokinesis","Twin Strike"],"picked":"Heavy Blade","floor":1},{"not_picked":["Headbutt","Havoc","Thunderclap"],"picked":"SKIP","floor":5},{"not_picked":["Sword Boomerang","Blood for Blood"],"picked":"Shockwave","floor":6},{"not_picked":["Wild Strike","Perfected Strike","Shrug It Off"],"picked":"SKIP","floor":7},{"not_picked":["Hemokinesis","Dual Wield","Juggernaut"],"picked":"SKIP","floor":8},{"not_picked":["Clothesline","Sword Boomerang","Wild Strike"],"picked":"SKIP","floor":12},{"not_picked":["Rage","Flame Barrier","Sever Soul"],"picked":"SKIP","floor":13},{"not_picked":["Wild Strike","Entrench","Body Slam"],"picked":"SKIP","floor":14}],"player_experience":191400,"relics_obtained":[{"floor":6,"key":"Blue Candle"},{"floor":8,"key":"Toy Ornithopter"},{"floor":9,"key":"Orichalcum"}],"event_choices":[{"damage_healed":0,"gold_gain":75,"player_choice":"Gather Gold","damage_taken":11,"max_hp_gain":0,"max_hp_loss":0,"event_name":"World of Goop","floor":3,"gold_loss":0},{"damage_healed":0,"gold_gain":0,"player_choice":"Success","damage_taken":3,"relics_obtained":["Bag of Marbles"],"max_hp_gain":0,"max_hp_loss":0,"event_name":"Scrap Ooze","floor":4,"gold_loss":0},{"damage_healed":0,"gold_gain":0,"player_choice":"Gave Potion","damage_taken":0,"relics_obtained":["MawBank"],"max_hp_gain":0,"max_hp_loss":0,"event_name":"WeMeetAgain","floor":11,"gold_loss":0}],"is_beta":false,"boss_relics":[],"items_purged_floors":[],"is_endless":false,"potions_floor_spawned":[5,12],"killed_by":"The Guardian","ascension_level":3}}