{"host":"krw8blyxua7at9ak","time":1607635200,"event":{"mods":["BaseMod","Highlight Path","Minty Spire (QoL Compilation)","ojb\u0027s Info Mod"],"gold_per_floor":[116,116,135,60,60,93,93,118,118,152,152,182,198,210,210,288,288,298,318,350,362,362,391,407,440,464,314,239,255,6,33,33,33,33],"floor_reached":33,"playtime":1472,"items_purged":["Decay"],"score":676,"play_id":"f9b63078-83c3-466f-b06f-704a3e0d8f7a","local_time":"20201210222000","is_ascension_mode":true,"campfire_choices":[{"data":"Dash","floor":7.0,"key":"SMITH"},{"data":"Backstab","floor":11.0,"key":"SMITH"},{"data":"Sucker Punch","floor":15.0,"key":"SMITH"},{"floor":32,"key":"REST"}],"circlet_count":0,"master_deck":["AscendersBane","Survivor","Neutralize","All Out Attack+1","Dash+1","Backstab+1","Dagger Throw","Sucker Punch+1","Underhanded Strike","Bullet Time+1","Quick Slash","Leg Sweep+1","Tools of the Trade","Infinite Blades","Masterful Stab","A Thousand Cuts","Eviscerate","Predator","PiercingWail+1","Crippling Poison+1","Blade Dance","Calculated Gamble+1"],"special_seed":0,"relics":["Ring of the Snake","NeowsBlessing","Ginger","Pen Nib","Potion Belt","Pocketwatch","Nunchaku","Ancient Tea Set","Pandora\u0027s Box","Red Mask","The Specimen","The Courier","PreservedInsect","Happy Flower","War Paint","Akabeko"],"acts_visited":["Exordium","TheCity"],"potions_floor_usage":[25,29,33,33,33,33,33],"damage_taken":[{"damage":0.0,"enemies":"Small Slimes","floor":1.0,"turns":1.0},{"damage":0.0,"enemies":"Cultist","floor":3.0,"turns":1.0},{"damage":0.0,"enemies":"3 Sentries","floor":6.0,"turns":1.0},{"damage":23.0,"enemies":"Gremlin Nob","floor":8.0,"turns":4.0},{"damage":4.0,"enemies":"Lagavulin","floor":10.0,"turns":5.0},{"damage":2.0,"enemies":"3 Sentries","floor":12.0,"turns":4.0},{"damage":0.0,"enemies":"Jaw Worm","floor":13.0,"turns":1.0},{"damage":0.0,"enemies":"Large Slime","floor":14.0,"turns":2.0},{"damage":4.0,"enemies":"The Guardian","floor":16.0,"turns":11.0},{"damage":0.0,"enemies":"Spheric Guardian","floor":18.0,"turns":3.0},{"damage":8.0,"enemies":"2 Thieves","floor":19.0,"turns":3.0},{"damage":10.0,"enemies":"Masked Bandits","floor":20.0,"turns":3.0},{"damage":2,"enemies":"Centurion and Healer","floor":21,"turns":4},{"damage":13,"enemies":"Gremlin Leader","floor":23,"turns":6},{"damage":2,"enemies":"3 Cultists","floor":24,"turns":3},{"damage":25,"enemies":"Book of Stabbing","floor":25,"turns":5},{"damage":10,"enemies":"Shelled Parasite and Fungi","floor":29,"turns":4},{"damage":27,"enemies":"Champ","floor":33,"turns":7}],"seed_played":"4358546465411425101","potions_obtained":[{"floor":1.0,"key":"Poison Potion"},{"floor":8.0,"key":"SpeedPotion"},{"floor":10.0,"key":"FairyPotion"},{"floor":12.0,"key":"Energy Potion"},{"floor":13.0,"key":"Strength Potion"},{"floor":16.0,"key":"EssenceOfSteel"},{"floor":21,"key":"SpeedPotion"},{"floor":25,"key":"Block Potion"},{"floor":29,"key":"SkillPotion"}],"is_trial":false,"path_per_floor":["M","?","M","?","?","E","R","E","T","E","R","E","M","M","R","B",null,"M","M","?","M","?","E","M","E","T","$","?","M","$","T","R","B"],"character_chosen":"THE_SILENT","items_purchased":["EntropicBrew","Happy Flower","War Paint"],"campfire_rested":1,"item_purchase_floors":[27,30,30],"current_hp_per_floor":[59,59,59,59,48,48,48,25,25,21,21,19,19,19,19,15,53,53,45,35,33,33,20,18,14,14,14,14,4,4,4,23,0,0],"gold":33,"neow_bonus":"THREE_ENEMY_KILL","is_daily":false,"chose_seed":false,"campfire_upgraded":3,"win_rate":0,"timestamp":1607635200,"path_taken":["M","?","?","?","?","E","R","E","T","E","R","E","M","M","R","BOSS","M","M","?","M","?","E","?","E","T","$","?","M","$","?","R","BOSS"],"build_version":"2020-11-30","purchased_purges":1,"victory":false,"max_hp_per_floor":[66,66,66,66,66,66,66,66,66,66,66,66,66,66,66,66,66,66,66,66,66,66,66,66,66,66,66,66,66,66,66,66,66,66],"card_choices":[{"not_picked":["Blade Dance","Dagger Throw"],"picked":"All Out Attack","floor":1.0},{"not_picked":["Prepared","Dodge and Roll"],"picked":"Dash","floor":3.0},{"not_picked":["Outmaneuver","Setup","PiercingWail"],"picked":"SKIP","floor":6.0},{"not_picked":["Doppelganger","Deflect"],"picked":"Backstab","floor":8.0},{"not_picked":["Deflect","Distraction"],"picked":"Dagger Throw","floor":10.0},{"not_picked":["Catalyst","Quick Slash","PiercingWail"],"picked":"SKIP","floor":12.0},{"not_picked":["Setup","Caltrops"],"picked":"Sucker Punch","floor":13.0},{"not_picked":["Deflect","Setup"],"picked":"Underhanded Strike","floor":14.0},{"not_picked":["Phantasmal Killer","Storm of Steel"],"picked":"Bullet Time","floor":16.0},{"not_picked":["Concentrate","Acrobatics","Sucker Punch"],"picked":"SKIP","floor":18.0},{"not_picked":["Bane","Infinite Blades"],"picked":"PiercingWail+1","floor":19.0},{"not_picked":["Endless Agony","Slice"],"picked":"Crippling Poison+1","floor":20.0},{"not_picked":["Cloak And Dagger","Bane"],"picked":"Blade Dance","floor":21},{"not_picked":["Bane","Deadly Poison","Skewer"],"picked":"SKIP","floor":23},{"not_picked":["Acrobatics","Quick Slash","Catalyst"],"picked":"SKIP","floor":24},{"not_picked":["Deadly Poison","A Thousand Cuts"],"picked":"Calculated Gamble+1","floor":25},{"not_picked":["Outmaneuver","Prepared","Underhanded Strike"],"picked":"SKIP","floor":29}],"player_experience":327548,"relics_obtained":[{"floor":6.0,"key":"Pen Nib"},{"floor":8.0,"key":"Potion Belt"},{"floor":9.0,"key":"Pocketwatch"},{"floor":10.0,"key":"Nunchaku"},{"floor":12.0,"key":"Ancient Tea Set"},{"floor":20.0,"key":"Red Mask"},{"floor":23,"key":"The Specimen"},{"floor":25,"key":"The Courier"},{"floor":26,"key":"PreservedInsect"},{"floor":31,"key":"Akabeko"}],"event_choices":[{"damage_healed":0.0,"max_hp_gain":0.0,"max_hp_loss":0.0,"gold_gain":0.0,"event_name":"Upgrade Shrine","player_choice":"Upgraded","floor":2.0,"gold_loss":0.0,"damage_taken":0.0,"cards_upgraded":["All Out Attack"]},{"cards_removed":["Strike_G"],"damage_healed":0.0,"max_hp_gain":0.0,"max_hp_loss":0.0,"gold_gain":0.0,"event_name":"The Cleric","player_choice":"Card Removal","floor":4.0,"gold_loss":75.0,"damage_taken":0.0},{"damage_healed":0.0,"max_hp_gain":0.0,"max_hp_loss":0.0,"gold_gain":0.0,"event_name":"Scrap Ooze","player_choice":"Success","floor":5.0,"gold_loss":0.0,"damage_taken":11.0,"relics_obtained":["Ginger"]},{"damage_healed":0.0,"max_hp_gain":0.0,"max_hp_loss":0.0,"gold_gain":0.0,"event_name":"Masked Bandits","player_choice":"Fought Bandits","floor":20.0,"gold_loss":0.0,"damage_taken":0.0},{"damage_healed":0,"gold_gain":0,"player_choice":"Smashed Altar","damage_taken":0,"max_hp_gain":0,"max_hp_loss":0,"event_name":"Forgotten Altar","floor":22,"gold_loss":0,"cards_obtained":["Decay"]},{"cards_removed":["Caltrops"],"damage_healed":0,"gold_gain":0,"player_choice":"Gave Gold","damage_taken":0,"max_hp_gain":0,"max_hp_loss":0,"event_name":"Beggar","floor":28,"gold_loss":75}],"is_beta":false,"boss_relics":[{"not_picked":["Tiny House","Philosopher\u0027s Stone"],"picked":"Pandora\u0027s Box"}],"items_purged_floors":[27],"is_endless":false,"potions_floor_spawned":[1,8,10,12,13,16,18,21,25,29],"killed_by":"Champ","ascension_level":20}}