{"host":"4nqeo0vu1vuav7gg","time":1607603696,"event":{"gold_per_floor":[111,126,51,51,51,51,71,71,71,71,71,71],"floor_reached":11,"playtime":204,"items_purged":["Strike_G"],"score":73,"play_id":"d7ba2095-0904-4289-b0e6-4be4176aeb1e","local_time":"20201210133456","is_ascension_mode":true,"campfire_choices":[{"data":"Blade Dance","floor":6,"key":"SMITH"}],"neow_cost":"NONE","seed_source_timestamp":9997789943200,"circlet_count":0,"master_deck":["Strike_G","Strike_G","Strike_G","Defend_G+1","Defend_G+1","Defend_G","Defend_G","Defend_G+1","Survivor","Neutralize","Blade Dance+1","Backflip+1","Backstab"],"relics":["Ring of the Snake","The Specimen","NeowsBlessing","Pantograph","War Paint"],"potions_floor_usage":[],"damage_taken":[{"damage":0,"enemies":"2 Louse","floor":1,"turns":1},{"damage":0,"enemies":"Jaw Worm","floor":2,"turns":1},{"damage":0,"enemies":"Cultist","floor":7,"turns":1},{"damage":32,"enemies":"Gremlin Nob","floor":11,"turns":4}],"seed_played":"8294911935872883836","potions_obtained":[],"is_trial":false,"path_per_floor":["M","M","$","?","T","R","M","?","T","?","E"],"character_chosen":"THE_SILENT","items_purchased":[],"campfire_rested":0,"item_purchase_floors":[],"current_hp_per_floor":[70,70,70,63,63,63,63,38,38,24,0,0],"gold":71,"neow_bonus":"THREE_ENEMY_KILL","is_prod":false,"is_daily":false,"chose_seed":false,"campfire_upgraded":1,"win_rate":0,"timestamp":1607603696,"path_taken":["M","M","$","?","?","R","?","?","T","?","E"],"build_version":"2020-11-30","purchased_purges":1,"victory":false,"max_hp_per_floor":[70,70,70,70,70,70,70,70,70,70,70,70],"card_choices":[{"not_picked":["Dagger Spray","Escape Plan"],"picked":"Blade Dance","floor":1},{"not_picked":["Acrobatics","Sucker Punch"],"picked":"Backflip","floor":2},{"not_picked":["Blur","Poisoned Stab"],"picked":"Backstab","floor":7}],"player_experience":859901,"relics_obtained":[{"floor":5,"key":"War Paint"},{"floor":9,"key":"Pantograph"}],"event_choices":[{"cards_removed":["Strike_G"],"damage_healed":0,"gold_gain":0,"player_choice":"Card Removal","damage_taken":7,"max_hp_gain":0,"max_hp_loss":0,"event_name":"Golden Wing","floor":4,"gold_loss":0},{"damage_healed":0,"gold_gain":0,"player_choice":"Success","damage_taken":25,"relics_obtained":["The Specimen"],"max_hp_gain":0,"max_hp_loss":0,"event_name":"Scrap Ooze","floor":8,"gold_loss":0},{"damage_healed":0,"gold_gain":0,"player_choice":"Entered Light","damage_taken":14,"max_hp_gain":0,"max_hp_loss":0,"event_name":"Shining Light","floor":10,"gold_loss":0,"cards_upgraded":["Backflip","Defend_G"]}],"is_beta":false,"boss_relics":[],"items_purged_floors":[3],"is_endless":false,"potions_floor_spawned":[],"killed_by":"Gremlin Nob","ascension_level":4}}