{"host":"u5hfrceatticevdm","time":1607631375,"event":{"mods":["BaseMod","StSLib","Conspire","Hubris","Minty Spire (QoL Compilation)","Act Like it!","Halation","Useless Jewels Mod","Aspiration","Energized Spire","vexMod","GifTheSpireLib","HexUI Lib","Replay The Spire","Stuff the Spire","Unceasing Turn Reminder","2.2 Compatiblity","Better Synergies","Magineer Mod","Spikes Relics","Waifu the Spire","Alarm Clock","Downfall","Spicy Shops","Humility","Small Relic Pack","Hyrulean Relics","The Construct","Friendly Minions"],"gold_per_floor":[112,128,128,66,78,78,78,94,94,119,119,131,26,26,26,125,125,145,158,169,119,79,111,111,111],"floor_reached":24,"playtime":1398,"items_purged":["conspire:NecroticWound","Decay"],"score":216,"play_id":"d2bc86e1-bac0-40e9-a291-d1da2e1db35c","local_time":"20201210151615","is_ascension_mode":false,"campfire_choices":[{"data":"Double Energy","floor":6.0,"key":"SMITH"},{"floor":11,"key":"REST"},{"floor":15,"key":"REST"}],"circlet_count":0,"master_deck":["Strike_B","Strike_B","Strike_B","Strike_B","Defend_B","Defend_B","Defend_B","Defend_B","Zap+1","Dualcast","Doom and Gloom","Double Energy+1","Ball Lightning+1","Leap","Coolheaded","Self Repair","Defragment","Injury","Multi-Cast+1","Darkness+1","Cold Snap","Loop","Cold Snap","Cold Snap","aspiration:Polymerization+1"],"special_seed":0,"relics":["Cracked Core","ReplayTheSpireMod:CursedCoin","StuffTheSpire:GrapeVine","Toxic Egg 2","Ring of Chaos","Regal Pillow"],"acts_visited":["Exordium","TheCity"],"potions_floor_usage":[10,10,20,23],"damage_taken":[{"damage":0.0,"enemies":"2 Louse","floor":1.0,"turns":2.0},{"damage":0.0,"enemies":"Cultist","floor":2.0,"turns":3.0},{"damage":5.0,"enemies":"Jaw Worm","floor":5.0,"turns":2.0},{"damage":7,"enemies":"Blue Slaver","floor":8,"turns":3},{"damage":51,"enemies":"Gremlin Nob","floor":10,"turns":5},{"damage":3,"enemies":"Red Slaver","floor":12,"turns":4},{"damage":25,"enemies":"Slime Boss","floor":16,"turns":12},{"damage":14,"enemies":"3 Byrds","floor":18,"turns":4},{"damage":5,"enemies":"Chosen","floor":19,"turns":4},{"damage":24,"enemies":"Shelled Parasite and Fungi","floor":20,"turns":6},{"damage":36,"enemies":"conspire:SneckoGhost","floor":23,"turns":7},{"damage":32,"enemies":"Sentry and Sphere","floor":24,"turns":7}],"seed_played":"8133969266708262869","potions_obtained":[{"floor":5.0,"key":"LiquidMemories"},{"floor":8,"key":"Block Potion"},{"floor":10,"key":"ColorlessPotion"},{"floor":16,"key":"BlessingOfTheForge"},{"floor":18,"key":"Block Potion"},{"floor":23,"key":"Elixir"}],"is_trial":false,"path_per_floor":["M","M","?","$","M","R","?","M","T","E","R","M","$","?","R","B",null,"M","M","M","?","$","E","M"],"character_chosen":"DEFECT","items_purchased":["ReplayTheSpireMod:CursedCoin","Ball Lightning+1","Defragment","Cold Snap"],"campfire_rested":2,"item_purchase_floors":[4,4,13,22],"current_hp_per_floor":[82,82,82,82,77,77,77,70,70,19,43,47,47,47,71,53,82,75,77,60,60,60,31,0,0],"gold":111,"neow_bonus":"TEN_PERCENT_HP_BONUS","is_daily":false,"chose_seed":false,"campfire_upgraded":1,"win_rate":0,"timestamp":1607631375,"path_taken":["M","M","?","?","M","R","?","?","T","E","R","M","$","?","R","BOSS","M","M","M","?","?","E","M"],"build_version":"2020-11-30","purchased_purges":2,"victory":false,"max_hp_per_floor":[82,82,82,82,82,82,82,82,82,82,82,82,82,82,82,82,82,82,82,82,82,82,82,82,82],"card_choices":[{"not_picked":["Ball Lightning","Beam Cell"],"picked":"Doom and Gloom","floor":1.0},{"not_picked":["Compile Driver","Beam Cell"],"picked":"Double Energy","floor":2.0},{"not_picked":["Rebound","ReplayGash"],"picked":"Leap","floor":5.0},{"not_picked":["Compile Driver","Hologram"],"picked":"Coolheaded","floor":8},{"not_picked":["Conserve Battery","Storm"],"picked":"Self Repair","floor":10},{"not_picked":["hubris:Ukulele","StuffTheSpire:GlassShard","Stack"],"picked":"SKIP","floor":12},{"not_picked":["Rainbow+1","Machine Learning"],"picked":"Multi-Cast+1","floor":16},{"not_picked":["Stack+1","Beam Cell"],"picked":"Darkness+1","floor":18},{"not_picked":["Streamline","Leap+1"],"picked":"Cold Snap","floor":19},{"not_picked":["RefreshScreen+1","Rebound"],"picked":"Loop","floor":20},{"not_picked":["Hologram+1","Time Bomb+1"],"picked":"aspiration:Polymerization+1","floor":23}],"player_experience":753169,"relics_obtained":[{"floor":10,"key":"StuffTheSpire:GrapeVine"},{"floor":23,"key":"Regal Pillow"}],"event_choices":[{"damage_healed":0.0,"max_hp_gain":0.0,"max_hp_loss":0.0,"gold_gain":0.0,"event_name":"Wheel of Change","player_choice":"Cursed","floor":3.0,"gold_loss":0.0,"damage_taken":0.0,"cards_obtained":["Decay"]},{"damage_healed":0,"gold_gain":0,"player_choice":"Upgraded","damage_taken":0,"max_hp_gain":0,"max_hp_loss":0,"event_name":"Upgrade Shrine","floor":7,"gold_loss":0,"cards_upgraded":["Zap"]},{"damage_healed":0,"gold_gain":0,"player_choice":"Bet on Murderer","damage_taken":0,"max_hp_gain":0,"max_hp_loss":0,"event_name":"The Joust","floor":21,"gold_loss":50}],"is_beta":false,"boss_relics":[{"not_picked":["Replay:Bronze Core","vexMod:MegatonBomb"],"picked":"Ring of Chaos"}],"items_purged_floors":[4,4],"is_endless":false,"potions_floor_spawned":[5,8,10,16,18,19,23],"killed_by":"Sentry and Sphere","ascension_level":0}}