{"host":"0azimyi6n3ugndj4","time":1607636933,"event":{"mods":["BaseMod","StSLib","Curses Come First","Conspire","Hyrulean Relics","Infinite Spire","Minty Spire (QoL Compilation)","Relic Stats","Replay The Spire","Uncapped","¡¼?Úª?ø«¡½REMEMod","Bestiary","Defuse TimeMaze Blight","SuperFastMode"],"gold_per_floor":[99,167,200,200,125,221,275,356,356,392,231,333,432,498,498,831,831,751,751],"floor_reached":18,"playtime":359,"items_purged":["LikeWater"],"score":556,"play_id":"ee6c140e-ac64-42b8-af0b-6d0513caddf4","local_time":"20201211064853","daily_mods":["Draft","Hoarder","Insanity","Chimera","Specialized","Vintage","ControlledChaos","Allstar","Diverse","Colorless Cards","Heirloom","Time Dilation","Flight","Binary","Elite Swarm","Lethality","Midas","Night Terrors","Binary"],"is_ascension_mode":true,"campfire_choices":[{"floor":15,"key":"REST"}],"circlet_count":0,"master_deck":["Demon Form","Wraith Form v2","Echo Form","DevaForm","AscendersBane","Bash","Survivor","Zap","Eruption","Strike_R","Strike_G","Strike_B","Defend_R","Defend_G","Defend_P","Run Through","Evolve","Acrobatics","ReplaySort","FlyingSleeves","ReplayTheSpireMod:The Works","Aggregate","Wild Strike","Cloak And Dagger","EmptyFist","Bouncing Flask","All Out Attack","Vengeance","Armaments","Headbutt","JustLucky","BowlingBash","Specialist","Anger","Calculated Gamble","SashWhip","Double Energy","ReplayTheSpireMod:Exploit Weakness","Cold Snap","Sweeping Beam","PathToVictory","Replay:ManipulateFuture","Panic Button","Hello World","Finesse","Prostrate","Halt","JustLucky","Rampage","REME_Repentance","Calculated Gamble","Reprogram","Sweeping Beam","Consecrate","Twin Strike","Sword Boomerang","Armaments","Consecrate","FlyingSleeves","Flex","Loop","Slice","Prostrate","Protect","Expertise","REME_GreenPollution","REME_GreenPollution","REME_GreenPollution","REME_GreenPollution","REME_GreenPollution","REME_GreenPollution","REME_GreenPollution","REME_GreenPollution","REME_GreenPollution","REME_GreenPollution","REME_GreenPollution","REME_GreenPollution","REME_GreenPollution","REME_GreenPollution","REME_GreenPollution","Reflex","Reflex","Reflex","FlyingSleeves","FlyingSleeves","FlyingSleeves","Life Link","Life Link","Life Link","REME_TwoStrings","REME_TwoStrings","REME_TwoStrings","Caltrops","Caltrops","Caltrops","Dagger Throw","Dagger Throw","Dagger Throw","Time Bomb","Time Bomb","Time Bomb","Conserve Battery","Conserve Battery","Conserve Battery","Pommel Strike","Pommel Strike","Pommel Strike","infinitespire:OneForAll","infinitespire:OneForAll","infinitespire:OneForAll","CutThroughFate","CutThroughFate","CutThroughFate","EmptyBody","EmptyBody","EmptyBody","Compile Driver","Compile Driver","Compile Driver","Impatience","Impatience","Impatience","Reprogram","Reprogram","Reprogram","Expertise","Expertise","Expertise","Pain","Pain","Pain"],"relics":["Frozen Eye","Busted Crown","REME_ComplimentaryCards","Peace Pipe","zeldaRelics:CourageTriforce","Bronze Scales","Sizzling Blood","Blood Vial","zeldaRelics:WisdomPiece","Replay:Bottled Steam","zeldaRelics:Boomerang","Gremlin Horn","Prayer Wheel","conspire:SlowCooker"],"acts_visited":["Exordium","TheCity"],"potions_floor_usage":[8],"damage_taken":[{"damage":0,"enemies":"Cultist","floor":3,"turns":2},{"damage":14,"enemies":"Replay:BlueRogue","floor":6,"turns":3},{"damage":17,"enemies":"2 Louse","floor":7,"turns":2},{"damage":30,"enemies":"Lagavulin","floor":8,"turns":5},{"damage":10,"enemies":"Jaw Worm","floor":10,"turns":3},{"damage":0,"enemies":"Gremlin Nob","floor":12,"turns":2},{"damage":9,"enemies":"Blue Slaver","floor":14,"turns":2},{"damage":50,"enemies":"Fading Forest","floor":16,"turns":13},{"damage":59,"enemies":"2 Thieves","floor":18,"turns":2}],"seed_played":"-8961132688988136138","potions_obtained":[{"floor":3,"key":"AttackPotion"},{"floor":10,"key":"CunningPotion"},{"floor":12,"key":"LiquidBronze"}],"is_trial":true,"path_per_floor":["$","T","M","?","$","E","M","E","T","M","$","E","?","M","R","B",null,"M"],"character_chosen":"THE_SILENT","items_purchased":["zeldaRelics:Boomerang"],"campfire_rested":1,"item_purchase_floors":[11],"current_hp_per_floor":[59,59,59,63,63,53,40,16,16,12,12,18,18,15,65,19,54,0,0],"gold":751,"neow_bonus":"","is_daily":false,"chose_seed":false,"campfire_upgraded":0,"win_rate":0,"timestamp":1607636933,"path_taken":["?","?","?","?","$","E","M","E","T","?","$","E","?","?","R","BOSS","M"],"build_version":"2020-11-30","purchased_purges":1,"victory":false,"max_hp_per_floor":[66,66,66,70,70,70,70,70,70,70,70,70,70,70,65,65,65,65,65],"relic_stats":{"Peace Pipe":0,"Blood Vial":10,"Busted Crown":20,"Gremlin Horn":[8,8],"counters":[9,34],"Bronze Scales":[61],"Prayer Wheel":0,"obtain_stats":[{"zeldaRelics:WisdomPiece":9,"zeldaRelics:Boomerang":11,"Gremlin Horn":13,"conspire:SlowCooker":17,"Sizzling Blood":4,"zeldaRelics:CourageTriforce":8,"Peace Pipe":0,"Blood Vial":7,"Frozen Eye":0,"Busted Crown":0,"Bronze Scales":3,"Prayer Wheel":14,"zeldaRelics:CouragePiece":2,"Ring of the Snake":0,"REME_ComplimentaryCards":0,"Replay:Bottled Steam":10},{"zeldaRelics:WisdomPiece":4,"zeldaRelics:Boomerang":5,"Gremlin Horn":6,"conspire:SlowCooker":8,"Sizzling Blood":1,"zeldaRelics:CourageTriforce":4,"Peace Pipe":0,"Blood Vial":3,"Frozen Eye":0,"Busted Crown":0,"Bronze Scales":1,"Prayer Wheel":7,"zeldaRelics:CouragePiece":0,"Ring of the Snake":0,"REME_ComplimentaryCards":0,"Replay:Bottled Steam":5},{"zeldaRelics:WisdomPiece":12,"zeldaRelics:Boomerang":15,"Gremlin Horn":17,"conspire:SlowCooker":32,"Sizzling Blood":2,"zeldaRelics:CourageTriforce":12,"Peace Pipe":0,"Blood Vial":7,"Frozen Eye":0,"Busted Crown":0,"Bronze Scales":2,"Prayer Wheel":19,"zeldaRelics:CouragePiece":0,"Ring of the Snake":0,"REME_ComplimentaryCards":0,"Replay:Bottled Steam":15}]},"card_choices":[{"not_picked":["Catalyst","Caltrops"],"picked":"Reflex","floor":0},{"not_picked":["Barrage","Recycle"],"picked":"FlyingSleeves","floor":0},{"not_picked":["Poisoned Stab","ReplayTheSpireMod:Strike From Hell"],"picked":"Life Link","floor":0},{"not_picked":["Acrobatics","PathToVictory"],"picked":"REME_TwoStrings","floor":0},{"not_picked":["Conclude","Thunderclap"],"picked":"Caltrops","floor":0},{"not_picked":["Coolheaded","Blood for Blood"],"picked":"Dagger Throw","floor":0},{"not_picked":["Discovery","Crescendo"],"picked":"Time Bomb","floor":0},{"not_picked":["ThirdEye","Run Through"],"picked":"Conserve Battery","floor":0},{"not_picked":["Dual Wield","Perfected Strike"],"picked":"Pommel Strike","floor":0},{"not_picked":["EmptyBody","Conserve Battery"],"picked":"infinitespire:OneForAll","floor":0},{"not_picked":["Shrug It Off","Blade Dance"],"picked":"CutThroughFate","floor":0},{"not_picked":["Skewer","Acrobatics"],"picked":"EmptyBody","floor":0},{"not_picked":["Ball Lightning","Warcry"],"picked":"Compile Driver","floor":0},{"not_picked":["Streamline","Replay:Sssssssssshield"],"picked":"Impatience","floor":0},{"not_picked":["REME_Repentance","Clothesline"],"picked":"Reprogram","floor":0}],"player_experience":1428843,"relics_obtained":[{"floor":2,"key":"zeldaRelics:CouragePiece"},{"floor":3,"key":"Bronze Scales"},{"floor":6,"key":"zeldaRelics:CouragePiece"},{"floor":7,"key":"Blood Vial"},{"floor":8,"key":"zeldaRelics:CouragePiece"},{"floor":9,"key":"zeldaRelics:WisdomPiece"},{"floor":10,"key":"Replay:Bottled Steam"},{"floor":12,"key":"zeldaRelics:WisdomPiece"},{"floor":13,"key":"Gremlin Horn"},{"floor":14,"key":"Prayer Wheel"}],"event_choices":[],"is_beta":false,"boss_relics":[{"not_picked":["Replay:Ancient Bell","Sozu"],"picked":"conspire:SlowCooker"}],"items_purged_floors":[5],"is_endless":false,"potions_floor_spawned":[3,10,12,14],"killed_by":"2 Thieves","ascension_level":20}}