{"host":"0x9c2ukdv4bhoakt","time":1607638798,"event":{"mods":["BaseMod","StSLib","Colored Map","Googly Eyes","Minty Spire (QoL Compilation)","slay the spire mod where everything is the same but ironclad has a cowboy hat","Bestiary","Block Reminder","DeckTracker","Relic Stats"],"gold_per_floor":[112,131,147,208,168,197,216,241,241,241,274,292,302,316,316,421,421,431,446,31,41,41,73,73,73,98,128,145,170,220,245,245,348,348,359,359,203,253,253,286,302,302,302,334,334,344,160,193,193,193,193,193,6,41,41],"floor_reached":56,"playtime":8783,"items_purged":["Strike_R","Strike_R","Anger"],"score":1648,"play_id":"79548b2e-58dc-4b98-9287-0150b91c0d47","local_time":"20201210171958","is_ascension_mode":true,"campfire_choices":[{"data":"Hemokinesis","floor":10.0,"key":"SMITH"},{"data":"Disarm","floor":15.0,"key":"SMITH"},{"floor":24,"key":"REST"},{"data":"True Grit","floor":32,"key":"SMITH"},{"floor":42,"key":"REST"},{"floor":45,"key":"RECALL"},{"data":"Havoc","floor":49,"key":"SMITH"},{"data":"Rampage","floor":52,"key":"SMITH"}],"circlet_count":0,"master_deck":["Defend_R","Defend_R","Defend_R","Defend_R","Bash","Hemokinesis+1","Metallicize","Battle Trance","Pommel Strike","Thunderclap","Disarm+1","Feel No Pain","Headbutt","Clothesline","Feed","Shrug It Off","Shockwave+1","True Grit+1","Burning Pact","Rampage+1","Carnage","Shrug It Off+1","Exhume","Finesse","Sever Soul","Havoc+1","Bloodletting","Dark Embrace","Second Wind"],"special_seed":0,"relics":["Burning Blood","Lantern","Meat on the Bone","The Courier","Busted Crown","Anchor","PreservedInsect","Enchiridion","Dream Catcher","Boot","Centennial Puzzle","Regal Pillow","Matryoshka","Runic Pyramid","Charon\u0027s Ashes","Pen Nib","Ancient Tea Set","Mummified Hand","Strawberry","Eternal Feather","Medical Kit","Oddly Smooth Stone"],"acts_visited":["Exordium","TheCity","TheBeyond","TheEnding"],"potions_floor_usage":[23,27,50,55,55,55,55],"damage_taken":[{"damage":8.0,"enemies":"Cultist","floor":1.0,"turns":3.0},{"damage":2.0,"enemies":"2 Louse","floor":2.0,"turns":3.0},{"damage":4.0,"enemies":"Jaw Worm","floor":3.0,"turns":2.0},{"damage":13.0,"enemies":"Gremlin Nob","floor":6.0,"turns":3.0},{"damage":13.0,"enemies":"Lots of Slimes","floor":7.0,"turns":3.0},{"damage":23.0,"enemies":"Lagavulin","floor":8.0,"turns":4.0},{"damage":18.0,"enemies":"Gremlin Nob","floor":11.0,"turns":3.0},{"damage":9.0,"enemies":"3 Louse","floor":12.0,"turns":3.0},{"damage":4.0,"enemies":"Red Slaver","floor":13.0,"turns":3.0},{"damage":12.0,"enemies":"Large Slime","floor":14.0,"turns":6.0},{"damage":23.0,"enemies":"The Guardian","floor":16.0,"turns":13.0},{"damage":21,"enemies":"Spheric Guardian","floor":18,"turns":4},{"damage":18,"enemies":"2 Thieves","floor":19,"turns":4},{"damage":5,"enemies":"Snake Plant","floor":21,"turns":5},{"damage":19,"enemies":"Gremlin Leader","floor":23,"turns":8},{"damage":28,"enemies":"Book of Stabbing","floor":27,"turns":5},{"damage":19,"enemies":"Sentry and Sphere","floor":28,"turns":8},{"damage":8,"enemies":"Slavers","floor":29,"turns":11},{"damage":20,"enemies":"Book of Stabbing","floor":31,"turns":5},{"damage":0,"enemies":"Champ","floor":33,"turns":22},{"damage":2,"enemies":"Orb Walker","floor":35,"turns":3},{"damage":0,"enemies":"Mind Bloom Boss Battle","floor":38,"turns":9},{"damage":50,"enemies":"Reptomancer","floor":40,"turns":7},{"damage":18,"enemies":"3 Darklings","floor":41,"turns":5},{"damage":28,"enemies":"Giant Head","floor":44,"turns":7},{"damage":3,"enemies":"Sphere and 2 Shapes","floor":46,"turns":5},{"damage":21,"enemies":"Reptomancer","floor":48,"turns":6},{"damage":65,"enemies":"Awakened One","floor":50,"turns":13},{"damage":15,"enemies":"Shield and Spear","floor":54,"turns":4},{"damage":76,"enemies":"The Heart","floor":55,"turns":11}],"seed_played":"-3426402603120416889","potions_obtained":[{"floor":1.0,"key":"ColorlessPotion"},{"floor":5.0,"key":"Regen Potion"},{"floor":5.0,"key":"DuplicationPotion"},{"floor":6.0,"key":"ColorlessPotion"},{"floor":11.0,"key":"BlessingOfTheForge"},{"floor":13.0,"key":"HeartOfIron"},{"floor":16.0,"key":"EssenceOfSteel"},{"floor":23,"key":"Regen Potion"},{"floor":27,"key":"Regen Potion"}],"is_trial":false,"path_per_floor":["M","M","M","?","?","E","M","E","T","R","E","M","M","M","R","B",null,"M","M","$","M","?","E","R","?","T","E","M","E","?","E","R","B",null,"M","?","$","?","?","E","M","R","T","E","R","M","$","E","R","B",null,"R","$","E","B",null],"character_chosen":"IRONCLAD","items_purchased":["True Grit","Anchor","PreservedInsect","EntropicBrew","Finesse","Havoc","Bloodletting","Dark Embrace","Medical Kit"],"campfire_rested":2,"item_purchase_floors":[20,20,20,20,37,47,47,53,53],"current_hp_per_floor":[78,80,80,80,80,73,66,49,49,49,49,58,60,54,54,49,72,57,48,48,49,33,36,62,62,62,57,59,60,60,58,58,67,91,98,98,98,105,105,64,67,111,111,99,99,105,105,93,108,79,117,130,130,121,78],"gold":41,"neow_bonus":"THREE_CARDS","is_daily":false,"chose_seed":false,"campfire_upgraded":5,"win_rate":0,"timestamp":1607638798,"path_taken":["M","?","M","?","?","E","M","E","T","R","E","M","?","M","R","BOSS","M","M","$","M","?","E","R","?","T","E","?","E","?","E","R","BOSS","M","?","$","?","?","E","M","R","T","E","R","?","?","E","R","BOSS","R","$","E","BOSS"],"build_version":"2020-11-30","purchased_purges":3,"victory":true,"max_hp_per_floor":[80,80,80,80,80,80,80,80,80,80,80,80,80,80,80,80,80,80,83,83,83,83,87,87,87,87,90,93,96,96,96,96,99,99,102,102,102,105,105,108,111,111,111,121,121,124,124,127,127,130,130,130,130,130,130],"relic_stats":{"Regal Pillow":11,"counters":[30,188],"Eternal Feather":28,"PreservedInsect":480,"Charon\u0027s Ashes":[346],"Pen Nib":[10],"Boot":[19],"Medical Kit":[2],"Burning Blood":174,"Dream Catcher":2,"Centennial Puzzle":[36],"Busted Crown":38,"Mummified Hand":[21],"obtain_stats":[{"Lantern":6,"Regal Pillow":29,"Enchiridion":22,"Oddly Smooth Stone":54,"Eternal Feather":48,"The Courier":11,"PreservedInsect":20,"Charon\u0027s Ashes":38,"Pen Nib":40,"Boot":26,"Ancient Tea Set":43,"Medical Kit":53,"Burning Blood":0,"Anchor":20,"Dream Catcher":23,"Centennial Puzzle":27,"Busted Crown":17,"Matryoshka":31,"Mummified Hand":43,"Strawberry":44,"Meat on the Bone":8,"Runic Pyramid":34},{"Lantern":4,"Regal Pillow":18,"Enchiridion":14,"Oddly Smooth Stone":29,"Eternal Feather":27,"The Courier":7,"PreservedInsect":13,"Charon\u0027s Ashes":22,"Pen Nib":23,"Boot":15,"Ancient Tea Set":24,"Medical Kit":28,"Burning Blood":0,"Anchor":13,"Dream Catcher":15,"Centennial Puzzle":16,"Busted Crown":11,"Matryoshka":19,"Mummified Hand":24,"Strawberry":25,"Meat on the Bone":6,"Runic Pyramid":20},{"Lantern":11,"Regal Pillow":91,"Enchiridion":59,"Oddly Smooth Stone":177,"Eternal Feather":160,"The Courier":21,"PreservedInsect":54,"Charon\u0027s Ashes":130,"Pen Nib":137,"Boot":67,"Ancient Tea Set":142,"Medical Kit":173,"Burning Blood":0,"Anchor":54,"Dream Catcher":67,"Centennial Puzzle":72,"Busted Crown":46,"Matryoshka":96,"Mummified Hand":142,"Strawberry":149,"Meat on the Bone":18,"Runic Pyramid":118}],"Meat on the Bone":108},"card_choices":[{"not_picked":["Perfected Strike","True Grit"],"picked":"Hemokinesis","floor":0.0},{"not_picked":["Dark Embrace","Clash"],"picked":"Metallicize","floor":1.0},{"not_picked":["Hemokinesis","Twin Strike"],"picked":"Anger","floor":2.0},{"not_picked":["Rupture","Twin Strike"],"picked":"Battle Trance","floor":3.0},{"not_picked":["Cleave","Armaments"],"picked":"Pommel Strike","floor":6.0},{"not_picked":["Intimidate","Iron Wave"],"picked":"Thunderclap","floor":7.0},{"not_picked":["Ghostly Armor","Evolve"],"picked":"Disarm","floor":8.0},{"not_picked":["Cleave","Flex"],"picked":"Feel No Pain","floor":11.0},{"not_picked":["Iron Wave","Perfected Strike"],"picked":"Headbutt","floor":12.0},{"not_picked":["Sentinel","Headbutt","Wild Strike"],"picked":"SKIP","floor":13.0},{"not_picked":["Feel No Pain","Warcry"],"picked":"Clothesline","floor":14.0},{"not_picked":["Brutality","Reaper"],"picked":"Feed","floor":16.0},{"not_picked":[],"picked":"Shrug It Off","floor":18},{"not_picked":[],"picked":"Shockwave+1","floor":19},{"not_picked":["Hemokinesis"],"picked":"SKIP","floor":21},{"not_picked":[],"picked":"Burning Pact","floor":23},{"not_picked":[],"picked":"Rampage","floor":27},{"not_picked":[],"picked":"Carnage","floor":28},{"not_picked":["Wild Strike+1"],"picked":"SKIP","floor":29},{"not_picked":[],"picked":"Shrug It Off+1","floor":31},{"not_picked":[],"picked":"Exhume","floor":33},{"not_picked":["Ghostly Armor"],"picked":"SKIP","floor":35},{"not_picked":["Flex"],"picked":"SKIP","floor":40},{"not_picked":["Perfected Strike+1"],"picked":"SKIP","floor":41},{"not_picked":[],"picked":"Sever Soul","floor":44},{"not_picked":["Cleave+1"],"picked":"SKIP","floor":46},{"not_picked":["Pummel+1"],"picked":"SKIP","floor":48},{"not_picked":[],"picked":"Second Wind","floor":54}],"player_experience":377310,"relics_obtained":[{"floor":6.0,"key":"Lantern"},{"floor":8.0,"key":"Meat on the Bone"},{"floor":11.0,"key":"The Courier"},{"floor":22,"key":"Enchiridion"},{"floor":23,"key":"Dream Catcher"},{"floor":26,"key":"Boot"},{"floor":27,"key":"Centennial Puzzle"},{"floor":29,"key":"Regal Pillow"},{"floor":31,"key":"Matryoshka"},{"floor":38,"key":"Charon\u0027s Ashes"},{"floor":40,"key":"Pen Nib"},{"floor":43,"key":"Ancient Tea Set"},{"floor":43,"key":"Mummified Hand"},{"floor":44,"key":"Strawberry"},{"floor":48,"key":"Eternal Feather"},{"floor":54,"key":"Oddly Smooth Stone"}],"event_choices":[{"damage_healed":0.0,"max_hp_gain":0.0,"max_hp_loss":0.0,"gold_gain":61.0,"event_name":"Golden Wing","player_choice":"Gained Gold","floor":4.0,"gold_loss":0.0,"damage_taken":0.0},{"damage_healed":0.0,"max_hp_gain":0.0,"max_hp_loss":0.0,"gold_gain":0.0,"event_name":"The Woman in Blue","player_choice":"Bought 3 Potions","floor":5.0,"gold_loss":0.0,"damage_taken":0.0},{"damage_healed":0,"gold_gain":0,"player_choice":"Obtained Book","damage_taken":16,"max_hp_gain":0,"max_hp_loss":0,"event_name":"Cursed Tome","floor":22,"gold_loss":0},{"cards_removed":["Strike_R"],"damage_healed":0,"gold_gain":0,"player_choice":"Purged","damage_taken":0,"max_hp_gain":0,"max_hp_loss":0,"event_name":"Purifier","floor":25,"gold_loss":0},{"damage_healed":0,"gold_gain":100,"player_choice":"Bet on Murderer","damage_taken":0,"max_hp_gain":0,"max_hp_loss":0,"event_name":"The Joust","floor":30,"gold_loss":50},{"cards_removed":["Strike_R"],"damage_healed":0,"gold_gain":0,"player_choice":"Removed Attack","damage_taken":0,"max_hp_gain":0,"max_hp_loss":0,"event_name":"Falling","floor":36,"gold_loss":0},{"damage_healed":0,"gold_gain":0,"player_choice":"Fight","damage_taken":0,"max_hp_gain":0,"max_hp_loss":0,"event_name":"MindBloom","floor":38,"gold_loss":0},{"cards_removed":["Strike_R"],"damage_healed":0,"gold_gain":0,"player_choice":"Offered Basic","damage_taken":0,"max_hp_gain":0,"max_hp_loss":0,"event_name":"Bonfire Elementals","floor":39,"gold_loss":0}],"is_beta":false,"boss_relics":[{"not_picked":["Calling Bell","Empty Cage"],"picked":"Busted Crown"},{"not_picked":["Fusion Hammer","Runic Cube"],"picked":"Runic Pyramid"}],"items_purged_floors":[20,37,47],"is_endless":false,"potions_floor_spawned":[1,6,7,11,13,14,16,19,23,27,29,33,35,41,46,48],"ascension_level":5}}