{"host":"17xjy7b7ubl548g2","time":1607574782,"event":{"gold_per_floor":[117,117,117,133,153,153,180,180,230,242,271,302,319,333,333,406,406,423,304,304,86,99,128,128,159,236,254,284,284,284,300,300,371,371,390,390,390,406,417,417,446,446,446,446,478,490,516,528,540,552,576,588,600,187,187],"floor_reached":54,"playtime":6700,"items_purged":["Pain","Strike_B","Strike_B"],"score":1311,"play_id":"7552d8b5-636b-4c20-bf69-373c101ee2b4","local_time":"20201209233302","is_ascension_mode":true,"campfire_choices":[{"data":"Zap","floor":6,"key":"SMITH"},{"data":"Dualcast","floor":8,"key":"SMITH"},{"data":"Hologram","floor":15,"key":"SMITH"},{"data":"Defragment","floor":24,"key":"SMITH"},{"data":"Mirror Shield","floor":30,"key":"SMITH"},{"data":"jedi:blockon","floor":32,"key":"SMITH"},{"data":"jedi:hex","floor":40,"key":"SMITH"},{"data":"StuffTheSpire:Coldhearted","floor":42,"key":"SMITH"},{"floor":46,"key":"RECALL"},{"data":"Reinforced Body","floor":49,"key":"SMITH"}],"neow_cost":"TEN_PERCENT_HP_LOSS","seed_source_timestamp":109107393196458,"circlet_count":0,"master_deck":["AscendersBane","Strike_B","Defend_B+1","Defend_B+1","Defend_B+1","Defend_B+1","Zap+1","Dualcast+1","Ball Lightning","Melter","All For One","Cold Snap","Genetic Algorithm","Hologram+1","StuffTheSpire:Coldhearted+1","Reinforced Body+1","Conserve Battery","Mirror Shield+1","Coolheaded+1","Defragment+1","jedi:blockon+1","Conserve Battery+1","Glacier","Skim","Echo Form","Cold Snap","infinitespire:Fortify","jedi:hex+1","Gash+1","Go for the Eyes+1","Leap+1"],"relics":["Cracked Core","conspire:Boomerang","Replay:Ringing Soul","hubris:TenFootPole","Replay:Bottled Eggs","aspiration:FetidBarrel","energizedSpire:RedRose","Elementarium:HuntersBracer","Elementarium:GolemsHeart","StuffTheSpire:HeavyRock","Lizard Tail","Bottled Tornado","Eternal Feather","aspiration:DSix","jedi:superconductor","Elementarium:ElementariumTrophy","energizedSpire:OldTV","hubris:Towel","Empty Cage","aspiration:SeaSaltIceCream","Replay:Baseball","PreservedInsect","MawBank","paleoftheancients:Timepiece","paleoftheancients:KeyRelic","Mercury Hourglass","CultistMask","halation:PinkSoulGem","jedi:matchstick","Gremlin Food"],"potions_floor_usage":[7,7,22,25,27,38,41,45,51],"damage_taken":[{"damage":0,"enemies":"Cultist","floor":1,"turns":3},{"damage":8,"enemies":"Small Slimes","floor":4,"turns":3},{"damage":2,"enemies":"Jaw Worm","floor":5,"turns":3},{"damage":15,"enemies":"3 Sentries","floor":7,"turns":5},{"damage":6,"enemies":"Red Slaver","floor":10,"turns":3},{"damage":18,"enemies":"Lagavulin","floor":11,"turns":6},{"damage":12,"enemies":"conspire:MimicChest","floor":12,"turns":7},{"damage":3,"enemies":"Blue Slaver","floor":13,"turns":3},{"damage":1,"enemies":"Looter","floor":14,"turns":3},{"damage":8,"enemies":"Hexaghost","floor":16,"turns":12},{"damage":0,"enemies":"Elementarium:2_ELEMENTALS","floor":18,"turns":4},{"damage":14,"enemies":"Elementarium:VoidCorruption","floor":22,"turns":7},{"damage":0,"enemies":"Elementarium:WarGolem","floor":23,"turns":4},{"damage":0,"enemies":"Elementarium:ElementalPortal","floor":25,"turns":6},{"damage":2,"enemies":"Elementarium:RubyGolem","floor":27,"turns":4},{"damage":1,"enemies":"Elementarium:WarGolem","floor":28,"turns":3},{"damage":0,"enemies":"Elementarium:STONE_GOLEMS","floor":31,"turns":4},{"damage":14,"enemies":"Elementarium:GoldenDragon","floor":33,"turns":10},{"damage":0,"enemies":"3 Darklings","floor":35,"turns":4},{"damage":0,"enemies":"Orb Walker","floor":38,"turns":4},{"damage":0,"enemies":"3 Darklings","floor":39,"turns":5},{"damage":9,"enemies":"Reptomancer","floor":41,"turns":9},{"damage":0,"enemies":"Nemesis","floor":45,"turns":4},{"damage":11,"enemies":"Maw","floor":47,"turns":8},{"damage":19,"enemies":"Replay:Hell Engine","floor":50,"turns":17},{"damage":83,"enemies":"Replay:Hell Engine","floor":51,"turns":18},{"damage":152,"enemies":"Replay:Hell Engine","floor":52,"turns":11}],"seed_played":"8626697451799245151","potions_obtained":[{"floor":4,"key":"Adrenaline Potion"},{"floor":5,"key":"FocusPotion"},{"floor":13,"key":"blueLaboratory:RelayPotion"},{"floor":16,"key":"blueLaboratory:BottleOfRum"},{"floor":18,"key":"blueLaboratory:EmptyBottle"},{"floor":23,"key":"blueLaboratory:NullPotion"},{"floor":25,"key":"blueLaboratory:BottledHope"},{"floor":28,"key":"LifebloodPotion"},{"floor":35,"key":"Dexterity Potion"},{"floor":39,"key":"blueLaboratory:BottledHope"},{"floor":47,"key":"blueLaboratory:ForbiddenFruitJuice"}],"is_trial":false,"path_per_floor":["M","?","?","M","M","R","E","R","T","M","E","?","M","M","R","B",null,"M","?","?","$","M","E","R","E","T","M","E","T","R","M","R","B",null,"M","?","AVR","M","M","R","E","R","T","?","E","R","M","?","R","B","M","M","?","$"],"character_chosen":"DEFECT","items_purchased":["Defragment","StuffTheSpire:HeavyRock","jedi:blockon","jedi:matchstick","Gremlin Food","blueLaboratory:HorrorPotion","blueLaboratory:BottleOfRum"],"campfire_rested":0,"item_purchase_floors":[21,21,21,54,54,54,54],"current_hp_per_floor":[64,64,64,56,54,54,42,42,42,39,24,15,15,17,17,12,67,70,70,73,76,65,65,65,65,65,66,65,65,80,83,98,87,101,104,104,107,107,110,115,109,118,118,118,121,121,113,113,124,119,81,105,105,105,105],"gold":187,"neow_bonus":"ONE_RARE_RELIC","is_prod":false,"is_daily":false,"chose_seed":false,"campfire_upgraded":9,"win_rate":0,"timestamp":1607574782,"path_taken":["M","?","?","?","M","R","E","R","T","M","E","?","M","?","R","BOSS","M","?","?","$","M","E","R","E","T","M","E","?","R","M","R","BOSS","M","?","AVR","M","M","R","E","R","T","?","E","R","?","?","R","BOSS","M","M","?","$"],"build_version":"2020-11-30","purchased_purges":3,"victory":false,"max_hp_per_floor":[64,64,64,64,64,64,67,67,67,70,73,76,79,82,82,85,85,88,88,91,94,97,97,97,97,97,100,100,100,100,103,103,106,106,109,109,112,112,115,115,118,118,118,118,121,121,124,124,124,124,124,124,124,124,124],"card_choices":[{"not_picked":["Beam Cell","StuffTheSpire:CleanHardDrive"],"picked":"Ball Lightning","floor":1},{"not_picked":["Panic Button","Beam Cell"],"picked":"Melter","floor":4},{"not_picked":["Stack","Chaos"],"picked":"All For One","floor":5},{"not_picked":["StuffTheSpire:Plugnplay","Blizzard"],"picked":"Cold Snap","floor":7},{"not_picked":["Panic Button","BasicCrystalCard"],"picked":"Genetic Algorithm","floor":10},{"not_picked":["Sweeping Beam","Ball Lightning"],"picked":"Hologram","floor":11},{"not_picked":["Echo Form","Time Bomb"],"picked":"StuffTheSpire:Coldhearted","floor":12},{"not_picked":["Sweeping Beam","FTL"],"picked":"Reinforced Body","floor":13},{"not_picked":["Steam Power","Cold Snap"],"picked":"Conserve Battery","floor":14},{"not_picked":["Core Surge","StuffTheSpire:LaunchingStrike"],"picked":"Mirror Shield","floor":16},{"not_picked":["StuffTheSpire:LoadUp","Cold Snap"],"picked":"Coolheaded+1","floor":18},{"not_picked":["Gash","BasicCrystalCard"],"picked":"Conserve Battery+1","floor":22},{"not_picked":["StuffTheSpire:LoadUp","jedi:BurstLightning","jedi:reiji"],"picked":"SKIP","floor":23},{"not_picked":["ReplayTheSpireMod:GoodbyeWorld","Storm","StuffTheSpire:SnapShoot"],"picked":"SKIP","floor":25},{"not_picked":["Hologram","Stack"],"picked":"Glacier","floor":27},{"not_picked":["jedi:readyaimfire","Turbo","StuffTheSpire:Plugnplay"],"picked":"SKIP","floor":28},{"not_picked":["Streamline","Turbo+1"],"picked":"Skim","floor":31},{"not_picked":["ReplayTheSpireMod:Fabricate Wheel","All For One"],"picked":"Echo Form","floor":33},{"not_picked":["Rebound+1","Lockon"],"picked":"Cold Snap","floor":35},{"not_picked":["Static Discharge","Turbo","Panic Button"],"picked":"SKIP","floor":38},{"not_picked":["Ball Lightning","Time Bomb"],"picked":"jedi:hex","floor":39},{"not_picked":["Panic Button","Beam Cell"],"picked":"Gash+1","floor":41},{"not_picked":["jedi:markofdeath","StuffTheSpire:Plugnplay+1"],"picked":"Go for the Eyes+1","floor":45},{"not_picked":["StuffTheSpire:Purify","Barrage"],"picked":"Leap+1","floor":47},{"not_picked":["Leap+1","Beam Cell+1","Conserve Battery"],"picked":"SKIP","floor":51}],"player_experience":1509478,"relics_obtained":[{"floor":7,"key":"Replay:Ringing Soul"},{"floor":9,"key":"hubris:TenFootPole"},{"floor":11,"key":"Replay:Bottled Eggs"},{"floor":12,"key":"aspiration:FetidBarrel"},{"floor":23,"key":"Lizard Tail"},{"floor":25,"key":"Bottled Tornado"},{"floor":26,"key":"Eternal Feather"},{"floor":28,"key":"aspiration:DSix"},{"floor":29,"key":"jedi:superconductor"},{"floor":41,"key":"PreservedInsect"},{"floor":45,"key":"MawBank"}],"event_choices":[{"damage_healed":0,"gold_gain":0,"player_choice":"Sling","damage_taken":0,"relics_obtained":["Elementarium:HuntersBracer"],"max_hp_gain":0,"max_hp_loss":0,"event_name":"Elementarium:BigGameHunter","floor":19,"gold_loss":119},{"damage_healed":0,"gold_gain":0,"player_choice":"Chest","damage_taken":0,"relics_obtained":["Elementarium:GolemsHeart"],"max_hp_gain":0,"max_hp_loss":0,"event_name":"Elementarium:AbandonedFactory","floor":20,"gold_loss":0,"cards_obtained":["Pain"]}],"is_beta":false,"boss_relics":[{"not_picked":["aspiration:SilentSkillbook","halation:SmartPhone"],"picked":"energizedSpire:RedRose"},{"not_picked":["aspiration:IroncladSkillbook","jedi:hotpepper"],"picked":"energizedSpire:OldTV"}],"items_purged_floors":[21,37,54],"is_endless":false,"potions_floor_spawned":[4,5,13,16,18,23,25,28,35,39,47],"ascension_level":14}}