{"host":"4be9rrw6luv8jrir","time":1607622045,"event":{"mods":["BaseMod","StSLib","Act Like it!","Hubris","Conspire","Replay The Spire","MostiFishMod","The Animator","Rare Cards Sparkle","Minty Spire (QoL Compilation)","AchievementEnabler"],"gold_per_floor":[116,41,41,58,72,104,121,121,121,134,166,66,80,107,107,205,205,225,240,140,215,231,231,256,266,266,146,146,6,6,35,35,135,135,147,160,180,20,33,60,73,88,163,163,163,182,207,257,257,257,257,257,564,614,669,669,509,195,270,350,350,105,212,212,212,212,327,327,327],"floor_reached":70,"playtime":5309,"items_purged":["animator:Strike","animator:Strike","animator:Strike","animator:Benimaru","animator:KrulTepes","animator:Kaijin"],"score":1757,"play_id":"b287d08f-0d2d-4d8c-ae92-d6daeb008d5b","local_time":"20201211014045","is_ascension_mode":true,"campfire_choices":[{"data":"Body Slam","floor":8.0,"key":"SMITH"},{"data":"animator:Emilia","floor":15.0,"key":"SMITH"},{"data":"Study","floor":23.0,"key":"SMITH"},{"floor":28.0,"key":"RECALL"},{"data":"MostiFishMod:ShivMaster","floor":32.0,"key":"SMITH"},{"data":"animator:TakanashiRikka","floor":49.0,"key":"PURGE"},{"data":"animator:Defend","floor":52.0,"key":"SMITH"},{"floor":66.0,"key":"REST"},{"data":"animator:Kyubey","floor":68.0,"key":"SMITH"}],"circlet_count":0,"master_deck":["animator:Defend+1","animator:Defend+1","animator:Defend+1","MostiFishMod:Neptune+1","MostiFishMod:TheEndOfMoonlight+1","MostiFishMod:SparklingWater+1","MostiFishMod:FantasySummer+1","MostiFishMod:NightSea+1","Glacier+1","Coolheaded+1","Body Slam+1","Study+1","animator:Vesta+1","MostiFishMod:ShivMaster+1","animator:Emilia+1","MostiFishMod:ReadyAimFire+1","Cloak And Dagger+1","animator:MadokaKaname+1","Venomology+1","FTL+1","Double Energy+1","animator:NarberalGamma+1","animator:LeleiLaLalena+1","animator:Kyubey+1"],"special_seed":0,"relics":["animator:TheEruzaStone","animator:AncientMedallion"],"acts_visited":["TheBeyond","TheEnding","EYB:TheUnnamedReign"],"potions_floor_usage":[69,69,69,69],"damage_taken":[{"damage":0.0,"enemies":"Jaw Worm","floor":1.0,"turns":2.0},{"damage":0.0,"enemies":"Cultist","floor":4.0,"turns":1.0},{"damage":2.0,"enemies":"conspire:RoseBush","floor":5.0,"turns":3.0},{"damage":0.0,"enemies":"Lagavulin","floor":6.0,"turns":3.0},{"damage":0.0,"enemies":"3 Louse","floor":7.0,"turns":4.0},{"damage":0.0,"enemies":"Blue Slaver","floor":10.0,"turns":3.0},{"damage":0.0,"enemies":"Replay:BlueRogue","floor":11.0,"turns":1.0},{"damage":0.0,"enemies":"2 Fungi Beasts","floor":13.0,"turns":4.0},{"damage":0.0,"enemies":"Lagavulin","floor":14.0,"turns":2.0},{"damage":0.0,"enemies":"Hexaghost","floor":16.0,"turns":10.0},{"damage":0.0,"enemies":"Spheric Guardian","floor":18.0,"turns":2.0},{"damage":0.0,"enemies":"conspire:FuzzyDice","floor":19.0,"turns":2.0},{"damage":0.0,"enemies":"Snake Plant","floor":22.0,"turns":1.0},{"damage":0.0,"enemies":"Gremlin Leader","floor":24.0,"turns":2.0},{"damage":2.0,"enemies":"Cultist and Chosen","floor":25.0,"turns":3.0},{"damage":0.0,"enemies":"conspire:Head Lice","floor":31.0,"turns":4.0},{"damage":0.0,"enemies":"Collector","floor":33.0,"turns":5.0},{"damage":0.0,"enemies":"3 Darklings","floor":35.0,"turns":3.0},{"damage":0.0,"enemies":"3 Shapes","floor":36.0,"turns":2.0},{"damage":0.0,"enemies":"Transient","floor":37.0,"turns":5.0},{"damage":0.0,"enemies":"Writhing Mass","floor":39.0,"turns":4.0},{"damage":5.0,"enemies":"Reptomancer","floor":40.0,"turns":3.0},{"damage":0.0,"enemies":"Spire Growth","floor":41.0,"turns":3.0},{"damage":0.0,"enemies":"3 Darklings","floor":42.0,"turns":2.0},{"damage":8.0,"enemies":"4 Shapes","floor":46.0,"turns":5.0},{"damage":0.0,"enemies":"Giant Head","floor":47.0,"turns":5.0},{"damage":6.0,"enemies":"Mind Bloom Boss Battle","floor":48.0,"turns":5.0},{"damage":0.0,"enemies":"Awakened One","floor":50.0,"turns":9.0},{"damage":0.0,"enemies":"animator:UNNAMED_HAT","floor":54.0,"turns":2.0},{"damage":0.0,"enemies":"animator:TRIPLE_SHAPES_WEAK","floor":55.0,"turns":4.0},{"damage":0.0,"enemies":"animator:LARGE_CRYSTAL","floor":59.0,"turns":4.0},{"damage":0.0,"enemies":"animator:TRIPLE_LAGAVULIN","floor":60.0,"turns":4.0},{"damage":0.0,"enemies":"animator:ULTIMATE_WISP","floor":63.0,"turns":5.0},{"damage":14.0,"enemies":"animator:ULTIMATE_CUBE","floor":67.0,"turns":8.0}],"seed_played":"323149436676109823","potions_obtained":[{"floor":4.0,"key":"Fire Potion"},{"floor":5.0,"key":"Fire Potion"},{"floor":13.0,"key":"Strength Potion"},{"floor":14.0,"key":"ColorlessPotion"},{"floor":18.0,"key":"animator:FalseLifePotion"},{"floor":24.0,"key":"LiquidMemories"},{"floor":41.0,"key":"DuplicationPotion"},{"floor":54.0,"key":"animator:FalseLifePotion"},{"floor":55.0,"key":"animator:FalseLifePotion"},{"floor":59.0,"key":"animator:FalseLifePotion"},{"floor":60.0,"key":"animator:FalseLifePotion"}],"is_trial":false,"path_per_floor":["M","$","?","M","M","E","M","R","T","M","E","$","M","E","R","B",null,"M","M","$","?","M","R","E","M","T","$","R","$","T","E","R","B",null,"M","M","M","$","M","E","M","M","T","?","?","M","E","?","R","B",null,"R","??","M","M","T","?","$","M","M","?","$","E","T","?","R","E","R","B",null],"character_chosen":"THE_ANIMATOR","items_purchased":["animator:NarberalGamma","animator:AncientMedallion","animator:AncientMedallion"],"campfire_rested":1,"item_purchase_floors":[58,58,62],"current_hp_per_floor":[66,66,66,66,64,64,64,64,64,64,64,64,64,64,64,64,66,66,66,66,60,60,60,60,58,58,58,58,58,58,71,71,73,73,73,73,73,73,73,68,68,68,68,68,68,69,73,70,70,73,73,73,98,98,98,98,98,98,98,98,98,98,98,98,28,57,79,79,23],"gold":327,"neow_bonus":"BOSS_RELIC","is_daily":false,"chose_seed":false,"campfire_upgraded":6,"win_rate":0,"timestamp":1607622045,"path_taken":["M","$","?","M","M","E","M","R","T","M","E","$","M","E","R","BOSS","M","M","$","?","M","R","E","M","T","$","R","$","?","E","R","BOSS","M","M","?","$","M","E","M","M","T","?","?","M","E","?","R","BOSS","R","??","M","M","T","?","$","M","M","?","$","E","T","?","R","E","R","BOSS"],"build_version":"2020-11-30","purchased_purges":6,"victory":true,"max_hp_per_floor":[66,66,66,66,66,66,66,66,66,66,66,66,66,66,66,66,66,66,66,66,66,66,66,66,66,66,66,66,66,66,73,73,73,73,73,73,73,73,73,73,73,73,73,73,73,73,73,73,73,73,73,73,98,98,98,98,98,98,98,98,98,98,98,98,98,98,98,98,98],"card_choices":[{"not_picked":["animator:UneriGinkaku","animator:Bozes","animator:ZankiKiguchi"],"picked":"SKIP","floor":1.0},{"not_picked":["animator:DolaRiku","animator:Alexander","Sword Boomerang"],"picked":"Glacier","floor":4.0},{"not_picked":["Hologram","animator:DolaSchwi","hubris:ReadiedAction"],"picked":"Coolheaded","floor":5.0},{"not_picked":["animator:Millim","animator:GazelDwargon","animator:Shuna"],"picked":"animator:Vesta","floor":6.0},{"not_picked":["animator:Aisha","Draining Mist","Infinite Blades"],"picked":"Body Slam","floor":7.0},{"not_picked":["animator:Gillette","animator:Ciel","FearNoEvil"],"picked":"Study","floor":10.0},{"not_picked":["animator:SayakaMiki","Ball Lightning","Dagger Spray","Ragnarok"],"picked":"SKIP","floor":11.0},{"not_picked":["animator:Hakurou","animator:GazelDwargon","animator:Benimaru"],"picked":"animator:Vesta","floor":13.0},{"not_picked":["animator:Togame","Fire Breathing","Bane"],"picked":"MostiFishMod:ShivMaster","floor":14.0},{"not_picked":["Unload","MostiFishMod:#F4004","Immolate"],"picked":"MostiFishMod:ReadyAimFire","floor":16.0},{"not_picked":["animator:CowGirl","animator:Vesta","animator:Millim"],"picked":"Cloak And Dagger+1","floor":18.0},{"not_picked":["ReplayTheSpireMod:Trickstab","animator:Aisha","animator:Witch","animator:LimeBell"],"picked":"SKIP","floor":19.0},{"not_picked":["animator:GazelDwargon","Headbutt","animator:OrikoMikuni"],"picked":"animator:Kaijin","floor":24.0},{"not_picked":["MostiFishMod:PerfectParry","animator:UneriGinkaku","Infernal Blade+1","TalkToTheHand+1"],"picked":"SKIP","floor":25.0},{"not_picked":["animator:OrikoMikuni+1","Slice","EmptyFist+1","animator:Shinoa"],"picked":"SKIP","floor":31.0},{"not_picked":["MostiFishMod:PerfectStrikeMKII","MostiFishMod:UniGreen","MostiFishMod:FlowState"],"picked":"Venomology","floor":33.0},{"not_picked":["Inflame","animator:Millim","animator:Mikaela"],"picked":"FTL","floor":35.0},{"not_picked":["Sunder+1","animator:Vesta","Sneak Up","hubris:SlightOfHand"],"picked":"SKIP","floor":36.0},{"not_picked":["MostiFishMod:Zero-Sum","Coolheaded+1","animator:Shichika","Rebound+1"],"picked":"SKIP","floor":36.0},{"not_picked":["FlyingSleeves","animator:Azekura+1","Leap"],"picked":"Double Energy","floor":37.0},{"not_picked":["animator:Shion","Stack+1","conspire:Charge+1","animator:Genos"],"picked":"SKIP","floor":37.0},{"not_picked":["Prepared","animator:Cocytus","animator:MumenRider+1","Wild Strike"],"picked":"SKIP","floor":39.0},{"not_picked":["Ball Lightning","Replay:AtTheReady+1","animator:Shigure+1","animator:Shion+1"],"picked":"SKIP","floor":39.0},{"not_picked":["Ball Lightning","animator:LeleiLaLalena","Barrage+1","ReplayTheSpireMod:The Works"],"picked":"SKIP","floor":41.0},{"not_picked":["animator:Guy+1","Beam Cell+1","ReplayTheSpireMod:Strike From Hell","Storm"],"picked":"SKIP","floor":41.0},{"not_picked":["animator:MumenRider","animator:Hitei","Conclude+1","ClearTheMind+1"],"picked":"SKIP","floor":42.0},{"not_picked":["animator:YachiyoNanami+1","Warcry","animator:Archer","Melter+1"],"picked":"SKIP","floor":42.0},{"not_picked":["Run Through+1","WindmillStrike","ReplayTheSpireMod:Corrosion Curse+1","animator:Souei"],"picked":"SKIP","floor":46.0},{"not_picked":["Go for the Eyes","Darkness","Steam Power","MostiFishMod:Opportunism"],"picked":"SKIP","floor":46.0},{"not_picked":["animator:Shinoa","animator:Arpeggio","animator:FeridBathory"],"picked":"SKIP","floor":54.0},{"not_picked":["animator:DwarfShaman+1","animator:ChlammyZell+1","animator:GuildGirl"],"picked":"SKIP","floor":55.0},{"not_picked":["animator:Shinoa+1","animator:DwarfShaman","animator:Entoma"],"picked":"SKIP","floor":59.0},{"not_picked":["animator:DwarfShaman+1","animator:DolaCouronne","animator:SayakaMiki"],"picked":"SKIP","floor":60.0},{"not_picked":["animator:Entoma","animator:SuzuneAmano"],"picked":"animator:LeleiLaLalena+1","floor":63.0},{"not_picked":["animator:Togame","animator:ChlammyZell"],"picked":"animator:Kyubey","floor":67.0}],"player_experience":476891,"relics_obtained":[{"floor":1.0,"key":"Question Card"},{"floor":1.0,"key":"PrismaticShard"},{"floor":6.0,"key":"Bottled Lightning"},{"floor":11.0,"key":"Art of War"},{"floor":14.0,"key":"Replay:PocketPolymizer"},{"floor":16.0,"key":"ImportantClient"},{"floor":24.0,"key":"CloakClasp"},{"floor":26.0,"key":"Prayer Wheel"},{"floor":30.0,"key":"Mercury Hourglass"},{"floor":31.0,"key":"Strawberry"},{"floor":34.0,"key":"Bronze Scales"},{"floor":34.0,"key":"Matryoshka"},{"floor":34.0,"key":"hubris:Zylophone"},{"floor":40.0,"key":"MealTicket"},{"floor":43.0,"key":"Bag of Marbles"},{"floor":43.0,"key":"Blue Candle"},{"floor":47.0,"key":"Akabeko"},{"floor":48.0,"key":"Charon\u0027s Ashes"},{"floor":53.0,"key":"animator:TheEruzaStone"},{"floor":53.0,"key":"animator:AncientMedallion"},{"floor":56.0,"key":"animator:AncientMedallion"},{"floor":57.0,"key":"animator:AncientMedallion"},{"floor":63.0,"key":"animator:AncientMedallion"},{"floor":64.0,"key":"animator:AncientMedallion"},{"floor":67.0,"key":"animator:AncientMedallion"}],"event_choices":[{"damage_healed":0.0,"max_hp_gain":0.0,"max_hp_loss":0.0,"gold_gain":0.0,"cards_transformed":["animator:Mikaela"],"event_name":"Living Wall","player_choice":"Change","floor":3.0,"gold_loss":0.0,"damage_taken":0.0,"cards_obtained":["animator:Benimaru"]},{"damage_healed":0.0,"max_hp_gain":0.0,"max_hp_loss":0.0,"gold_gain":75.0,"event_name":"FaceTrader","player_choice":"Touch","floor":21.0,"gold_loss":0.0,"damage_taken":6.0},{"damage_healed":0.0,"max_hp_gain":0.0,"max_hp_loss":0.0,"gold_gain":0.0,"event_name":"MindBloom","player_choice":"Fight","floor":48.0,"gold_loss":0.0,"damage_taken":0.0},{"damage_healed":0.0,"max_hp_gain":0.0,"max_hp_loss":0.0,"gold_gain":0.0,"event_name":"conspire:Investor","player_choice":"Leave","floor":61.0,"gold_loss":0.0,"damage_taken":0.0}],"is_beta":false,"boss_relics":[{"not_picked":["FixedStarFall","Coffee Dripper"],"picked":"NightmareShop"},{"not_picked":["MetatronsCube","SynthV:MejaisSoulstealer"],"picked":"Calling Bell"}],"items_purged_floors":[2,12,20,27,29,38],"is_endless":false,"potions_floor_spawned":[4,5,13,14,16,18,24,39,41,47,60,67],"ascension_level":1}}