{"host":"981nlwu0905dw1bz","time":1607624202,"event":{"mods":["BaseMod","Minty Spire (QoL Compilation)","Rare Cards Sparkle","SuperFastMode","DeckTracker"],"gold_per_floor":[109,109,109,125,100,131,131,157,157,157,188,198,198,209,209,307,307,317,202,202,202,90,90,0,19,45,45,65,65,81,81,81],"floor_reached":31,"playtime":1951,"items_purged":[],"score":393,"play_id":"27442491-250b-4e47-bfec-323a388a48a3","local_time":"20201211031642","is_ascension_mode":true,"campfire_choices":[{"floor":7.0,"key":"REST"},{"floor":10.0,"key":"REST"},{"data":"Self Repair","floor":13.0,"key":"SMITH"},{"data":"Static Discharge","floor":15.0,"key":"SMITH"},{"floor":27.0,"key":"REST"},{"data":"Defragment","floor":29.0,"key":"SMITH"}],"circlet_count":0,"master_deck":["Strike_B","Strike_B","Strike_B","Defend_B","Defend_B+1","Defend_B+1","Defend_B","Zap","Dualcast","Madness+1","Compile Driver","Self Repair+1","Conserve Battery","Glacier","Static Discharge+1","Coolheaded","Storm","Biased Cognition","Chill","Biased Cognition","Biased Cognition","Steam","Thunder Strike","Stack","Capacitor","Defragment+1","Coolheaded+1","Blizzard+1"],"special_seed":0,"relics":["FrozenCore","Thread and Needle","War Paint","The Courier","Omamori","Orrery","Ornamental Fan","Vajra"],"acts_visited":[],"potions_floor_usage":[30,31],"damage_taken":[{"damage":4.0,"enemies":"Small Slimes","floor":1.0,"turns":4.0},{"damage":1.0,"enemies":"Cultist","floor":4.0,"turns":3.0},{"damage":40.0,"enemies":"3 Sentries","floor":6.0,"turns":7.0},{"damage":21.0,"enemies":"Lagavulin","floor":8.0,"turns":9.0},{"damage":5.0,"enemies":"3 Sentries","floor":11.0,"turns":11.0},{"damage":2.0,"enemies":"2 Louse","floor":12.0,"turns":4.0},{"damage":2.0,"enemies":"Exordium Wildlife","floor":14.0,"turns":6.0},{"damage":46.0,"enemies":"Hexaghost","floor":16.0,"turns":11.0},{"damage":16.0,"enemies":"3 Byrds","floor":18.0,"turns":5.0},{"damage":29.0,"enemies":"Gremlin Leader","floor":23.0,"turns":3.0},{"damage":12.0,"enemies":"2 Thieves","floor":24.0,"turns":5.0},{"damage":1.0,"enemies":"Shelled Parasite and Fungi","floor":25.0,"turns":7.0},{"damage":4.0,"enemies":"Centurion and Healer","floor":28.0,"turns":11.0},{"damage":42,"enemies":"3 Cultists","floor":30,"turns":7},{"damage":34,"enemies":"Book of Stabbing","floor":31,"turns":8}],"seed_played":"-6333821259950009552","potions_obtained":[{"floor":1.0,"key":"PotionOfCapacity"},{"floor":3.0,"key":"Weak Potion"},{"floor":3.0,"key":"SmokeBomb"},{"floor":4.0,"key":"SkillPotion"},{"floor":12.0,"key":"Strength Potion"},{"floor":28.0,"key":"Block Potion"},{"floor":30,"key":"PowerPotion"}],"is_trial":false,"path_per_floor":["M","?","?","M","?","E","R","E","T","R","E","M","R","M","R","B",null,"M","$","?","?","$","E","M","M","T","R","M","R","M","E"],"character_chosen":"DEFECT","items_purchased":["Orrery","Capacitor","Defragment"],"campfire_rested":3,"item_purchase_floors":[19,22,22],"current_hp_per_floor":[64,64,64,63,63,30,52,38,38,60,62,67,67,75,75,39,66,60,60,60,60,60,31,29,38,38,60,66,66,34,0,0],"gold":81,"neow_bonus":"RANDOM_COLORLESS","is_daily":false,"chose_seed":false,"campfire_upgraded":3,"win_rate":0,"timestamp":1607624202,"path_taken":["M","?","?","?","?","E","R","E","T","R","E","M","R","M","R","BOSS","M","$","?","?","$","E","M","M","T","R","M","R","?","E"],"build_version":"2020-11-30","purchased_purges":0,"victory":false,"max_hp_per_floor":[75,75,75,75,75,75,75,75,75,75,75,75,75,75,75,75,75,75,75,75,75,75,75,75,75,75,75,75,75,75,75,75],"card_choices":[{"not_picked":["Panacea","Finesse"],"picked":"Madness","floor":0.0},{"not_picked":["Beam Cell","Skim"],"picked":"Compile Driver","floor":1.0},{"not_picked":["Conserve Battery","Ball Lightning"],"picked":"Self Repair","floor":4.0},{"not_picked":["Chaos","Steam"],"picked":"Conserve Battery","floor":6.0},{"not_picked":["Genetic Algorithm","Chaos"],"picked":"Glacier","floor":8.0},{"not_picked":["Steam Power","Recycle"],"picked":"Static Discharge","floor":11.0},{"not_picked":["Beam Cell","Recycle"],"picked":"Coolheaded","floor":12.0},{"not_picked":["Reprogram","Gash"],"picked":"Storm","floor":14.0},{"not_picked":["Seek","Rainbow"],"picked":"Biased Cognition","floor":16.0},{"not_picked":["Stack+1","Go for the Eyes"],"picked":"Chill","floor":18.0},{"not_picked":["Ball Lightning","Go for the Eyes"],"picked":"Biased Cognition","floor":19.0},{"not_picked":["Reinforced Body+1","BootSequence+1"],"picked":"Biased Cognition","floor":19.0},{"not_picked":["Self Repair","Glacier+1"],"picked":"Steam","floor":19.0},{"not_picked":["Turbo","Coolheaded+1"],"picked":"Thunder Strike","floor":19.0},{"not_picked":["Chaos","Leap","Chill"],"picked":"SKIP","floor":24.0},{"not_picked":["Beam Cell+1","Compile Driver","Aggregate"],"picked":"SKIP","floor":25.0},{"not_picked":["Stack","Thunder Strike"],"picked":"Coolheaded+1","floor":28.0},{"not_picked":["BootSequence","Sunder"],"picked":"Blizzard+1","floor":30}],"player_experience":426029,"relics_obtained":[{"floor":6.0,"key":"Thread and Needle"},{"floor":8.0,"key":"War Paint"},{"floor":9.0,"key":"The Courier"},{"floor":11.0,"key":"Omamori"},{"floor":26.0,"key":"Vajra"}],"event_choices":[{"damage_healed":0.0,"max_hp_gain":0.0,"max_hp_loss":0.0,"gold_gain":0.0,"event_name":"Living Wall","player_choice":"Grow","floor":2.0,"gold_loss":0.0,"damage_taken":0.0,"cards_upgraded":["Madness"]},{"damage_healed":0.0,"max_hp_gain":0.0,"max_hp_loss":0.0,"gold_gain":0.0,"event_name":"Lab","player_choice":"Got Potions","floor":3.0,"gold_loss":0.0,"damage_taken":0.0},{"damage_healed":0.0,"max_hp_gain":0.0,"max_hp_loss":0.0,"gold_gain":0.0,"event_name":"World of Goop","player_choice":"Left Gold","floor":5.0,"gold_loss":25.0,"damage_taken":0.0},{"damage_healed":0.0,"max_hp_gain":0.0,"max_hp_loss":0.0,"gold_gain":0.0,"event_name":"The Mausoleum","player_choice":"Opened","floor":20.0,"gold_loss":0.0,"damage_taken":0.0,"relics_obtained":["Ornamental Fan"]},{"damage_healed":0.0,"max_hp_gain":0.0,"max_hp_loss":0.0,"gold_gain":0.0,"cards_transformed":["Strike_B"],"event_name":"Transmorgrifier","player_choice":"Transformed","floor":21.0,"gold_loss":0.0,"damage_taken":0.0,"cards_obtained":["Stack"]}],"is_beta":false,"boss_relics":[{"not_picked":["Velvet Choker","Black Star"],"picked":"FrozenCore"}],"items_purged_floors":[],"is_endless":false,"potions_floor_spawned":[1,4,12,28,30],"killed_by":"Book of Stabbing","ascension_level":9}}