{"host":"f7mgfv1rcbv6ir5v","time":1607588347,"event":{"gold_per_floor":[109,109,128,139,152,152,163,194,194,212,212,237,256,206,206,303,303,323,248,264,264,284,284,316,316,316,341,121,149,169,169,169,267,267,280,555,573,14,29,29,59,59,59,86,104,145,157,204,216,228],"floor_reached":51,"playtime":5352,"items_purged":["Strike_G","Regret"],"score":1256,"play_id":"1f1d7b46-babd-4f9c-a6aa-0e8f68f29a05","local_time":"20201210001907","is_ascension_mode":true,"campfire_choices":[{"data":"Dash","floor":6,"key":"SMITH"},{"data":"Blade Dance","floor":11,"key":"SMITH"},{"data":"Calculated Gamble","floor":15,"key":"SMITH"},{"data":"Finisher","floor":23,"key":"SMITH"},{"data":"Adrenaline","floor":25,"key":"SMITH"},{"data":"Adrenaline","floor":32,"key":"SMITH"},{"data":"Malaise","floor":40,"key":"SMITH"},{"data":"After Image","floor":42,"key":"SMITH"},{"data":"Apotheosis","floor":49,"key":"SMITH"}],"neow_cost":"NONE","seed_source_timestamp":53634933359300,"circlet_count":0,"master_deck":["Strike_G","Defend_G","Defend_G","Defend_G","Defend_G","Defend_G","Neutralize+1","Poisoned Stab","PiercingWail","Dash+1","Terror","Masterful Stab","Blade Dance+1","Calculated Gamble+1","Backflip","Adrenaline+1","Finisher+1","Cloak And Dagger+1","Noxious Fumes","Acrobatics+1","Blur","After Image+1","Tools of the Trade","Flying Knee+1","Reflex","Underhanded Strike+1","Adrenaline+1","Predator","Malaise+1","Underhanded Strike+1","Prepared+1","Blade Dance+1","Bullet Time","Cloak And Dagger+1","Accuracy+1","Apotheosis+1","Finesse","Noxious Fumes+1"],"relics":["Ring of the Snake","Ice Cream","Prayer Wheel","Mercury Hourglass","Philosopher\u0027s Stone","Lizard Tail","PreservedInsect","Gambling Chip","Orrery","Anchor","Runic Dome","Bag of Preparation","Lee\u0027s Waffle","CeramicFish","Shuriken","MawBank","Happy Flower"],"potions_floor_usage":[8,16,16,22,27,30,33],"damage_taken":[{"damage":2,"enemies":"2 Louse","floor":1,"turns":3},{"damage":0,"enemies":"Cultist","floor":3,"turns":4},{"damage":1,"enemies":"Jaw Worm","floor":4,"turns":4},{"damage":16,"enemies":"Large Slime","floor":5,"turns":7},{"damage":0,"enemies":"Looter","floor":7,"turns":4},{"damage":18,"enemies":"Gremlin Nob","floor":8,"turns":5},{"damage":1,"enemies":"2 Fungi Beasts","floor":10,"turns":3},{"damage":2,"enemies":"Lagavulin","floor":12,"turns":5},{"damage":0,"enemies":"Gremlin Gang","floor":13,"turns":3},{"damage":8,"enemies":"Slime Boss","floor":16,"turns":8},{"damage":0,"enemies":"Chosen","floor":18,"turns":2},{"damage":3,"enemies":"2 Thieves","floor":20,"turns":2},{"damage":0,"enemies":"Shelled Parasite and Fungi","floor":22,"turns":3},{"damage":21,"enemies":"Gremlin Leader","floor":24,"turns":5},{"damage":0,"enemies":"Book of Stabbing","floor":27,"turns":3},{"damage":0,"enemies":"Gremlin Leader","floor":29,"turns":4},{"damage":1,"enemies":"Snake Plant","floor":30,"turns":3},{"damage":0,"enemies":"Automaton","floor":33,"turns":7},{"damage":10,"enemies":"3 Darklings","floor":35,"turns":4},{"damage":0,"enemies":"Orb Walker","floor":37,"turns":1},{"damage":2,"enemies":"Spire Growth","floor":39,"turns":2},{"damage":0,"enemies":"Reptomancer","floor":41,"turns":4},{"damage":0,"enemies":"3 Darklings","floor":44,"turns":2},{"damage":0,"enemies":"Giant Head","floor":46,"turns":3},{"damage":0,"enemies":"Nemesis","floor":48,"turns":3},{"damage":0,"enemies":"Donu and Deca","floor":50,"turns":4}],"seed_played":"3519519996412118172","potions_obtained":[{"floor":5,"key":"SpeedPotion"},{"floor":12,"key":"Weak Potion"},{"floor":13,"key":"BlessingOfTheForge"},{"floor":16,"key":"Block Potion"},{"floor":20,"key":"Energy Potion"},{"floor":22,"key":"LiquidBronze"},{"floor":24,"key":"PowerPotion"},{"floor":27,"key":"PowerPotion"},{"floor":33,"key":"GamblersBrew"},{"floor":41,"key":"Fire Potion"},{"floor":48,"key":"LiquidMemories"}],"is_trial":false,"path_per_floor":["M","?","M","M","M","R","M","E","T","M","R","E","M","?","R","B",null,"M","?","M","?","M","R","E","R","T","E","$","E","M","?","R","B",null,"M","?","M","$","M","R","E","R","T","M","?","E","?","E","R","B",null],"character_chosen":"THE_SILENT","items_purchased":["Orrery","Bag of Preparation","Lee\u0027s Waffle","Bullet Time"],"campfire_rested":0,"item_purchase_floors":[28,38,38,38],"current_hp_per_floor":[68,70,70,69,53,53,53,35,35,34,34,32,32,32,32,24,70,70,70,67,54,54,54,33,33,33,33,33,33,32,32,32,32,75,65,65,65,82,80,80,80,80,80,80,70,70,70,70,70,70],"gold":240,"neow_bonus":"UPGRADE_CARD","is_prod":false,"is_daily":false,"chose_seed":false,"campfire_upgraded":9,"win_rate":0,"timestamp":1607588347,"path_taken":["M","?","?","M","M","R","M","E","T","M","R","E","M","?","R","BOSS","M","?","M","?","M","R","E","R","T","E","$","E","M","?","R","BOSS","M","?","M","$","?","R","E","R","T","M","?","E","?","E","R","BOSS"],"build_version":"2020-11-30","purchased_purges":2,"victory":true,"max_hp_per_floor":[70,70,70,70,70,70,70,70,70,70,70,70,70,70,70,70,70,70,70,70,75,75,75,75,75,75,75,75,75,75,75,75,75,75,75,75,75,82,82,82,82,82,82,82,82,82,82,82,82,82],"relic_stats":{"Lee\u0027s Waffle":17,"Happy Flower":[1],"counters":[26,96],"CeramicFish":36,"PreservedInsect":320,"Bag of Preparation":[12],"MawBank":60,"Mercury Hourglass":[273],"Lizard Tail":0,"Shuriken":[18],"Gambling Chip":[22],"Prayer Wheel":10,"obtain_stats":[{"Ice Cream":8,"Lee\u0027s Waffle":38,"Happy Flower":48,"CeramicFish":41,"PreservedInsect":26,"Bag of Preparation":38,"MawBank":46,"Mercury Hourglass":12,"Runic Dome":34,"Lizard Tail":24,"Anchor":29,"Shuriken":43,"Gambling Chip":27,"Orrery":28,"Prayer Wheel":9,"Philosopher\u0027s Stone":17,"Ring of the Snake":0},{"Ice Cream":6,"Lee\u0027s Waffle":20,"Happy Flower":25,"CeramicFish":22,"PreservedInsect":14,"Bag of Preparation":20,"MawBank":24,"Mercury Hourglass":8,"Runic Dome":18,"Lizard Tail":14,"Anchor":16,"Shuriken":22,"Gambling Chip":15,"Orrery":15,"Prayer Wheel":6,"Philosopher\u0027s Stone":10,"Ring of the Snake":0},{"Ice Cream":27,"Lee\u0027s Waffle":79,"Happy Flower":92,"CeramicFish":85,"PreservedInsect":58,"Bag of Preparation":79,"MawBank":90,"Mercury Hourglass":35,"Runic Dome":74,"Lizard Tail":58,"Anchor":64,"Shuriken":85,"Gambling Chip":60,"Orrery":60,"Prayer Wheel":27,"Philosopher\u0027s Stone":46,"Ring of the Snake":0}],"Ring of the Snake":[52]},"card_choices":[{"not_picked":["Underhanded Strike","Dodge and Roll"],"picked":"Poisoned Stab","floor":1},{"not_picked":["Riddle With Holes","Envenom"],"picked":"PiercingWail","floor":3},{"not_picked":["Riddle With Holes","Infinite Blades","Cloak And Dagger"],"picked":"SKIP","floor":4},{"not_picked":["Deflect","Escape Plan"],"picked":"Dash","floor":5},{"not_picked":["Setup","Acrobatics"],"picked":"Terror","floor":7},{"not_picked":["PiercingWail","Quick Slash"],"picked":"Masterful Stab","floor":8},{"not_picked":["Underhanded Strike","Outmaneuver"],"picked":"Blade Dance","floor":10},{"not_picked":["Distraction","Masterful Stab"],"picked":"Calculated Gamble","floor":10},{"not_picked":["Dodge and Roll","Dagger Spray"],"picked":"Backflip","floor":12},{"not_picked":["Cloak And Dagger","Blur","Underhanded Strike"],"picked":"SKIP","floor":13},{"not_picked":["Tactician","Outmaneuver","Distraction"],"picked":"SKIP","floor":13},{"not_picked":["A Thousand Cuts","Burst"],"picked":"Adrenaline","floor":16},{"not_picked":["Sucker Punch+1","Backstab+1"],"picked":"Finisher","floor":18},{"not_picked":["Dagger Throw","Dodge and Roll"],"picked":"Cloak And Dagger+1","floor":18},{"not_picked":["Slice","Grand Finale"],"picked":"Noxious Fumes","floor":20},{"not_picked":["Slice","Sucker Punch"],"picked":"Acrobatics+1","floor":20},{"not_picked":["Cloak And Dagger","Deadly Poison","Flying Knee"],"picked":"SKIP","floor":22},{"not_picked":["Slice","Poisoned Stab+1","Masterful Stab"],"picked":"SKIP","floor":22},{"not_picked":["Outmaneuver","Slice+1","Blade Dance"],"picked":"SKIP","floor":24},{"not_picked":["Backstab","Masterful Stab+1"],"picked":"Blur","floor":27},{"not_picked":["Bouncing Flask","Deadly Poison"],"picked":"After Image","floor":28},{"not_picked":["Adrenaline","Dagger Spray"],"picked":"Tools of the Trade","floor":28},{"not_picked":["Grand Finale","Outmaneuver"],"picked":"Flying Knee+1","floor":28},{"not_picked":["Deflect","Acrobatics"],"picked":"Setup","floor":29},{"not_picked":["Deadly Poison","Outmaneuver"],"picked":"Reflex","floor":30},{"not_picked":["Outmaneuver","Deflect"],"picked":"Underhanded Strike+1","floor":30},{"not_picked":["Corpse Explosion","Tools of the Trade"],"picked":"Malaise","floor":33},{"not_picked":["Crippling Poison","Sucker Punch+1"],"picked":"Underhanded Strike+1","floor":35},{"not_picked":["Dagger Throw","Dagger Spray+1"],"picked":"Prepared+1","floor":35},{"not_picked":["Distraction","Prepared"],"picked":"Blade Dance+1","floor":37},{"not_picked":["Envenom","Deadly Poison+1","Poisoned Stab+1"],"picked":"SKIP","floor":37},{"not_picked":["Acrobatics+1","Underhanded Strike"],"picked":"Cloak And Dagger+1","floor":39},{"not_picked":["Storm of Steel","Dagger Spray+1","Crippling Poison"],"picked":"SKIP","floor":39},{"not_picked":["Backstab","Dagger Throw","Riddle With Holes"],"picked":"SKIP","floor":41},{"not_picked":["Dagger Throw","Prepared"],"picked":"Accuracy+1","floor":44},{"not_picked":["Flying Knee+1","Blade Dance","Dagger Throw+1"],"picked":"SKIP","floor":44},{"not_picked":["The Bomb","Chrysalis"],"picked":"Apotheosis","floor":45},{"not_picked":["The Bomb","Mayhem"],"picked":"Finesse","floor":45},{"not_picked":["Terror+1","Blade Dance+1"],"picked":"Noxious Fumes+1","floor":46},{"not_picked":["Riddle With Holes+1","Dagger Spray","Quick Slash+1"],"picked":"SKIP","floor":48}],"player_experience":299419,"relics_obtained":[{"floor":8,"key":"Ice Cream"},{"floor":9,"key":"Prayer Wheel"},{"floor":12,"key":"Mercury Hourglass"},{"floor":24,"key":"Lizard Tail"},{"floor":26,"key":"PreservedInsect"},{"floor":27,"key":"Gambling Chip"},{"floor":29,"key":"Anchor"},{"floor":41,"key":"CeramicFish"},{"floor":43,"key":"Shuriken"},{"floor":46,"key":"MawBank"},{"floor":48,"key":"Happy Flower"}],"event_choices":[{"damage_healed":2,"gold_gain":0,"player_choice":"Full Heal","damage_taken":0,"max_hp_gain":0,"max_hp_loss":0,"event_name":"Wheel of Change","floor":2,"gold_loss":0},{"cards_removed":["Strike_G"],"damage_healed":0,"gold_gain":0,"player_choice":"Card Removal","damage_taken":0,"max_hp_gain":0,"max_hp_loss":0,"event_name":"The Cleric","floor":14,"gold_loss":50},{"cards_removed":["Strike_G"],"damage_healed":0,"gold_gain":0,"player_choice":"Gave Gold","damage_taken":0,"max_hp_gain":0,"max_hp_loss":0,"event_name":"Beggar","floor":19,"gold_loss":75},{"damage_healed":0,"gold_gain":0,"player_choice":"Shed Blood","damage_taken":18,"max_hp_gain":5,"max_hp_loss":0,"event_name":"Forgotten Altar","floor":21,"gold_loss":0},{"damage_healed":0,"gold_gain":0,"cards_transformed":["Setup","Strike_G"],"player_choice":"Became Test Subject","damage_taken":0,"max_hp_gain":0,"max_hp_loss":0,"event_name":"Drug Dealer","floor":31,"gold_loss":0,"cards_obtained":["Adrenaline","Predator"]},{"damage_healed":0,"gold_gain":275,"player_choice":"Desecrate","damage_taken":0,"max_hp_gain":0,"max_hp_loss":0,"event_name":"Golden Shrine","floor":36,"gold_loss":0,"cards_obtained":["Regret"]},{"damage_healed":0,"gold_gain":0,"player_choice":"Memory 3","damage_taken":10,"max_hp_gain":0,"max_hp_loss":0,"event_name":"SensoryStone","floor":45,"gold_loss":0},{"cards_removed":["Survivor"],"damage_healed":0,"gold_gain":0,"player_choice":"Removed Skill","damage_taken":0,"max_hp_gain":0,"max_hp_loss":0,"event_name":"Falling","floor":47,"gold_loss":0}],"is_beta":false,"boss_relics":[{"not_picked":["Calling Bell","Black Star"],"picked":"Philosopher\u0027s Stone"},{"not_picked":["Sozu","Velvet Choker"],"picked":"Runic Dome"}],"items_purged_floors":[28,38],"is_endless":false,"potions_floor_spawned":[5,12,13,16,20,22,24,27,33,41,48],"ascension_level":4}}