{"host":"dl5mjdlimopbuch5","time":1607632903,"event":{"mods":["BaseMod","Colored Powertips","Googly Eyes","Minty Spire (QoL Compilation)","Quick Restart","AchievementEnabler"],"gold_per_floor":[112,287,287,287,303,338,338,262,262,274,274,274,286,301,301,404,404,420,274,274,274,274,307,76,95,95,120,138,60,60,60,60,163,163,180,180,193,212,212,212,224,224,224,234,234,77,77,177,177,177,177],"floor_reached":50,"playtime":1202,"items_purged":[],"score":579,"play_id":"d4533afb-51df-402d-b928-5b295893c447","local_time":"20201210204143","is_ascension_mode":true,"campfire_choices":[{"data":"Defragment","floor":7,"key":"SMITH"},{"data":"Tempest","floor":11,"key":"SMITH"},{"floor":15,"key":"REST"},{"floor":32,"key":"REST"},{"floor":40,"key":"REST"},{"floor":42,"key":"REST"},{"floor":45,"key":"REST"},{"floor":47,"key":"REST"},{"floor":49,"key":"REST"}],"circlet_count":0,"master_deck":["Strike_B+1","Strike_B+1","Strike_B+1","Strike_B+1","Defend_B+1","Defend_B+1","Defend_B+1","Defend_B+1","Zap+1","Dualcast","Chill","Defragment+1","Loop","Tempest+1","Cold Snap","Thunder Strike","Tempest+1","Storm","Storm+1","Parasite"],"relics":["FrozenCore","NeowsBlessing","Pen Nib","Pantograph","Chemical X","Anchor","Runic Capacitor","Singing Bowl","Akabeko","Busted Crown","Shuriken","Vajra"],"acts_visited":["Exordium","TheCity","TheBeyond"],"potions_floor_usage":[16,16,33,41,50,50,50],"damage_taken":[{"damage":0,"enemies":"Cultist","floor":1,"turns":1},{"damage":0,"enemies":"Jaw Worm","floor":5,"turns":1},{"damage":0,"enemies":"Gremlin Nob","floor":6,"turns":1},{"damage":7,"enemies":"Small Slimes","floor":10,"turns":3},{"damage":24,"enemies":"Exordium Thugs","floor":13,"turns":3},{"damage":16,"enemies":"Looter","floor":14,"turns":3},{"damage":64,"enemies":"Hexaghost","floor":16,"turns":10},{"damage":23,"enemies":"3 Byrds","floor":18,"turns":4},{"damage":14,"enemies":"Book of Stabbing","floor":23,"turns":5},{"damage":0,"enemies":"Chosen","floor":25,"turns":4},{"damage":35,"enemies":"Shelled Parasite and Fungi","floor":28,"turns":3},{"damage":37,"enemies":"Collector","floor":33,"turns":7},{"damage":12,"enemies":"Orb Walker","floor":35,"turns":3},{"damage":0,"enemies":"3 Shapes","floor":37,"turns":2},{"damage":57,"enemies":"Writhing Mass","floor":38,"turns":4},{"damage":38,"enemies":"3 Darklings","floor":41,"turns":4},{"damage":14,"enemies":"4 Shapes","floor":44,"turns":4},{"damage":110,"enemies":"Awakened One","floor":50,"turns":9}],"seed_played":"6617601469762138325","potions_obtained":[{"floor":1,"key":"SteroidPotion"},{"floor":5,"key":"Ancient Potion"},{"floor":13,"key":"SteroidPotion"},{"floor":23,"key":"EssenceOfSteel"},{"floor":28,"key":"GamblersBrew"},{"floor":35,"key":"Dexterity Potion"},{"floor":44,"key":"Block Potion"}],"is_trial":false,"path_per_floor":["M","?","?","?","M","E","R","$","T","M","R","?","M","M","R","B",null,"M","$","?","?","?","E","$","M","T","T","M","$","?","?","R","B",null,"M","?","M","M","?","R","M","R","T","M","R","$","R","?","R","B"],"character_chosen":"DEFECT","items_purchased":["Loop","Chemical X","Runic Capacitor","Storm","Storm","Vajra"],"campfire_rested":7,"item_purchase_floors":[8,19,24,24,29,46],"current_hp_per_floor":[75,75,75,75,75,75,75,75,75,68,68,68,44,28,50,11,75,52,52,52,75,75,61,61,61,61,61,28,28,28,28,51,41,79,69,71,73,18,18,44,8,34,34,22,49,49,76,76,91,0,0],"gold":177,"neow_bonus":"THREE_ENEMY_KILL","is_daily":false,"chose_seed":false,"campfire_upgraded":2,"win_rate":0,"timestamp":1607632903,"path_taken":["M","?","?","?","?","E","R","$","T","M","R","?","M","?","R","BOSS","M","$","?","?","?","E","?","M","T","?","?","$","?","?","R","BOSS","M","?","M","M","?","R","?","R","T","M","R","$","R","?","R","BOSS"],"build_version":"2020-11-30","purchased_purges":0,"victory":false,"max_hp_per_floor":[75,75,75,75,75,75,75,75,75,75,75,75,75,75,75,75,75,75,75,75,75,75,75,75,75,75,75,77,77,77,77,77,79,79,81,83,85,87,87,87,89,89,89,91,91,91,91,91,91,91,91],"card_choices":[{"not_picked":["Steam Power","Genetic Algorithm","Stack"],"picked":"SKIP","floor":1},{"not_picked":["Barrage","Coolheaded"],"picked":"Chill","floor":5},{"not_picked":["Barrage","Storm"],"picked":"Defragment","floor":6},{"not_picked":["Hyperbeam","Lockon"],"picked":"Tempest","floor":10},{"not_picked":["Barrage","Auto Shields"],"picked":"Cold Snap","floor":13},{"not_picked":["Steam","Chill","Redo"],"picked":"SKIP","floor":14},{"not_picked":["Fission","Reboot"],"picked":"Thunder Strike","floor":16},{"not_picked":["Streamline","Genetic Algorithm","Go for the Eyes"],"picked":"SKIP","floor":18},{"not_picked":["Gash","Compile Driver+1"],"picked":"Tempest+1","floor":23},{"not_picked":["Blizzard","Chill","Gash"],"picked":"SKIP","floor":25},{"not_picked":["Rebound","Hologram","Leap+1"],"picked":"Singing Bowl","floor":28},{"not_picked":["Machine Learning","Fission","Creative AI"],"picked":"Singing Bowl","floor":33},{"not_picked":["Consume"],"picked":"Singing Bowl","floor":35},{"not_picked":["Enlightenment"],"picked":"Singing Bowl","floor":36},{"not_picked":["Cold Snap"],"picked":"Singing Bowl","floor":37},{"not_picked":["Gash+1"],"picked":"Singing Bowl","floor":38},{"not_picked":["Leap+1"],"picked":"Singing Bowl","floor":41},{"not_picked":["Ball Lightning"],"picked":"Singing Bowl","floor":44}],"player_experience":201079,"relics_obtained":[{"floor":6,"key":"Pen Nib"},{"floor":9,"key":"Pantograph"},{"floor":23,"key":"Anchor"},{"floor":26,"key":"Singing Bowl"},{"floor":27,"key":"Akabeko"},{"floor":43,"key":"Shuriken"}],"event_choices":[{"damage_healed":0,"gold_gain":175,"player_choice":"AGREE","damage_taken":0,"max_hp_gain":0,"max_hp_loss":0,"event_name":"Liars Game","floor":2,"gold_loss":0,"cards_obtained":["Doubt"]},{"damage_healed":0,"gold_gain":0,"player_choice":"Leave","damage_taken":0,"max_hp_gain":0,"max_hp_loss":0,"event_name":"The Cleric","floor":3,"gold_loss":0},{"damage_healed":0,"gold_gain":0,"player_choice":"Grow","damage_taken":0,"max_hp_gain":0,"max_hp_loss":0,"event_name":"Living Wall","floor":4,"gold_loss":0,"cards_upgraded":["Zap"]},{"cards_removed":["Doubt"],"damage_healed":0,"gold_gain":0,"player_choice":"Removed Curses","damage_taken":0,"max_hp_gain":0,"max_hp_loss":0,"event_name":"Fountain of Cleansing","floor":12,"gold_loss":0},{"damage_healed":0,"gold_gain":0,"player_choice":"Simplicity","damage_taken":0,"max_hp_gain":0,"max_hp_loss":0,"event_name":"Back to Basics","floor":20,"gold_loss":0,"cards_upgraded":["Strike_B","Strike_B","Strike_B","Strike_B","Defend_B","Defend_B","Defend_B","Defend_B"]},{"damage_healed":25,"gold_gain":0,"player_choice":"Heal","damage_taken":0,"max_hp_gain":0,"max_hp_loss":0,"event_name":"The Library","floor":21,"gold_loss":0},{"damage_healed":0,"gold_gain":0,"player_choice":"Ignored","damage_taken":0,"max_hp_gain":0,"max_hp_loss":0,"event_name":"Vampires","floor":22,"gold_loss":0},{"damage_healed":0,"gold_gain":0,"player_choice":"Ignored","damage_taken":0,"max_hp_gain":0,"max_hp_loss":0,"event_name":"Ghosts","floor":30,"gold_loss":0},{"damage_healed":0,"gold_gain":0,"player_choice":"Upgraded","damage_taken":0,"max_hp_gain":0,"max_hp_loss":0,"event_name":"Upgrade Shrine","floor":31,"gold_loss":0,"cards_upgraded":["Storm"]},{"damage_healed":0,"gold_gain":0,"player_choice":"Memory 1","damage_taken":0,"max_hp_gain":0,"max_hp_loss":0,"event_name":"SensoryStone","floor":36,"gold_loss":0},{"damage_healed":0,"gold_gain":0,"player_choice":"Ignored","damage_taken":0,"max_hp_gain":0,"max_hp_loss":0,"event_name":"SecretPortal","floor":39,"gold_loss":0},{"damage_healed":0,"gold_gain":100,"player_choice":"Pray","damage_taken":0,"max_hp_gain":0,"max_hp_loss":0,"event_name":"Golden Shrine","floor":48,"gold_loss":0}],"is_beta":false,"boss_relics":[{"not_picked":["Snecko Eye","Runic Dome"],"picked":"FrozenCore"},{"not_picked":["Philosopher\u0027s Stone","Inserter"],"picked":"Busted Crown"}],"items_purged_floors":[],"is_endless":false,"potions_floor_spawned":[1,5,13,23,28,35,44],"killed_by":"Awakened One","ascension_level":2}}