{"host":"uv231blk40vjdojr","time":1607618308,"event":{"mods":["BaseMod","Minty Spire (QoL Compilation)","Relic Stats"],"gold_per_floor":[112,112,128,139,37,66,66,31,31,31,31,106,106,117,117,217,217,234,234,11,23,40,40,59,59,111,127,127,127,226,256,256,351,351,370,383,437,450,81,381,393,403,403,403,403,403,403,62,62,62],"floor_reached":51,"playtime":4600,"items_purged":["Strike_G","Escape Plan","Defend_G"],"score":847,"play_id":"5421c7e7-105f-42e8-b61f-d733b3f83db0","local_time":"20201210173828","is_ascension_mode":true,"campfire_choices":[{"data":"A Thousand Cuts","floor":7.0,"key":"SMITH"},{"data":"Neutralize","floor":10.0,"key":"SMITH"},{"floor":13.0,"key":"DIG"},{"floor":15,"key":"DIG"},{"floor":23,"key":"REST"},{"floor":25,"key":"DIG"},{"floor":32,"key":"DIG"},{"floor":40,"key":"DIG"},{"floor":46,"key":"DIG"},{"floor":49,"key":"DIG"}],"circlet_count":0,"master_deck":["Strike_G","Strike_G","Strike_G","Defend_G","Defend_G","Defend_G","Defend_G","Survivor","Neutralize+1","A Thousand Cuts+1","Infinite Blades","Dagger Spray","Dagger Throw","Finisher","Bullet Time","Blur","Leg Sweep","Crippling Poison","Blur","Necronomicurse","Ghostly","Ghostly","Ghostly","Ghostly","Ghostly","Tools of the Trade","Leg Sweep+1","Predator+1","Accuracy","Accuracy+1","Underhanded Strike+1","Outmaneuver+1","The Bomb","Apotheosis"],"special_seed":0,"relics":["Ring of the Snake","TungstenRod","White Beast Statue","Ninja Scroll","Shovel","Ice Cream","Dead Branch","Snecko Eye","Membership Card","Smiling Mask","Bronze Scales","Necronomicon","Bottled Tornado","Meat on the Bone","Cursed Key","Gambling Chip","Gremlin Horn","Orrery","Old Coin","Shuriken","Kunai","Mummified Hand","Toy Ornithopter"],"acts_visited":["TheCity","TheBeyond"],"potions_floor_usage":[16,27,37,37,38,41,50],"damage_taken":[{"damage":0.0,"enemies":"Small Slimes","floor":1.0,"turns":3.0},{"damage":0.0,"enemies":"Jaw Worm","floor":3.0,"turns":4.0},{"damage":0.0,"enemies":"2 Louse","floor":4.0,"turns":3.0},{"damage":39.0,"enemies":"Gremlin Nob","floor":6.0,"turns":5.0},{"damage":0.0,"enemies":"Exordium Wildlife","floor":14.0,"turns":3.0},{"damage":12,"enemies":"Slime Boss","floor":16,"turns":4},{"damage":13,"enemies":"Spheric Guardian","floor":18,"turns":4},{"damage":11,"enemies":"2 Thieves","floor":21,"turns":3},{"damage":0,"enemies":"3 Cultists","floor":22,"turns":4},{"damage":11,"enemies":"Snake Plant","floor":24,"turns":4},{"damage":3,"enemies":"Shelled Parasite and Fungi","floor":27,"turns":4},{"damage":10,"enemies":"Gremlin Leader","floor":31,"turns":5},{"damage":6,"enemies":"Automaton","floor":33,"turns":8},{"damage":0,"enemies":"Orb Walker","floor":35,"turns":2},{"damage":0,"enemies":"3 Shapes","floor":36,"turns":2},{"damage":16,"enemies":"2 Orb Walkers","floor":37,"turns":4},{"damage":6,"enemies":"Maw","floor":38,"turns":7},{"damage":0,"enemies":"Spire Growth","floor":41,"turns":3},{"damage":0,"enemies":"4 Shapes","floor":42,"turns":1},{"damage":12,"enemies":"Awakened One","floor":50,"turns":6}],"seed_played":"-3648494725572546957","potions_obtained":[{"floor":14.0,"key":"Explosive Potion"},{"floor":16,"key":"Swift Potion"},{"floor":18,"key":"SkillPotion"},{"floor":22,"key":"Weak Potion"},{"floor":27,"key":"Energy Potion"},{"floor":33,"key":"Strength Potion"},{"floor":37,"key":"AttackPotion"},{"floor":38,"key":"Regen Potion"},{"floor":41,"key":"Fire Potion"},{"floor":42,"key":"PowerPotion"}],"is_trial":false,"path_per_floor":["M","?","M","M","$","E","R","?","T","R","T","?","R","M","R","B",null,"M","?","$","M","M","R","M","R","T","M","?","?","?","E","R","B",null,"M","M","?","M","$","R","M","M","T","?","?","R","?","$","R","B",null],"character_chosen":"THE_SILENT","items_purchased":["CultistPotion","Membership Card","Blur","Gremlin Horn","Accuracy","Orrery","The Bomb","Kunai","Mummified Hand","SneckoOil"],"campfire_rested":1,"item_purchase_floors":[5,20,20,39,39,39,39,48,48,48],"current_hp_per_floor":[63,56,56,56,56,17,17,32,32,32,32,22,22,22,22,10,50,37,37,37,26,26,44,33,33,33,30,18,18,18,8,8,14,27,27,27,23,17,17,17,29,29,29,29,29,29,29,29,29,22],"gold":62,"neow_bonus":"THREE_RARE_CARDS","is_daily":false,"chose_seed":false,"campfire_upgraded":2,"win_rate":0,"timestamp":1607618308,"path_taken":["M","?","M","M","$","E","R","?","T","R","?","?","R","?","R","BOSS","M","?","$","?","M","R","M","R","T","M","?","?","?","E","R","BOSS","M","M","?","M","$","R","M","M","T","?","?","R","?","$","R","BOSS"],"build_version":"2020-11-30","purchased_purges":3,"victory":true,"max_hp_per_floor":[63,63,63,63,63,63,63,63,63,63,63,63,63,63,63,63,63,63,63,63,63,63,63,63,63,63,63,63,31,31,31,31,31,31,31,31,31,31,31,31,31,31,31,31,31,31,31,31,31,31],"relic_stats":{"Gremlin Horn":[5,6],"counters":[20,79],"Dead Branch":[125],"Smiling Mask":13,"Cursed Key":0,"Shovel":7,"Shuriken":[7],"Mummified Hand":[11],"Bronze Scales":[106],"Gambling Chip":[9],"Snecko Eye":[119,97,113,116],"Necronomicon":[15],"Kunai":[7],"obtain_stats":[{"Ice Cream":13,"Gremlin Horn":39,"Dead Branch":15,"Bottled Tornado":31,"Smiling Mask":25,"Cursed Key":34,"White Beast Statue":6,"Old Coin":40,"Shovel":11,"Ninja Scroll":9,"Shuriken":46,"Mummified Hand":48,"Bronze Scales":26,"Gambling Chip":37,"Snecko Eye":17,"Orrery":39,"Necronomicon":28,"Membership Card":20,"Kunai":48,"TungstenRod":2,"Toy Ornithopter":49,"Ring of the Snake":0,"Meat on the Bone":32},{"Ice Cream":4,"Gremlin Horn":17,"Dead Branch":5,"Bottled Tornado":12,"Smiling Mask":10,"Cursed Key":13,"White Beast Statue":4,"Old Coin":17,"Shovel":4,"Ninja Scroll":4,"Shuriken":19,"Mummified Hand":19,"Bronze Scales":10,"Gambling Chip":16,"Snecko Eye":6,"Orrery":17,"Necronomicon":11,"Membership Card":7,"Kunai":19,"TungstenRod":1,"Toy Ornithopter":19,"Ring of the Snake":0,"Meat on the Bone":12},{"Ice Cream":15,"Gremlin Horn":69,"Dead Branch":18,"Bottled Tornado":46,"Smiling Mask":37,"Cursed Key":54,"White Beast Statue":15,"Old Coin":69,"Shovel":15,"Ninja Scroll":15,"Shuriken":73,"Mummified Hand":73,"Bronze Scales":37,"Gambling Chip":62,"Snecko Eye":22,"Orrery":69,"Necronomicon":41,"Membership Card":26,"Kunai":73,"TungstenRod":3,"Toy Ornithopter":73,"Ring of the Snake":0,"Meat on the Bone":46}],"TungstenRod":37,"Toy Ornithopter":5,"Ring of the Snake":[12],"Meat on the Bone":24},"card_choices":[{"not_picked":["Wraith Form v2","Envenom"],"picked":"A Thousand Cuts","floor":0.0},{"not_picked":["PiercingWail","Slice"],"picked":"Infinite Blades","floor":1.0},{"not_picked":["Bouncing Flask","Deflect"],"picked":"Dagger Spray","floor":3.0},{"not_picked":["Escape Plan","Blur"],"picked":"Dagger Throw","floor":4.0},{"not_picked":["Catalyst","Poisoned Stab"],"picked":"Finisher","floor":6.0},{"not_picked":["Outmaneuver","Poisoned Stab","Infinite Blades"],"picked":"SKIP","floor":14.0},{"not_picked":["Wraith Form v2","After Image"],"picked":"Bullet Time","floor":16},{"not_picked":["Tactician+1","Deflect"],"picked":"Escape Plan","floor":18},{"not_picked":["Cloak And Dagger","Dagger Spray"],"picked":"Leg Sweep","floor":21},{"not_picked":["Dagger Spray+1","Flechettes+1"],"picked":"Crippling Poison","floor":22},{"not_picked":["Tactician","Distraction","Setup+1"],"picked":"SKIP","floor":24},{"not_picked":["Deflect","Slice"],"picked":"Blur","floor":27},{"not_picked":["Backflip","Blade Dance","Infinite Blades"],"picked":"SKIP","floor":31},{"not_picked":["Unload","Adrenaline"],"picked":"Tools of the Trade","floor":33},{"not_picked":["Prepared","Underhanded Strike","Dodge and Roll"],"picked":"SKIP","floor":35},{"not_picked":["Riddle With Holes","Expertise+1"],"picked":"Leg Sweep+1","floor":36},{"not_picked":["Catalyst+1","Blur+1"],"picked":"Predator+1","floor":38},{"not_picked":["Storm of Steel","Finisher+1"],"picked":"Accuracy+1","floor":39},{"not_picked":["Deadly Poison+1","Dodge and Roll+1"],"picked":"Underhanded Strike+1","floor":39},{"not_picked":["All Out Attack","Backflip"],"picked":"Outmaneuver+1","floor":39},{"not_picked":["Dagger Throw","Sucker Punch+1","Outmaneuver"],"picked":"SKIP","floor":41},{"not_picked":["Calculated Gamble","Setup","Reflex"],"picked":"SKIP","floor":42},{"not_picked":["Good Instincts","The Bomb"],"picked":"Apotheosis","floor":44}],"player_experience":467186,"relics_obtained":[{"floor":6.0,"key":"White Beast Statue"},{"floor":9.0,"key":"Ninja Scroll"},{"floor":11.0,"key":"Shovel"},{"floor":13.0,"key":"Ice Cream"},{"floor":15,"key":"Dead Branch"},{"floor":25,"key":"Smiling Mask"},{"floor":26,"key":"Bronze Scales"},{"floor":28,"key":"Necronomicon"},{"floor":31,"key":"Bottled Tornado"},{"floor":32,"key":"Meat on the Bone"},{"floor":37,"key":"Gambling Chip"},{"floor":40,"key":"Old Coin"},{"floor":46,"key":"Shuriken"},{"floor":49,"key":"Toy Ornithopter"}],"event_choices":[{"damage_healed":0.0,"max_hp_gain":0.0,"max_hp_loss":0.0,"gold_gain":0.0,"event_name":"Scrap Ooze","player_choice":"Success","floor":2.0,"gold_loss":0.0,"damage_taken":7.0,"relics_obtained":["TungstenRod"]},{"damage_healed":15.0,"max_hp_gain":0.0,"max_hp_loss":0.0,"gold_gain":0.0,"event_name":"The Cleric","player_choice":"Healed","floor":8.0,"gold_loss":35.0,"damage_taken":0.0},{"damage_healed":0.0,"max_hp_gain":0.0,"max_hp_loss":0.0,"gold_gain":75.0,"event_name":"World of Goop","player_choice":"Gather Gold","floor":12.0,"gold_loss":0.0,"damage_taken":11.0},{"damage_healed":0,"gold_gain":0,"player_choice":"Bought 0 Potions","damage_taken":0,"max_hp_gain":0,"max_hp_loss":0,"event_name":"The Woman in Blue","floor":19,"gold_loss":0},{"damage_healed":0,"gold_gain":0,"player_choice":"Obtained Book","damage_taken":16,"max_hp_gain":0,"max_hp_loss":0,"event_name":"Cursed Tome","floor":28,"gold_loss":0},{"damage_healed":0,"gold_gain":0,"player_choice":"Became a Ghost","damage_taken":0,"max_hp_gain":0,"max_hp_loss":32,"event_name":"Ghosts","floor":29,"gold_loss":0,"cards_obtained":["Ghostly","Ghostly","Ghostly","Ghostly","Ghostly"]},{"damage_healed":0,"gold_gain":99,"player_choice":"Stole From Cult","damage_taken":0,"max_hp_gain":0,"max_hp_loss":0,"event_name":"Nest","floor":30,"gold_loss":0},{"damage_healed":0,"gold_gain":0,"player_choice":"Fight","damage_taken":0,"max_hp_gain":0,"max_hp_loss":0,"event_name":"Mysterious Sphere","floor":37,"gold_loss":0},{"damage_healed":0,"gold_gain":0,"player_choice":"Memory 1","damage_taken":0,"max_hp_gain":0,"max_hp_loss":0,"event_name":"SensoryStone","floor":44,"gold_loss":0},{"damage_healed":0,"gold_gain":0,"player_choice":"Ignored","damage_taken":0,"max_hp_gain":0,"max_hp_loss":0,"event_name":"Tomb of Lord Red Mask","floor":45,"gold_loss":0},{"cards_removed":["Strike_G"],"damage_healed":0,"gold_gain":0,"player_choice":"Removed Attack","damage_taken":0,"max_hp_gain":0,"max_hp_loss":0,"event_name":"Falling","floor":47,"gold_loss":0}],"is_beta":false,"boss_relics":[{"not_picked":["SlaversCollar","Runic Pyramid"],"picked":"Snecko Eye"},{"not_picked":["Sozu","Fusion Hammer"],"picked":"Cursed Key"}],"items_purged_floors":[20,39,48],"is_endless":false,"potions_floor_spawned":[14,16,18,21,22,24,27,31,33,35,36,37,38,41,42],"ascension_level":6}}