{"host":"v0kr0xkqfgnh389p","time":1607621915,"event":{"mods":["BaseMod","StSLib","2.2 Compatiblity","AchievementEnabler","BetterRewards","Colored Map","Custom Start","Highlight Path","Hubris","Infinite Spire","Minty Spire (QoL Compilation)","Quick Restart","Replay The Spire","Shop Mod"],"gold_per_floor":[119,119,119,44,62,62,90,90,169,17,46,91,91,113,113,225,225,244,244,244,244,265,265,311,325,351,359,359],"floor_reached":27,"playtime":833,"items_purged":["Defend_P"],"score":361,"play_id":"075c8064-c61c-4c0a-ab5f-fc331fed75ed","local_time":"20201210123835","is_ascension_mode":true,"campfire_choices":[{"floor":6,"key":"RECALL"},{"data":"WindmillStrike","floor":8,"key":"SMITH"},{"data":"BattleHymn","floor":13,"key":"SMITH"},{"floor":15,"key":"DIG"},{"data":"infinitespire:UltimateForm","floor":23,"key":"SMITH"}],"circlet_count":0,"master_deck":["Strike_P","Strike_P","Strike_P","Strike_P","Defend_P","Defend_P","Defend_P","Eruption+1","Vigilance","WindmillStrike+1","BattleHymn+1","Alpha","infinitespire:UltimateForm+1"],"relics":["PureWater","NeowsBlessing","Counterbalance","Replay:Bandana","PreservedInsect","infinitespire:ShieldingShard","Orichalcum","Coffee Dripper","Calipers","Turnip","Art of War"],"acts_visited":["Exordium","TheCity"],"potions_floor_usage":[12,24],"damage_taken":[{"damage":0,"enemies":"Jaw Worm","floor":1,"turns":1},{"damage":0,"enemies":"2 Louse","floor":5,"turns":1},{"damage":0,"enemies":"Lagavulin","floor":7,"turns":1},{"damage":0,"enemies":"Cultist","floor":11,"turns":2},{"damage":0,"enemies":"Gremlin Nob","floor":12,"turns":2},{"damage":0,"enemies":"3 Louse","floor":14,"turns":2},{"damage":43,"enemies":"Hexaghost","floor":16,"turns":6},{"damage":19,"enemies":"Shell Parasite","floor":18,"turns":4},{"damage":26,"enemies":"3 Byrds","floor":22,"turns":4},{"damage":0,"enemies":"Gremlin Leader","floor":24,"turns":4},{"damage":38,"enemies":"Snake Plant","floor":25,"turns":5},{"damage":8,"enemies":"Centurion and Healer","floor":27,"turns":2}],"seed_played":"-5430133683578300099","potions_obtained":[{"floor":5,"key":"Strength Potion"},{"floor":11,"key":"Milkshake"},{"floor":25,"key":"Energy Potion"}],"is_trial":false,"path_per_floor":["M","?","?","$","M","R","E","R","T","$","M","E","R","M","R_BF","B",null,"M","?","?","AVR","M","R","E","M","T","M"],"character_chosen":"WATCHER","items_purchased":["PreservedInsect"],"campfire_rested":0,"item_purchase_floors":[10],"current_hp_per_floor":[72,72,72,72,72,72,72,72,72,72,72,72,72,72,72,29,72,53,40,65,65,39,39,39,1,1,0,0],"gold":359,"neow_bonus":"THREE_ENEMY_KILL","is_daily":false,"chose_seed":false,"campfire_upgraded":3,"win_rate":0,"timestamp":1607621915,"path_taken":["M","?","?","$","?","R","E","R","T","$","M","E","R","M","R_BF","BOSS","M","?","?","AVR","M","R","E","M","T","M"],"build_version":"2020-11-30","purchased_purges":1,"victory":false,"max_hp_per_floor":[72,72,72,72,72,72,72,72,72,72,72,72,72,72,72,72,72,72,77,77,77,77,77,77,77,77,77,77],"card_choices":[{"not_picked":["PathToVictory","Prostrate","Replay:DivineShield"],"picked":"SKIP","floor":1},{"not_picked":["EmptyBody","CrushJoints"],"picked":"WindmillStrike","floor":5},{"not_picked":["Crescendo","ThirdEye"],"picked":"BattleHymn","floor":7},{"not_picked":["FlurryOfBlows","FollowUp","Meditate"],"picked":"SKIP","floor":11},{"not_picked":["Vengeance","EmptyMind","Consecrate"],"picked":"SKIP","floor":12},{"not_picked":["Replay:Hum","WaveOfTheHand","MentalFortress"],"picked":"SKIP","floor":14},{"not_picked":["Blasphemy","Omniscience"],"picked":"Alpha","floor":16},{"not_picked":["EmptyFist","InnerPeace+1","PathToVictory"],"picked":"SKIP","floor":18},{"not_picked":["InnerPeace","Replay:ManipulateFuture","JustLucky"],"picked":"SKIP","floor":22},{"not_picked":["ClearTheMind","FlurryOfBlows","Replay:Vibes"],"picked":"SKIP","floor":24},{"not_picked":["Replay:AtTheReady","Protect","SashWhip"],"picked":"SKIP","floor":25}],"player_experience":710127,"relics_obtained":[{"floor":2,"key":"Counterbalance"},{"floor":7,"key":"Replay:Bandana"},{"floor":12,"key":"infinitespire:ShieldingShard"},{"floor":15,"key":"Orichalcum"},{"floor":24,"key":"Turnip"},{"floor":26,"key":"Art of War"}],"event_choices":[{"damage_healed":0,"gold_gain":0,"player_choice":"Upgraded","damage_taken":0,"max_hp_gain":0,"max_hp_loss":0,"event_name":"Upgrade Shrine","floor":3,"gold_loss":0,"cards_upgraded":["Eruption"]},{"damage_healed":0,"gold_gain":0,"player_choice":"Shed Blood","damage_taken":18,"max_hp_gain":5,"max_hp_loss":0,"event_name":"Forgotten Altar","floor":19,"gold_loss":0},{"damage_healed":25,"gold_gain":0,"player_choice":"Heal","damage_taken":0,"max_hp_gain":0,"max_hp_loss":0,"event_name":"The Library","floor":20,"gold_loss":0}],"is_beta":false,"boss_relics":[{"not_picked":["hubris:ScarierMask","Replay:Ancient Bell"],"picked":"Coffee Dripper"}],"items_purged_floors":[4],"is_endless":false,"potions_floor_spawned":[5,11,25],"killed_by":"Centurion and Healer","ascension_level":3}}