{"host":"9jbduwjxg0e72hbg","time":1607558654,"event":{"gold_per_floor":[1462,1462,1287,1162,942,970,995,1115,1138,1151,1178,1206,1208,1118,1118,1254,1304,1429,1454,1394,1457,1581,1671,1346,1392,1417,1442,1467,1519,1694,1694,1872,1897,1912,1037,1062,1155,1236,1236,1161,1211,1236,1236,1236],"floor_reached":52,"playtime":115154,"items_purged":["animator:Strike","animator:Strike","animator:Defend","animator:Defend","animator:Defend","animator:Strike","animator:Yoichi"],"score":1130,"play_id":"6ebb41d6-24ec-40ee-89b6-5850d5a62920","local_time":"20201209160414","is_ascension_mode":true,"campfire_choices":[{"floor":15.0,"key":"REST"},{"data":"animator:Guren","floor":32,"key":"SMITH"},{"data":"animator:Boros","floor":41,"key":"SMITH"}],"neow_cost":"NONE","seed_source_timestamp":0,"circlet_count":0,"master_deck":["animator:Strike_OwariNoSeraph","animator:Shinoa","animator:Mikaela","animator:Shigure","animator:Guren+1","animator:Mitsuba","animator:FeridBathory","animator:Mikaela","animator:HiiragiShinya","animator:Albedo","animator:Gilgamesh+22","animator:Yuuichirou","animator:Yoichi","animator:Gillette","animator:ChaikaBohdan","animator:Yoichi","animator:CrowleyEusford","animator:GoblinSlayer","animator:KrulTepes","animator:Boros+1","animator:CrowleyEusford+1","animator:KrulTepes+1"],"special_seed":0,"relics":["animator:LivingPicture","animator:TheMissingPiece","aspiration:Nostalgia","Prayer Wheel","Prayer Wheel","Prayer Wheel","Black Star","Gensokyo:PortableGap","Gensokyo:Bombinomicon","Gensokyo:BookOfSpecters","Gensokyo:CelestialsFlawlessClothing","Gensokyo:ChorusOfJoy","Gensokyo:ConquerorOfFear","Gensokyo:MosesMiracle","Gensokyo:DemonMask","Gensokyo:DirgeOfMelancholy","Gensokyo:FoxMask","Gensokyo:Justice","Gensokyo:LionMask","Gensokyo:LunaticRedEyes","Gensokyo:MarisaImprobabilityPotion","Gensokyo:MarisaImprobabilityPotion","Gensokyo:MarisaPhilosophersStone","Gensokyo:MaskOfHope","DemoMod:GlassGuonStoneRelic","conspire:Flyswatter","vexMod:Spyglass","Frozen Eye","StuffTheSpire:OccultApparatus","StuffTheSpire:OldFever","Bottled Tornado","aspiration:VileToxins","hubris:MobiusCoin","Juzu Bracelet","infinitespire:Midas Blood","vexMod:FocusSash","Golden Idol","LetterFromLob","Coffee Dripper","hubris:Towel","Dream Catcher","hubris:TinFlute","DemoMod:BlueGuonStone","wanderingMiniBosses:OtherGremlinHorn","aspiration:ChemicalBlood","infinitespire:Joker Card","infinitespire:Bottled Soul","ReplayTheSpireMod:Ninjato","ReplayTheSpireMod:TigerMarble","Tiny Chest","Champion Belt","StuffTheSpire:RubySignet","jedi:paperlyon","animator:PurgingStone","aspiration:TomeofQuesting","animator:ShionDessert","Replay:Baseball","StuffTheSpire:Barrel"],"potions_floor_usage":[33,35,50,50],"damage_taken":[{"damage":0.0,"enemies":"Jaw Worm","floor":1.0,"turns":2.0},{"damage":0.0,"enemies":"Gremlin Nob","floor":6.0,"turns":2.0},{"damage":0.0,"enemies":"3 Sentries","floor":7.0,"turns":2.0},{"damage":0.0,"enemies":"Small Slimes","floor":8.0,"turns":2.0},{"damage":0.0,"enemies":"Cultist","floor":10.0,"turns":3.0},{"damage":0.0,"enemies":"Lagavulin","floor":11.0,"turns":3.0},{"damage":0.0,"enemies":"Looter","floor":12.0,"turns":2.0},{"damage":0.0,"enemies":"The Guardian","floor":16.0,"turns":6.0},{"damage":0.0,"enemies":"3 Byrds","floor":18.0,"turns":3.0},{"damage":0.0,"enemies":"Spheric Guardian","floor":21.0,"turns":2.0},{"damage":0.0,"enemies":"Shelled Parasite and Fungi","floor":22.0,"turns":5.0},{"damage":0.0,"enemies":"Slavers","floor":23.0,"turns":4.0},{"damage":12.0,"enemies":"Shelled Parasite and Fungi","floor":25.0,"turns":3.0},{"damage":0,"enemies":"Colosseum Slavers","floor":30,"turns":1},{"damage":0,"enemies":"Colosseum Nobs","floor":30,"turns":2},{"damage":0,"enemies":"hubris:MusketHawk","floor":33,"turns":4},{"damage":0,"enemies":"theFactory:BigBot","floor":35,"turns":2},{"damage":0,"enemies":"theFactory:SmogElemental","floor":40,"turns":2},{"damage":0,"enemies":"theFactory:Guardian2","floor":50,"turns":3}],"seed_played":"8410490188783976698","potions_obtained":[{"floor":1.0,"key":"Swift Potion"},{"floor":10.0,"key":"blueLaboratory:FruitPunch"},{"floor":14.0,"key":"SCP261:AppleJuicePotion"},{"floor":16.0,"key":"Energy Potion"},{"floor":30,"key":"blueLaboratory:FruitPunch"},{"floor":35,"key":"Strength Potion"}],"is_trial":false,"path_per_floor":["M","?","$","$","$","E","E","M","T","M","E","M","?","?","R","B",null,"M","?","?","M","?","E","$","M","T","T","T","T","?","R","B",null,"M","$","?","?","E","R","?","T","R","B",null,null],"character_chosen":"THE_ANIMATOR","items_purchased":["animator:Guren","animator:Mitsuba","blueLaboratory:Moonshine","animator:Boros"],"campfire_rested":1,"item_purchase_floors":[5,5,5,36],"current_hp_per_floor":[66,66,63,60,57,54,54,55,55,55,52,52,39,39,52,54,54,55,52,52,52,52,49,49,45,45,45,45,45,45,45,47,47,49,49,46,35,35,35,35,35,35,35,35],"gold":1236,"neow_bonus":"NOSTALGIA","is_prod":false,"is_daily":false,"chose_seed":false,"campfire_upgraded":2,"win_rate":0,"timestamp":1607558654,"path_taken":["M","?","?","?","$","E","E","M","T","M","E","M","?","?","R","BOSS","M","?","?","M","?","E","$","M","T","?","?","?","?","R","BOSS","M","?","?","?","E","R","?","T","R","BOSS"],"build_version":"2020-11-30","purchased_purges":7,"victory":true,"max_hp_per_floor":[66,66,63,60,57,54,54,55,55,55,52,52,52,52,52,54,54,55,52,52,52,52,49,49,54,54,54,51,48,45,45,47,47,49,49,46,46,46,46,46,43,43,43,43],"card_choices":[{"not_picked":["Flying Knee","animator:DwarfShaman"],"picked":"animator:Shigure","floor":1.0},{"not_picked":["Well Laid Plans","animator:Arpeggio","animator:TukaLunaMarceau"],"picked":"SKIP","floor":1.0},{"not_picked":["animator:RinTohsaka","Well Laid Plans","animator:RoryMercury"],"picked":"SKIP","floor":1.0},{"not_picked":["Outmaneuver","animator:YaoHaDucy","animator:TukaLunaMarceau"],"picked":"SKIP","floor":1.0},{"not_picked":["animator:Priestess","animator:RoryMercury","animator:RinTohsaka"],"picked":"SKIP","floor":6.0},{"not_picked":["animator:RoryMercury","animator:MumenRider","animator:Entoma"],"picked":"SKIP","floor":7.0},{"not_picked":["animator:CrowleyEusford","animator:HiiragiShinya"],"picked":"animator:Mikaela","floor":8.0},{"not_picked":["animator:Demiurge","animator:Kuribayashi"],"picked":"animator:HiiragiShinya","floor":8.0},{"not_picked":["animator:Tatsumaki","animator:Entoma","Setup"],"picked":"SKIP","floor":8.0},{"not_picked":["Vengeance","animator:MumenRider","Dagger Throw"],"picked":"SKIP","floor":8.0},{"not_picked":["animator:CowGirl","animator:YaoHaDucy"],"picked":"animator:Albedo","floor":10.0},{"not_picked":["animator:Gillette","SashWhip","animator:Evileye"],"picked":"SKIP","floor":10.0},{"not_picked":["Acrobatics","animator:Melzalgald","animator:SilverFang"],"picked":"SKIP","floor":10.0},{"not_picked":["Masterful Stab","JustLucky","animator:DwarfShaman"],"picked":"SKIP","floor":10.0},{"not_picked":["animator:Rider","animator:LizardPriest","animator:Geryuganshoop"],"picked":"SKIP","floor":11.0},{"not_picked":["animator:Viivi","Setup","animator:Alexander"],"picked":"SKIP","floor":12.0},{"not_picked":["animator:Genos","ThirdEye","animator:Viivi"],"picked":"SKIP","floor":12.0},{"not_picked":["animator:DwarfShaman","MasterReality","animator:Viivi"],"picked":"SKIP","floor":12.0},{"not_picked":["Acrobatics","animator:Alexander","animator:Spearman"],"picked":"SKIP","floor":12.0},{"not_picked":["Bullet Time","animator:FeridBathory"],"picked":"animator:Gilgamesh","floor":16.0},{"not_picked":["animator:Mikaela","animator:Yoichi"],"picked":"animator:Yuuichirou","floor":18.0},{"not_picked":["animator:CowGirl+1","animator:HiiragiShinya+1"],"picked":"animator:Yoichi","floor":18.0},{"not_picked":["animator:ChaikaTrabant","animator:Layla"],"picked":"animator:Gillette","floor":18.0},{"not_picked":["animator:PandorasActor+1","animator:Rider","animator:Alexander"],"picked":"SKIP","floor":18.0},{"not_picked":["animator:Genos","animator:Demiurge+1"],"picked":"animator:ChaikaBohdan","floor":21.0},{"not_picked":["animator:Mitsuba","animator:TukaLunaMarceau"],"picked":"animator:Yoichi","floor":21.0},{"not_picked":["animator:Berserker","animator:MumenRider"],"picked":"animator:Yoichi","floor":21.0},{"not_picked":["animator:LizardPriest","animator:MetalKnight","animator:TukaLunaMarceau"],"picked":"SKIP","floor":21.0},{"not_picked":["animator:Evileye+1","animator:NarberalGamma+1","animator:Kuribayashi"],"picked":"SKIP","floor":22.0},{"not_picked":["animator:Tyuule","animator:Illya","animator:Gillette"],"picked":"SKIP","floor":23.0},{"not_picked":["animator:YaoHaDucy+1","animator:Rider"],"picked":"animator:CrowleyEusford","floor":25},{"not_picked":["animator:Shinoa","animator:Sebas","animator:MumenRider"],"picked":"SKIP","floor":25},{"not_picked":["animator:Guy","animator:ChaikaTrabant","animator:HighElfArcher+1"],"picked":"SKIP","floor":25},{"not_picked":["animator:DwarfShaman+1","animator:LeleiLaLalena","animator:Mitsuba+1"],"picked":"SKIP","floor":25},{"not_picked":["animator:FeridBathory","animator:Saitama"],"picked":"animator:GoblinSlayer","floor":33},{"not_picked":["animator:HighElfArcher","animator:Alexander"],"picked":"animator:KrulTepes","floor":35},{"not_picked":["animator:Guy+1","animator:DwarfShaman","animator:Tyuule"],"picked":"SKIP","floor":35},{"not_picked":["animator:Spearman","animator:Kuribayashi","animator:Rider"],"picked":"SKIP","floor":35},{"not_picked":["animator:Shigure+1","animator:Viivi","animator:Saber"],"picked":"SKIP","floor":35},{"not_picked":["animator:Guy","animator:MumenRider"],"picked":"animator:CrowleyEusford+1","floor":39},{"not_picked":["animator:Mikaela","animator:Demiurge+1","animator:Mitsuba"],"picked":"SKIP","floor":40},{"not_picked":["animator:Witch+1","animator:Layla+1"],"picked":"animator:KrulTepes+1","floor":42}],"player_experience":706342,"relics_obtained":[{"floor":6.0,"key":"StuffTheSpire:OldFever"},{"floor":6.0,"key":"Bottled Tornado"},{"floor":7.0,"key":"Gensokyo:MosesMiracle"},{"floor":7.0,"key":"aspiration:VileToxins"},{"floor":7.0,"key":"hubris:MobiusCoin"},{"floor":9.0,"key":"DemoMod:WeirdEgg"},{"floor":11.0,"key":"infinitespire:Midas Blood"},{"floor":11.0,"key":"vexMod:FocusSash"},{"floor":16.0,"key":"LetterFromLob"},{"floor":22.0,"key":"hubris:TinFlute"},{"floor":22.0,"key":"DemoMod:BlueGuonStone"},{"floor":22.0,"key":"wanderingMiniBosses:OtherGremlinHorn"},{"floor":23.0,"key":"aspiration:ChemicalBlood"},{"floor":23.0,"key":"infinitespire:Joker Card"},{"floor":26,"key":"infinitespire:Bottled Soul"},{"floor":27,"key":"ReplayTheSpireMod:Ninjato"},{"floor":28,"key":"ReplayTheSpireMod:TigerMarble"},{"floor":29,"key":"Tiny Chest"},{"floor":30,"key":"Champion Belt"},{"floor":30,"key":"StuffTheSpire:RubySignet"},{"floor":39,"key":"aspiration:TomeofQuesting"},{"floor":40,"key":"animator:ShionDessert"},{"floor":40,"key":"Replay:Baseball"},{"floor":43,"key":"StuffTheSpire:Barrel"}],"event_choices":[{"damage_healed":0.0,"max_hp_gain":0.0,"max_hp_loss":0.0,"gold_gain":0.0,"event_name":"Golden Idol","player_choice":"Take Damage","floor":13.0,"gold_loss":0.0,"damage_taken":13.0,"relics_obtained":["Golden Idol"]},{"damage_healed":0.0,"max_hp_gain":0.0,"max_hp_loss":0.0,"gold_gain":0.0,"event_name":"Addict","player_choice":"Obtained Relic","floor":20.0,"gold_loss":85.0,"damage_taken":0.0,"relics_obtained":["Dream Catcher"]},{"damage_healed":0,"gold_gain":0,"player_choice":"Fight","damage_taken":0,"max_hp_gain":0,"max_hp_loss":0,"event_name":"Colosseum","floor":30,"gold_loss":0},{"damage_healed":0,"gold_gain":0,"player_choice":"Fought Nobs","damage_taken":0,"max_hp_gain":0,"max_hp_loss":0,"event_name":"Colosseum","floor":30,"gold_loss":0},{"damage_healed":0,"gold_gain":0,"player_choice":"2","damage_taken":0,"max_hp_gain":0,"max_hp_loss":0,"event_name":"betterMatch:BetterMatch","floor":42,"gold_loss":0,"cards_obtained":["betterMatch:UncommonCard"]}],"is_beta":false,"boss_relics":[{"not_picked":["jedi:hotpepper","energizedSpire:EnergizedDie"],"picked":"Coffee Dripper"},{"not_picked":["Mark of Pain","Cursed Key"],"picked":"jedi:paperlyon"}],"items_purged_floors":[3,3,4,24,24,36,36],"is_endless":false,"potions_floor_spawned":[1,10,16,21,23,30,35],"ascension_level":1}}