{"host":"xr9kfrtt7uxz0mdc","time":1607558755,"event":{"gold_per_floor":[117,117,392,137,152,177,197,197,197,197,214,234,251,278,278,278,278],"floor_reached":16,"playtime":666,"items_purged":["Regret"],"score":112,"play_id":"032549cf-c4c3-4e40-b35e-6e906ccf7b9b","local_time":"20201210010555","is_ascension_mode":false,"campfire_choices":[{"floor":8.0,"key":"REST"},{"floor":10.0,"key":"REST"},{"floor":15,"key":"REST"}],"neow_cost":"NONE","seed_source_timestamp":0,"circlet_count":0,"master_deck":["Strike_G","Strike_G","Strike_G","Strike_G","Strike_G","Defend_G","Defend_G","Defend_G","Defend_G","Defend_G","Survivor","Neutralize","Choke","Endless Agony","Regret","Masterful Stab","Accuracy","Cloak And Dagger","All Out Attack","Outmaneuver"],"special_seed":0,"relics":["Ring of the Snake","Blue Candle","Anchor","Gremlin Horn","Ancient Tea Set","Question Card"],"potions_floor_usage":[16],"damage_taken":[{"damage":11.0,"enemies":"Jaw Worm","floor":1.0,"turns":3.0},{"damage":0.0,"enemies":"Cultist","floor":5.0,"turns":2.0},{"damage":41.0,"enemies":"3 Sentries","floor":6.0,"turns":14.0},{"damage":0.0,"enemies":"2 Louse","floor":7.0,"turns":2.0},{"damage":1.0,"enemies":"Gremlin Gang","floor":11.0,"turns":3.0},{"damage":1.0,"enemies":"Lots of Slimes","floor":12.0,"turns":1.0},{"damage":1.0,"enemies":"2 Fungi Beasts","floor":13.0,"turns":3.0},{"damage":24,"enemies":"Gremlin Nob","floor":14,"turns":4},{"damage":58,"enemies":"Slime Boss","floor":16,"turns":8}],"seed_played":"6916903832843822551","potions_obtained":[{"floor":1.0,"key":"Poison Potion"},{"floor":7.0,"key":"Weak Potion"},{"floor":11.0,"key":"Swift Potion"},{"floor":13.0,"key":"Swift Potion"}],"is_trial":false,"path_per_floor":["M","?","?","$","M","E","M","R","T","R","M","M","M","E","R","B"],"character_chosen":"THE_SILENT","items_purchased":["Masterful Stab","Anchor"],"campfire_rested":3,"item_purchase_floors":[4,4],"current_hp_per_floor":[59,59,59,59,59,18,18,39,39,60,59,58,57,33,54,0,0],"gold":278,"neow_bonus":"THREE_CARDS","is_prod":false,"is_daily":false,"chose_seed":false,"campfire_upgraded":0,"win_rate":0.0,"timestamp":1607558755,"path_taken":["M","?","?","$","?","E","M","R","T","R","M","M","M","E","R","BOSS"],"build_version":"2020-11-30","purchased_purges":1,"victory":false,"max_hp_per_floor":[70,70,70,70,70,70,70,70,70,70,70,70,70,70,70,70,70],"card_choices":[{"not_picked":["Cloak And Dagger","Catalyst"],"picked":"Choke","floor":0.0},{"not_picked":["Quick Slash","Distraction"],"picked":"Endless Agony","floor":1.0},{"not_picked":["Dagger Throw","Deflect"],"picked":"Accuracy","floor":5.0},{"not_picked":["Deadly Poison","Accuracy"],"picked":"Cloak And Dagger","floor":6.0},{"not_picked":["Flechettes","Crippling Poison"],"picked":"All Out Attack","floor":7.0},{"not_picked":["Deflect","Escape Plan"],"picked":"Outmaneuver","floor":11.0},{"not_picked":["Backflip","Dagger Spray","Prepared"],"picked":"SKIP","floor":12.0},{"not_picked":["Caltrops","PiercingWail","Backflip"],"picked":"SKIP","floor":13.0},{"not_picked":["Dodge and Roll","Deadly Poison","PiercingWail"],"picked":"SKIP","floor":14}],"player_experience":59568,"relics_obtained":[{"floor":6.0,"key":"Gremlin Horn"},{"floor":9.0,"key":"Ancient Tea Set"},{"floor":14,"key":"Question Card"}],"event_choices":[{"damage_healed":0.0,"max_hp_gain":0.0,"max_hp_loss":0.0,"gold_gain":0.0,"event_name":"Big Fish","player_choice":"Box","floor":2.0,"gold_loss":0.0,"damage_taken":0.0,"relics_obtained":["Blue Candle"],"cards_obtained":["Regret"]},{"damage_healed":0.0,"max_hp_gain":0.0,"max_hp_loss":0.0,"gold_gain":275.0,"event_name":"Golden Shrine","player_choice":"Desecrate","floor":3.0,"gold_loss":0.0,"damage_taken":0.0,"cards_obtained":["Regret"]}],"is_beta":false,"boss_relics":[],"items_purged_floors":[4],"is_endless":false,"potions_floor_spawned":[1,7,11,13],"killed_by":"Slime Boss","ascension_level":0}}