{"host":"lw874zp3en0pz6a7","time":1607608203,"event":{"gold_per_floor":[118,3,0,0,0,13,13,52,52,72,152,152,152,183,183,197,197,318,318,339,339,355,355,376,411,411,447,447,447,485,400,400,418,418,538,538,558,253,266,289,310,345,345,383,383,418,418,418,431,447,447,447],"floor_reached":53,"playtime":2311,"items_purged":["Strike_Lin:ReiMu","Sickly"],"score":956,"play_id":"3cd364f0-567f-4c32-ad18-251f875e3d65","local_time":"20201210215003","is_ascension_mode":true,"campfire_choices":[{"data":"NB:ReiMu","floor":9.0,"key":"SMITH"},{"data":"PrepareRite:ReiMu","floor":13,"key":"SMITH"},{"data":"PrepareRite:ReiMu","floor":15,"key":"SMITH"},{"data":"WonderfulDomain:ReiMu","floor":17,"key":"SMITH"},{"data":"Free:ReiMu","floor":26,"key":"SMITH"},{"data":"SpreadBorder2:ReiMu","floor":29,"key":"SMITH"},{"data":"Apotheosis","floor":34,"key":"SMITH"},{"floor":43,"key":"REST"},{"floor":47,"key":"REST"},{"floor":51,"key":"REST"}],"neow_cost":"NONE","seed_source_timestamp":75036132256500,"circlet_count":0,"master_deck":["Strike_Lin:ReiMu+1","Strike_Lin:ReiMu+1","Strike_Lin:ReiMu+1","Defend_Lin:ReiMu+1","Defend_Lin:ReiMu+1","Defend_Lin:ReiMu+1","Defend_Lin:ReiMu+1","NB:ReiMu+1","Stagnation:ReiMu","FantasyMoon:ReiMu","PrepareRite:ReiMu+1","WonderfulDomain:ReiMu+1","SubcavityInstant:ReiMu","PrepareRite:ReiMu+1","Free:ReiMu+1","SpreadBorder2:ReiMu+1","RainPray2:ReiMu","SpreadBorder2:ReiMu+1","Free:ReiMu","Apotheosis+1","Authority:ReiMu","LearningPray:ReiMu+1","Parasite","RainPray2:ReiMu+1","maniac:Guilty"],"special_seed":0,"relics":["FlyPower:ReiMu","LagranYue:RandomDrawCardRelic","NeowsBlessing","Golden Idol","Lantern","Frozen Egg 2","Ring of Panic","vexMod:PlasmaPancake","Replay:Grab Bag","Philosopher\u0027s Stone","Cursed Key","construct:ClawGrip","CrownOfHeavens:ReiMu","Bow_fan:ReiMu","PreservedInsect","keyreminder:keyreminder","Mercury Hourglass","HollowMod:PaleOreRelic","LagranYue:SoulBurningRelic","Art of War","Replay:Arrowhead","Quantum Egg","ReplayTheSpireMod:Shallot","Bag of Preparation"],"potions_floor_usage":[14,52,52,52],"damage_taken":[{"damage":0.0,"enemies":"Jaw Worm","floor":1.0,"turns":1.0},{"damage":0.0,"enemies":"Small Slimes","floor":6.0,"turns":2.0},{"damage":0.0,"enemies":"Gremlin Nob","floor":8.0,"turns":1.0},{"damage":5.0,"enemies":"Cultist","floor":10.0,"turns":6.0},{"damage":4,"enemies":"3 Sentries","floor":14,"turns":7},{"damage":0,"enemies":"Large Slime","floor":16,"turns":7},{"damage":8,"enemies":"The Guardian","floor":18,"turns":8},{"damage":11,"enemies":"3 Byrds","floor":20,"turns":2},{"damage":0,"enemies":"Shell Parasite","floor":22,"turns":3},{"damage":0,"enemies":"Snake Plant","floor":24,"turns":3},{"damage":0,"enemies":"Gremlin Leader","floor":25,"turns":5},{"damage":0,"enemies":"HollowMod:Nosk","floor":27,"turns":9},{"damage":2,"enemies":"Gremlin Leader","floor":30,"turns":4},{"damage":0,"enemies":"Sentry and Sphere","floor":33,"turns":4},{"damage":15,"enemies":"Collector","floor":35,"turns":9},{"damage":2,"enemies":"3 Shapes","floor":37,"turns":3},{"damage":0,"enemies":"3 Darklings","floor":39,"turns":2},{"damage":14,"enemies":"Writhing Mass","floor":40,"turns":5},{"damage":23,"enemies":"Spire Growth","floor":41,"turns":5},{"damage":7,"enemies":"Giant Head","floor":42,"turns":6},{"damage":1,"enemies":"R_Hoarder","floor":44,"turns":4},{"damage":0,"enemies":"HollowMod:StalkingDevout","floor":46,"turns":3},{"damage":0,"enemies":"Sphere and 2 Shapes","floor":49,"turns":4},{"damage":0,"enemies":"Maw","floor":50,"turns":9},{"damage":30,"enemies":"Time Eater","floor":52,"turns":12}],"seed_played":"-587813564626894537","potions_obtained":[{"floor":1.0,"key":"Block Potion"},{"floor":8.0,"key":"BlessingOfTheForge"},{"floor":14,"key":"Energy Potion"},{"floor":20,"key":"Guardian:BlockOnCardUsePotion"},{"floor":41,"key":"Dexterity Potion"},{"floor":49,"key":"Adrenaline Potion"}],"is_trial":false,"path_per_floor":["M","$","?","PTL","PTL","M","?","E","R","M","T","?","R","E","R","M","R","B",null,"M","?","M","?","M","E","R","E","T","R","E","?","?","M","R","B",null,"M","$","M","M","M","E","R","E","T","E","R","?","M","M","R","B",null],"character_chosen":"REIMU","items_purchased":["PrepareRite:ReiMu","Art of War","PowerPotion"],"campfire_rested":3,"item_purchase_floors":[2,38,38],"current_hp_per_floor":[65,65,65,65,65,65,49,49,49,44,44,44,44,46,46,46,46,38,71,60,60,60,60,60,60,60,60,60,60,58,58,58,58,58,43,71,69,69,69,55,32,25,45,44,44,44,64,57,57,57,71,41],"gold":447,"neow_bonus":"THREE_ENEMY_KILL","is_prod":false,"is_daily":false,"chose_seed":false,"campfire_upgraded":7,"win_rate":0,"timestamp":1607608203,"path_taken":["M","$","?","PTL","PTL","M","?","E","R","M","T","?","R","E","R","M","R","BOSS","M","?","?","?","M","E","R","E","T","R","E","?","?","M","R","BOSS","M","$","M","M","M","E","R","E","T","E","R","?","M","?","R","BOSS"],"build_version":"2020-11-30","purchased_purges":2,"victory":true,"max_hp_per_floor":[65,65,65,65,65,65,65,65,65,65,65,65,65,71,71,71,71,71,71,71,71,71,71,71,71,71,71,71,71,71,71,71,71,71,71,71,71,71,71,71,71,71,71,71,71,71,71,71,71,71,71,71],"card_choices":[{"not_picked":["Conquer:ReiMu","AirStrike:ReiMu"],"picked":"FantasyMoon:ReiMu","floor":1.0},{"not_picked":["OctopathBindingBorder2:ReiMu","Amulet:ReiMu"],"picked":"WonderfulDomain:ReiMu","floor":6.0},{"not_picked":["BarrageOfMoneybags:ReiMu","Conquer:ReiMu"],"picked":"SubcavityInstant:ReiMu","floor":8.0},{"not_picked":["ForcedLanding:ReiMu","Amulet:ReiMu","Intuition:ReiMu"],"picked":"SKIP","floor":10.0},{"not_picked":["Gathering:ReiMu+1","Enchanting:ReiMu"],"picked":"PrepareRite:ReiMu","floor":14},{"not_picked":["InherentArray:ReiMu+1","BlastKick2:ReiMu","CareerPray:ReiMu"],"picked":"SKIP","floor":16},{"not_picked":["PrayRite:ReiMu","CleanRite:ReiMu"],"picked":"Free:ReiMu","floor":18},{"not_picked":["AlertArray:ReiMu","Enchanting:ReiMu+1","Conquer:ReiMu"],"picked":"SKIP","floor":20},{"not_picked":["Crusade:ReiMu","TightArray:ReiMu"],"picked":"SpreadBorder2:ReiMu","floor":22},{"not_picked":["SpringWay:ReiMu","SubcavityInstant:ReiMu"],"picked":"RainPray2:ReiMu","floor":24},{"not_picked":["Crusade:ReiMu","UpKicking:ReiMu"],"picked":"SpreadBorder2:ReiMu+1","floor":25},{"not_picked":["UniversalSpiritual:ReiMu+1","PassingAway:ReiMu","SubcavityInstant:ReiMu"],"picked":"SKIP","floor":27},{"not_picked":["Enchanting:ReiMu","OrbThrow:ReiMu"],"picked":"Free:ReiMu","floor":30},{"not_picked":["CareerPray:ReiMu","FoulBorder2:ReiMu+1","InherentArray:ReiMu+1"],"picked":"SKIP","floor":33},{"not_picked":["BlastKick2:ReiMu","CardOfSanctity:ReiMu"],"picked":"Authority:ReiMu","floor":35},{"not_picked":["EmergencyTakeOff:ReiMu+1","WonderfulDomain:ReiMu","SafetyPray:ReiMu+1"],"picked":"SKIP","floor":37},{"not_picked":["PassingAway:ReiMu","ForcedLanding:ReiMu"],"picked":"LearningPray:ReiMu+1","floor":39},{"not_picked":["Mountainwind:ReiMu","WonderfulDomain:ReiMu+1","KamiSacrifice:ReiMu"],"picked":"SKIP","floor":40},{"not_picked":["CareerPray:ReiMu","UpKicking:ReiMu+1"],"picked":"RainPray2:ReiMu+1","floor":41},{"not_picked":["Intuition:ReiMu","PhosphorusFlame:ReiMu","UpKicking:ReiMu+1"],"picked":"SKIP","floor":42},{"not_picked":["HakureiPhantom:ReiMu","AlertArray:ReiMu","OrbThrow:ReiMu+1"],"picked":"SKIP","floor":44},{"not_picked":["Amulet:ReiMu+1","KyokaiOfKami:ReiMu+1","UniversalSpiritual:ReiMu+1"],"picked":"SKIP","floor":46},{"not_picked":["SubAcupoint:ReiMu+1","Intuition:ReiMu","SpringWay:ReiMu"],"picked":"SKIP","floor":49},{"not_picked":["SubAcupoint:ReiMu+1","AirStrike:ReiMu+1","BlastKick2:ReiMu"],"picked":"SKIP","floor":50}],"player_experience":221372,"relics_obtained":[{"floor":8.0,"key":"Lantern"},{"floor":11.0,"key":"Frozen Egg 2"},{"floor":12,"key":"Ring of Panic"},{"floor":14,"key":"vexMod:PlasmaPancake"},{"floor":25,"key":"Bow_fan:ReiMu"},{"floor":27,"key":"PreservedInsect"},{"floor":30,"key":"Mercury Hourglass"},{"floor":42,"key":"Replay:Arrowhead"},{"floor":44,"key":"Quantum Egg"},{"floor":45,"key":"ReplayTheSpireMod:Shallot"},{"floor":46,"key":"Bag of Preparation"}],"event_choices":[{"damage_healed":0.0,"max_hp_gain":0.0,"max_hp_loss":0.0,"gold_gain":0.0,"event_name":"Golden Idol","player_choice":"Take Damage","floor":7.0,"gold_loss":0.0,"damage_taken":16.0,"relics_obtained":["Golden Idol"]},{"damage_healed":0,"gold_gain":0,"player_choice":"Bought 0 Potions","damage_taken":0,"max_hp_gain":0,"max_hp_loss":0,"event_name":"The Woman in Blue","floor":21,"gold_loss":0},{"damage_healed":0,"gold_gain":0,"player_choice":"Simplicity","damage_taken":0,"max_hp_gain":0,"max_hp_loss":0,"event_name":"Back to Basics","floor":23,"gold_loss":0,"cards_upgraded":["Strike_Lin:ReiMu","Strike_Lin:ReiMu","Strike_Lin:ReiMu","Defend_Lin:ReiMu","Defend_Lin:ReiMu","Defend_Lin:ReiMu","Defend_Lin:ReiMu"]},{"damage_healed":0,"gold_gain":0,"player_choice":"Obtained Relic","damage_taken":0,"relics_obtained":["HollowMod:PaleOreRelic"],"max_hp_gain":0,"max_hp_loss":0,"event_name":"Addict","floor":31,"gold_loss":85},{"damage_healed":0,"gold_gain":0,"player_choice":"Damaged","damage_taken":7,"max_hp_gain":0,"max_hp_loss":0,"event_name":"Wheel of Change","floor":48,"gold_loss":0}],"is_beta":false,"boss_relics":[{"not_picked":["Snecko Eye","Abe\u0027s Treasure"],"picked":"Replay:Grab Bag"},{"not_picked":["ChewingGum","vexMod:RockOfEvil"],"picked":"Philosopher\u0027s Stone"},{"not_picked":["LagranYue:ContractPerformanceRelic","Busted Crown"],"picked":"Cursed Key"},{"not_picked":["Runic Pyramid","Calling Bell"],"picked":"construct:ClawGrip"},{"not_picked":["SacredBark","Pandora\u0027s Box"],"picked":"CrownOfHeavens:ReiMu"},{"not_picked":["Runesmith:UraniumAnvil","Honey Jar"],"picked":"LagranYue:SoulBurningRelic"}],"items_purged_floors":[2,38],"is_endless":false,"potions_floor_spawned":[1,8,14,20,24,25,33,41,42,44,49,50],"ascension_level":1}}