{"host":"m6aaltr68g9tvoay","time":1607632898,"event":{"mods":["BaseMod","StSLib","Colored Map","AchievementEnabler","Minty Spire (QoL Compilation)"],"gold_per_floor":[119,119,39,53,1,1,1,1,75,88,35,54,79,120,120,219,219,252,177,177,177],"floor_reached":20,"playtime":608,"items_purged":[],"score":327,"play_id":"d004af14-f33a-4fab-8f2c-afdeb1aa1d44","local_time":"20201210124138","is_ascension_mode":true,"campfire_choices":[{"floor":6.0,"key":"REST"},{"data":"Flex","floor":8.0,"key":"SMITH"},{"floor":15.0,"key":"REST"}],"circlet_count":0,"master_deck":["AscendersBane","Strike_R","Strike_R","Strike_R","Strike_R","Defend_R","Defend_R","Defend_R","Defend_R","Bash","Fiend Fire","Thunderclap","Injury","Feel No Pain","Limit Break","Flex+1","Spot Weakness","Infernal Blade","Seeing Red","Reaper","CurseOfTheBell","Flame Barrier"],"special_seed":0,"relics":["Burning Blood","Golden Idol","Lantern","Bottled Tornado","Matryoshka","Calling Bell","CeramicFish","Letter Opener","Peace Pipe"],"acts_visited":["Exordium","TheCity"],"potions_floor_usage":[16,18,18],"damage_taken":[{"damage":14.0,"enemies":"Jaw Worm","floor":1.0,"turns":3.0},{"damage":14.0,"enemies":"Small Slimes","floor":4.0,"turns":5.0},{"damage":4.0,"enemies":"2 Louse","floor":10.0,"turns":2.0},{"damage":2.0,"enemies":"Looter","floor":12.0,"turns":3.0},{"damage":5.0,"enemies":"Blue Slaver","floor":13.0,"turns":3.0},{"damage":24.0,"enemies":"Lagavulin","floor":14.0,"turns":6.0},{"damage":63,"enemies":"Slime Boss","floor":16,"turns":12},{"damage":34,"enemies":"3 Byrds","floor":18,"turns":6},{"damage":70,"enemies":"Chosen","floor":20,"turns":7}],"seed_played":"-2327726441229692552","potions_obtained":[{"floor":10.0,"key":"Energy Potion"},{"floor":16,"key":"AttackPotion"}],"is_trial":false,"path_per_floor":["M","?","$","M","$","R","?","R","T","M","$","M","M","E","R","B",null,"M","?","M"],"character_chosen":"IRONCLAD","items_purchased":["Feel No Pain","Flex","BloodPotion"],"campfire_rested":2,"item_purchase_floors":[3,5,11],"current_hp_per_floor":[60,60,60,52,52,74,63,63,63,65,65,69,70,52,74,32,64,41,41,0,0],"gold":177,"neow_bonus":"ONE_RANDOM_RARE_CARD","is_daily":false,"chose_seed":false,"campfire_upgraded":1,"win_rate":0,"timestamp":1607632898,"path_taken":["M","?","$","M","$","R","?","R","T","M","$","M","M","E","R","BOSS","M","?","M"],"build_version":"2020-11-30","purchased_purges":0,"victory":false,"max_hp_per_floor":[75,75,75,75,75,75,75,75,75,75,75,75,75,75,75,75,75,75,75,75,75],"card_choices":[{"not_picked":["Armaments","Wild Strike"],"picked":"Thunderclap","floor":1.0},{"not_picked":["Flex","Pommel Strike"],"picked":"Limit Break","floor":4.0},{"not_picked":["Shrug It Off","Clash"],"picked":"Spot Weakness","floor":10.0},{"not_picked":["Clothesline","Shrug It Off"],"picked":"Infernal Blade","floor":12.0},{"not_picked":["Heavy Blade","Flex"],"picked":"Seeing Red","floor":13.0},{"not_picked":["Clothesline","Havoc","Clash"],"picked":"SKIP","floor":14.0},{"not_picked":["Corruption","Demon Form"],"picked":"Reaper","floor":16},{"not_picked":["Warcry","Anger"],"picked":"Flame Barrier","floor":18}],"player_experience":1210110,"relics_obtained":[{"floor":9.0,"key":"Bottled Tornado"},{"floor":14.0,"key":"Matryoshka"},{"floor":17,"key":"CeramicFish"},{"floor":17,"key":"Letter Opener"},{"floor":17,"key":"Peace Pipe"}],"event_choices":[{"damage_healed":0.0,"max_hp_gain":0.0,"max_hp_loss":0.0,"gold_gain":0.0,"event_name":"Golden Idol","player_choice":"Take Wound","floor":2.0,"gold_loss":0.0,"damage_taken":0.0,"relics_obtained":["Golden Idol"],"cards_obtained":["Injury"]},{"damage_healed":0.0,"max_hp_gain":0.0,"max_hp_loss":0.0,"gold_gain":0.0,"event_name":"Scrap Ooze","player_choice":"Success","floor":7.0,"gold_loss":0.0,"damage_taken":11.0,"relics_obtained":["Lantern"]},{"cards_removed":["Strike_R"],"damage_healed":0,"gold_gain":0,"player_choice":"Gave Gold","damage_taken":0,"max_hp_gain":0,"max_hp_loss":0,"event_name":"Beggar","floor":19,"gold_loss":75}],"is_beta":false,"boss_relics":[{"not_picked":["Astrolabe","Fusion Hammer"],"picked":"Calling Bell"}],"items_purged_floors":[],"is_endless":false,"potions_floor_spawned":[10,12,13,16],"killed_by":"Chosen","ascension_level":18}}