{"host":"tq11g1xvjhf4r9h6","time":1607561841,"event":{"gold_per_floor":[115,73,223,223,235,235,255,274,274,274,274],"floor_reached":10,"playtime":172,"items_purged":[],"score":116,"play_id":"4c6a8855-168c-4a46-8ad8-5b2f2b3be063","local_time":"20201210095721","is_ascension_mode":true,"campfire_choices":[{"data":"Bouncing Flask","floor":6,"key":"SMITH"}],"neow_cost":"NONE","seed_source_timestamp":24991534287300,"circlet_count":0,"master_deck":["AscendersBane","Strike_G","Strike_G","Strike_G","Strike_G","Strike_G","Defend_G","Defend_G","Defend_G","Defend_G","Defend_G","Survivor","Neutralize","Calculated Gamble","Bouncing Flask+1","Caltrops"],"special_seed":0,"relics":["Ring of the Snake","WingedGreaves"],"potions_floor_usage":[],"damage_taken":[{"damage":1,"enemies":"2 Louse","floor":1,"turns":3},{"damage":11,"enemies":"Jaw Worm","floor":5,"turns":4},{"damage":1,"enemies":"Small Slimes","floor":7,"turns":3},{"damage":6,"enemies":"Looter","floor":8,"turns":4},{"damage":36,"enemies":"Gremlin Nob","floor":10,"turns":3}],"seed_played":"-7099077971095785267","potions_obtained":[{"floor":1,"key":"SmokeBomb"}],"is_trial":false,"path_per_floor":["M","?","?","?","M","R","M","M","T","E"],"character_chosen":"THE_SILENT","items_purchased":[],"campfire_rested":0,"item_purchase_floors":[],"current_hp_per_floor":[58,58,58,51,40,40,39,33,33,0,0],"gold":274,"neow_bonus":"THREE_CARDS","is_prod":false,"is_daily":false,"chose_seed":false,"campfire_upgraded":1,"win_rate":0,"timestamp":1607561841,"path_taken":["M","?","?","?","M","R","M","M","T","E"],"build_version":"2020-11-30","purchased_purges":0,"victory":false,"max_hp_per_floor":[66,66,66,66,66,66,66,66,66,66,66],"relic_stats":{"counters":[5,17],"obtain_stats":[{"WingedGreaves":9,"Ring of the Snake":0},{"WingedGreaves":4,"Ring of the Snake":0},{"WingedGreaves":14,"Ring of the Snake":0}],"Ring of the Snake":[10]},"card_choices":[{"not_picked":["Bane","Dagger Throw"],"picked":"Calculated Gamble","floor":0},{"not_picked":["Outmaneuver","Bane"],"picked":"Bouncing Flask","floor":1},{"not_picked":["Dagger Throw","Quick Slash","Bane"],"picked":"SKIP","floor":5},{"not_picked":["Prepared","Infinite Blades","Dagger Throw"],"picked":"SKIP","floor":7},{"not_picked":["Backstab","Expertise"],"picked":"Caltrops","floor":8}],"player_experience":346092,"relics_obtained":[{"floor":9,"key":"WingedGreaves"}],"event_choices":[{"damage_healed":0,"gold_gain":0,"player_choice":"Left Gold","damage_taken":0,"max_hp_gain":0,"max_hp_loss":0,"event_name":"World of Goop","floor":2,"gold_loss":42},{"damage_healed":0,"gold_gain":150,"player_choice":"AGREE","damage_taken":0,"max_hp_gain":0,"max_hp_loss":0,"event_name":"Liars Game","floor":3,"gold_loss":0,"cards_obtained":["Doubt"]},{"cards_removed":["Doubt"],"damage_healed":0,"gold_gain":0,"player_choice":"Card Removal","damage_taken":7,"max_hp_gain":0,"max_hp_loss":0,"event_name":"Golden Wing","floor":4,"gold_loss":0}],"is_beta":false,"boss_relics":[],"items_purged_floors":[],"is_endless":false,"potions_floor_spawned":[1],"killed_by":"Gremlin Nob","ascension_level":20}}